2155 3590
679 132 866 174 LIBER
895 133 945 176 V.
1001 131 1130 174 CAP.
1158 129 1255 172 XV.

71 247 256 289 citharam
276 246 395 300 loqui,
417 246 610 301 psallitur:
634 245 748 286 tibias
774 259 906 300 agere,
934 253 1114 287 sonatur:
1142 245 1281 286 choros
1300 258 1456 295 canere,
1479 243 1700 300 {cantatum
1729 245 1838 299 Quae
1862 248 1926 283 349

1758 132 1838 175 345

71 311 210 344 cuncta
245 303 349 343 nullo
384 309 590 356 praesente
625 302 855 342 dulcissimis
894 302 1056 343 modulis
1092 301 1241 342 animos
1283 301 1520 341 audientium
1556 302 1835 342 remulcebant.

67 359 153 400 Nec
189 367 319 399 tamen
355 358 606 399 scelestarum
643 358 874 398 feminarum
911 359 1081 412 nequitia
1114 357 1178 398 vel
1212 357 1278 398 illa
1308 357 1452 397 mellita
1477 367 1613 397 cantus
1638 358 1838 398 dulcedine

61 497 202 535 psallite
212 499 326 528 Venet.
340 500 370 527 2.

419 495 542 525 tlu‘bz'as
556 498 590 526 G.
606 499 634 525 1.
662 496 770 534 tybias
784 499 819 526 G.
834 499 863 527 2.
899 498 1011 535 ingere
1024 506 1080 532 pro
1093 505 1192 535 agere
1205 499 1298 527 Vulc.
1312 499 1343 527 2.
1380 499 1608 534 canteturque
1621 500 1743 525 cuncta
1755 499 1791 526 F.
1807 499 1838 528 3.

68 551 153 581 quae
171 545 261 572 abest
281 550 301 572 a
318 544 354 572 B.
402 549 488 580 quae
506 544 628 570 cuncta
646 541 736 569 nullo
750 550 864 579 praes.
885 544 920 571 G.
942 544 970 571 1.
990 544 1020 571 2.
1040 544 1078 571 D.
1099 545 1136 571 R.
1154 543 1175 573 f.
1199 545 1281 572 Iunt.
1294 545 1324 571 2.
1350 544 1387 572 In
1406 543 1522 572 ceteris
1534 543 1622 571 codd.
1636 546 1664 570 et
1679 543 1748 571 edd.
1762 546 1838 572 vett.

67 595 154 625 quae
171 586 261 616 nullo
278 595 390 624 prae-³.
409 590 533 615 cuncta
553 590 649 616 extat.
687 595 772 624 quae
786 590 907 615 cuncta
918 595 1031 624 praes.
1047 587 1136 615 nullo
1155 589 1237 617 Elm.
1250 589 1369 617 Florid.
1381 590 1514 624 hahent,
1539 588 1621 621 quod
1635 588 1668 615 in
1681 588 1715 616 F.
1735 589 1761 616 1.
1775 595 1839 616 non

66 637 129 670 est,
154 637 188 662 ut
206 634 284 661 Oud.
303 636 456 667 excerpta
472 634 659 668 probarunt,
684 635 851 668 vulgatum
871 633 996 661 omuino
1015 633 1180 662 retinente.
1207 634 1284 662 Oud.
1303 641 1398 667 quum
1416 633 1496 661 illud
1516 635 1638 659 cuncta
1657 633 1839 668 offenderet,

67 678 247 706 emendavit
266 677 399 705 concita
416 679 470 706 vel
490 677 596 704 incita
620 677 640 705 i.
654 686 680 706 e.
707 680 803 712 pulsa
821 682 849 706 et
870 682 954 706 mota
974 679 1013 705 ad
1033 685 1129 706 sonos
1148 679 1325 707 reddendos
1347 680 1419 707 coll.
1439 678 1530 706 Ovid.
1545 678 1632 706 Fast-
1646 678 1701 705 111.
1716 678 1790 706 764.
1810 680 1841 704 et

65 724 216 751 Prudent.
235 723 376 751 Cathem.
396 730 422 751 c.
438 723 468 758 3,
483 723 535 750 93.
582 720 809 749 demulcebant
822 719 849 751 ὃ.
897 722 1082 750 scrivarum
1100 724 1253 760 nequitia
1271 725 1306 752 B.
1326 722 1613 761 proseminarunt.
1649 719 1841 759 Strigarum

65 769 146 796 Elzn.
161 768 263 796 Scriv.
277 767 396 796 Florid.
412 766 623 805 feminarum
637 770 726 796 abest
742 768 774 795 in
788 769 823 796 G.
840 769 867 796 1.

916 766 1141 795 enelasearum
1156 769 1260 798 Paris.
1307 766 1361 796 vel
1371 767 1445 795 illla
1464 768 1499 796 F.
1514 769 1544 796 3.
1565 769 1599 795 G.
1616 768 1644 796 1.
1658 769 1689 795 2.
1702 767 1740 796 D.
1754 767 1789 795 P.
1804 767 1841 796 0.

63 814 97 841 Iu
112 812 226 841 ceteris
239 812 333 841 libris
345 815 375 840 et
388 813 457 841 edd.
469 816 544 841 vett.
559 812 644 850 ipsa.
689 811 818 840 mellita
831 820 886 847 pro
899 811 1028 840 mollita
1042 816 1077 842 G.
1094 814 1121 841 1.
1137 820 1157 841 a
1168 821 1207 842 m.
1223 821 1251 848 p.

64 927 154 961 ante
184 921 319 961 oculos
349 922 497 960 videtur
527 922 713 960 habuisse
744 922 776 960 F
780 921 923 973 ulgent.

66 978 241 1031 Exposit.
265 979 379 1030 prisc.
404 991 517 1016 serm.
542 993 580 1030 p.
607 982 697 1019 779.
724 992 805 1017 s.V.
832 979 924 1018 etlu-

69 1035 174 1081 linm,
196 1035 257 1085 qui
274 1035 401 1080 locus,
428 1035 528 1085 quod
549 1048 666 1086 supra
680 1036 752 1074 iam
766 1035 814 1073 ad
827 1034 922 1073 Met.

64 1090 130 1129 IV.
140 1104 176 1142 p.
186 1095 276 1131 315.
292 1095 624 1129 commemoratum
640 1095 712 1135 est,
737 1104 924 1141 nusquam

65 1148 167 1198 apud
202 1147 409 1198 Apuleium
451 1147 595 1197 legitur.
646 1147 727 1185 Sed
757 1151 798 1184 ut
823 1151 925 1184 recte

64 1205 137 1241 iam
161 1204 305 1242 monuit
329 1203 461 1242 Munk.
486 1203 654 1241 Dissert.
675 1203 723 1242 ad
743 1202 921 1251 Fulgent.

64 1274 100 1311 p.
113 1265 162 1305 2.,
172 1259 415 1310 Fulgentium
428 1259 588 1310 saepius
602 1260 746 1297 citasse
760 1259 920 1309 scripto-

64 1330 141 1361 res,
162 1317 225 1367 qui
239 1329 431 1366 nunquam
445 1315 680 1363 extitissent3
700 1316 751 1352 ita
767 1328 921 1366 quoque

64 1373 221 1424 cogitari
236 1372 335 1418 licet,
361 1385 447 1410 eum
460 1372 677 1409 memoriter
688 1370 808 1409 multa
821 1370 919 1408 falso

62 1428 328 1480 proposuisse.
377 1427 490 1466 Hunc
524 1441 615 1465 vero
653 1441 745 1465 esse
781 1427 920 1472 locum,

64 1498 176 1535 quem
191 1484 388 1531 innuebat,
403 1498 475 1523 non
491 1485 617 1523 solum
632 1488 804 1529 testatur,
820 1484 923 1534 quod

63 1541 126 1580 hic
149 1541 276 1579 solum
296 1541 488 1580 ablativus
502 1541 688 1580 edulibus
700 1540 802 1592 apud
816 1540 922 1591 Apu-

63 1596 179 1636 leium
211 1601 332 1644 extat,
367 1598 442 1636 sed
467 1599 598 1643 etiam,
630 1597 734 1648 quod
758 1598 924 1636 tuccetis·

61 1668 86 1692 a
115 1652 320 1705 Fulgentio
353 1655 387 1692 in
419 1667 504 1705 seq.
533 1653 670 1704 glossa
700 1653 923 1705 explicatur,

62 1715 104 1750 ut
126 1710 227 1749 hunc
247 1710 370 1749 locum
390 1710 634 1756 describens,
659 1710 817 1748 alterius
832 1723 924 1759 quo-

64 1780 140 1818 que
163 1766 342 1805 vocabuli
366 1767 648 1805 admoneretur.
683 1766 745 1804 Ne
770 1767 923 1804 nimium

61 1824 246 1862 memoria
282 1823 417 1876 lapsus
454 1836 547 1862 esse
581 1823 789 1868 videretur,
831 1826 923 1867 erat,

64 1893 179 1930 quum
204 1893 273 1931 pro
299 1880 459 1932 excipit
488 1879 591 1932 apud
616 1879 726 1931 Fulg.
754 1879 923 1930 legerem

63 1941 267 1988 exceptat,
276 1937 386 1974 euius
396 1936 502 1974 vocis
509 1950 645 1974 sonum
653 1937 776 1986 magis
786 1935 835 1974 ad
845 1949 924 1973 ver-

65 1993 153 2031 bum
162 1991 318 2044 Apuleii
329 1993 505 2031 oblectat
516 1992 702 2031 accedere
717 1990 922 2043 videmus]

120 2049 243 2088 tibias
262 2061 397 2101 ayere.
428 2048 542 2086 Multi
562 2050 789 2099 interpretes
810 2061 923 2098 quum

64 2105 295 2150 dubitarent,
329 2118 375 2143 an
413 2105 533 2144 tibias
558 2118 682 2157 (φατε
705 2118 774 2155 pro
799 2102 924 2142 αὐλεῖν

63 2161 136 2199 dici
160 2164 318 2212 posset,
343 2161 638 2213 comprobarunt
663 2160 849 2211 Scaligeri
873 2159 923 2197 ad

63 2216 197 2256 Manu.
217 2216 268 2255 V.
289 2220 381 2258 326.
402 2230 438 2268 p.
454 2220 545 2257 428.
567 2217 839 2255 coniecturam:
866 2217 921 2255 iu-

64 2287 179 2327 yere,
204 2273 254 2311 de
277 2273 443 2311 milvinis
468 2273 568 2311 tibiis
595 2273 631 2311 id
651 2273 923 2323 intelligentes.

62 2330 146 2368 Sed
172 2329 339 2368 Salmas.
365 2329 415 2367 ad
441 2329 561 2368 Solin.
582 2335 693 2370 c.11.
715 2343 751 2380 p.
767 2333 833 2369 87.
859 2328 922 2366 de-

62 2390 262 2431 monstrat,
287 2387 429 2438 iuqcre
442 2400 516 2424 non
531 2386 706 2424 omnibus
719 2386 822 2424 tibiis
836 2399 923 2423 con-

66 2443 213 2489 venire,
237 2442 312 2481 sed
336 2442 382 2480 iis
407 2445 572 2488 tantum,
604 2455 704 2492 quae
729 2442 764 2479 in
789 2455 922 2480 accen-

62 2503 126 2538 tus
157 2502 299 2537 exeant
327 2499 590 2544 acutissimos,
627 2501 667 2535 ut
702 2499 923 2536 acutissimo

63 2555 261 2594 milvorum
275 2555 441 2605 clangori
456 2558 729 2606 comparentur.
749 2553 923 2592 envoss.

64 2611 192 2663 Etym.
205 2625 237 2650 s.
247 2624 282 2651 v.
296 2612 398 2664 iuyo
410 2610 542 2649 Barth.
558 2611 723 2649 Advers.
738 2608 924 2649 XXXIII.

65 2671 129 2709 22.
154 2681 190 2720 p.
208 2672 324 2709 1542.
352 2666 480 2721 [Haec
504 2681 595 2705 vero
620 2666 837 2705 emendatio
861 2666 923 2704 his

64 2724 191 2763 verbis
216 2738 240 2764 a
262 2723 549 2775 Lindenbrogio
573 2724 735 2775 probata
759 2727 837 2761 est:
867 2721 924 2760 lta

13 2795 19 2800 ·
65 2793 115 2820 ex
133 2779 319 2831 Scaligeri
338 2781 607 2819 emendatione
625 2779 784 2818 editum:
810 2782 924 2817 antea

64 2840 147 2875 erat
158 2837 278 2876 tibias
291 2851 415 2890 affere
423 2851 436 2883 ,·
461 2840 499 2876 at
512 2838 653 2888 inqere
665 2839 823 2881 rectum,
837 2848 923 2873 nam

64 2892 221 2944 respicit
248 2893 307 2932 acl
334 2894 518 2933 milvinas
542 2893 678 2938 tibias,
710 2891 758 2929 de
784 2892 923 2942 quibus

66 2947 188 2988 Solin.
213 2947 326 2988 &XL
350 2963 387 3001 p.
403 2953 467 2990 80.
495 2949 607 3001 Inqt‘c
630 2961 721 2986 vero
745 2949 836 2986 ἱκτὶν
852 2950 926 3000 βοᾶ

65 3003 199 3043 Gloss.
225 3008 264 3043 et
286 3005 393 3043 Fest.
419 3006 455 3043 in
480 3003 657 3057 iuqcre]
707 3002 809 3049 Quid
833 3017 924 3041 vero

66 3059 140 3098 sibi
165 3059 297 3100 volunt
320 3061 382 3100 hic
404 3061 590 3099 milcinae
614 3060 764 3099 timae?
794 3059 926 3098 Minus

68 3115 168 3154 bene
193 3117 408 3156 emendavit
436 3117 570 3156 Heins.
601 3117 652 3155 ad
677 3116 790 3156 Ovid.
816 3115 924 3154 Fast.

982 921 1047 961 Vl.
1074 926 1164 963 703.
1191 924 1311 975 flori,
1343 922 1446 973 quod
1471 921 1699 961 vocabulum
1725 925 1764 960 et
1787 923 1839 961 ni-

982 980 1094 1016 mium
1126 979 1271 1016 recedit
1301 993 1324 1017 a
1346 978 1446 1016 Mss.
1472 991 1599 1029 neque
1630 992 1653 1017 a
1678 978 1839 1017 librariis

980 1038 1164 1073 mutatum
1189 1035 1328 1072 suisset
1352 1036 1385 1072 iu
1407 1049 1539 1087 affere.
1589 1034 1670 1073 Sed
1685 1035 1840 1086 egregie

982 1090 1176 1141 vulgatam
1202 1090 1373 1128 defendit
1389 1090 1553 1129 Gronov.
1569 1092 1604 1129 in
1618 1090 1738 1129 Diatr.
1753 1090 1798 1130 T.
1811 1090 1838 1130 Ι.

982 1160 1017 1197 p.
1045 1150 1136 1186 362.
1172 1146 1296 1185 Hand.
1330 1147 1493 1192 docens,
1530 1161 1652 1199 offere
1687 1148 1841 1199 proprie

980 1203 1052 1240 dici
1079 1202 1127 1239 de
1152 1203 1271 1247 tibiis,
1298 1204 1385 1252 quia
1411 1203 1623 1241 nonsolum
1643 1205 1737 1241 inter
1757 1217 1841 1242 sce-

978 1259 1084 1297 nicas
1110 1261 1288 1298 actiones
1318 1272 1472 1310 semper
1502 1261 1577 1297 sint
1606 1260 1738 1305 tibiae,
1769 1260 1843 1298 sed

980 1320 1017 1353 et
1042 1316 1131 1365 quia
1155 1315 1296 1353 scenici
1330 1315 1378 1354 ad
1411 1316 1582 1354 tibiarum
1612 1320 1739 1354 motus
1764 1317 1841 1354 sal-

978 1373 1157 1417 taverint,
1184 1372 1322 1422 quibus
1355 1370 1468 1422 leges
1494 1371 1604 1422 quasi
1632 1372 1775 1411 dabant
1798 1373 1841 1410 ti-

979 1429 1077 1466 biae.
1129 1427 1179 1466 Ut
1217 1440 1307 1477 ergo
1334 1429 1437 1478 ipsa,
1473 1429 1599 1479 pergit
1633 1427 1756 1473 Oud.,
1793 1430 1842 1466 ci-

980 1484 1088 1522 thara
1120 1484 1252 1522 dicitur
1285 1485 1400 1536 loqui
1431 1488 1469 1522 et
1499 1485 1648 1523 clzorus
1684 1498 1841 1531 canere,

980 1542 1038 1579 sic
1062 1541 1184 1579 tibiae.
1209 1541 1308 1578 bene
1333 1554 1457 1592 ayere
1482 1541 1671 1585 dicuutur,
1701 1555 1842 1593 nempe

979 1597 1131 1635 modos.
1164 1596 1202 1635 In
1218 1596 1531 1647 Inscriptionibus
1547 1596 1840 1636 Comoediarum

982 1652 1166 1691 Terentii:
1198 1654 1339 1692 modos
1369 1655 1473 1706 cyit
1502 1654 1639 1693 tibiis
1664 1658 1703 1692 et
1728 1659 1842 1693 acta

983 1710 1132 1749 tibiis.
1183 1710 1250 1748 Sic
1274 1711 1432 1761 signum
1447 1710 1556 1749 datur
1570 1711 1694 1756 tubls,
1719 1711 1843 1749 sedet

982 1768 1095 1817 ipsae
1120 1766 1238 1805 tubae
1264 1767 1365 1804 (lant
1387 1770 1546 1819 siquam
1576 1767 1677 1819 apud
1703 1771 1842 1819 poetas

982 1821 1031 1860 cf.
1059 1821 1267 1860 somnient.
1295 1822 1343 1860 ad
1368 1822 1512 1861 Lucan.
1528 1822 1592 1861 lv.
1611 1827 1701 1865 186.
1727 1823 1842 1863 Ovid.

980 1878 1076 1916 Met.
1101 1877 1151 1916 X.
1180 1882 1270 1919 615.
1297 1877 1348 1916 Et
1372 1879 1423 1916 ita
1446 1880 1594 1930 passim
1621 1881 1707 1930 ipsa
1731 1881 1843 1929 signa

984 1938 1023 1971 et
1046 1935 1160 1972 tubae
1186 1935 1360 1973 dicuntur
1385 1949 1529 1974 cancre
1554 1935 1599 1973 cf.
1615 1935 1730 1987 Apul.
1745 1936 1842 1976 Met.

982 1989 1032 2028 X.
1047 2005 1083 2042 p.
1100 1995 1190 2031 745.
1219 1991 1370 2029 tibiae
1395 1997 1538 2031 cantus
1554 1992 1712 2046 Lydios
1737 2007 1842 2032 con-

981 2052 1153 2086 sonant
1183 2047 1289 2097 Virg.
1322 2046 1423 2086 Aen.
1450 2048 1498 2086 V.
1525 2050 1617 2089 112.
1660 2054 1699 2088 et
1727 2050 1844 2089 tuba

983 2105 1207 2143 commissos
1223 2104 1356 2142 medio
1382 2105 1516 2143 canit
1539 2119 1696 2157 ayyere
1710 2106 1841 2145 ludos.

1037 2160 1292 2199 scelestarum
1304 2161 1558 2212 feminarum.
1574 2161 1651 2213 [Ex
1659 2175 1845 2212 perversa

980 2215 1063 2254 cod.
1089 2215 1233 2254 Bertini
1253 2217 1418 2255 lectione
1437 2218 1648 2257 stricarum
1661 2219 1845 2270 nequitia

982 2272 1140 2324 Sciopp.
1155 2274 1191 2311 in
1205 2272 1386 2324 Suspect.
1400 2271 1509 2311 Lect.
1524 2273 1550 2311 l.
1569 2278 1629 2315 10.
1655 2278 1693 2312 et
1707 2275 1843 2325 Symb.

981 2328 1216 2368 emendavit:
1242 2331 1462 2382 stri-qurum
1486 2329 1510 2367 i.
1524 2344 1556 2369 e.
1578 2330 1842 2370 veneficarum.

983 2384 1114 2423 Gloss.
1140 2384 1225 2423 Lat.
1253 2386 1318 2424 Gr.
1344 2399 1380 2437 p.
1408 2389 1501 2426 203.
1525 2389 1658 2439 striya
1682 2384 1844 2439 λωστρύ-

980 2457 1052 2492 γων
1082 2442 1145 2480 καὶ
1174 2440 1258 2493 γυνὴ
1290 2444 1497 2495 φαρμακίς,
1535 2442 1622 2496 [ubi
1654 2457 1706 2482 ex
1730 2456 1845 2494 seqq.

982 2499 1088 2537 strix
1101 2496 1290 2550 ὀλολυγώι»
1304 2496 1584 2537 emendandum
1599 2504 1671 2546 est.
1680 2497 1844 2552 λωστρύ-

982 2569 1055 2605 γων
1078 2555 1179 2593 enim
1205 2555 1436 2593 sententiam
1464 2569 1536 2593 non
1563 2556 1691 2595 habet.
1740 2555 1841 2594 Oud.

982 2612 1201 2663 striyarnm
1218 2611 1366 2650 videtur
1385 2625 1477 2649 esse
1491 2611 1627 2661 glossa
1636 2626 1684 2650 ex
1697 2612 1844 2662 vulgari

980 2666 1113 2706 Italico
1135 2681 1313 2707 sermone
1333 2667 1382 2705 de
1402 2667 1583 2706 veneficis
1598 2673 1734 2707 sumta.
1761 2668 1845 2708 Sed

980 2724 1016 2761 in
1031 2737 1078 2761 eo
1098 2737 1252 2763 errasse
1278 2724 1443 2770 videtur,
1470 2725 1572 2774 quod
1588 2725 1649 2762 hic
1661 2725 1843 2764 scelesta-

979 2793 1066 2819 rum
1077 2783 1318 2833 feminarum.
1332 2781 1380 2818 de
1394 2781 1576 2819 veneficis
1591 2781 1730 2819 dictum
1753 2794 1844 2820 esse

982 2837 1191 2883 existimat,
1217 2850 1332 2887 quum
1363 2838 1488 2887 potius
1519 2837 1780 2888 nequissimas
1805 2842 1845 2876 et

980 2894 1194 2932 teterrimas
1212 2893 1409 2943 significet.
1436 2892 1560 2931 Multo
1582 2906 1670 2930 vero
1688 2906 1843 2945 perver-

983 2949 1062 2987 sior
1081 2950 1164 2987 eius
1179 2950 1368 2987 sententia
1387 2953 1464 2994 est,
1489 2949 1686 2987 veteribus
1711 2952 1844 3003 striga

983 3018 1057 3043 non
1082 3006 1209 3044 vocari
1233 3005 1350 3043 talem
1376 3005 1591 3050 mulierem,
1622 3006 1695 3044 sed
1724 3008 1841 3053 strisc,

984 3062 1094 3100 cuius
1125 3062 1369 3099 accusativus
1402 3061 1553 3100 Graeca
1580 3061 1705 3101 forma
1728 3064 1842 3101 etiam

981 3117 1034 3155 sit
1055 3118 1190 3170 striya
1209 3120 1247 3155 et
1258 3116 1425 3169 ¹pluralis
1437 3119 1589 3171 sirt'yas
1602 3118 1692 3159 coll.
1707 3117 1841 3172 Caper.
