2155 3590
623 151 813 191 LIBER
842 150 940 192 Vn.
993 151 1119 193 CAP.
1147 151 1335 191 XXVII.

1793 153 1878 197 627

78 262 169 303 licet
186 268 385 302 senectam
402 262 748 317 infirmitatemque
765 276 891 305 meam
912 263 1130 304 contemnit
1147 276 1193 304 ac
1212 262 1399 317 despicit,
1425 270 1463 304 et
1476 264 1632 319 impune
1647 279 1689 305 se
1703 265 1875 306 laturum

78 325 225 359 tantum
262 318 392 359 scelus
429 319 570 359 credit.
607 326 649 359 at
685 326 881 373 utcunque
916 334 960 360 se
991 319 1207 374 praesumit
1228 320 1494 360 innocentem.
1544 320 1622 361 Est
1645 322 1749 361 enim
1781 336 1874 362 con-

77 388 222 427 gruens
254 375 433 428 pessimis
466 375 692 426 conatibus,
727 383 867 416 contra
897 376 1060 416 noxiam
1091 375 1372 416 conscientiam
1402 390 1564 440 sperare
1601 378 1869 418 securitatem.

73 429 178 470 Nam
213 444 284 484 pro
321 431 434 471 deum
469 431 605 482 fidem,
646 433 868 486 quadrupes
899 432 1162 485 nequissime,
1199 432 1292 473 licet
1320 434 1540 487 precariam
1570 434 1680 473 vocis
1713 447 1874 474 usuram

74 500 268 538 sumeres,
296 487 358 528 cui
372 488 529 528 tandem
549 488 614 529 vel
633 486 903 544 inelptissimo
923 489 1162 543 persuadere
1180 488 1331 543 possis,
1358 489 1608 529 atrocitatem
1632 490 1748 530 istam
1762 491 1875 545 culpa

72 665 183 687 secum
210 668 266 695 pro
286 659 417 688 scilicet
440 669 471 696 p.
498 659 607 695 (quod
635 663 721 690 male
740 661 904 690 intellecto
929 662 1119 697 compendio
1137 666 1305 697 peecatum
1325 666 1376 692 est
1393 662 1443 697 sc3
1469 671 1496 691 s.
1521 660 1599 697 sczl5
1623 662 1646 691 i.
1666 670 1693 690 e.
1718 661 1875 699 scilicet.)

71 702 308 740 infirmitatem
323 714 495 742 meamque
513 708 549 734 L.
559 728 567 741 ,
594 707 678 734 unde
692 707 747 735 Col
753 707 826 734 vius
839 709 934 735 habet
947 706 1182 742 infirmitatem
1196 715 1303 734 meam
1316 715 1405 742 seqq.
1418 709 1514 736 Vulc.
1534 710 1633 736 Merc.
1647 708 1759 736 u'ow.
1788 709 1878 736 Idem

71 750 193 785 legitur
211 751 244 779 in
270 752 306 779 G.
329 752 358 779 1.
379 752 417 779 D.
442 752 483 779 At
503 751 537 779 in
560 753 595 779 G.
619 753 646 780 1.
667 752 751 779 inter
773 755 941 778 senectam
961 757 989 780 et
1009 750 1246 787 infirmitatem
1266 754 1389 781 lacuna
1407 756 1457 781 est
1481 756 1511 780 et
1525 753 1623 781 litura
1641 753 1795 781 vocabuli
1810 753 1878 781 fere

72 795 268 831 cissis-nani,
293 796 389 830 quasi
412 799 527 833 atque.
562 798 600 824 ln
624 800 698 825 cett.
723 798 815 825 codd.
838 801 869 824 et
891 798 962 825 edd.
985 797 1107 832 legitur
1127 795 1443 835 infirmitatemque.
1500 800 1670 825 senet-tum
1694 794 1725 826 δ.
1772 800 1878 834 atque

71 837 216 876 despicit
225 841 262 869 1..
297 839 433 877 dispicit
445 843 481 869 G.
497 843 527 869 1.
540 848 559 870 a
573 849 614 869 m.
628 849 654 870 s.
674 843 710 869 G.
725 843 755 870 ¹2.
769 842 809 869 D.
826 842 863 870 F.
878 844 907 870 1.
928 849 1000 870 cum
1013 843 1109 871 Vulc.
1122 844 1154 870 2.
1173 843 1256 871 Eun.
1276 843 1380 872 Scriv.
1400 842 1521 872 Floria.
1568 849 1606 870 sc
1627 841 1822 871 relaturum
1841 844 1878 872 O.

71 887 177 922 atque
190 888 360 922 utcunque
370 887 477 914 tVow.
489 890 517 914 et
527 887 695 915 Pricaeus.
720 887 898 922 Sopingius
911 887 1026 915 maluit
1039 889 1074 914 et
1087 889 1265 924 utcunque.
1291 890 1474 924 utrumque
1481 887 1504 916 f.
1527 894 1573 923 se,
1588 889 1672 922 quod
1685 891 1877 924 anteprae-

71 930 178 957 smnit
187 938 298 959 omnes
312 932 402 960 codd.
416 933 526 967 legunt
541 936 570 959 et
584 932 671 967 θύει,
697 939 759 959 non
775 936 938 966 comparet
951 932 984 959 in
998 932 1034 960 F.
1048 933 1078 960 3.
1093 930 1148 968 (ἒ)
1161 933 1257 961 Vulc.
1272 934 1302 961 2.
1315 934 1399 962 Eun.
1414 932 1519 961 Scriv.
1532 933 1654 962 Florid.
1701 935 1734 959 et
1747 932 1833 961 enim
1847 930 1877 962 ὃ.

70 977 125 1002 est
136 975 243 1012 igitur
253 977 290 1005 P.
337 975 508 1013 congeries
522 978 559 1005 G.
574 978 603 1004 1.
616 976 650 1004 in
664 976 811 1011 margine
825 984 892 1005 am.
902 985 927 1005 s.
954 983 1127 1013 congrues.
1175 977 1272 1005 circa
1285 976 1426 1005 noxiam
1446 985 1558 1006 omnes
1577 979 1648 1006 edd.
1660 982 1738 1006 vett.
1751 982 1879 1012 praeter

69 1021 154 1048 lunt.
174 1022 205 1048 2.
230 1021 346 1049 deinde
366 1024 556 1055 receperunt
580 1023 702 1048 contra
727 1029 838 1049 omnes
851 1022 922 1050 edd.
938 1025 1009 1055 post
1024 1022 1186 1050 Colvium.
1235 1029 1401 1058 separare
1414 1030 1470 1057 pro
1484 1030 1625 1058 sperare
1639 1024 1676 1051 G.
1693 1024 1722 1050 ·l.
1735 1024 1770 1051 O.
1812 1030 1878 1059 per

68 1062 235 1101 deumfid.
250 1067 286 1094 G.
298 1067 326 1094 1.
339 1067 371 1094 2.
386 1067 425 1094 D.
438 1063 467 1094 δ’.
482 1066 502 1094 f.
518 1068 552 1094 P.
596 1064 685 1102 prola
699 1067 770 1095 edd.
785 1070 862 1094 vett.
900 1064 993 1101 fides
1006 1067 1043 1094 G.
1055 1068 1083 1094 1.
1098 1067 1133 1095 Ο.
1147 1075 1210 1095 non
1221 1069 1309 1096 male
1323 1071 1455 1096 auctore
1468 1069 1549 1096 Oud.
1596 1065 1878 1104 quadrupedem.

68 1116 204 1138 sumens
217 1111 292 1139 G.2.
304 1112 388 1140 D-B.
403 1115 433 1139 et
446 1112 516 1139 edd.
530 1112 760 1140 antew'ower.
775 1115 903 1145 praeter
914 1113 1037 1140 Iunt.2.
1063 1118 1173 1139 sumes
1186 1113 1298 1140 w'ow.
1312 1112 1398 1141 Prie.
1414 1112 1559 1150 funeris
1573 1121 1602 1147 p.
1638 1112 1848 1148 ineptissime
1857 1113 1878 1141 f.

69 1155 260 1183 atrocitate
273 1155 343 1183 ista
354 1157 390 1184 G.
402 1157 429 1184 1.
439 1157 560 1184 2.D.L.
576 1157 663 1190 Quod
674 1157 752 1184 oud.
769 1155 907 1184 affirmat
922 1154 1000 1191 infiG.
1012 1157 1040 1185 1.
1050 1153 1156 1190 allegi
1169 1156 1362 1184 atrocitate
1375 1156 1476 1193 culpa
1489 1157 1560 1184 ista
1574 1157 1696 1186 falsum
1710 1161 1769 1186 est.
1784 1158 1878 1186 Certe

69 1201 159 1228 codd.
173 1200 256 1228 nihil
270 1203 434 1234 praebent.
458 1202 507 1229 Dc
520 1201 655 1236 ceteris,
676 1201 709 1229 in
724 1201 843 1235 quibus
856 1203 915 1228 hoc
928 1201 993 1235 legi
1007 1201 1052 1229 ait
1066 1209 1096 1235 p.
1113 1201 1135 1229 f.
1150 1198 1179 1229 δ.
1194 1202 1231 1229 P.
1244 1206 1273 1229 et
1287 1202 1324 1230 F.
1342 1203 1370 1230 1.
1385 1206 1513 1236 praeter
1524 1203 1560 1230 F.
1573 1204 1620 1237 1..
1636 1203 1691 1236 qui
1705 1203 1752 1231 ita
1765 1205 1876 1235 habet,

68 1252 168 1279 penes
180 1253 230 1273 me
243 1249 365 1274 certum
385 1245 543 1273 iudicium
561 1253 625 1274 non
644 1248 703 1274 est.
751 1244 974 1273 atrocitatem
994 1245 1097 1273 istam
1119 1248 1211 1273 tuam
1225 1245 1248 1274 f.
1286 1246 1509 1274 atrocitatem
1529 1246 1601 1274 ista
1615 1254 1735 1274 carere
1748 1255 1784 1277 rt.
1817 1256 1878 1275 ca-

121 1392 320 1427 senectam
333 1388 688 1440 infirmitatemque
700 1401 838 1427 meam.
854 1387 884 1426 C
888 1386 940 1426 ol-

65 1444 178 1490 vius‚
216 1445 282 1494 qui
316 1444 353 1482 in
390 1443 475 1482 cod.
512 1443 623 1494 Lips.
671 1445 942 1496 infirmitatem

64 1513 270 1552 meamque
305 1500 538 1546 invenisset,
575 1500 777 1550 antiquata
806 1504 942 1539 contra

64 1569 212 1594 morem
237 1561 400 1607 captans
425 1556 646 1594 emendavit
668 1561 869 1596 senectam
882 1558 940 1596 in-

61 1613 305 1665 firmitatem,
332 1611 391 1664 [ut
402 1617 562 1652 senecta
574 1617 686 1652 aetas
706 1611 833 1651 Plaut.
848 1612 939 1651 Aul.

64 1667 110 1708 Π.
136 1672 175 1709 2.
201 1673 269 1710 75.
293 1667 421 1707 Casin.
446 1668 492 1706 11.
519 1672 555 1709 3.
577 1673 642 1710 26.
664 1672 731 1709 43.
756 1666 881 1708 Mero.
892 1669 941 1708 V.

65 1729 103 1765 4.
128 1728 193 1766 25.
219 1724 374 1764 Lucret.
399 1724 465 1764 111.
497 1729 592 1766 774.
616 1725 801 1764 membris
825 1727 940 1765 exire

64 1782 233 1820 senecas
268 1781 316 1820 cf.
341 1781 522 1820 Lindem.
546 1781 599 1820 ad
625 1780 752 1820 Plaut.
780 1780 885 1821 Trin.
911 1781 937 1821 l.

65 1841 104 1877 2.
127 1841 185 1884 5.,
222 1850 338 1888 quem
373 1839 566 1889 praeierat
594 1837 717 1876 Voss.
748 1838 784 1876 in
817 1838 938 1878 Arist.

65 1892 114 1932 T.
127 1892 172 1932 11.
186 1907 224 1945 p.
238 1898 331 1935 833.
356 1893 493 1932 Eckst.
509 1895 576 1945 qui
594 1892 730 1944 plures
743 1894 832 1932 W.
845 1893 937 1933 DD.

64 1962 114 1988 ea
137 1949 188 1994 de
211 1964 254 1989 re
285 1952 386 1988 citat.
413 1949 578 1989 Taubm.
609 1963 701 1988 vero
732 1950 783 1989 ad
808 1949 936 1990 Plaut.

65 2004 168 2048 Triu-
182 2006 207 2044 l.
221 2020 254 2045 c.
267 2021 305 2058 p.
324 2010 443 2047 1312.
465 2010 642 2046 nostrum
657 2005 783 2044 locum
797 2006 937 2045 eadem

65 2063 214 2101 ratione
247 2062 417 2114 protulit.
488 2061 552 2100 De
594 2062 681 2100 aliis
718 2062 937 2101 conferatur

64 2117 104 2156 id
134 2131 259 2169 genus
289 2119 549 2157 locutionibus
579 2117 713 2157 Eckst.
737 2118 790 2157 ad
814 2119 936 2158 Voss.

63 2174 187 2214 Arist.
213 2174 261 2214 T.
287 2174 351 2213 Ill.
382 2188 420 2226 p.
446 2174 564 2226 965]

120 2235 164 2270 at
187 2236 405 2283 utcunque.
436 2230 495 2269 lta
519 2230 755 2269 adnotationi
782 2244 938 2282 quoque

63 2285 167 2325 Oud.
180 2287 448 2339 praepositum
463 2291 542 2332 est,
557 2299 790 2338 quamquam
804 2287 938 2326 Ruhn-

63 2342 153 2381 ken.
178 2348 301 2395 atque
314 2344 350 2381 in
363 2347 512 2381 textum
524 2344 689 2394 recepit,
715 2343 820 2395 quod
833 2343 937 2384 Oud.

63 2399 268 2449 probatum
301 2403 380 2445 est,
411 2400 475 2449 qui
501 2398 654 2437 Pricaei
679 2405 937 2439 commentum

63 2459 103 2494 et
125 2456 279 2508 utique,
305 2455 393 2494 coll.
407 2455 506 2494 Met.
521 2455 570 2494 V.
583 2468 620 2506 p.
636 2459 732 2496 375.
756 2457 828 2496 sed
852 2458 940 2496 uti-

65 2524 155 2562 que
185 2513 466 2562 praesumis
500 2526 614 2564 mzyo
639 2516 678 2551 et
701 2517 939 2564 corruptor,

62 2567 257 2617 reprobat.
305 2567 398 2619 lpse
428 2568 619 2619 explicat:
652 2567 849 2620 Quidquid
875 2569 938 2615 sit,

61 2626 168 2669 certe
191 2637 239 2662 se
264 2637 421 2675 quoque
445 2626 688 2663 innocentem
712 2625 939 2675 praesumit.

63 2678 114 2718 cs.
135 2679 236 2718 Met.
261 2679 328 2719 lV.
352 2693 390 2731 p.
417 2684 510 2721 254.
535 2681 608 2719 secl
631 2680 747 2719 illum
771 2686 935 2722 utcun-

65 2748 152 2787 que
165 2736 290 2776 nimia
304 2738 430 2776 virtus
443 2752 515 2777 sua
524 2737 708 2788 peremit.
725 2736 828 2788 [Ego
843 2750 936 2776 vero

63 2795 108 2833 al
129 2791 278 2834 retinui.
314 2793 378 2832 De
403 2793 684 2844 significatione
710 2792 826 2831 huius
851 2806 936 2844 par-

63 2845 222 2893 ticulae,
247 2862 349 2899 quae
373 2851 536 2900 saepius
563 2862 628 2901 pro
653 2851 773 2887 immo
788 2854 936 2889 contra

63 2903 196 2954 posita
212 2908 287 2951 est,
306 2910 440 2944 nostro
466 2905 656 2944 vielmelzr
674 2905 938 2956 respondens,

65 2957 114 2996 cf.
144 2957 271 2999 Hand.
304 2959 474 3002 Tursell.
507 2961 552 3001 T.
585 2960 612 2999 l.
638 2975 674 3013 p.
701 2965 794 3002 431.
827 2961 940 3000 Haec

65 3026 209 3054 caussa
232 3021 306 3063 est,
330 3032 396 3057 cur
419 3020 544 3058 maius
570 3018 866 3068 interpungendi
890 3019 940 3056 si·

66 3083 180 3119 gnnm
206 3075 416 3121 posuerim.
451 3074 673 3113 Pronomen
693 3088 750 3119 se,
777 3074 881 3124 quod
902 3075 938 3113 in

1001 1388 1197 1428 nonnullis
1235 1388 1324 1428 edd.
1361 1393 1496 1429 contra
1531 1389 1634 1428 Mss.
1680 1390 1877 1436 omittitur,

1000 1446 1118 1483 etiam
1153 1446 1190 1484 in
1216 1444 1317 1484 Elm.
1343 1446 1478 1492 abest,
1515 1450 1554 1483 et
1579 1460 1698 1496 quum
1722 1460 1877 1485 accura-

998 1501 1175 1540 tissimus
1198 1501 1369 1552 alioquin
1397 1502 1573 1541 librarius
1604 1502 1641 1540 id
1667 1516 1718 1540 ex
1742 1503 1879 1541 codice

997 1556 1042 1596 F.
1053 1561 1090 1597 3.
1103 1571 1179 1596 non
1193 1558 1391 1605 adiecerit,
1404 1558 1616 1597 verisimile
1630 1572 1725 1597 esse
1738 1561 1878 1610 possit,

999 1613 1038 1651 id
1051 1627 1193 1653 revera
1204 1615 1257 1652 ibi
1271 1615 1461 1653 omissum
1476 1627 1581 1654 esse.
1607 1615 1663 1653 At
1677 1628 1751 1665 ego
1767 1615 1879 1654 aliter

998 1670 1137 1710 iudico.
1186 1670 1289 1710 Nam
1314 1671 1348 1709 si
1374 1676 1417 1710 at
1441 1671 1600 1722 legitur,
1633 1672 1738 1721 quod
1768 1671 1816 1711 F.
1840 1676 1877 1713 3.

999 1725 1136 1773 habet,
1184 1726 1261 1765 hoe
1295 1740 1509 1778 pronomen
1547 1728 1694 1766 abesse
1730 1730 1877 1779 nequit,

998 1782 1100 1820 unde
1148 1782 1211 1821 hic
1252 1788 1347 1834 puto
1391 1783 1618 1822 excusando
1666 1785 1767 1822 satis
1809 1784 1877 1823 hu-

996 1851 1111 1877 mano
1134 1852 1264 1877 errore
1286 1839 1480 1878 librarium
1505 1853 1721 1891 pronomen
1747 1841 1877 1892 negle-

995 1894 1118 1934 xisse.
1158 1894 1276 1941 Quod
1299 1895 1392 1934 mihi
1416 1895 1457 1934 tit
1480 1896 1743 1947 probabilius,
1770 1897 1877 1947 quod

995 1950 1032 1988 in
1057 1950 1325 2002 Lindenbrog.
1354 1951 1463 1998 coll.,
1495 1953 1559 2002 qui
1586 1966 1661 1991 non
1687 1953 1740 1990 ita
1764 1967 1876 1992 accu-

994 2010 1102 2045 ratus
1139 2011 1221 2053 est,
1256 2021 1297 2047 se
1331 2010 1490 2058 margini
1528 2008 1769 2060 adscriptum
1801 2013 1876 2055 est,

996 2075 1113 2114 quum
1127 2065 1163 2102 in
1177 2063 1291 2103 Vulc.
1307 2068 1344 2104 2.
1359 2063 1463 2103 idem
1476 2064 1735 2110 desideretur,
1755 2066 1876 2117 quod-

996 2132 1073 2168 que
1098 2119 1228 2158 nullus
1253 2124 1460 2171 praeterea
1485 2121 1614 2159 codex
1639 2121 1740 2160 hanc
1760 2123 1877 2160 omis-

996 2175 1148 2214 sionem
1168 2176 1318 2227 probat.
1351 2176 1463 2215 Haec
1481 2177 1643 2228 protuli,
1667 2182 1711 2216 ut
1728 2192 1792 2216 me
1812 2179 1878 2217 de-

996 2231 1198 2270 fenderem
1225 2236 1358 2271 contra
1376 2235 1535 2272 crimina
1553 2247 1705 2280 eorum,
1731 2236 1795 2284 qui
1814 2248 1878 2272 me

994 2287 1179 2338 religiose
1204 2289 1290 2328 cod.
1316 2288 1360 2328 F.
1375 2293 1414 2330 3.
1438 2294 1672 2340 sequentem
1699 2291 1878 2329 videntes

993 2344 1122 2384 mirari
1158 2346 1331 2396 possint,
1368 2359 1436 2385 cur
1471 2345 1535 2384 hic
1569 2347 1620 2385 ab
1651 2360 1700 2386 eo
1729 2351 1877 2386 temere

993 2401 1259 2455 recesserim]

1056 2513 1185 2565 culpa
1220 2527 1381 2554 vacare.
1455 2513 1570 2553 Multi
1608 2514 1720 2554 codd.
1759 2528 1876 2565 quum

996 2583 1147 2609 vacare
1177 2583 1249 2621 pro
1283 2584 1426 2610 carere
1448 2572 1682 2622 praebeant,
1712 2571 1877 2610 alterum

996 2625 1059 2665 hic
1077 2626 1238 2664 alterius
1256 2626 1438 2676 glossam
1457 2640 1570 2674 esse,
1595 2627 1742 2677 liquido
1756 2640 1875 2679 appa-

987 2686 1063 2722 ret.
1102 2682 1198 2722 Cum
1224 2684 1380 2733 optimis
1405 2683 1517 2722 codd.
1543 2697 1691 2723 vacare
1714 2684 1876 2728 restitui,

994 2737 1100 2778 Oud.
1134 2739 1370 2781 seutentiam
1407 2743 1588 2785 secutus,
1633 2741 1698 2790 qui
1733 2753 1876 2780 carere

994 2795 1121 2844 magis
1147 2808 1290 2846 sapere
1317 2808 1434 2845 quam
1458 2809 1607 2835 vacare
1637 2795 1875 2846 glossatoris

994 2850 1377 2902 interpretamentum
1413 2851 1621 2891 existimat.
1694 2851 1875 2890 Eandem

998 2907 1200 2946 verborum
1248 2906 1521 2945 confusionem
1563 2908 1794 2958 comprobat
1824 2921 1878 2946 ex

998 2961 1115 3001 Ovid.
1152 2963 1241 3001 Am.
1272 2961 1336 3001 ΠΙ.
1367 2961 1436 3001 IV.
1469 2966 1533 3003 23.
1570 2963 1667 3003 Met.
1698 2963 1744 3003 Π.
1782 2969 1877 3006 422.

998 3018 1180 3057 mamert.
1207 3018 1389 3057 Genethl.
1417 3032 1448 3057 e.
1467 3022 1529 3058 13.
1557 3024 1596 3057 et
1621 3021 1784 3059 omnino
1807 3035 1878 3061 va-

1000 3079 1110 3126 cent
1134 3075 1256 3114 aditu
1278 3088 1456 3116 suorum.

1505 3129 1597 3172 40*

1901 497 1967 529 500
