2221 3667
246 748 309 780 000

335 164 418 206 764
588 164 636 205 L.
665 164 884 205 APULEII
916 166 1317 206 MADAURENSIS
1347 167 1890 210 METAMORPHOSEON

335 274 447 314 trieio
474 275 667 314 tractabat
690 275 853 316 ludicre.
892 276 978 316 Hoc
1002 283 1040 317 ct
1065 277 1155 317 illud
1182 285 1219 317 et
1245 278 1346 318 aliud
1368 286 1406 318 et
1428 293 1565 319 rursus
1587 280 1688 320 aliud
1704 283 1943 334 purgandum
1959 286 2115 321 demon-

333 337 434 369 strat
453 330 573 383 digito
598 345 690 371 suo:
719 333 841 373 donec
859 340 1024 386 utroque
1045 347 1160 387 opere
1184 335 1372 388 perfecto,
1401 336 1570 389 acceptis
1584 344 1729 389 septem
1746 338 1932 387 denariis,
1961 338 2117 377 calami-

334 390 441 426 tosus
468 386 578 426 faber
602 387 700 428 collo
726 402 796 429 suo
822 403 964 443 gerens
990 389 1133 429 dolium
1159 398 1317 430 coactus
1344 398 1404 430 cst
1428 392 1475 431 ad
1502 392 1707 446 hospitium
1733 393 1897 433 adulteri
1924 396 2113 447 perferre.

869 549 905 596 G
963 551 1008 596 A
1065 551 1103 596 P
1163 551 1206 597 U
1263 551 1307 596 T
1412 552 1584 599 VIII.

447 679 631 721 Pauculis
658 680 708 721 ibi
734 680 868 721 diebus
895 681 1123 721 commorati
1155 689 1195 722 ct
1223 682 1488 723 munificentia
1521 684 1669 738 publica
1704 684 1894 737 saginati,
1928 685 2117 725 vaticina-

336 736 529 790 tionisque
555 737 703 777 crebris
730 737 972 777 mercedibus
998 739 1263 788 suffarcinati,
1292 739 1455 793 piissimi
1481 741 1535 780 illi
1561 741 1785 781 sacerdotes
1807 741 1811 796 Ι
1834 756 1974 782 novum
2002 755 2119 794 quac-

335 800 418 833 stus
457 808 580 848 genus
618 794 692 833 sibi
728 793 1088 835 comminiscuntur.
1154 794 1272 837 Sorte
1309 796 1424 836 unica
1459 810 1530 851 per
1564 811 1697 837 casum
1733 798 1905 852 pluribus
1942 805 2116 847 enotata,

333 919 461 949 ludrica
475 923 510 950 G.
524 923 555 950 2.
568 922 607 950 1).
655 918 694 949 ln·
702 923 739 949 et
749 920 786 949 id
796 922 830 951 Ο.
845 923 880 951 G.
896 923 925 951 1.
961 919 1025 950 hoe
1043 925 1079 950 et
1095 921 1190 951 istud
1207 924 1242 952 P.
1278 921 1364 951 haec
1376 928 1405 952 et
1419 922 1505 952 illud
1515 926 1563 953 ed.
1577 933 1622 959 pr.
1635 925 1760 954 vicem.
1775 926 1888 954 Venet.
1903 927 1933 954 2.
1980 924 2119 961 adpar-

328 965 474 1003 gundum
488 968 524 995 11-
539 966 641 1001 [quod
655 974 695 995 ex
709 968 896 1002 compendio
915 962 957 999 ad
974 968 995 997 i.
1009 976 1036 997 e.
1051 967 1364 1005 ab'mlpnrgmedwz
1378 972 1551 999 subnatum
1566 979 1638 999 esse
1651 970 1758 1006 puto.)
1794 969 2002 998 denmnstrat
2017 970 2120 1007 digito

333 1020 392 1039 sno
406 1013 480 1041 Ra.
496 1013 531 1040 G.
547 1013 576 1039 1.
589 1013 619 1041 2.
634 1013 672 1040 D.
686 1013 721 1040 P.
737 1014 769 1040 S.
784 1021 812 1047 ι).
829 1013 850 1041 f.
865 1016 893 1040 et
909 1014 977 1042 edd.
992 1017 1067 1042 ante
1082 1014 1171 1043 cmv.
1196 1016 1232 1043 Iu
1252 1018 1324 1043 cell.
1345 1013 1448 1051 digito
1468 1013 1677 1043 demonstrat
1696 1022 1767 1043 suo.
1815 1014 2000 1043 ‹lanoso-at
2026 1018 2062 1043 G.
2092 1017 2119 1044 1.

330 1057 450 1094 frater
463 1056 633 1095 profaber
646 1058 680 1086 0.
728 1055 891 1085 calmetus
905 1062 952 1087 est
968 1060 1003 1087 G.
1021 1060 1048 1087 1.
1096 1057 1159 1085 ado
1174 1058 1309 1095 spitium
1325 1062 1360 1088 G.
1380 1061 1404 1088 Ι.
1453 1058 1588 1098 deferre
1603 1070 1634 1094 φ.
1650 1069 1679 1095 ι).
1700 1059 1863 1099 proferre
1876 1062 1924 1088 ed.
1937 1061 2120 1095 mA‘icent.

331 1103 445 1130 Vener.
467 1104 496 1130 ⁴2.
511 1103 542 1130 4.
561 1104 644 1131 lunt.
660 1103 688 1131 1.
702 1102 778 1131 Ald.
801 1105 838 1132 In
851 1106 923 1132 cett.
939 1105 1007 1132 edd.
1022 1107 1098 1132 vett.
1113 1107 1140 1132 et
1157 1105 1269 1133 Colvio
1284 1105 1514 1139 posterioribus
1527 1106 1824 1144 legiturpmjferre.
1861 1104 2027 1145 Proferre
2046 1113 2122 1135 vero

332 1147 391 1176 vix
404 1147 541 1175 latinum
556 1150 620 1183 est,
647 1147 679 1175 id
693 1149 775 1181 quod
790 1152 875 1177 recte
888 1149 966 1176 oud.
982 1149 1094 1177 sensit.
1119 1147 1270 1188 Deferre-
1284 1154 1333 1178 est,
1345 1152 1509 1185 glossema
1524 1151 1738 1179 librariorum.

418 1190 575 1228 pauculis
589 1191 635 1220 ibi
646 1190 769 1222 diebus.
793 1194 844 1222 Ab
859 1193 910 1222 his
922 1194 1031 1222 verbis
1044 1194 1077 1222 in
1092 1194 1112 1223 f.
1127 1196 1164 1223 R.
1179 1199 1207 1223 et
1221 1197 1335 1223 Incert.
1350 1195 1463 1229 incipit
1477 1196 1559 1225 liber
1573 1200 1717 1225 octavus.
1753 1198 1785 1222 el
1800 1200 1875 1224 ante
1888 1192 2121 1231 nmnaesseenlia

333 1239 423 1267 abest
438 1244 458 1266 a
478 1237 500 1267 f.
547 1237 720 1276 suffore-li
738 1239 773 1267 P.
821 1238 1055 1278 suffracinali
1076 1241 1111 1268 G.
1130 1241 1162 1268 2.
1183 1241 1221 1269 1).
1249 1240 1289 1268 cf.
1309 1243 1385 1269 Met.
1404 1242 1458 1269 IX.
1481 1249 1509 1275 p.
1529 1242 1605 1269 649.
1641 1240 1821 1278 multisque
1845 1240 2122 1279 suffarcinat

333 1282 534 1311 ntunerilms.
549 1284 588 1311 X.
599 1284 711 1317 p.707.
733 1281 852 1311 brllule
866 1291 880 1311 s
891 1283 1170 1323 nffurcinatu
1179 1292 1204 1313 s.
1225 1284 1483 1321 purissim1'F.1.
1499 1286 1531 1314 in
1545 1287 1706 1320 excerptis
1720 1288 1760 1315 ad
1776 1287 1950 1319 marginem
1965 1287 2012 1315 ed.
2028 1286 2121 1314 cmv.

333 1327 387 1362 (In
402 1328 616 1361 Lindenbrog.
631 1330 804 1358 collatione
818 1330 905 1358 codd.
920 1329 1003 1358 nihil
1017 1332 1220 1359 emendatum
1235 1334 1299 1363 est.
1326 1331 1379 1364 (μιί
1393 1339 1465 1359 cum
1480 1332 1574 1360 vulo.
1589 1333 1619 1359 2.
1632 1332 1771 1360 lectione
1780 1330 1926 1367 piissimi
1937 1331 2121 1359 consentire

332 1373 514 1409 videntur),
530 1375 565 1402 G.
581 1374 609 1402 1.
624 1375 660 1402 B.
675 1375 744 1402 edd.
760 1378 835 1402 vett.
850 1382 952 1408 usque
965 1376 1004 1402 ad
1020 1375 1178 1404 Colviuxu.
1202 1377 1238 1404 In
1252 1376 1368 1404 ceteris
1377 1375 1531 1412 piissimi.
1558 1377 1650 1405 Certe
1664 1376 1695 1404 in
1709 1377 1858 1405 omnibus
1872 1377 1914 1404 iis
1934 1384 2015 1410 quos
2030 1376 2121 1409 equi-

334 1420 405 1447 dem
430 1419 575 1447 conferre
599 1419 699 1452 potui.
724 1420 804 1448 oud.
823 1419 899 1448 uicit
919 1421 956 1449 1..
977 1424 1006 1448 et
1027 1421 1062 1448 Ρ.
1081 1422 1250 1455 accedere,
1279 1421 1360 1448 unde
1379 1421 1412 1449 in
1432 1421 1565 1455 reliquis
1583 1429 1662 1455 (mos
1682 1422 1835 1457 contulit,
1854 1421 2033 1457 purissimi
2055 1420 2121 1455 legi

333 1464 502 1499 probabile
514 1463 557 1492 fit.
602 1471 722 1491 nonum
738 1466 813 1493 αἱ).
863 1464 1006 1494 tibiae.
1019 1466 1057 1493 D.
1105 1468 1281 1502 quaestum
1296 1464 1360 1493 sibi
1372 1465 1862 1495 ‹·0mnn·111'scnneurColl.v‹›ss.
1889 1469 2051 1503 quaestus
2063 1473 2122 1502 go-

335 1516 396 1536 nus
415 1507 482 1536 cibi
498 1507 761 1536 reminiscimini·
781 1512 816 1538 G.
840 1510 868 1538 1.
889 1511 923 1539 Ο.
962 1509 1029 1537 cibi
1044 1510 1140 1538 etiam
1158 1510 1191 1538 in
1210 1512 1245 1539 P.
1271 1511 1449 1539 Pronomen
1465 1511 1496 1539 in
1512 1511 1531 1540 f.
1554 1512 1682 1540 omnino
1697 1512 1909 1540 desideratur.
1957 1513 2122 1548 quaestus

332 1556 427 1583 habet
453 1555 490 1583 D.
538 1556 631 1581 sorte
655 1553 756 1581 unica
776 1562 839 1591 per
863 1562 976 1582 casum
998 1553 1152 1591 pluribus
1175 1556 1211 1585 F.
1237 1557 1267 1584 3.
1315 1558 1408 1582 sorte
1437 1557 1538 1583 unica
1564 1564 1628 1592 per
1653 1555 1779 1584 casulis
1804 1558 1839 1586 F.
1870 1558 1897 1584 1.
1922 1558 2039 1593 edm..
2064 1556 2122 1584 sed

334 1599 451 1628 diffido.
500 1596 566 1626 Per
584 1605 604 1627 a
623 1606 719 1627 manu
740 1600 970 1635 Lindenbrogii
991 1600 1133 1629 additum
1148 1604 1211 1637 est,
1238 1599 1363 1628 casulis
1387 1609 1464 1629 vero
1482 1602 1651 1630 let-tionem
1671 1602 1831 1634 scaligeri
1852 1610 1928 1630 esse
1946 1602 2028 1630 idem
2043 1601 2123 1629 dicit

332 1652 408 1673 num
423 1644 544 1673 codicis
558 1652 680 1678 quoque
699 1645 757 1680 sit,
784 1653 847 1673 non
861 1645 1030 1680 affirmat.)
1066 1645 1168 1673 unica
1181 1648 1272 1673 sorte
1287 1645 1412 1673 casulis
1432 1644 1586 1682 pluribus
1607 1649 1642 1675 G.
1662 1648 1687 1674 1.
1703 1649 1733 1675 2.
1749 1648 1785 1675 1).
1806 1647 1872 1675 nisi
1891 1648 1971 1680 quod
1991 1646 2024 1674 in
2039 1648 2075 1674 G.
2091 1646 2120 1673 1.

332 1697 387 1724 pro
412 1689 512 1716 unica
537 1693 585 1717 est
610 1697 688 1717 unet.
735 1690 836 1717 unica
861 1693 953 1718 soree
973 1698 1038 1727 pro
1064 1690 1190 1718 casulis
1214 1692 1250 1720 B.
1276 1699 1305 1725 p.
1331 1692 1477 1719 uernam.
1503 1693 1572 1719 cod.
1599 1700 1683 1720 unus
1702 1696 1730 1720 et
1754 1692 1828 1720 edit.
1852 1693 1936 1720 lunt.
1953 1693 2026 1720 1.2.
2045 1691 2121 1719 Ald.

332 1735 438 1763 Paris.
463 1734 550 1762 Prie.
575 1734 677 1763 Colin.
702 1735 806 1763 nasu.
843 1734 944 1762 unica
969 1738 1061 1762 sorte
1086 1734 1124 1762 (Ie
1149 1734 1275 1762 casulis
1299 1737 1426 1764 vivent.
1445 1737 1558 1765 Venet-
1578 1738 1607 1765 2.
1644 1739 1736 1764 sorte
1762 1736 1863 1764 unica
1882 1744 1947 1772 pro
1974 1734 2122 1772 capsulis

325 1778 481 1816 pluribus
499 1781 642 1806 evocata
661 1781 807 1809 Beroald.
828 1782 896 1808 cod.
915 1780 1013 1809 alius.
1050 1788 1113 1816 pro
1134 1780 1267 1808 casibus
1284 1780 1437 1816 pluribus
1451 1784 1596 1808 evm-ata
1615 1783 1761 1810 Beroald.
1782 1783 1850 1810 cod.
1872 1782 1995 1810 tertius.
2021 1781 2123 1809 unica

330 1827 423 1852 sorte
441 1823 574 1851 casibus
599 1826 682 1853 Elm.
702 1825 821 1853 Florio.
835 1826 939 1855 Scriv.
964 1826 1065 1853 unica
1079 1828 1171 1854 soree
1184 1825 1310 1854 casalis
1325 1826 1414 1855 Colv.
1462 1825 1610 1855 enudata
1623 1829 1659 1856 G.
1677 1829 1705 1856 1.
1718 1828 1753 1857 Ο.
1768 1827 1874 1855 Scriv.
1895 1829 2039 1855 scocula
2052 1827 2123 1855 edd.

330 1873 408 1899 vett.
426 1873 502 1898 ante
520 1869 611 1899 colv.
645 1872 818 1898 annotata
830 1872 866 1900 B.

330 1978 386 2017 lta
410 1979 513 2031 apud
539 1978 882 2021 Ma1·tial.V11.67.
907 1979 1198 2032 Pompon.Me-
1252 1982 1479 2034 patientiae
1503 1967 1697 2028 scortum,
1734 1982 1848 2022 cuius
1878 1995 1927 2021 ue
1955 1982 2124 2033 spiritus

331 2036 404 2074 dic.
429 2035 533 2086 apud
557 2035 657 2074 Non.
682 2050 713 2075 s.
734 2049 768 2074 v.
793 2038 1031 2078 rhetorz'ssat
1048 2053 1083 2090 p.
1107 2043 1197 2080 166.
1251 2052 1406 2091 purus
1445 2043 1514 2077 est.
1565 2037 1639 2076 His
1675 2051 1766 2076 vero
1803 2037 1995 2090 exemplis
2031 2037 2123 2076 nihil

331 2092 362 2131 d
371 2092 421 2131 ol
426 2093 521 2131 asti
545 2107 716 2132 uxorem
739 2107 847 2133 nune
872 2108 919 2133 ea
938 2100 1116 2146 propter
1139 2108 1198 2133 me

332 2149 448 2199 cupis
496 2150 714 2188 concidere
761 2154 800 2188 et
832 2151 913 2189 iam
948 2151 1196 2190 rhetorissas.

330 2203 459 2255 Priap.
479 2204 641 2243 XLVII.
657 2209 692 2245 9.
713 2206 749 2244 in
773 2206 935 2246 Anthol.
959 2206 1046 2246 Lat.
1064 2207 1195 2246 Burm.

332 2260 378 2300 T.
398 2260 442 2298 ll.
470 2274 506 2312 p.
527 2265 618 2302 519.
641 2263 775 2312 fossas
799 2264 981 2314 inquinis
1003 2269 1049 2303 ut
1072 2269 1199 2303 ieram

331 2317 588 2370 dolentque
627 2318 759 2357 Cuuui
794 2320 1030 2360 vermiculos
1065 2325 1199 2360 scatu-

328 2375 484 2413 rientes.
543 2373 601 2412 lta
637 2375 808 2414 caedere
843 2377 1040 2414 obscoeno
1077 2390 1199 2415 sensu

329 2433 535 2481 usurpatur
571 2429 618 2468 cf.
650 2430 778 2470 luven.
809 2431 854 2471 II.
890 2436 953 2473 13.
987 2433 1117 2472 Burm.
1149 2433 1199 2471 ad

330 2486 592 2525 Anthol.Lat.
609 2485 655 2526 T.
669 2487 713 2526 ll.
734 2502 770 2539 p.
786 2492 878 2529 491.
902 2490 1199 2541 praecidere

326 2556 444 2595 puer.
493 2543 626 2582 Heius.
652 2544 823 2584 Advers.
854 2544 918 2584 111.
946 2550 1008 2586 15.
1040 2560 1076 2598 p.
1104 2550 1197 2587 522.

333 2599 409 2637 Cic.
437 2599 545 2637 verr.
573 2599 617 2639 Π.
644 2605 679 2641 3.
709 2601 797 2653 66,]

390 2655 581 2694 (ἶΑιιᾹἸΠ.
603 2658 774 2708 piissimi
788 2658 1028 2697 sacerdotes.
1056 2657 1200 2710 [Recte

331 2726 419 2750 mea
434 2713 586 2762 quidem
601 2715 795 2752 sententia
809 2718 978 2753 veterem
993 2714 1200 2754 lectionem

327 2770 535 2821 purissimi
572 2769 678 2809 Colv.
710 2771 921 2809 immutavit
957 2772 992 2809 in
1014 2773 1200 2824 piissimi,

335 2825 422 2863 lieet
451 2839 524 2863 non
557 2827 825 2865 consentiente
856 2826 978 2873 oud„
1012 2829 1071 2865 cui
1097 2830 1200 2879 prius

332 2883 525 2931 spurcitiei
540 2883 689 2922 illorum
708 2884 952 2922 sacerdotum
974 2886 1200 2923 convenien-

333 2939 408 2975 tius
422 2939 606 2985 videatur,
633 2953 746 2991 quarn
759 2941 933 2993 piissimi
946 2941 1033 2979 coll.
1048 2941 1199 2981 adMet.

334 2993 570 3044 Vl{1.p.588.
581 2997 747 3048 insuper
754 2997 931 3037 ridicule
943 2998 1202 3039 sacerdotum

329 3052 638 3101 purissimam
670 3053 881 3092 laudantis
912 3055 1200 3093 castimoniam.

337 3103 404 3143 IX.
434 3119 470 3156 p.
498 3112 591 3148 610.
628 3110 852 3161 sacrileyos
886 3111 1202 3163 impurosque

338 3163 633 3214 compellantes.
682 3164 837 3204 Petrou.
870 3179 901 3205 e.
929 3170 967 3207 9.
998 3167 1202 3208 muliebris

1256 2094 1536 2145 comprobatur.
1586 2095 1849 2134 purissimam
1874 2095 1974 2132 enim
2000 2095 2122 2145 primo

1257 2150 1342 2189 loco
1364 2152 1463 2189 bene
1482 2165 1528 2189 se
1550 2151 1684 2197 habet,
1711 2151 1814 2201 quod
1839 2152 1875 2189 in
1901 2150 2125 2189 detestabili

1256 2207 1522 2246 obscoenitate
1592 2207 1827 2259 deprehensi
1896 2207 2125 2246 sacerdotes

1256 2265 1479 2315 spurcitiem
1531 2278 1643 2303 suam
1697 2263 1992 2315 divulgaverant
2039 2263 2125 2315 ipsi.

1258 2319 1370 2366 Quae
1400 2334 1517 2370 quum
1547 2322 1601 2360 ita
1631 2324 1788 2366 essent,
1820 2321 1962 2359 ironice
1987 2321 2039 2358 ita
2063 2333 2127 2357 no-

1256 2377 1390 2415 minari
1409 2378 1510 2415 bene
1534 2380 1724 2428 poterant.
1772 2377 1847 2415 Hie
1865 2391 1957 2415 vero
1987 2376 2037 2414 de
2064 2391 2127 2414 eo-

1256 2446 1336 2471 rum
1362 2435 1544 2486 spurcitie
1563 2437 1680 2484 atque
1706 2433 1927 2472 libidinibus
1948 2432 2128 2472 nefandis

1256 2503 1385 2528 sermo
1417 2504 1493 2528 non
1524 2494 1602 2535 est,
1634 2490 1708 2528 sed
1738 2490 1788 2528 ad
1819 2503 1950 2528 eorum
1982 2490 2017 2527 in
2049 2489 2128 2527 uni-

1256 2560 1413 2584 versum
1442 2547 1646 2598 respicitur
1678 2545 1944 2585 condicionem
1976 2549 2016 2584 et
2051 2546 2129 2584 ani-

1257 2616 1378 2648 mum,
1403 2603 1506 2641 unde
1515 2603 1688 2655 piissimi
1701 2617 1774 2641 non
1794 2602 1924 2641 solum
1935 2601 2013 2656 iper
2026 2601 2127 2640 Mss.

1257 2660 1525 2698 auctoritatem
1555 2659 1629 2698 sed
1660 2660 1775 2698 etiam
1801 2672 1870 2710 per
1894 2658 2128 2698 sententiam

1260 2729 1375 2766 quam
1421 2717 1587 2754 maxime
1634 2716 1915 2768 comprobatur.
1968 2714 2129 2753 Lucian.

1259 2772 1351 2810 dicit
1376 2772 1590 2825 ὃυςσεβεῖς.]

1315 2834 1423 2868 sorte
1445 2830 1569 2869 unica
1586 2842 1665 2880 per
1684 2842 1819 2868 casum
1833 2827 2026 2880 pluribus
2039 2841 2130 2866 cuo-

1259 2890 1360 2925 tatu.
1392 2885 1493 2923 Inter
1512 2889 1653 2923 tantum
1676 2884 1881 2923 lectionum
1897 2884 2130 2935 farraginem

1261 2942 1384 2980 satius
1399 2942 1502 2988 duxi,
1527 2942 1791 2980 auctoritatem
1807 2941 1894 2979 cod.
1909 2940 1939 2978 F
1944 2941 2076 2979 lorent.
2093 2944 2129 2980 3.

1262 2998 1394 3048 optimi
1417 2998 1550 3049 sequi,
1578 2997 1639 3048 qui
1666 2998 1716 3035 ita
1740 3010 1835 3049 prae
1859 3011 1906 3035 se
1933 2997 2017 3043 sert,
2043 3000 2082 3035 et
2107 3011 2131 3035 a

1261 3068 1337 3105 quo
1374 3055 1459 3094 cod.
1495 3054 1539 3092 F.
1570 3059 1602 3094 1.
1640 3057 1679 3091 et
1714 3054 1775 3091 ed.
1813 3054 1935 3104 prima
1964 3067 2039 3091 non
2079 3053 2132 3090 ita

1261 3109 1378 3160 longe
1405 3111 1559 3149 distant.
1586 3109 1794 3156 Quomodo
1813 3108 2055 3162 corruptelae
2075 3122 2130 3146 rc-

1262 3166 1378 3218 liquis
1415 3167 1528 3206 codd.
1565 3180 1612 3205 se
1654 3166 1948 3212 insinuaverint,
1995 3168 2132 3218 aperte
