2221 3667
246 400 305 432 5‘21

334 168 416 209 658
594 168 636 206 L.
672 167 890 207 APULEII
921 165 1324 210 MADAURENSIS
1354 166 1900 208 ME'l‘AtwORPHOSEON

335 280 624 320 concurrimus.
676 280 733 320 At,
750 280 815 320 ille
837 293 1070 334 quamquam
1099 279 1275 332 perfecto
1295 286 1411 329 voto,
1439 286 1639 332 prostrato
1660 280 1818 321 inimico
1838 282 1965 322 lactus
1990 291 2143 336 ageret.

336 337 445 376 vultu
461 344 590 377 tamen
607 337 792 390 gandium
816 337 928 390 tegit,
946 343 986 375 et
1005 336 1177 375 frontem
1198 342 1420 386 asseverat,
1445 342 1484 374 et
1504 336 1677 376 dolorem
1699 337 1871 386 simulat,
1895 346 1935 378 et
1958 340 2144 391 cadaver.

336 394 436 445 qnod
463 393 545 447 ipse
567 395 732 441 fecerat,
757 395 870 433 avide
892 391 1184 446 circumplexus
1212 390 1367 446 olmnia
1393 392 1547 445 quidem
1574 393 1789 446 lugentium
1816 395 1939 434 officia
1964 396 2149 436 sollerter

335 450 502 500 attinxit,
525 450 592 490 sed
609 450 716 490 solae
732 451 917 490 lacrimae
940 449 1154 502 procedere
1175 448 1403 489 noluerunt.
1433 447 1501 489 Sic
1522 449 1569 488 ad
1591 449 1716 488 nostri
1738 450 2054 503 similitudinem,
2082 454 2146 506 qui

335 601 390 629 ille
405 611 605 640 quemquam
622 604 703 631 G,1,
747 603 892 637 peraeto
913 601 1056 637 voeoB„
1083 601 1167 634 quod
1194 600 1317 634 placuit
1332 599 1486 633 Prieneo.
1513 600 1567 635 qni
1594 601 1625 629 in
1652 601 1821 629 Addendis
1846 603 2043 632 sententiam
2067 606 2148 633 bene

335 649 480 676 mutavit.
503 649 542 676 cf.
553 649 691 676 Menix.
708 648 820 680 p.6‘.‘9.
842 644 1044 685 perfectu
1053 653 1083 672 m
1098 644 1298 673 desiderium
1308 643 1530 673 Pht'lesae'elero
1546 645 1684 673 laeticia
1692 646 1846 682 percitus
1860 648 2012 676 nunciat.
2060 649 2149 686 cogit

336 701 392 727 pro
408 693 488 730 tegi!
503 695 541 722 D.
590 696 623 719 et
635 691 783 718 dolorem
797 689 937 719 simulat
951 691 986 720 F.
1005 692 1033 719 1.
1047 692 1078 719 3.
1093 692 1128 719 B.
1143 692 1213 719 edd.
1226 695 1303 720 vett.
1317 692 1400 720 Elm.
1425 693 1463 720 ln
1477 695 1549 720 cett.
1564 694 1599 718 et
1611 695 1687 720 ante
1699 690 1846 720 dolorem
1861 695 1963 722 abest.
2001 691 2148 721 dolorem

334 738 500 766 simulans
514 742 550 767 G.
571 740 595 766 1.
612 740 640 765 ἱ).
656 738 690 765 Ρ.
706 737 842 765 0.1).1..
858 738 952 765 Vulc.
974 739 1075 765 Mero.
1089 737 1200 764 Wow.
1214 737 1302 765 Prie.
1328 738 1366 764 In
1385 737 1420 765 Ο.
1440 741 1488 765 est
1508 735 1736 764 dissimulans.
1774 736 1995 773 amplexatus
2015 740 2050 768 G.
2075 741 2101 768 l.
2116 741 2145 768 2.

335 785 372 812 D.
387 785 422 812 t).
438 786 473 812 P.
488 786 524 813 L.
543 783 562 811 f.
578 784 614 811 R.
630 783 777 810 71.V1¹lc.
793 784 822 810 2.
840 783 931 812 Colv.
956 784 993 811 ln
1018 785 1091 810 cett.
1118 781 1380 818 circumplexus.
1429 780 1560 819 quidem
1586 784 1677 811 abest
1698 790 1717 811 a
1738 783 1773 810 G.
1797 784 1824 811 1.
1846 785 1876 811 2.
1897 784 1934 811 D.
1957 785 1994 812 P.
2015 785 2049 812 Ο.
2070 787 2106 813 L.
2128 785 2146 812 Γ.

335 828 523 865 affinxitr.
537 830 563 855 1.
574 829 604 855 3.
618 829 656 856 L.
672 835 701 861 p.
713 828 1037 857 B.1nnt.2.Venet.4.
1053 827 1161 855 Paris.
1176 827 1253 855 Bas.
1266 828 1599 856 Elm.sc1·iv.F10rid.
1616 825 1730 863 finxit
1745 829 1859 857 G.1.2.
1874 830 1912 857 R.
1928 828 1949 858 f.
1964 825 1993 858 δ.
2006 830 2104 859 Vulc.
2118 832 2147 857 1².

335 875 425 903 Colv.
442 872 536 910 fimit
547 874 584 901 D.
611 871 750 910 affingit
764 880 801 901 π.
818 883 850 906 φ.
875 874 935 901 Ed.
950 880 995 908 pr.
1009 873 1138 902 vicent.
1151 873 1268 901 Venet.
1283 874 1313 901 2.
1327 874 1439 902 u'oW.
1454 873 1539 901 Prie.
1576 871 1718 909 effinxit
1738 874 1854 902 citavit
1868 875 1982 903 Heius.
2003 876 2044 904 ad
2058 875 2147 910 Virg.

334 920 418 948 Aen.
433 921 471 948 V.
487 920 564 947 31⁶2.

612 917 759 946 solerter
772 921 863 947 abest
880 926 900 947 a
919 920 955 947 G.
972 920 1000 947 1.
1015 919 1046 947 2.
1067 920 1101 947 0.
1123 919 1159 946 P.
1180 919 1216 946 L.
1238 919 1276 946 D.
1296 919 1387 947 Colv.
1408 919 1504 947 Vulc.
1520 921 1620 947 Mero.
1667 920 1777 948 Verba
1791 916 1851 946 sed
1863 927 1965 954 usque
1978 921 2019 948 ad
2033 917 2147 948 nolue-

335 967 415 991 runt
435 965 663 993 desiderantur
685 964 719 992 in
745 965 782 993 L.
818 965 941 993 Eadem
960 966 1063 992 verba
1080 971 1186 997 usque
1200 964 1240 992 ad
1255 963 1495 1002 conformatas
1509 966 1629 993 absunt
1644 966 1679 993 G.
1694 964 1724 993 1.
1740 966 1769 992 2.
1785 965 1819 993 Ο.
1834 973 1870 993 π.
1885 966 1923 994 D.
1971 964 2070 993 exire
2094 974 2151 1000 pro

330 1008 514 1045 procedere
536 1010 555 1039 f.
604 1007 652 1036 ad
669 1012 826 1037 nostram
840 1010 876 1038 F.
892 1011 920 1037 1.
936 1011 973 1040 L.
988 1006 1016 1038 δ.
1034 1009 1055 1037 f.
1104 1007 1370 1037 amaritudinem
1383 1010 1419 1038 F.
1439 1011 1464 1037 l.
1641 1005 1658 1024 ⁴

331 1132 479 1170 cebant
502 1132 743 1171 nobilissimi
768 1132 912 1176 duces,
944 1137 1039 1171 ante
1072 1131 1214 1171 oculos

331 1189 442 1239 reqis
463 1190 635 1241 equ-eyia
650 1193 778 1227 morte
804 1189 1036 1241 defuncti
1062 1193 1101 1227 et
1113 1189 1212 1227 Met.

333 1243 416 1284 vlt.
448 1258 487 1296 p.
520 1249 613 1286 499.
656 1246 719 1284 cel
758 1246 1038 1285 detestabilem
1076 1259 1214 1286 casum

333 1302 564 1352 defuncti
598 1303 788 1355 ntayistri
824 1303 1088 1342 recordatur.
1154 1301 1214 1340 lta

334 1357 591 1409 Tlepolemus
618 1360 842 1411 defunctus
873 1360 1088 1398 nominatur
1115 1358 1214 1397 infra

331 1429 367 1466 p.
396 1420 488 1455 527.
521 1420 559 1454 et
588 1417 790 1467 imaye'nes
821 1416 1073 1468 defuncti,
1109 1430 1212 1468 quas

332 1472 389 1510 ad
414 1472 594 1511 habitum
619 1472 687 1510 dez·
715 1472 857 1511 Liberi
876 1476 1097 1525 formarat.
1126 1471 1210 1510 Sed

332 1541 418 1566 cnm
433 1528 507 1567 hoc
522 1527 713 1567 vocabulo
723 1527 919 1579 Apuleius
934 1529 1097 1582 saepius
1110 1541 1209 1567 usus

332 1585 399 1631 sit,
430 1589 473 1624 ut
495 1582 593 1624 Met.
614 1585 680 1623 lv,
707 1598 743 1636 p.
770 1589 863 1625 285.
890 1587 1106 1625 memoriae
1131 1586 1205 1624 de·

328 1645 615 1692 functorum
638 1642 965 1682 commilitonum.
992 1642 1045 1681 X.
1066 1657 1102 1693 p.
1119 1646 1211 1683 679.

334 1698 468 1738 Huius
504 1703 633 1737 matre
668 1699 795 1738 multo
826 1703 920 1738 aute
957 1699 1210 1749 defuncta.

331 1769 367 1805 p.
385 1759 477 1795 730.
506 1756 862 1805 defunctorum
888 1755 1110 1795 liberorum
1125 1770 1210 1794 ma-

331 1816 420 1857 tres,
447 1824 519 1849 nec
543 1811 642 1857 ullo,
669 1816 853 1862 quantum
881 1811 977 1857 vidi,
1005 1812 1092 1849 loco
1117 1814 1210 1849 scri-

330 1872 467 1919 pturae
498 1868 708 1906 diversitas
733 1869 799 1914 sit,
836 1869 974 1906 mirum
1007 1873 1137 1913 esset,
1175 1870 1209 1906 si

332 1925 470 1963 librarii
498 1924 535 1964 h.
560 1924 584 1963 l.
611 1926 664 1963 ita
693 1925 957 1963 aberrassent.
1007 1924 1210 1971 Pricaeus,

331 1983 440 2019 cuius
483 1981 717 2020 sententiam
760 1986 990 2032 arroganter
1026 1981 1211 2021 Floridus

331 2038 404 2076 sibi
424 2038 647 2083 vindicavst,
672 2038 809 2077 maluit
830 2038 982 2092 finita]

390 2096 682 2135 concurrimus.
717 2095 798 2146 [De
824 2095 897 2134 hac
924 2096 1212 2134 constructione

332 2151 381 2189 rs.
398 2152 535 2191 Heius.
549 2152 598 2190 ad
613 2152 709 2190 Met.
720 2152 768 2190 V.
785 2153 880 2192 343.
910 2152 1068 2192 Cereris
1080 2167 1214 2192 sumus

334 2210 469 2248 omnia
492 2223 652 2255 munus,
680 2209 744 2260 qui
770 2213 943 2247 nostrum
971 2223 1129 2260 quoque
1155 2209 1209 2247 lo—

331 2279 418 2303 cum
450 2267 502 2303 ita
533 2266 682 2303 citavit:
715 2265 786 2304 Ad
815 2266 924 2306 hunc
953 2267 1118 2305 modum
1144 2266 1209 2304 de-

326 2324 447 2374 finito
460 2323 602 2361 iuvene
615 2323 744 2361 exciti
759 2322 934 2362 latibulo
948 2337 1022 2362 suo
1038 2325 1211 2376 quisque

330 2384 480 2417 moesta
503 2379 669 2430 familia
696 2380 977 2420 concurrimus
1001 2383 1040 2418 et
1064 2379 1115 2418 ad
1140 2378 1209 2418 lX.

332 2436 448 2488 425]

389 2494 518 2532 laetus
532 2497 685 2545 afferet.
713 2491 798 2545 [De
812 2493 980 2531 dictione
1000 2492 1048 2531 cf.
1063 2492 1209 2531 Deder.

330 2550 467 2588 Gloss.
493 2550 543 2587 ad
569 2550 673 2587 Dict.
702 2549 802 2588 (Iret.
830 2548 874 2587 ll.
901 2554 966 2590 32.
992 2564 1030 2601 p.
1051 2553 1143 2590 295.
1171 2554 1210 2588 et

329 2608 379 2645 de
411 2606 608 2645 sententia
638 2606 722 2645 Fea
752 2606 802 2644 ad
835 2605 970 2645 Horat.
1003 2606 1129 2657 Epist.
1158 2606 1208 2644 ad

329 2663 463 2702 Pison.
503 2667 612 2708 101„
644 2663 709 2714 qui
740 2667 914 2701 nostrum
946 2661 1072 2701 locum
1104 2676 1207 2701 com-

329 2721 573 2765 memoravit,
589 2721 851 2772 amplexatus
866 2733 888 2757 e
902 2719 1028 2765 codd..
1044 2721 1211 2773 esfinyit

329 2791 379 2815 ex
405 2778 628 2815 coniectura
653 2776 829 2828 legens]

386 2839 425 2872 et
460 2834 648 2872 dolorem
688 2833 864 2873 simulat.
936 2832 1208 2884 [participium

329 2890 520 2930 simulans
550 2891 699 2928 omissa
736 2888 923 2941 particula
958 2894 997 2928 et
1026 2890 1209 2941 sequenti

329 2948 573 2998 corrigebant
598 2948 850 2997 interpretes,
883 2959 984 2996 quos
1015 2946 1207 2997 polysyn-

329 3005 442 3042 deton
459 3003 696 3041 offendebat.
723 3003 807 3041 Sed
821 3002 868 3041 cf.
884 3002 981 3041 Met.
997 3001 1043 3041 ll.
1058 3017 1094 3055 p.
1114 3007 1206 3043 101.

328 3062 391 3099 ubi
418 3060 587 3099 Scriver.
612 3059 791 3111 copulam
819 3060 952 3106 eiecit,
978 3057 1004 3098 Ι.
1025 3073 1062 3111 p.
1078 3063 1144 3100 66.
1170 3064 1208 3098 et

329 3117 476 3157 cuiatis
495 3118 546 3155 sit
565 3121 601 3154 et
618 3116 762 3169 quibus
777 3117 1010 3156 deversetur
1023 3116 1204 3156 aedibus.

327 3173 425 3210 Mei.
451 3171 518 3210 xl.
545 3186 581 3222 p.
609 3171 722 3223 792]

1331 1131 1650 1184 circumpleccuS.
1716 1131 2006 1183 Amplexatus,
2043 1134 2148 1183 quod

1272 1188 1446 1226 nonnulli
1461 1188 1573 1226 codd.
1589 1189 1797 1239 praebent,
1824 1190 2003 1238 quamvis
2021 1190 2149 1228 bonae

1274 1248 1388 1283 notae
1419 1246 1513 1291 sint,
1551 1245 1613 1283 hic
1638 1249 1768 1284 tamen
1793 1244 1998 1296 glossema
2033 1246 2147 1297 sapit.

1272 1301 1495 1340 vindicavit
1518 1306 1674 1353 praeter
1699 1302 1860 1353 Sciopp.
1891 1302 2002 1342 Lect.
2029 1302 2147 1353 Susp.

1273 1357 1339 1397 lV.
1373 1364 1408 1398 4.
1443 1359 1750 1410 circumplexus
1783 1358 1915 1397 Heius.
1954 1359 2003 1397 ad
2039 1358 2145 1409 Virg.

1275 1415 1373 1454 Aen.
1386 1416 1433 1453 V.
1450 1419 1563 1462 312,
1589 1417 1700 1453 cuius
1714 1414 1909 1466 exemplis
1923 1415 2025 1454 Oud.
2041 1416 2148 1454 addit

1270 1471 1380 1510 Suet.
1415 1471 1545 1509 Tiber.
1573 1477 1610 1513 6.
1642 1471 1788 1523 Hygin.
1819 1474 1977 1511 Astron.
2010 1471 2057 1511 ll.
2086 1477 2146 1511 14.

1269 1528 1407 1566 Avien.
1436 1528 1574 1567 Descr.
1601 1528 1694 1566 Orb.
1714 1533 1832 1569 1138.
1860 1529 1908 1568 cs.
1935 1529 1985 1567 de
2008 1528 2149 1567 Mund.

1268 1599 1305 1637 p.
1333 1588 1427 1625 343.
1456 1590 1495 1622 et
1519 1585 1570 1623 de
1595 1585 1736 1636 Dogm.
1763 1584 1866 1624 Ptat.
1893 1599 1928 1636 p.
1957 1590 2052 1626 213.

1331 1643 1514 1694 affinxit.
1566 1642 1654 1680 Non
1687 1642 1887 1681 sollicitari
1925 1643 2096 1681 debebat
2126 1655 2148 1679 a

1273 1697 1409 1736 Colvio
1452 1698 1610 1749 vulgata
1647 1698 1762 1737 lectio
1799 1701 1988 1752 affinxit,
2024 1700 2149 1753 finxit

1272 1756 1516 1793 emendante.
1545 1755 1731 1808 Asfi'nyit
1753 1757 1853 1793 enim
1880 1760 1942 1794 est
1965 1771 2147 1808 vongum-

1270 1809 1445 1858 πλάττει,
1482 1820 1757 1864 προςποιεΐται,
1800 1817 1840 1850 et
1875 1813 2037 1864 saepius
2075 1812 2147 1851 nti-

1269 1872 1328 1906 tur
1352 1869 1550 1919 Apuleius
1574 1868 1671 1908 Met.
1700 1868 1725 1907 Ι.
1757 1883 1795 1921 p.
1823 1874 1887 1909 57.
1921 1871 2150 1921 afficto

1272 1939 1326 1964 ea:
1350 1930 1532 1976 tempore
1557 1925 1739 1964 absurdo
1769 1927 1876 1966 ioco.
1910 1925 1975 1964 lV.
2001 1930 2148 1977 p.274.

1274 1982 1433 2021 litteras
1473 1982 1797 2033 cszinyitnus‚
1837 1982 1901 2021 ubi
1938 1982 2147 2021 identidem

1272 2040 1424 2076 variant
1459 2037 1572 2076 codd.
1605 2037 1769 2076 Eumen.
1796 2038 1906 2077 Orat.
1936 2052 2007 2090 pro
2032 2039 2147 2078 Rest.

1274 2095 1409 2134 Schol.
1437 2099 1501 2135 21.
1528 2093 1559 2144 §.
1586 2099 1623 2135 2.
1649 2095 1839 2149 dumque·
1857 2096 1936 2134 sibi
1960 2096 2020 2135 ad
2049 2096 2150 2135 haec·

1273 2151 1440 2204 sinyula
1483 2153 1723 2191 intuentium
1761 2153 1917 2192 animus
1952 2167 1977 2192 a
1995 2153 2026 2191 d
2034 2153 2066 2203 f
2073 2153 2149 2190 ἰπ-

1269 2210 1323 2262 91'
1332 2213 1406 2247 t...
1440 2207 1676 2262 Aeyyptum
1697 2210 1849 2259 furore
1870 2210 2009 2261 posito
2042 2210 2150 2261 quie>

1269 2269 1453 2311 soentem,
1469 2278 1546 2315 quo
1561 2265 1649 2302 loco
1664 2267 1803 2318 afficit
1816 2269 2000 2316 peccatur
2013 2278 2036 2303 a
2049 2265 2150 2304 Mss.

1268 2321 1412 2360 Moerl.
1438 2325 1478 2359 et
1503 2321 1603 2360 Gud.
1654 2321 1839 2375 Affinscit
1867 2335 1960 2360 vero
1991 2323 2152 2374 reposui

1269 2379 1306 2416 in
1322 2381 1430 2416 textu
1456 2391 1506 2416 ex
1525 2379 1753 2417 auctoritate
1781 2379 2015 2430 optimorum
2037 2379 2149 2418 codd.

1271 2434 1469 2488 Affinyz‘t
1493 2435 1716 2473 emendatio
1742 2439 1805 2473 est
1835 2435 2072 2474 librariorum
2099 2436 2150 2473 ob

1269 2491 1514 2543 praecedens
1539 2496 1741 2531 assez-erat
1763 2495 1802 2530 et
1825 2493 1992 2532 simulat
2013 2491 2127 2531 facta.

1326 2549 1439 2587 solae
1465 2549 1660 2588 lacrimae
1666 2549 1902 2600 procedere
1916 2549 2150 2589 noluerunt.

1270 2605 1351 2657 [De
1381 2605 1578 2643 sententia
1609 2604 1683 2643 loci
1731 2604 1780 2643 cs.
1811 2605 1945 2645 Arntz.
1972 2605 2023 2645 ad
2048 2604 2150 2643 Ptin.

1266 2660 1465 2713 Panegyr.
1480 2675 1511 2700 c.
1528 2665 1592 2702 73.
1609 2660 1641 2710 ξ.
1657 2666 1694 2701 4.
1708 2674 1745 2712 p.
1757 2665 1870 2708 325.,
1896 2662 1961 2714 qui
1975 2666 2149 2701 nostrum

1268 2717 1399 2757 locum
1431 2718 1561 2757 citavit
1590 2717 1689 2757 infra
1722 2732 1759 2770 p.
1786 2722 1879 2758 524.
1912 2723 1953 2757 et
1982 2732 2084 2771 quas
2106 2719 2150 2756 in

1262 2777 1404 2828 primo
1429 2788 1613 2814 moerore
1636 2775 1828 2814 lacrimas
1851 2788 1934 2813 non
1960 2775 2149 2814 habebat.

1268 2831 1418 2870 Pricaei
1444 2830 1667 2883 exemplum
1693 2844 1743 2868 ex
1769 2832 1911 2869 Senec.
1938 2830 2064 2883 Epist.
2079 2829 2148 2869 ΧΙ.

1267 2887 1302 2939 ᾗ.
1332 2894 1368 2929 5.
1394 2889 1521 2927 minus
1545 2891 1678 2940 aptum
1705 2886 1804 2940 est]

1325 2946 1384 2984 ad
1413 2946 1545 2984 nostri
1574 2943 1892 2983 similitudinem.
1943 2943 2148 2983 Amaritu-

1266 3003 1421 3047 dinem,
1459 3014 1562 3053 quae
1585 3001 1702 3039 lectio
1728 3004 1791 3038 est
1815 3000 1900 3039 cod.
1927 2999 1973 3040 F.
2001 3005 2055 3046 1.,
2092 3000 2151 3037 vir

1267 3059 1407 3096 doetus
1431 3060 1467 3097 in
1483 3056 1655 3096 Miscell.
1670 3056 1837 3095 observ.
1854 3056 1944 3095 Vol.
1958 3055 2004 3095 11.
2023 3055 2068 3095 T.
2083 3055 2147 3094 Ill.

1265 3129 1302 3167 p.
1320 3118 1413 3155 394.
1428 3116 1478 3153 ab
1493 3118 1649 3152 auctore
1663 3113 1882 3164 profectum
1896 3116 2017 3164 putat,
2044 3113 2147 3163 quia.

1263 3175 1306 3210 ut
1329 3172 1401 3216 ait,
1428 3184 1476 3209 ea
1498 3183 1577 3208 vox
1602 3170 1758 3221 propria
1784 3170 2009 3222 lugentibus
2034 3173 2074 3207 et
2097 3169 2147 3206 ab
