2155 3590
671 136 862 178 LIBER
891 136 962 179 Vl.

1023 137 1152 181 CAP.
1176 138 1227 179 V.
1251 137 1323 177 VI.
1796 139 1876 183 411

93 259 133 293 et
161 251 379 292 ultroneam
410 257 448 292 te
473 250 652 292 dominae
676 258 766 291 tuae
796 251 948 303 reddis,
982 259 1022 292 et
1050 252 1114 294 vel
1137 265 1228 293 sera
1252 250 1443 292 modestia
1467 252 1689 292 saevientes
1713 252 1880 307 impetus

93 308 175 349 eius
199 306 382 361 mitigas?

429 307 507 361 Qui
531 308 656 358 scias,
695 320 745 347 an
771 308 909 359 etiam,
939 322 1051 362 quem
1083 309 1148 349 diu
1179 308 1394 362 quaeritaS,
1427 307 1507 348 illio
1536 309 1577 348 in
1603 309 1715 349 domo
1740 309 1880 349 matris

92 364 290 418 reperias?
315 362 381 404 Sic
405 365 453 404 ad
478 363 633 404 dubium
659 363 909 417 obsequium,
935 365 1054 405 immo
1079 365 1128 405 ad
1152 371 1301 405 certum
1326 363 1491 405 exitium
1516 372 1750 419 praeparata
1773 365 1880 420 prin-

92 421 230 476 cipium
255 420 411 462 futurae
434 434 567 462 secum
590 419 875 476 meditalbatur
899 421 1199 462 obsecrationis.

661 570 1103 617 CAPUT
1201 569 1309 632 VLJ

199 703 257 744 At
291 702 429 746 Venus
464 703 635 744 terrenis
671 702 856 744 remediis
892 703 1157 757 inquisitionis
1195 703 1393 754 abnuens,
1427 703 1577 744 coelum
1608 703 1720 758 petit.
1770 703 1882 745 Iubet

87 832 191 862 rectis
209 831 263 860 vel
278 835 313 860 et
329 833 444 862 venet.
458 834 489 861 2.
536 834 571 860 et
582 836 658 861 ante
672 830 726 859 vel
740 834 834 861 abest
854 832 887 860 in
901 837 937 865 o.
982 831 1133 870 mitigant
1147 841 1177 867 p.
1212 831 1368 870 mitigato
1381 834 1420 862 D.
1468 840 1531 870 que
1544 832 1634 861 scias
1647 841 1678 868 p.
1717 833 1797 871 quin
1809 833 1846 862 P.
1861 832 1884 861 s.

87 876 177 916 quod
187 879 221 907 Ο.
247 877 307 916 qui
317 877 382 905 seis
394 880 478 908 lunt.
493 879 522 906 2.
537 878 658 906 Florid.
683 880 764 905 ante
777 885 833 912 pro
848 885 892 904 an
907 877 928 906 f.
954 880 992 904 at
1005 877 1106 904 etiam
1121 879 1235 907 Venet.
1248 880 1280 907 2.
1317 885 1412 916 quem
1427 880 1464 905 tu
1479 877 1658 916 quaeritas
1670 878 1885 914 frigidissime

86 925 136 953 ed.
148 924 270 952 Florid.
315 921 397 951 illuc
408 924 444 952 F.
462 925 488 952 1.
504 925 535 951 3.
549 931 580 957 p.
593 924 631 951 D.
645 922 668 952 f.
692 922 788 962 jnz’ve
802 924 853 958 0.,
879 923 964 951 unde
977 923 1056 951 Oud.
1071 923 1207 952 tentavit
1226 922 1392 959 invenire,
1417 924 1610 958 praesertim
1629 931 1726 957 quum
1746 925 1886 952 addatur

84 968 120 996 ia
133 966 227 995 domo
241 968 375 997 matris.
397 969 435 996 In
449 971 520 997 cett.
534 969 654 1005 legitur
666 967 747 997 illic.
795 966 970 1004 repperias
982 968 1018 998 F.
1032 969 1063 997 3.
1088 967 1236 1004 reperies
1249 965 1278 997 δ.
1292 969 1327 997 Ρ.
1343 977 1372 1003 p.
1387 968 1409 997 f.
1440 967 1609 1005 repperies
1627 969 1666 998 D.
1686 970 1722 997 G.
1752 970 1792 998 In
1811 971 1885 998 cett.

84 1012 249 1050 reperias.
296 1012 356 1041 sed
366 1011 414 1040 ad
423 1011 555 1041 dubium
570 1014 618 1042 ed.
632 1013 780 1042 Beroald.
794 1013 872 1042 Bas.
889 1014 916 1041 1.
942 1011 1094 1041 dubbium
1108 1015 1145 1042 G.
1192 1011 1381 1041 meditatur
1392 1015 1429 1043 B.
1477 1012 1701 1041 osecruen'om's
1714 1015 1754 1043 D.

173 1057 448 1096 inquisitionibus
461 1066 491 1093 p.
505 1059 542 1087 Β.
556 1063 585 1087 et
601 1061 738 1094 vulgata
752 1061 827 1086 ante
840 1059 988 1087 u'ower.
1002 1062 1138 1093 excepta
1155 1059 1239 1087 Iunt.
1254 1060 1284 1087 ἱ).
1305 1065 1389 1092 quae
1401 1061 1498 1088 habet
1518 1058 1758 1096 inquisitionis.
1805 1059 1886 1088 Item

82 1103 178 1135 vmc.
189 1105 221 1133 2.
241 1104 334 1133 colv.

83 1215 168 1266 §.9.
192 1217 232 1252 et
249 1211 457 1251 XXXVII.
485 1216 549 1253 53.
582 1213 612 1263 ξ.
638 1216 724 1257 23.,
761 1226 837 1263 quo
868 1213 956 1251 loco

86 1270 308 1310 idemtidem
335 1270 489 1319 legitur:
524 1283 605 1322 quo
637 1269 831 1308 tandem
860 1270 956 1322 iqi-

86 1332 163 1367 tur
185 1340 259 1365 nos
277 1327 467 1378 praemio
498 1330 622 1378 atque
652 1325 808 1364 honore
834 1325 957 1377 (liqui

84 1383 202 1436 apud
215 1397 281 1421 ros
293 1396 434 1422 sumus.
451 1381 510 1420 Ea
525 1382 679 1432 quidem
698 1382 847 1420 ratione
862 1381 956 1419 dixit

84 1437 277 1491 Apuleius
301 1437 399 1477 Met.
419 1437 485 1477 VI.
517 1452 556 1490 p.
581 1440 674 1479 433.
703 1439 800 1491 quin
826 1439 957 1491 iyitur

85 1495 302 1536 masculum
326 1495 490 1534 tandem
515 1497 635 1535 sumis
664 1496 858 1539 animum,
891 1496 956 1545 qui

84 1551 196 1591 locus
210 1555 436 1603 argumento
451 1555 529 1598 est,
550 1552 612 1590 hic
625 1551 716 1590 nihil
732 1551 955 1589 commutari

82 1621 217 1661 posse.
268 1607 351 1647 Sed
364 1608 626 1647 tantummodo
642 1607 847 1646 offensioni
862 1619 956 1645 esse

82 1669 233 1718 potest,
248 1665 352 1716 quod
371 1665 531 1705 tandem
546 1663 734 1716 particula
747 1665 844 1702 inter
858 1678 954 1703 mas-

85 1722 218 1762 culum
255 1726 294 1760 et
328 1723 448 1762 sumis
489 1722 718 1773 interposita
754 1724 954 1772 appareat,

86 1791 202 1830 quum
233 1779 364 1830 potius
393 1782 486 1830 post
510 1779 640 1830 iyitur
671 1777 953 1815 desideremus.

84 1834 186 1874 Hinc
210 1834 482 1886 explicandum
508 1839 591 1880 est,
617 1848 683 1874 cur
707 1833 830 1873 altero
855 1833 953 1872 Met.

84 1890 173 1930 loco
199 1889 370 1930 nonnulli
397 1891 512 1931 codd.
537 1904 652 1929 verso
675 1891 808 1928 ordine
824 1889 956 1941 legant

87 1949 185 2001 quin
198 1949 330 2000 iyitur
343 1947 505 1986 tandem
518 1947 750 1987 masculum.
766 1946 829 1985 De
843 1946 955 1997 parti-

85 2003 172 2042 cula
180 2003 355 2055 iyitnrin
366 2004 729 2053 interrogationibus
739 2016 824 2041 cum
838 2003 958 2040 ironia

86 2063 126 2097 et
139 2059 400 2110 indignatione
418 2060 551 2111 posita
582 2059 629 2098 cs.
645 2058 771 2098 Hand.
787 2058 820 2097 T
824 2057 956 2097 ursell.

85 2114 150 2154 ΙΙΙ.
164 2129 202 2166 p.
219 2118 310 2156 191.
326 2119 366 2154 et
377 2119 522 2167 p.'‚196.
547 2114 626 2154 Pro
641 2116 802 2155 tandem
816 2116 851 2153 in
866 2129 957 2153 non-

85 2171 201 2210 nullis
226 2171 339 2211 codd.
360 2173 520 2212 actibus
545 2172 682 2223 legitur
705 2170 768 2209 vel
789 2172 957 2216 artibus,

86 2228 193 2280 quod
217 2227 319 2266 Oud.
344 2228 439 2266 miro
465 2241 563 2267 sane
587 2228 704 2266 modo
738 2227 960 2266 emendavit

84 2286 121 2322 in
136 2284 314 2330 artubus,
339 2283 560 2336 explicans:
584 2286 668 2323 sive
680 2285 862 2322 membris
877 2285 960 2322 sive

86 2353 250 2392 corpore
276 2342 453 2392 quamvis
486 2341 668 2386 defesso,
701 2340 805 2392 quod
832 2353 959 2391 neque

85 2411 156 2450 per
180 2398 413 2436 sententiam
441 2411 511 2436 nec
535 2411 606 2449 per
630 2397 704 2435 loci
729 2400 959 2435 structuram

84 2467 148 2493 me
171 2453 391 2505 intelligere
417 2454 610 2493 confiteor.
637 2454 679 2492 Si
706 2454 797 2505 quid
815 2458 960 2492 mutan·

86 2510 178 2549 dum
207 2510 277 2557 sit,
309 2524 383 2562 ego
409 2510 524 2549 velim
552 2516 731 2550 actutum
761 2511 783 2548 i.
809 2523 844 2549 e.
873 2511 959 2548 sine

84 2580 206 2613 mora,
227 2566 416 2612 celeriter,
443 2567 547 2619 quod
561 2568 721 2618 saepius
735 2567 839 2617 apud
854 2566 960 2618 Apu-

85 2621 203 2661 leium
228 2623 368 2674 legitur
391 2623 438 2662 cf.
459 2624 508 2662 V.
535 2638 571 2675 p.
599 2627 692 2665 365.
718 2621 788 2661 Vl.
813 2636 850 2675 p.
866 2626 958 2664 396.

88 2678 172 2719 Vll.
195 2693 232 2731 p.
258 2684 352 2721 491.
378 2679 447 2719 IX.
471 2694 507 2731 p.
536 2680 652 2732 603]

139 2735 230 2775 illic
253 2737 298 2775 in
323 2737 445 2776 domo
469 2738 609 2776 mati-1⁸5
633 2737 826 2788 reperias.
851 2734 961 2774 Male

88 2790 192 2832 Oud.
212 2791 402 2846 deceptus
423 2796 485 2832 est
505 2797 545 2831 et
564 2792 676 2832 codd.
697 2791 865 2843 quadam
886 2792 960 2830 dis-

90 2850 285 2900 crepantia
299 2853 339 2887 et
350 2850 584 2901 repetitione
600 2849 666 2887 illa
675 2862 706 2887 s.
717 2848 960 2900 plemmsmo,

91 2916 205 2955 quem
217 2904 349 2944 dicunt
367 2907 617 2958 grammatici,
643 2906 733 2945 illic
757 2906 798 2943 in
824 2906 958 2952 domo,

90 2962 133 2997 ut
146 2962 365 3001 emendaret
379 2964 568 3008 invenire,
595 2975 696 3014 quae
709 2961 961 3012 frigidissima

90 3013 248 3056 hercule
272 3020 491 3057 coniectura
515 3024 588 3058 est.
635 3017 693 3056 Ita
717 3019 816 3056 enim
843 3031 960 3069 quum

91 3071 157 3110 alii
184 3074 393 3126 scriptores
412 3080 491 3115 tum
503 3075 699 3127 Apuleius
725 3075 960 3126 praeceteris

91 3125 245 3169 locutus
267 3135 343 3178 est,
366 3136 408 3173 ut
430 3132 627 3172 adverbiis
652 3131 727 3172 loci
749 3131 844 3184 ipsa.v
858 3130 960 3170 loco-

1015 1226 1097 1250 rum
1122 1215 1277 1251 nomina
1302 1212 1492 1252 addantur
1517 1213 1565 1253 cf.
1581 1213 1687 1265 Virg.
1713 1212 1797 1252 Eel.
1821 1211 1886 1251 III.

1019 1272 1081 1310 12.
1108 1275 1180 1308 aut
1203 1270 1270 1308 hic
1294 1270 1352 1308 ad
1375 1274 1523 1308 veteres
1543 1273 1673 1322 fuyos
1696 1269 1885 1309 Wunder.

1015 1326 1066 1364 ad
1090 1325 1214 1364 eiusd.
1240 1324 1324 1364 Ecl.
1350 1324 1379 1365 I.
1405 1330 1470 1365 54.
1498 1327 1561 1376 qui
1581 1326 1676 1365 ltine
1696 1330 1734 1364 et
1753 1327 1886 1366 vicino

1014 1383 1065 1422 ab
1092 1382 1227 1421 limine
1251 1382 1304 1421 ita
1328 1382 1466 1433 iungit,
1491 1386 1533 1420 ut
1557 1383 1754 1434 posterius
1779 1382 1886 1433 prius

1015 1439 1126 1490 quasi
1149 1437 1329 1490 explicet.
1373 1437 1567 1488 Equidem
1587 1438 1808 1477 coniectura
1832 1436 1886 1476 lo-

1015 1508 1100 1533 cum
1114 1496 1166 1534 ita
1178 1496 1356 1533 restituo:
1384 1495 1497 1534 Hinc
1511 1495 1602 1540 thi,
1630 1508 1735 1547 quae
1753 1498 1890 1546 serpet

1014 1553 1148 1591 vicino
1174 1552 1224 1591 ab
1252 1552 1377 1590 limite
1401 1564 1542 1603 saepes
1565 1550 1613 1589 cf.
1629 1551 1746 1602 epicr.
1760 1563 1888 1589 meam

1014 1608 1186 1659 edXirg.
1198 1607 1398 1658 Forbig.in
1414 1605 1832 1647 Iahn.Annal.XXVI.
1850 1610 1887 1648 2.

1013 1679 1049 1717 p.
1064 1668 1136 1705 161
1150 1678 1210 1715 sq.
1224 1663 1437 1703 Praeterea
1451 1665 1501 1702 de
1514 1664 1589 1703 hoc
1602 1677 1676 1702 usu
1701 1662 1888 1703 cf.Plaut.

1012 1720 1096 1760 Mil.
1123 1720 1168 1759 ll.
1196 1725 1234 1762 3.
1260 1725 1296 1761 2.
1321 1719 1420 1760 Plin.
1446 1720 1548 1760 Hist.
1568 1720 1657 1759 Nat.
1678 1719 1724 1759 ll.
1741 1723 1806 1761 96.
1823 1723 1887 1761 98.

1012 1779 1055 1817 in
1085 1777 1344 1818 Crustumino
1375 1783 1513 1818 natum
1538 1780 1707 1830 foenum
1735 1777 1794 1816 ibi
1817 1791 1888 1816 no-

1013 1836 1146 1880 xium,
1172 1839 1293 1874 esctra
1307 1833 1470 1873 salubre
1483 1839 1550 1872 est.
1575 1832 1704 1872 Hand.
1719 1832 1888 1871 Tursell.

1013 1889 1077 1929 ΙΙΙ.
1103 1904 1140 1941 p.
1167 1895 1259 1931 205.
1286 1904 1320 1928 n.
1347 1894 1384 1930 2.
1411 1888 1586 1928 d'Orvill.
1613 1888 1782 1928 Observ.
1803 1887 1848 1927 T.
1861 1888 1888 1927 I.

1013 1961 1052 1999 p.
1065 1951 1155 1987 174.
1169 1945 1227 1985 Ita
1241 1944 1394 1997 explico
1404 1943 1785 1998 Apul.Met.Vlll.p.
1795 1949 1890 1986 557.

1022 2004 1134 2043 Unus
1154 2003 1269 2042 illinc
1289 2004 1465 2055 denique
1486 2003 1538 2041 de
1556 2016 1708 2042 summo
1727 2015 1889 2054 cupres-

1015 2074 1081 2099 sus
1106 2061 1325 2100 cacumine.
1351 2059 1448 2098 Met.
1462 2058 1568 2097 VIII.
1593 2072 1629 2110 p.
1650 2061 1743 2099 576.
1770 2059 1889 2097 illinc

1017 2117 1069 2156 de
1089 2117 1228 2168 primo
1253 2116 1388 2154 limine
1411 2114 1529 2167 Apol.
1556 2129 1594 2167 p.
1609 2119 1702 2156 546.
1729 2115 1787 2154 ad
1809 2128 1891 2154 sese

1016 2174 1058 2210 in
1085 2172 1246 2211 domum
1270 2173 1412 2211 matris
1435 2185 1532 2211 suae
1555 2174 1800 2224 transferar.
1823 2171 1889 2209 ubi

1018 2228 1066 2267 cf.
1097 2227 1299 2268 Pricaeus.
1347 2227 1436 2267 Nec
1465 2227 1575 2266 aliter
1610 2227 1888 2278 intelligendus

1018 2289 1081 2323 est
1105 2284 1215 2323 locus
1229 2284 1374 2337 Hygin.
1390 2285 1467 2323 tab.
1482 2298 1513 2324 c.
1528 2283 1631 2323 Vlll.
1644 2298 1685 2336 p.
1699 2288 1763 2325 31.
1780 2283 1889 2323 Stav.

1020 2342 1067 2380 In
1098 2342 1269 2381 eundem
1301 2342 1435 2382 Iocum
1460 2341 1580 2381 Duce
1605 2355 1685 2394 per
1717 2340 1889 2380 baccha-

1018 2399 1167 2437 tionem
1182 2397 1325 2437 Liberi
1339 2398 1440 2438 illuc
1454 2398 1595 2437 delata
1609 2403 1682 2444 est,
1707 2397 1772 2435 ubi
1785 2396 1888 2434 male

1016 2454 1196 2493 Munker.
1223 2453 1330 2493 delet
1353 2453 1533 2493 voculam
1558 2453 1694 2506 illua]

1077 2509 1165 2551 Cip.
1190 2510 1256 2550 vl.
1307 2513 1479 2551 terrenis
1502 2511 1696 2550 remediis
1719 2510 1888 2562 inquisi-

1018 2568 1140 2607 tionis
1153 2568 1342 2608 abnuens.
1369 2566 1469 2614 Quia
1483 2571 1572 2605 ante
1585 2566 1758 2605 WVower.
1772 2565 1888 2616 vulgo

1019 2623 1208 2662 edebatur
1221 2624 1571 2677 inquisitionibus,
1590 2622 1807 2661 Vulcanius
1822 2622 1888 2660 ali-

1019 2680 1174 2732 quando
1200 2681 1363 2719 coniecit
1385 2680 1572 2719 remediis
1600 2692 1621 2716 e
1641 2679 1779 2730 glossa
1798 2679 1889 2717 irre-

1018 2738 1163 2788 psisse.
1212 2737 1295 2775 Sed
1315 2737 1558 2775 detrectabat
1577 2736 1715 2774 Venus
1735 2739 1889 2775 terrena

1017 2794 1190 2832 remedia
1218 2794 1513 2847 inquisitionis,
1546 2804 1648 2842 quae
1671 2791 1828 2843 propria
1851 2792 1887 2830 in

1017 2850 1093 2889 hac
1116 2864 1158 2888 re
1182 2863 1260 2888 vox
1279 2853 1358 2894 est,
1383 2853 1425 2887 ut
1449 2848 1592 2886 docent
1606 2847 1821 2886 comment.
1837 2847 1888 2887 ad

1017 2907 1127 2946 Suet.
1155 2905 1271 2946 Caes.
1297 2920 1328 2944 c.
1347 2911 1380 2945 1.
1406 2918 1527 2957 seque
1552 2905 1603 2943 ab
1628 2905 1887 2958 inquisito-

1016 2964 1150 3003 ribus
1174 2964 1398 3001 redimeret.
1462 2960 1572 3012 [Hoc
1603 2974 1720 2999 unum
1751 2961 1887 2999 mirum

1018 3023 1097 3065 est,
1122 3019 1227 3069 quod
1241 3018 1435 3070 Apuleius
1454 3030 1540 3055 cum
1565 3017 1693 3056 dativo
1718 3016 1793 3056 hoc
1805 3031 1888 3055 ver-

1017 3076 1107 3115 bum
1121 3076 1299 3121 iunxerit,
1315 3087 1417 3125 quae
1430 3074 1681 3120 constructio,
1703 3078 1886 3125 quantum

1017 3131 1197 3184 equidem
1221 3132 1325 3176 scio,
1350 3129 1456 3169 nullo
1477 3129 1552 3169 alio
1566 3134 1739 3169 veterum
1759 3144 1886 3170 exem-

1905 428 1971 464 392
