2155 3590
692 167 880 208 LIBER
911 168 1008 208 vn.

85 284 255 325 anhelitu
280 289 436 337 recepto
461 281 621 337 spiritu,
651 280 727 321 tale
753 280 918 335 collegio
941 295 1012 322 suo
1039 280 1217 321 nuntium
1243 279 1354 319 facit:
1375 277 1382 334 1
1405 277 1517 332 Quod
1544 280 1591 319 ad
1617 280 1770 319 domum
1790 279 1867 320 Mi-
1893 281 1956 316 447

1067 167 1191 207 CAP.
1216 167 1245 206 l.
1787 166 1869 208 517

82 411 256 440 eoeaneli'lu
269 420 331 441 uno
345 415 452 441 tenore
465 412 619 446 scriptum
633 415 680 440 est
695 411 728 440 in
742 413 776 440 G.
794 413 822 440 1.
837 413 866 439 2.
880 412 918 439 D.
966 417 1013 446 sp.
1028 409 1166 437 nicalem
1179 417 1234 445 pro
1247 407 1371 446 spiritu
1387 406 1488 435 talem
1513 408 1626 436 Vellet.
1647 409 1678 436 2.
1706 407 1773 435 tale
1786 409 1822 437 F.
1836 411 1867 437 3.

82 472 116 498 G.
134 470 257 498 1.2.D.
271 477 300 503 1).
316 468 337 496 f.
351 466 379 497 ὃ.
403 470 525 497 Incett.
543 466 653 494 talem.
701 466 824 505 colegr'o
839 469 875 496 G.
890 469 920 495 1.
958 457 1068 506 fficz'l.
1092 468 1142 495 Ita
1166 466 1322 501 scriptum
1347 468 1396 494 est
1421 465 1455 492 in
1479 464 1515 493 F.
1536 465 1566 492 3.
1589 464 1735 503 etfacit
1757 469 1869 500 apertu

78 517 209 551 praebet
219 523 251 548 φ.
269 515 410 543 Verbum
424 514 578 542 omissum
592 515 689 549 plane
703 517 750 543 est
764 513 797 543 in
807 510 836 543 ὃ.
858 514 896 542 111
910 516 983 542 ceu.
988 511 1090 554 fecit.
1110 513 1270 542 Praesens
1283 510 1428 547 equidem
1441 510 1572 540 retineo.
1603 509 1662 548 qui
1672 518 1728 546 pro
1743 507 1867 547 quodp.

79 628 118 662 et
129 625 308 663 salutare
319 625 354 662 in
364 622 466 662 Mss.
481 627 758 662 commutentur
783 624 829 662 cf.
840 623 940 662 Plin.

79 679 203 718 XVII.
221 684 285 720 35.
298 694 333 718 n.
352 685 366 720 1
381 684 413 718 1.
433 683 614 732 sequenti
633 694 741 719 anuo
751 681 942 732 palmites

78 737 354 775 salutentur
369 750 451 788 pro
472 737 622 776 viribus
635 738 773 776 matris
786 737 941 789 sinyuli

77 793 330 843 αηΐῃειηίηἱ,
348 793 413 830 ubi
431 792 635 832 salz-entur
653 793 855 844 glossema
868 797 940 838 est.

78 847 182 898 quod
217 852 322 887 recte
356 847 541 887 Doederl.
580 850 796 900 Synonym.
835 848 881 887 T.
913 848 939 887 l.

76 908 185 955 1³:29.
198 905 327 942 reiicit.
341 905 491 956 Aperte
505 905 604 943 enim
619 905 754 944 Isidori
769 906 942 944 Glossae

76 961 259 1012 probant,
288 961 468 1000 salutare
500 966 654 999 veteres
684 976 754 1014 pro
783 963 943 1001 salvare

76 1017 242 1063 dixisse,
273 1031 310 1068 p.
338 1021 429 1057 689.
455 1018 490 1055 in
518 1031 552 1055 v.
580 1020 745 1070 oppito,
772 1019 940 1069 sospito,

77 1073 196 1112 ralde
218 1074 369 1118 saluto,
394 1074 459 1111 ubi
487 1075 601 1125 opito
626 1075 843 1126 legendum,
870 1088 942 1113 nec

76 1143 166 1168 vero
176 1131 337 1181 opitulo
346 1130 640 1177 emendandum,
651 1144 765 1181 quam
780 1130 941 1169 formam

74 1185 174 1224 Non.
199 1199 236 1236 p.
252 1189 343 1226 375.
370 1199 420 1223 ex
444 1185 555 1224 Livio
581 1187 748 1225 Andron.
776 1186 939 1238 probat]

131 1247 297 1293 recepto
327 1243 486 1293 spiritu.
539 1242 623 1293 [De
649 1242 722 1281 hac
749 1242 941 1281 locutione

74 1298 122 1336 cl.
148 1298 250 1336 Ded.
275 1297 324 1336 ad
349 1297 450 1336 Diet.
467 1297 567 1337 Cret.
589 1297 798 1338 Glosslll.
827 1313 858 1336 c.
874 1303 939 1339 22.

73 1368 110 1405 p.
137 1353 252 1406 333]

129 1410 211 1449 tale
236 1410 416 1462 colleyio
441 1424 515 1450 suo
533 1412 716 1450 nuntium
732 1412 850 1463 facit.
878 1411 940 1449 Au

71 1470 206 1504 neutro
231 1479 375 1517 genere
399 1467 581 1505 nuntiam
613 1468 857 1505 substantive
888 1467 940 1505 di-

74 1527 198 1568 catur,
222 1522 290 1560 viri
315 1522 416 1560 docti
443 1522 651 1574 disputant.
679 1522 781 1561 Oud.
807 1523 854 1561 iis
880 1536 940 1561 ac-

80 1578 198 1624 cedit,
225 1579 287 1630 qui
302 1592 425 1628 genus
440 1579 543 1617 istud
562 1593 635 1617 non
656 1579 836 1618 adiuncto
851 1580 941 1617 sub-

71 1635 480 1686 stantivoiniproliant3
495 1634 722 1687 coll.Calpli.
732 1634 940 1676 adTerent.

72 1692 210 1730 Heaut.
242 1691 303 1728 111.
333 1696 365 1730 1.
396 1696 457 1732 18.
507 1691 573 1729 Dr.
600 1691 649 1730 ad
674 1691 846 1730 Lis-‚151
874 1698 938 1733 41.

71 1746 244 1787 Broukb.
263 1747 313 1785 ad
333 1747 419 1785 Tib.
434 1746 495 1785 ΠΙ.
518 1752 555 1787 4.
579 1752 615 1788 5.
648 1748 730 1786 Sed
758 1749 938 1787 notabilis

71 1806 107 1842 ei
137 1805 286 1842 videtur
316 1817 409 1842 esse
442 1805 601 1842 omissio
629 1805 732 1843 verbi
757 1806 793 1842 in
820 1819 935 1843 mem-

71 1860 200 1899 branis
230 1859 423 1907 &On-ill„
461 1862 549 1911 quia
580 1861 815 1912 peculiarem
848 1862 939 1900 idio·

71 1918 225 1955 tismum
252 1918 287 1955 in
314 1929 410 1954 voce
434 1918 600 1956 nuntius
619 1931 712 1955 esse
737 1922 937 1968 appareat.

70 1978 111 2012 ut
125 1973 281 2011 verbum
296 1986 372 2010 non
387 1974 620 2024 adponatur,
647 1973 939 2025 subintelligen-

71 2029 162 2067 dum
188 2029 370 2067 facillime
407 2043 457 2066 ex
491 2031 609 2067 totius
643 2029 715 2067 loci
747 2032 939 2068 sententia

72 2084 162 2124 coll.
186 2084 333 2136 Wopk.
348 2084 384 2121 in
403 2085 516 2122 Misc.
539 2083 706 2123 Observ.
727 2085 820 2124 Vol.
835 2085 937 2124 Vlll.

72 2140 118 2181 T.
144 2140 171 2179 I.
196 2154 233 2191 p.
250 2144 313 2181 76.
341 2139 441 2178 Cort.
463 2141 513 2179 ad
526 2139 688 2179 PlinN.
705 2145 769 2182 20.
796 2142 942 2181 Donec

73 2198 124 2236 de
143 2197 344 2236 avunculo
369 2198 578 2236 nuntius.
605 2196 784 2235 Tennull.
801 2202 839 2236 et
857 2198 941 2235 suis

71 2254 159 2292 dict.
175 2253 224 2291 ad
238 2252 369 2290 Pront.
382 2251 409 2290 I.
429 2258 462 2293 1.
482 2257 544 2293 10.
562 2253 943 2306 Contemlc’tfalsmn

71 2310 130 2349 ml
155 2323 221 2348 eos
244 2323 477 2348 rumorem
515 2308 579 2360 [cf.
613 2309 729 2347 Gron.
768 2311 817 2348 ad
854 2310 940 2348 Liv.

70 2364 279 2404 XXXVII.
306 2379 339 2403 c.
370 2369 429 2404 10.
456 2365 485 2416 ὁ.
515 2370 550 2405 5.
577 2365 691 2403 Mart.
719 2365 867 2418 sapell.
895 2365 941 2405 II.

70 2422 102 2472 ξ.
130 2426 219 2461 147.
245 2421 373 2465 locu-s,
399 2435 514 2471 quem
528 2421 631 2459 Oud.
652 2423 766 2460 etiam
792 2422 941 2468 adtulit,

70 2483 110 2517 et
131 2491 222 2517 ecce
251 2478 383 2517 subito
415 2478 583 2517 deorum
614 2478 813 2518 Pronuba
843 2493 940 2518 nnn-

71 2535 212 2578 tiatur,
250 2533 366 2585 plane
396 2533 509 2571 aliter
538 2534 668 2572 habet.
729 2534 803 2572 Hic
839 2536 940 2572 enim

70 2591 282 2629 ’incutiatur
307 2593 374 2628 aut
397 2602 466 2640 pro
492 2592 761 2629 arnmntiaedur
787 2591 940 2636 dictum,

70 2650 136 2684 aut
148 2659 197 2684 ex
212 2659 444 2697 praegresso
461 2647 651 2684 vocabulo
673 2650 941 2686 (mmmlittlnr

71 2701 354 2741 emendandum
383 2707 454 2740 est.
491 2702 532 2740 In
558 2704 772 2742 novissima
798 2702 941 2754 Koppii

71 2758 240 2796 editione
271 2758 333 2796 hic
363 2758 474 2796 locus
500 2759 615 2810 plane
640 2759 844 2810 neglectus
870 2763 940 2798 est.

70 2813 125 2852 Ibi
162 2816 262 2852 enim
288 2815 490 2866 glossema
514 2815 724 2861 adrem're,
763 2816 867 2866 quod
904 2816 940 2853 in

56 2870 155 2908 cod.
163 2870 276 2910 Leid.
285 2872 554 2910 vetustissimo
569 2872 715 2910 abesse
724 2871 941 2919 dicifflud„

71 2929 160 2964 aute
195 2928 327 2966 subito
363 2928 545 2980 scriptum
582 2932 654 2966 est.
713 2927 802 2966 Nec
831 2927 942 2967 aliter

71 2986 284 3021 ceterorum
327 2996 502 3034 quoque,
539 2998 640 3035 quos
677 2983 801 3022 afferri
839 2983 941 3030 licet,

72 3036 241 3076 locorum
255 3039 372 3090 plane
391 3041 469 3080 alia
482 3045 546 3079 est
558 3042 666 3079 ratio.
693 3040 768 3079 Hic
780 3041 940 3079 verbum

71 3093 252 3132 finitivum
271 3097 520 3147 praegressis
535 3097 744 3149 participiis
754 3097 940 3142 omittere,

72 3163 146 3188 non
171 3150 298 3190 solum
328 3151 520 3204 ineptum,
555 3153 629 3192 sed
660 3154 728 3191 toti
767 3153 939 3192 latinitati

1001 625 1226 663 contrarium
1263 627 1384 661 esset.
1433 621 1521 668 Quo
1557 620 1723 663 accedit.
1762 620 1866 670 quod

1000 681 1084 719 cod.
1111 679 1285 718 d'Orvill.
1304 684 1383 718 tam
1397 678 1593 717 mutilatus
1614 682 1653 715 et
1666 680 1867 728 corruptus

1000 741 1062 774 est
1091 741 1132 775 ut
1163 737 1196 773 ei
1228 749 1420 786 nunquam
1452 735 1549 773 fides
1574 733 1707 773 haberi
1733 735 1864 783 queat,

1001 793 1073 831 nisi
1089 792 1151 832 alii
1172 793 1282 830 codd.
1299 792 1486 831 accedant
1500 791 1645 842 optimi.
1670 789 1868 829 Nuntium

998 863 1111 901 porro
1138 848 1299 887 formam
1321 848 1488 900 Apuleio
1515 848 1647 898 utique
1667 845 1866 891 vindicavi,

1001 910 1058 951 et,
1088 909 1129 942 ut
1163 905 1340 943 videmus
1379 905 1565 944 baculum
1597 917 1684 942 eum
1713 915 1869 952 semper

1001 962 1152 1000 dixisse
1178 975 1250 999 nec
1276 962 1462 1005 baculus,
1488 962 1539 999 ita
1564 964 1658 1012 puto
1684 960 1868 1000 nuntium

1000 1032 1087 1056 eum
1112 1017 1366 1069 praetulisse,
1391 1016 1519 1055 ubide
1537 1030 1592 1062 re,
1619 1030 1692 1054 non
1715 1016 1764 1053 de
1783 1028 1868 1065 per-

998 1088 1096 1112 sona
1109 1087 1237 1112 sermo
1247 1078 1320 1112 est.
1333 1073 1457 1119 Alter,
1466 1086 1515 1110 ex
1529 1086 1604 1123 quo
1619 1085 1742 1123 genus
1757 1069 1868 1110 buius

1001 1130 1175 1168 vocabuli
1191 1130 1366 1180 dignosci
1379 1133 1523 1181 potest,
1533 1129 1643 1167 Iocus
1658 1124 1867 1180 extatfflet.

1000 1185 1101 1223 VIII.
1117 1200 1153 1236 p.
1164 1190 1275 1231 522„
1289 1187 1352 1224 ubi
1369 1199 1505 1223 onmes
1520 1185 1634 1223 codd.
1649 1187 1869 1223 constanter

999 1243 1178 1280 retinent:
1202 1243 1393 1293 percepit
1416 1243 1497 1281 tale
1521 1242 1719 1285 nuntium,
1749 1241 1869 1292 quale

999 1312 1079 1337 non
1105 1298 1248 1337 audiet
1270 1297 1404 1342 alind,
1437 1298 1500 1348 qui
1534 1297 1644 1335 locus
1670 1310 1716 1335 eo
1742 1298 1868 1347 magis

1000 1354 1230 1405 persuadet,
1257 1353 1361 1404 quod
1375 1354 1493 1392 aliud
1509 1354 1570 1391 hic
1588 1353 1734 1403 legitur.
1764 1352 1869 1390 Nam

1001 1411 1072 1448 nisi
1109 1411 1161 1448 ita
1198 1415 1327 1455 esset,
1363 1410 1538 1448 dubitare
1575 1423 1787 1460 possemus
1819 1415 1868 1446 de

998 1480 1093 1505 vera
1117 1468 1325 1518 scriptura,
1353 1467 1441 1518 quia
1459 1466 1494 1503 in
1515 1466 1575 1504 his
1596 1464 1749 1504 duobus
1772 1465 1868 1502 locis

999 1522 1149 1574 virgula
1169 1523 1333 1569 omissa,
1360 1536 1460 1573 quae
1480 1537 1515 1560 m
1537 1523 1699 1560 litteram
1715 1521 1868 1567 indicat,

1000 1580 1083 1618 tale
1114 1584 1152 1618 et
1179 1580 1304 1631 qualo
1327 1578 1476 1617 facilius
1503 1578 1639 1617 exoriri
1664 1579 1868 1630 potuisset.

998 1635 1099 1674 Hinc
1125 1635 1330 1674 videndum
1357 1639 1436 1680 est,
1469 1649 1584 1685 quam
1608 1647 1796 1686 perversa
1819 1635 1870 1672 sit

997 1693 1191 1731 sententia
1217 1706 1365 1737 eorum,
1393 1692 1454 1742 qui
1482 1692 1554 1730 nisi
1580 1692 1759 1730 adiuncto
1779 1691 1869 1728 sub-

996 1750 1163 1787 stantivo
1179 1749 1217 1787 id
1231 1762 1356 1798 genus
1378 1762 1450 1786 non
1473 1748 1649 1799 probant.
1688 1747 1776 1786 Hoc
1789 1751 1868 1785 tan-

996 1806 1193 1843 tummodo
1218 1805 1308 1843 licet
1322 1804 1556 1850 confirmare,
1583 1804 1686 1855 apud
1701 1804 1869 1855 optimos

997 1863 1208 1913 scriptores
1221 1865 1396 1899 neutrum
1411 1874 1483 1898 usu
1504 1860 1628 1898 fuisse
1647 1875 1720 1898 non
1734 1860 1868 1904 videri,

998 1917 1044 1956 cs.
1060 1917 1127 1956 Dr.
1151 1918 1198 1955 ad
1214 1916 1381 1955 Liv.1V.
1398 1921 1462 1956 51.
1478 1917 1509 1967 ξ.
1530 1922 1610 1962 12²„
1636 1929 1868 1967 quamquain

998 1987 1083 2011 cuni
1115 1974 1236 2011 Voss.
1262 1973 1382 2011 Arist.
1415 1972 1459 2010 T.
1487 1972 1512 2011 I.
1545 1987 1580 2024 p.
1612 1977 1705 2014 436.
1738 1973 1868 2022 ibique

997 2029 1174 2068 Fortsch.
1190 2044 1264 2068 non
1279 2029 1554 2075 contenderim,
1570 2029 1672 2080 apud
1687 2027 1869 2067 Plautum

996 2086 1032 2123 in
1059 2085 1179 2124 Merc.
1197 2086 1245 2124 V.
1273 2090 1308 2126 2.
1337 2089 1399 2126 66.
1431 2086 1483 2124 ita
1515 2089 1737 2136 corruptum
1761 2098 1869 2126 esse.

999 2143 1292 2192 Antiquissimis
1307 2142 1405 2180 enim
1427 2143 1665 2193 temporibus
1686 2142 1869 2180 nuntium

1000 2198 1141 2237 dictum
1167 2212 1279 2244 esse,
1306 2199 1444 2249 probat
1469 2211 1670 2236 censorum
1697 2199 1868 2248 precatio

999 2255 1049 2292 ‹le
1075 2254 1272 2293 Censoriis
1307 2255 1450 2293 tabulis
1487 2254 1593 2306 apud
1616 2254 1780 2292 Varron.
1800 2254 1868 2293 w.

999 2311 1031 2361 ξ.
1045 2315 1128 2352 86.:
1143 2312 1241 2352 ‚Ubi
1259 2316 1383 2351 noctu
1403 2313 1442 2350 ἰη
1464 2311 1658 2363 {emplum
1677 2324 1870 2349 censurae

1000 2369 1277 2419 auspicaverit
1305 2372 1428 2420 atque
1460 2368 1511 2406 (Ie
1544 2368 1660 2407 coelo
1684 2369 1870 2406 nuntium

999 2425 1085 2463 erit.
1133 2423 1221 2463 Nec
1245 2424 1435 2476 improbat
1460 2424 1536 2462 hoc
1560 2423 1661 2462 Non.
1693 2437 1730 2475 p.
1758 2427 1868 2463 215.:

999 2482 1163 2519 nuntius
1203 2482 1366 2533 ῃρηενῐς
1414 2480 1650 2520 masculini.-
1696 2484 1870 2519 neutro

1000 2538 1136 2588 apud
1171 2537 1369 2589 aliquos
1404 2551 1497 2575 non
1533 2541 1765 2588 receptae
1795 2550 1869 2574 an-

1001 2594 1255 2633 ctoritatae’s
1291 2593 1436 2632 les-tum
1473 2598 1544 2639 est,
1582 2594 1654 2632 sed
1685 2593 1868 2631 doctos.

1000 2649 1047 2687 cf.
1073 2648 1207 2688 Isidor.
1233 2648 1366 2699 Origg.
1382 2649 1431 2687 X.
1473 2653 1562 2690 189.
1599 2650 1765 2688 nuntius
1801 2653 1869 2692 est,

1001 2710 1040 2744 et
1065 2707 1136 2758 qni
1159 2707 1322 2745 nuntiat
1345 2710 1384 2744 et
1409 2706 1523 2758 quod
1546 2707 1759 2745 nuntiatur
1784 2705 1809 2742 i.
1836 2718 1869 2743 e.

999 2755 1189 2812 ἅγγελος
1223 2763 1298 2800 καὶ
1341 2760 1549 2813 ἀγγελία.-
1594 2762 1663 2801 secl
1704 2762 1869 2800 nuntius

999 2819 1088 2869 ipse
1112 2818 1230 2857 lzomo
1253 2831 1404 2870 ρεπεν-ρ
1426 2819 1666 2859 masculino.
1692 2818 1738 2855 id
1761 2830 1869 2864 vero,

1002 2874 1117 2926 qnod
1129 2876 1317 2919 nunciat,
1333 2873 1414 2925 [ubi
1428 2876 1647 2913 nunciatur
1663 2873 1870 2923 legendum

999 2934 1062 2968 est
1087 2930 1136 2970 cf.
1161 2930 1271 2969 Serv.
1298 2930 1347 2968 ad
1372 2930 1472 2968 Aen.
1493 2929 1560 2968 XI.
1587 2929 1697 2982 896]
1721 2943 1871 2982 ,qenere

999 2991 1158 3033 neutro,
1180 2992 1224 3027 ut
1237 2987 1316 3026 lzoc
1332 2987 1529 3032 nuntium,
1545 2991 1584 3025 et
1595 2986 1699 3025 haer:
1712 2987 1869 3026 nuntia.

998 3041 1102 3081 Hinc
1116 3043 1205 3081 licet
1219 3042 1420 3093 colligere,
1448 3043 1652 3094 posteriori
1671 3055 1770 3080 aevo
1790 3056 1869 3082 cer-

998 3102 1078 3137 tum
1115 3099 1320 3138 discrimen
1358 3098 1455 3136 inter
1490 3102 1695 3150 utramque
1730 3112 1869 3139 vocem

998 3168 1093 3193 esse
1118 3154 1324 3208 positum]
