2221 3667
302 160 386 202 460
563 159 609 200 L.
643 160 861 201 APULEll
891 158 1289 200 MADAURENSIS
1320 159 1856 202 METAMORPHOSEON

210 299 275 331 418
301 279 523 324 struentes,
562 287 699 314 manus
736 275 931 328 paulisper
966 272 1250 312 accommodes.
1298 271 1385 312 Nec
1421 273 1457 313 id
1496 281 1625 315 tamen
1657 275 1724 315 tibi
1755 275 1985 328 contingere
2022 275 2080 313 fas

177 336 375 383 [181]§est·
411 327 418 384 Ι
447 327 551 369 Nam
579 330 672 370 haec
698 331 825 370 onmia
853 330 919 369 tibi
946 336 984 368 et
1007 328 1127 368 multa
1153 328 1229 368 alia
1255 329 1299 368 de
1322 327 1490 369 Veneris
1515 331 1689 386 insildiis
1714 332 1913 380 orientur,
1955 338 1995 370 ut
2019 330 2082 370 vel

299 398 415 425 unam
442 386 488 425 de
513 386 690 426 manibus
717 387 870 426 omittas
897 385 1067 423 offulam.
1095 383 1182 424 Nec
1208 391 1317 437 putes
1344 385 1452 425 futile
1483 387 1585 426 istud
1617 387 1870 440 polentarium
1902 388 2080 427 damnum

299 441 400 482 leve.
451 442 591 482 Altera
616 443 717 483 enim
745 442 912 496 perdita,
941 441 1011 479 lux
1037 440 1131 480 liaeo
1164 440 1231 480 tibi
1262 455 1423 495 prorsus
1450 442 1720 495 denegabitur.
1771 442 1891 483 Canis
1918 456 2082 496 namque

298 557 505 587 instruentes
519 561 554 589 B.
569 568 663 594 quam
677 560 846 588 lectionem
860 557 976 591 recepit
990 557 1130 586 Scriver.
1151 558 1211 585 Sed
1227 558 1268 587 cf.
1281 559 1398 586 MAV.
1413 558 1657 597 p.387.fmmm
1671 558 1951 598 sullrrcr'fubrica
1971 567 1986 587 s
1997 563 2035 587 er
2046 568 2084 586 n-

300 606 416 633 etum.
454 605 536 633 Hinc
561 604 775 638 metaphorice
799 605 931 630 struere
956 603 1078 637 aciem,
1105 610 1256 638 carmen,
1283 607 1399 630 versus
1426 603 1467 632 cf.
1487 605 1541 632 Dr.
1567 605 1607 632 ad
1627 604 1699 632 Liv.
1719 606 1817 634 XLII.
1836 607 1888 632 51.
1914 607 2019 633 Burni.
2045 606 2084 633 ad

299 649 392 677 ovid.
407 650 508 684 Epist.
523 658 563 678 ex
578 651 667 678 Pont.
684 650 719 676 ll.
736 650 766 675 5.
786 649 833 675 19.
882 646 1085 674 cistruentes
1099 650 1191 676 habet
1207 656 1235 682 p.
1262 651 1397 676 struens
1411 649 1449 676 D.
1464 649 1590 677 villose.
1629 648 1690 675 tibi
1702 651 1792 677 abes!
1807 653 1845 678 ab
1860 652 1893 678 Ο.
1931 658 1989 677 nm·
2003 648 2086 676 hacc

298 695 335 723 P.
363 693 423 729 (ex
443 695 632 723 confusione
651 694 911 727 compendiorum
930 700 950 719 n
970 697 999 720 et
1018 693 1097 727 713.)
1145 691 1199 719 hic
1214 695 1248 721 B.
1275 697 1303 721 el
1325 695 1383 721 edd
1410 697 1485 722 velt.
1503 698 1628 728 praeter
1644 696 1727 722 lunt.
1748 696 1776 721 ἱ).
1803 695 1894 723 Colv.
1917 702 1972 729 pro
1992 703 2086 723 more.

298 737 398 767 leuius
417 741 451 768 Ο.
473 748 492 768 a
511 747 550 767 m.
572 748 599 773 p.
626 738 730 766 Cet-:ri
750 739 840 766 codd.
855 742 883 765 et
899 738 1095 766 recentiores
1114 739 1183 766 edd.
1205 740 1377 772 pleraeque
1396 736 1491 767 haec.
1539 738 1696 766 nominas
1711 741 1747 767 G.
1761 740 1796 767 P.
1812 741 1849 768 D.
1896 739 2086 766 cvmnn'elaa

298 784 717 819 eddseu.praeteriunt.2.
736 782 868 820 stetisse
882 784 917 811 P.
932 784 968 810 D.
987 782 1103 820 salise
1117 785 1152 812 G.
1171 782 1281 821 futile
1294 785 1328 811 0.
1346 782 1459 821 facile
1474 784 1494 812 f.
1521 782 1606 811 illud
1618 785 1651 812 P.
1678 784 1765 811 istus
1779 786 1891 812 Venet.
1907 786 1936 812 2.
1959 783 2087 820 pollen-

300 830 550 857 Ιαει”ιιηι1·“.3.(ὶ.
563 830 599 856 l).
631 826 868 864 pnllentalimn
884 829 917 856 Ο,
942 826 1165 864 pulleaealum
1176 829 1744 862 eu.ericent.111111.‘2.Venet.2.ln
1754 827 2087 864 cempollentarimn.

298 873 427 910 n'pediea
446 876 480 902 0.
500 880 519 901 a
538 880 577 901 m.
599 881 627 906 p.
650 880 704 906 pro
722 871 869 908 perdita.
917 871 1017 900 huius
1033 877 1062 901 ul
1079 881 1179 907 supra
1194 881 1248 907 pro
1262 871 1347 901 haee
1361 876 1394 902 0.
1409 882 1482 902 am.
1497 882 1524 908 p.
1552 873 1655 909 [llaec
1677 875 1837 908 corruptio
1859 874 2015 902 facillima
2029 879 2090 909 est,

298 913 373 953 q‘uia
387 918 548 947 scribendi
562 918 753 952 compendia
767 919 935 952 utriusque
948 919 1102 946 vocabuli
1116 926 1211 952 quam
1224 919 1394 947 simillima
1406 924 1499 947 sunt:
1529 917 1558 945 [ι’
1585 920 1604 947 i.
1620 928 1646 948 e.
1667 917 1750 946 haec
1765 923 1792 948 el
1808 916 1849 946 la⁹
1877 919 1897 947 i.
1913 927 1938 948 e.
1965 917 2091 954 latius]

354 1005 440 1044 Nec
460 1004 507 1042 id
528 1009 656 1043 tamen
678 1005 753 1043 tibi
766 1006 1004 1057 continyere
1015 1008 1085 1058 fas
1099 1011 1164 1045 est.

295 1060 755 1111 InterpretaturFloridus
770 1062 847 1100 lmc
862 1067 1041 1113 tauqere,
1052 1075 1166 1113 quem

296 1118 468 1167 sequitur
499 1116 648 1155 Rodius
681 1119 715 1155 in
742 1118 1057 1169 interpretatione
1083 1132 1166 1168 ger-

295 1175 446 1212 manica
476 1178 516 1211 et
541 1174 663 1212 editor
695 1175 888 1225 Goetting.
939 1175 1020 1213 Sed
1052 1175 1167 1221 male,

297 1244 411 1281 quum
438 1231 647 1281 praecedat
671 1231 808 1277 telam,
836 1232 937 1281 quod
955 1246 1026 1270 non
1045 1232 1166 1270 feren-

295 1288 386 1325 dum
412 1291 491 1333 est,
529 1287 601 1325 nisi
639 1300 708 1339 per
740 1288 894 1338 generis
926 1288 1164 1340 hypallagen

294 1344 356 1382 hic
371 1357 525 1395 quoque
539 1343 752 1382 defendere
766 1344 876 1390 velis,
892 1345 995 1396 quod
1010 1345 1164 1395 quidem

293 1400 385 1439 mihi
402 1400 516 1438 valde
530 1400 789 1447 artificiosum,
809 1415 856 1440 ne
877 1401 999 1439 dicam
1023 1401 1164 1439 falsum

294 1457 445 1495 videtur
470 1470 575 1495 esse.
624 1456 750 1495 Recte
776 1458 945 1509 explicat
970 1457 1071 1496 Oud.
1099 1459 1162 1497 id:

294 1518 336 1552 ut
365 1526 518 1551 manum
550 1515 842 1560 accommodes,
881 1515 945 1552 tibi
982 1514 1165 1552 obvenire

295 1569 356 1608 fas
382 1583 456 1607 non
482 1573 555 1615 est,
582 1570 669 1607 coll.
696 1569 1010 1610 L11c:=11.V.528.
1038 1569 1166 1608 Burm.

294 1627 344 1665 ad
370 1625 537 1666 Phaedr.
565 1625 631 1664 IV.
659 1630 723 1666 23.
751 1631 786 1667 9.
816 1628 930 1673 Quid
954 1627 1097 1666 horum
1119 1628 1167 1665 εἰ·

294 1683 386 1721 mile
410 1683 483 1721 tibi
509 1684 776 1735 εοηίἰηῃίἰ,
808 1685 974 1723 rustica.

355 1741 522 1778 mnittas.
552 1738 657 1790 [Non
684 1753 785 1791 opus
812 1743 884 1785 est,
911 1743 951 1777 ut
976 1752 1060 1776 cum
1087 1737 1167 1776 Pri-

295 1808 390 1833 caeo
417 1795 669 1833 emendemus
694 1797 934 1834 amittamus.
975 1796 1168 1833 omittere

294 1852 394 1889 enim
409 1852 512 1889 idem
526 1855 605 1896 est,
631 1852 733 1902 quod
749 1854 943 1897 amittere,
959 1865 1005 1888 eo
1020 1854 1166 1889 tantum

292 1908 529 1954 discrimine,
561 1911 602 1946 ut
649 1909 869 1946 omittamus
906 1908 1084 1945 volentes
1128 1911 1167 1945 et

291 1968 447 2015 sponte,
456 1965 675 2003 amittamus
689 1965 791 2003 inviti
807 1968 846 2003 et
859 1977 964 2003 casu.
981 1964 1028 2002 cf.
1038 1964 1165 2002 Doed.

293 2021 512 2072 Synonym.
528 2019 590 2058 lll.
611 2034 648 2072 p.
666 2024 758 2061 285.
784 2021 916 2060 Burm.
932 2021 981 2059 ad
995 2019 1165 2059 Phaedr.

290 2077 319 2117 Ι.
348 2081 409 2117 13.
440 2081 500 2118 10.
550 2076 698 2116 Deder.
722 2077 771 2116 ad
802 2077 903 2116 Dict.
931 2077 1030 2116 Cret.
1052 2077 1100 2115 V.
1126 2081 1161 2117 8.

292 2134 400 2172 cuius
431 2133 505 2171 loci
538 2134 730 2185 parallelli
762 2147 812 2172 ex
842 2134 918 2172 hoc
943 2134 1164 2172 discrimine

291 2194 381 2229 sunt
405 2190 649 2229 diiudicandi.
698 2189 746 2229 cf.
779 2190 863 2229 Liv.
893 2189 1063 2229 XXVII.
1100 2194 1163 2230 12.

290 2247 321 2296 ξ.
348 2251 383 2287 3.
411 2248 556 2286 omissa
587 2246 640 2285 cle
662 2247 847 2286 manibus
871 2261 934 2285 res
959 2252 1032 2291 est,
1058 2246 1164 2297 quod

289 2303 570 2342 restituendum
597 2304 670 2341 erit
693 2316 742 2340 ex
768 2304 923 2354 optimis
943 2303 1057 2343 codd.
1122 2302 1162 2341 ln

290 2363 422 2399 nostro
449 2359 536 2398 loco
562 2359 674 2397 codd.
689 2372 775 2398 cum
792 2359 880 2397 edd.
900 2360 1050 2397 variant
1069 2360 1166 2398 inter

291 2417 452 2455 omittas
477 2419 515 2454 et
540 2417 780 2461 committas,
813 2429 917 2466 quae
941 2417 1102 2467 saepius
1128 2416 1163 2454 in

289 2472 392 2510 Mss.
409 2472 703 2511 confunduntur.
729 2472 776 2511 cf.
792 2472 878 2511 Liv.
905 2471 1164 2525 X.19.§.11.]

347 2529 645 2568 Polentarium.
694 2527 829 2580 [Quod
855 2528 1025 2568 nonnulli
1052 2529 1165 2567 codd.

289 2586 392 2637 iique
417 2585 550 2637 optimi
576 2584 765 2636 praebent
780 2586 1063 2636 polentacium
1082 2599 1166 2637 pro-

287 2643 439 2687 barem,
477 2641 511 2679 si
547 2642 662 2679 unius
698 2642 899 2692 scriptoris
935 2644 1164 2681 auctoritate

289 2699 584 2737 confirmaretur.
635 2697 717 2736 Sed
750 2697 894 2748 ubique
926 2697 1066 2748 legitur
1085 2713 1163 2751 po-

290 2755 487 2794 [eutarius
516 2758 559 2792 ut
589 2752 728 2793 Gloss.
753 2753 867 2793 Vulc.
901 2768 937 2806 p.
968 2759 1060 2794 113.
1088 2770 1163 2807 po-

290 2810 496 2857 lentarz'us,
521 2807 719 2861 ἀλφιτικός
742 2808 870 2849 Plaut.
897 2810 1047 2850 Curcul.
1062 2811 1106 2850 ll.
1124 2816 1162 2852 3.

272 2868 354 2908 ’16.
393 2866 469 2905 Per
497 2866 719 2917 analogiam
751 2866 875 2905 forma
894 2867 1164 2919 polentacens

288 2923 411 2975 proba
445 2928 525 2969 est,
568 2926 610 2961 ut
647 2924 867 2976 fabae-eus,
907 2925 1162 2976 farinaceus,

289 2979 561 3025 hordeaceus,
605 2980 859 3032 arqillaceus
899 2979 989 3019 alia.
1049 2979 1164 3019 Error

288 3038 416 3072 tamen
443 3035 564 3074 levior
589 3040 668 3081 est,
695 3049 810 3088 quam
829 3040 871 3075 ut
887 3049 1028 3075 novum
1044 3038 1164 3088 quod·

289 3090 378 3129 dam
414 3092 645 3130 vocabulum
682 3093 773 3131 indo
804 3093 934 3144 possit
970 3094 1161 3133 vindicari.

289 3147 555 3187 Potentarius
590 3161 720 3199 neque
750 3150 1028 3202 pollentarius
1068 3163 1162 3190 esse

1223 1006 1563 1051 scribentli1n1,iam
1579 1006 1686 1044 vocis
1701 1005 1976 1057 significatione
1991 1007 2091 1044 evin-

1225 1063 1336 1108 citur,
1363 1076 1463 1113 quae
1489 1077 1510 1101 a
1533 1064 1702 1114 polenta
1728 1063 1749 1101 i.
1765 1077 1797 1101 e.
1823 1060 1924 1114 μάζᾳ
1949 1066 1987 1100 et
2007 1063 2091 1100 cibo

1226 1119 1415 1157 vilissimo
1430 1133 1477 1157 ex
1489 1119 1607 1157 farina
1618 1118 2092 1170 liordaceatortapetenda

1226 1179 1304 1220 est,
1338 1190 1454 1226 quum
1475 1177 1620 1228 pollen
1653 1175 1921 1214 tenuissimam
1948 1176 2090 1214 farinae

1226 1236 1371 1284 partem
1396 1233 1593 1281 significet.
1633 1231 1730 1270 Tum
1750 1234 1857 1271 vocis
1879 1233 2000 1284 ipsius
2021 1236 2092 1270 ter-

1224 1289 1379 1327 minatio
1406 1289 1442 1327 id
1470 1289 1593 1332 iubet,
1620 1289 1709 1340 qnia
1723 1304 1741 1327 a
1756 1289 1894 1340 pollen
1913 1288 2093 1326 formatur

1220 1346 1473 1396 pallium-ius
1498 1347 1544 1384 cl.
1571 1345 1698 1383 Plaut.
1727 1344 1844 1383 Poen.
1872 1344 1934 1385 lll.
1966 1349 1997 1384 l.
2030 1349 2091 1385 10.

1225 1415 1297 1439 nec
1318 1402 1630 1454 pollentariua]

1281 1459 1394 1497 canis
1418 1472 1597 1510 natuque.
1649 1457 1777 1511 [Haec
1792 1457 1977 1508 particula
1991 1457 2094 1508 apud

1223 1514 1434 1565 Apuleium
1466 1516 1551 1551 sine
1582 1514 1660 1552 ullo
1694 1514 1910 1553 discrimine
1950 1514 2096 1552 videtur

1228 1585 1320 1608 esse
1334 1572 1558 1621 praeposita
1572 1574 1610 1608 et
1626 1574 1716 1621 post
1735 1584 1850 1608 unum
1867 1569 2095 1609 vocabulum

1227 1627 1435 1672 collocata,
1473 1631 1511 1664 et
1543 1640 1591 1664 ex
1624 1627 1698 1664 boc
1730 1627 1884 1678 quidem
1910 1628 2096 1678 scriptore

1228 1683 1291 1720 lex
1328 1686 1459 1734 potest
1500 1682 1676 1720 affirmari
1691 1715 1701 1729 ,
1745 1697 1859 1733 quam
1895 1683 2097 1735 Zumptius

1226 1740 1447 1791 proposuit,
1473 1753 1547 1777 non
1573 1740 1700 1790 magis
1721 1741 1879 1790 primum
1901 1753 2014 1791 quam
2036 1753 2097 1777 se·

1228 1796 1391 1833 cundum
1421 1795 1545 1834 locum
1572 1809 1656 1833 eam
1677 1796 1904 1848 particulam
1924 1797 1999 1834 sibi
2019 1796 2097 1834 vin-

1224 1853 1364 1890 dicare.
1390 1851 1604 1903 lnApuleii
1630 1853 1730 1890 enim
1756 1853 1912 1905 scriptis
1937 1852 2012 1890 hoc
2032 1866 2096 1890 vo-

1225 1908 1404 1947 cabulum
1430 1908 1797 1960 undequinquagies
1831 1909 1985 1959 legitur,
2024 1909 2097 1947 sed

1224 1966 1275 2003 ita
1289 1968 1329 2003 ut
1342 1965 1568 2003 undevicies
1582 1969 1849 2016 postponatur.
1870 1965 1916 2004 cl'.
1927 1965 2022 2004 Met.
2032 1964 2095 2004 lll.

1224 2035 1260 2072 p.
1275 2024 1365 2061 179.
1385 2036 1470 2061 snm
1482 2035 1656 2073 ovantque
1670 2025 1810 2072 p.208.
1829 2036 1912 2062 sum
1926 2035 2097 2074 namque

1223 2078 1505 2130 v.p.352.pm›
1520 2092 1613 2117 vero
1633 2092 1816 2130 namque.
1844 2077 1926 2116 Vll.
1950 2092 1986 2129 p.
2004 2081 2097 2118 448.

1223 2149 1367 2187 equum
1399 2148 1583 2187 namque.
1610 2148 1646 2185 p.
1662 2138 1756 2175 458.
1781 2135 2096 2187 simulnamque.

1222 2189 1370 2241 vulp.
1387 2195 1479 2232 561.
1506 2204 1633 2241 nepos
1648 2204 1841 2243 ηαηιτμιε..
1868 2190 1936 2229 IX.
1950 2204 1986 2241 p.
2004 2194 2097 2232 664.

1219 2250 1317 2300 ficta
1333 2261 1518 2299 namque.
1545 2246 1596 2285 X.
1617 2260 1655 2297 p.
1671 2250 1765 2288 706.
1778 2247 1897 2286 solita
1912 2260 2096 2299 namque.

1222 2303 1272 2341 X.
1289 2307 1380 2344 720.
1396 2305 1593 2342 artissime
1606 2317 1789 2355 namque.
1811 2302 1928 2354 Apol.
1951 2316 1987 2354 p.
2003 2306 2096 2343 508.

1224 2374 1271 2399 ea
1286 2374 1458 2412 namque
1473 2360 1593 2399 tabes.
1618 2359 1761 2409 Dogm.
1783 2358 1885 2399 Plal.
1906 2358 1931 2397 l.
1951 2373 1988 2411 p.
2004 2363 2097 2400 209.

1223 2417 1266 2455 in
1282 2416 1414 2455 media
1428 2429 1612 2468 namque.
1627 2430 1663 2467 p.
1675 2420 1721 2455 21
1736 2421 1767 2456 l.
1785 2416 1914 2455 oculis
1927 2429 2099 2468 namque

1225 2472 1269 2510 ll.
1291 2486 1326 2523 p.
1349 2477 1442 2513 232.
1469 2472 1599 2512 altera
1625 2485 1809 2525 namque.
1835 2485 1872 2522 p.
1889 2476 1980 2512 250.
2008 2485 2098 2523 eye-

1224 2534 1364 2568 statem
1388 2542 1560 2581 namque
1584 2528 1633 2566 de
1659 2528 1748 2566 Deo
1775 2528 1924 2567 socrat.
1950 2541 1986 2579 p.
2005 2532 2097 2568 122.

1225 2586 1299 2624 lzos
1322 2599 1496 2638 namque
1520 2584 1570 2622 de
1589 2582 1739 2623 Mundo
1760 2597 1796 2634 p.
1812 2588 1904 2624 334.
1927 2585 2097 2636 pictura

1221 2656 1408 2694 namque.
1447 2655 1484 2693 p.
1520 2644 1615 2681 374.
1651 2641 1751 2679 (leus
1785 2654 1973 2693 mnnqne.
2020 2639 2097 2678 Ubi

1221 2699 1332 2737 tertio
1348 2698 1435 2737 loco
1450 2697 1674 2743 collocatur,
1690 2698 1925 2748 praepositio
1940 2709 2098 2747 semper

1221 2756 1465 2793 enunciatum
1490 2754 1643 2805 incipit,
1683 2766 1783 2804 quae
1819 2753 1868 2791 ab
1904 2753 2096 2792 adiectivo

1220 2825 1293 2850 suo
1318 2811 1490 2863 separari
1517 2811 1657 2861 nequit.
1706 2808 1862 2847 Deinde
1888 2808 1937 2846 de
1963 2809 2094 2847 discri-

1220 2868 1341 2913 mine,
1368 2867 1471 2918 quod
1497 2867 1594 2905 inter
1617 2880 1710 2905 nam
1740 2868 1779 2903 et
1801 2879 1975 2917 namque
2005 2879 2095 2904 non-

1221 2924 1315 2964 nulli
1339 2927 1529 2968 statuunt,
1555 2927 1596 2962 ut
1619 2921 1749 2961 Bremi
1775 2921 1824 2960 ad
1849 2920 1991 2973 Nepot.
2007 2922 2094 2960 Alc.

1222 2981 1247 3019 1.
1263 2981 1364 3031 §.2.,
1389 2984 1429 3019 ut
1449 2992 1622 3033 namque
1646 2993 1669 3017 a
1693 2977 1850 3029 Nepote
1876 2982 2094 3030 usurpetur,

1220 3038 1286 3076 ubi
1309 3051 1374 3076 res
1397 3037 1589 3076 factumve
1610 3035 1826 3074 accuratius
1841 3035 2094 3082 describatur,

1220 3109 1330 3139 nam,
1356 3094 1420 3131 ubi
1445 3094 1533 3145 ipsa
1557 3091 1718 3130 alicuius
1743 3092 1797 3128 rei
1830 3104 1973 3130 caussa
1999 3091 2093 3129 indi-

1221 3154 1345 3197 cetur,
1376 3163 1448 3188 nec
1472 3162 1522 3188 ex
1545 3149 1622 3188 hoc
1645 3148 1833 3199 scriptore
1859 3161 1930 3186 nec
1955 3161 2005 3187 ex
2039 3161 2096 3186 ee-
