2155 3590
609 155 798 196 LIBER
821 157 870 196 V.
930 154 1056 198 CAP.
1080 153 1247 197 XVIII.
1269 154 1391 198 XIX.
1782 155 1862 198 353

86 268 293 309 verborum
319 274 395 308 tam
423 268 590 308 tristium
617 268 842 309 formidine:
870 276 987 310 extra
1010 269 1218 310 terminum
1242 266 1383 308 mentis
1410 279 1504 306 suae
1529 265 1672 320 posita,
1700 281 1860 321 prorsus

86 325 254 364 omnium
279 324 408 364 mariti
433 324 686 364 monitionum
711 338 946 378 suarumque
975 325 1276 380 promissionum
1306 322 1533 363 memoriam
1563 322 1717 373 effudit,
1752 330 1791 362 et
1820 323 1861 362 in

84 380 314 434 profundum
340 380 570 420 calamitatis
595 394 682 420 sese
707 381 991 434 praecipitavit,
1020 389 1268 434 tremensque
1291 385 1332 419 et
1349 378 1544 432 exsangui
1565 378 1695 419 colore
1715 379 1857 428 lurida,

84 436 238 476 tertiata
263 436 383 477 verba
408 436 629 476 semihianti
653 450 749 477 voce
776 437 1050 492 substrepens,
1078 438 1135 478 sic
1160 437 1208 477 ad
1230 435 1318 476 illas
1341 434 1413 475 ait:

625 585 1059 632 CAPUT
1151 585 1315 633 XIX.

190 705 274 747 Vos
301 705 468 758 quidem,
498 705 723 745 carissimae
750 719 929 755 sorores,
964 713 1003 745 ut
1035 719 1105 759 par
1129 713 1235 756 erat,
1266 705 1306 745 in
1339 704 1466 745 officio
1497 701 1678 760 velstrae
1702 702 1859 756 pietatis
1884 708 1965 754 [107

85 759 367 816 'permanetisg
395 776 528 802 verum
555 769 594 801 et
617 761 687 811 illi,
716 762 780 814 qui
805 762 897 801 talia
922 762 1033 802 vobis
1059 762 1271 812 affirmant,
1305 775 1383 801 non
1414 761 1598 801 videntur
1627 759 1720 799 mihi
1751 773 1857 799 men·
1883 767 1947 802 355

79 817 227 858 dacium
259 817 421 871 fingere.
470 817 556 858 Nec
588 817 689 857 enim
721 831 888 870 unquam
921 818 997 858 viri
1029 819 1104 858 mei
1134 818 1215 859 vidi
1245 818 1407 867 faciem,
1439 816 1503 858 vel
1534 816 1691 857 omnino
1717 816 1857 856 cuiatis

77 873 128 914 sit
152 874 266 924 novi3
301 874 369 913 sed
402 881 549 913 tantum
581 874 783 913 nocturnis
814 874 1049 914 subaudiens
1079 874 1262 922 vocibus,
1291 874 1471 913 maritum
1502 872 1643 913 incerti
1668 879 1793 912 status
1819 877 1861 912 et

75 943 236 983 prorsus
273 929 481 983 lucifugam
523 930 666 979 tolero,
705 930 945 983 bestiamque
982 930 1149 983 aliquam
1186 937 1292 970 reete
1329 929 1544 969 dicentibus
1576 928 1687 969 vobis
1718 927 1857 968 merito

75 985 290 1026 consentio.
325 985 468 1039 Meque
488 999 724 1040 magnopere
744 999 897 1040 semper
916 1000 936 1024 a
958 986 1037 1026 suis
1058 993 1182 1026 terret
1200 985 1441 1040 aspectibus,
1469 985 1689 1039 malumque
1709 983 1857 1038 grande

74 1104 116 1137 et.
132 1104 214 1136 quod
227 1107 302 1131 ante
313 1105 419 1130 ‹az-tra
433 1103 464 1131 in
479 1103 645 1131 nonnullis
658 1102 751 1130 libris
765 1106 791 1130 et
808 1104 877 1130 edd.
892 1106 966 1131 vett.
980 1105 1078 1139 extat,
1094 1110 1157 1130 non
1170 1105 1328 1135 comparet
1342 1102 1376 1130 in
1389 1103 1423 1130 F.
1434 1104 1464 1130 3.
1480 1104 1514 1130 G.
1526 1103 1554 1130 1.
1568 1103 1604 1130 R.
1621 1101 1641 1129 f.
1655 1102 1690 1129 O.
1704 1097 1732 1130 δ.
1747 1101 1795 1129 ed.
1810 1108 1856 1135 pr.

72 1147 198 1176 Vicent.
213 1148 324 1176 venet.
340 1149 369 1176 4.
383 1149 488 1176 Paris.
513 1149 589 1176 Bas.
603 1149 639 1175 B.
682 1146 828 1183 positum
850 1150 884 1175 G.
904 1149 930 1174 l.
944 1154 964 1175 a
976 1155 1016 1174 m.
1033 1155 1061 1181 p.
1103 1153 1211 1182 prosu
1224 1147 1350 1175 Vicent.
1365 1144 1419 1179 (In
1432 1154 1504 1175 mea
1518 1142 1722 1184 correctum).
1769 1143 1859 1182 quod

72 1199 205 1219 rursum
222 1200 276 1227 nro
284 1200 426 1228 prorsus
443 1194 478 1220 G.
494 1194 522 1220 1.
537 1193 570 1220 0.
618 1199 755 1219 suarum
771 1199 972 1227 quaeprom.
985 1192 1098 1219 Yenet.
1114 1193 1142 1219 2.
1160 1193 1243 1219 Iunt.
1260 1192 1288 1220 1.
1337 1190 1550 1229 calamisaffs
1567 1191 1692 1219 vicent.
1740 1193 1774 1217 ec
1793 1197 1858 1218 ea·-

71 1237 193 1274 sangm'
204 1240 292 1265 abest
307 1244 327 1265 a
341 1239 375 1266 G.
389 1239 420 1270 2.
436 1238 470 1265 P.
485 1238 521 1265 Ι).
568 1234 678 1264 lurido
692 1238 725 1264 0.
750 1234 854 1263 livida
865 1238 920 1264 Al.
937 1239 965 1263 ut
981 1240 1026 1263 est
1043 1236 1074 1263 in
1090 1235 1111 1264 f.
1161 1237 1300 1262 ternam
1313 1237 1347 1263 G.
1365 1236 1393 1265 1.
1421 1235 1573 1262 terniaco
1586 1237 1621 1263 0.
1651 1233 1804 1262 ‹Iertiata
1816 1237 1857 1266 D.

70 1282 232 1310 semicocta
246 1284 281 1310 G.
294 1284 325 1309 2.
339 1283 377 1310 D.
402 1281 559 1309 seminali
569 1290 598 1315 p.
625 1280 808 1308 seminanti
819 1283 853 1308 G.
871 1282 898 1308 I.
923 1279 1059 1307 semmei
1070 1279 1091 1308 f.
1128 1279 1316 1307 semianimi
1332 1281 1368 1309 B.
1388 1283 1419 1309 et
1432 1288 1542 1309 omnes
1555 1280 1624 1309 edd.
1637 1283 1713 1309 vett.
1728 1284 1857 1315 praeter

69 1329 152 1356 lunt.
165 1329 196 1354 2:
210 1330 237 1355 et
253 1328 299 1355 ed.
315 1334 358 1360 pr.
375 1331 565 1362 susti-eluas
580 1328 616 1355 G.
632 1327 660 1353 1.
693 1325 907 1361 stcltseerpens
921 1326 954 1353 0.
1003 1323 1061 1351 secl
1072 1322 1118 1351 ud
1128 1323 1207 1352 illas
1221 1322 1251 1354 δ.
1748 1329 1750 1331 ·

160 1369 375 1398 Karissiume
389 1373 424 1401 G,
442 1373 468 1399 I.
484 1373 521 1399 D.
568 1373 708 1398 nostrae
722 1372 759 1398 l).
773 1370 897 1398 Vicenl.
947 1372 1081 1397 cestrae
1093 1372 1125 1396 ει
1139 1368 1191 1396 illi
1202 1372 1238 1398 G,
1254 1371 1282 1398 1.
1312 1368 1395 1403 (non
1414 1376 1568 1397 cesarum
1582 1372 1614 1396 et
1634 1368 1687 1397 illi
1702 1373 1735 1398 ut
1749 1369 1784 1398 in
1797 1378 1855 1398 ex-

69 1417 187 1451 cerpus
200 1419 265 1445 erat
280 1417 382 1451 Οιιιί.)
430 1415 485 1443 ille
499 1415 557 1452 qm*
568 1424 598 1449 p.
646 1423 743 1452 quam
760 1414 847 1442 talia
859 1416 935 1443 Bas.
952 1416 978 1442 1.
1029 1416 1129 1441 lanta
1143 1422 1197 1448 pro
1213 1413 1299 1441 talia
1312 1416 1348 1443 P.
1395 1413 1487 1442 nobis
1501 1412 1564 1450 aff'.
1579 1415 1703 1443 Vivent.
1749 1411 1855 1453 affir-

68 1464 141 1489 mat
152 1470 182 1496 p.
229 1459 361 1488 videtur
373 1462 407 1489 0.
424 1470 452 1495 p.
499 1460 568 1488 riri
580 1459 642 1487 mei
653 1468 797 1496 unquam
812 1457 839 1488 δ’.
888 1462 919 1486 el
934 1459 1058 1486 cuiatis
1072 1467 1101 1493 ι).
1126 1459 1372 1488 τιιῑΙαεΥἰεθιιῐ.
1418 1458 1513 1486 nucis
1522 1461 1556 1489 0.
1607 1458 1724 1486 lollern
1739 1461 1773 1487 G.
1788 1460 1853 1489 1.2‚

68 1508 106 1536 D.
153 1508 244 1533 recte
257 1509 347 1535 abest
361 1513 379 1534 a
394 1507 428 1534 P.
476 1506 634 1533 maritum
650 1505 820 1532 consentio
840 1507 875 1533 G.
893 1506 920 1532 1.
936 1506 966 1532 2.
987 1505 1022 1532 P.
1042 1505 1079 1532 D.
1095 1505 1129 1532 O.
1144 1506 1182 1532 R.
1197 1504 1219 1532 f.
1234 1507 1261 1532 et
1282 1504 1328 1532 ita
1345 1506 1417 1533 coll.
1432 1507 1525 1533 habet
1540 1504 1753 1539 Lindenhrog.
1764 1525 1772 1539 ,
1798 1505 1855 1538 qui

68 1554 174 1580 tamen
188 1552 220 1579 in
234 1559 271 1579 eo
283 1559 410 1579 errasse
424 1551 566 1585 videtur,
581 1552 661 1585 quod
678 1551 767 1584 prius
780 1551 861 1578 intem
877 1551 1070 1577 vocabulum
1083 1550 1242 1576 maritum
1256 1553 1440 1583 corruptum
1453 1558 1526 1577 esse
1539 1549 1714 1585 indicavit,
1740 1556 1855 1583 quam-

68 1603 162 1631 quam
181 1596 341 1630 posterius
360 1604 395 1624 se
414 1596 618 1631 significasse
638 1596 711 1624 inde
729 1596 758 1624 fit
779 1594 1001 1629 perspicuum,
1027 1595 1109 1628 quod
1129 1594 1221 1622 varia
1241 1595 1308 1622 cod.
1328 1594 1423 1622 lectio
1437 1595 1557 1621 merim
1571 1595 1610 1622 ad
1625 1594 1744 1622 lineam
1758 1594 1788 1622 ei
1802 1601 1853 1622 re-

67 1642 231 1677 spondeat.
279 1640 403 1667 marita
423 1638 451 1669 δ.
466 1649 494 1675 p.
510 1644 538 1669 et
553 1641 622 1669 edd.
638 1644 711 1669 vett.
759 1648 808 1666 me
823 1639 881 1676 qui
893 1639 997 1668 Paris.
1013 1640 1095 1667 unde
1109 1641 1197 1667 Grut.
1212 1640 1307 1672 susp.
1320 1640 1403 1668 VIII.
1419 1641 1448 1667 9.
1485 1646 1535 1665 me
1553 1637 1683 1675 quidem
1703 1639 1852 1668 coniecit.

65 1693 170 1723 neque
182 1687 230 1715 ed.
244 1694 291 1721 pr.
302 1687 416 1715 Venet-
430 1688 460 1714 2.
472 1685 598 1714 Vicent.

67 1785 288 1830 nominatur,
314 1797 412 1834 quae
438 1784 601 1822 candida
626 1787 663 1821 et
687 1797 826 1822 secura
851 1786 926 1827 est,

65 1854 137 1879 nec
155 1841 245 1892 quid
266 1854 314 1878 ex
332 1841 391 1878 his
417 1840 680 1891 voluptatibus
705 1844 925 1877 secuturum

66 1898 116 1934 sit
134 1897 370 1947 suspicatur,
396 1897 545 1934 omnino
562 1895 685 1934 futura
698 1910 771 1933 non
787 1908 925 1933 eui-ans

67 1952 114 1991 cf.
145 1952 260 1991 Gron.
292 1953 452 1991 Diatrib.
479 1951 522 1989 T.
548 1951 574 1990 Ι.
600 1965 636 2002 p.
663 1955 754 1992 225.
781 1951 925 1991 Hand:

63 2012 251 2048 nostrum:
277 2009 464 2047 lzarmlos.
488 2007 582 2046 Met.
592 2007 642 2046 V.
667 2020 703 2058 p.
719 2011 809 2048 343.
835 2008 868 2045 si
880 2006 927 2045 id

65 2065 239 2104 tolerare
271 2078 353 2116 pro
387 2064 565 2116 yenuina
601 2063 921 2115 simplicitate

63 2135 145 2159 non
168 2121 364 2172 potueris.
403 2119 467 2157 Vl.
498 2133 534 2170 p.
561 2123 652 2159 408.
694 2119 738 2157 V.
764 2132 799 2169 p.
826 2122 921 2158 355.

63 2177 305 2227 simplicis
323 2175 690 2227 puellaepaventes
704 2176 921 2226 coyz‘talio-

62 2245 131 2271 nes
162 2231 394 2283 invadunt]

117 2293 240 2327 extra
264 2289 470 2326 terminum
493 2288 632 2326 mentis
655 2299 750 2326 sycae
770 2287 921 2337 posim.

6 2356 10 2362 “
63 2343 138 2395 [lta
161 2344 304 2382 Minue.
335 2342 417 2381 Fet.
444 2343 535 2380 dicit
559 2357 590 2380 c.
616 2346 680 2382 39.
711 2343 741 2393 ξ.
771 2347 803 2381 1.
837 2342 918 2379 sere

61 2400 198 2438 eadem
229 2401 390 2438 ratione:
426 2399 709 2451 nmynitncline
739 2398 918 2436 admira—

61 2457 183 2495 tionis
214 2457 374 2501 ezmnui,
405 2455 453 2493 ad
487 2468 599 2505 quem
631 2455 755 2492 locum
780 2453 917 2492 Heum.

59 2516 231 2550 nostrum
266 2512 317 2550 ita
351 2513 508 2550 excitat:
557 2516 675 2550 extra
713 2511 919 2549 terminum

60 2570 198 2607 mentis
220 2581 328 2607 meae
336 2569 495 2619 positus
508 2581 616 2605 eram
625 2580 673 2604 ex
694 2566 782 2604 edit.
804 2565 918 2604 Fran-

63 2624 133 2662 cos.
158 2638 244 2663 ann.
273 2628 389 2665 1621.
415 2637 450 2675 p.
469 2627 560 2664 166.
584 2622 759 2660 Lactant.
779 2621 870 2660 inst.
890 2621 917 2661 l.

62 2684 98 2720 4.
123 2685 160 2721 3.
186 2682 324 2719 meniis
347 2685 497 2719 emotae
520 2679 583 2717 ubi
609 2679 655 2717 es.
681 2678 821 2730 Buen.]

72 2766 76 2771 -
115 2737 277 2776 tertiata
301 2736 433 2780 verba,
480 2735 527 2774 cs.
560 2735 703 2785 scalig.
734 2735 783 2773 ad
811 2733 918 2773 Fest.

61 2804 140 2831 ΒΝ.
165 2793 311 2844 coepia
333 2792 508 2831 Lindem.
533 2805 571 2843 p.
593 2794 687 2831 386.
712 2792 778 2828 Sic
802 2791 917 2828 etiam

62 2847 277 2888 dimidiata
299 2852 340 2887 et
364 2853 557 2901 qvmriata
581 2847 710 2885 verba.
741 2846 787 2884 cf.
815 2845 913 2884 Etm.

60 2903 109 2941 ad
133 2903 272 2943 Minue.
298 2904 418 2943 Fene.
444 2918 475 2943 c.
493 2908 528 2944 2.
554 2903 586 2953 §.
614 2908 661 2949 1.‚
687 2904 750 2953 qui
775 2903 918 2940 excitat

59 2958 281 3011 Hieronym.
307 2961 355 2999 ad
375 2959 557 2999 Eustoeh.
576 2959 626 2996 (le
644 2960 801 3008 virginit.
814 2971 915 2997 serv.

63 3013 107 3052 Τ.
138 3014 165 3054 1.
201 3015 324 3067 Epist.
349 3020 413 3057 22.
450 3031 483 3055 c.
518 3019 581 3056 13.
613 3014 917 3055 Βαίὸιιίἱεηΐεηι

62 3069 243 3122 linquam
266 3073 307 3110 in
332 3072 548 3111 dimidiata
572 3071 690 3110 verba
707 3071 915 3109 moderan-

63 3130 131 3165 tur
164 3127 214 3165 ad
248 3126 420 3168 Laetam.
459 3128 508 3166 de
543 3127 661 3166 lnstit.
687 3127 786 3166 filiae
818 3125 862 3166 T.
887 3126 914 3165 1.

646 1693 764 1722 magua
779 1692 876 1721 opere
890 1686 925 1712 G.
944 1686 970 1712 1.
995 1691 1191 1721 magnopere
1203 1684 1329 1712 Vivent.

1379 1686 1464 1711 ter-ee
1479 1685 1515 1713 G.
1532 1685 1560 1713 1.

987 1782 1109 1833 Epist.
1127 1781 1205 1819 ΥΠ.
1221 1796 1252 1819 c.
1269 1786 1304 1821 3.
1327 1783 1546 1821 dimidiata
1566 1783 1704 1821 (licere
1719 1782 1848 1821 verba.

983 1838 1045 1876 De
1073 1839 1147 1876 vita
1173 1842 1211 1876 et
1235 1839 1338 1876 obitu
1355 1837 1501 1876 Paulae
1515 1837 1640 1890 Epist.
1660 1842 1720 1877 17.
1737 1850 1768 1876 c.
1786 1841 1848 1878 12.

984 1907 1020 1945 p.
1047 1897 1111 1934 80.
1147 1894 1273 1932 Am’ne
1303 1899 1342 1932 et
1369 1895 1516 1933 amitae
1545 1894 1708 1932 nomina
1733 1893 1847 1932 dimi-

985 1951 1110 1988 cliniis
1125 1950 1250 1988 verbis
1260 1952 1472 2001 franyere..
1495 1949 1607 2002 [Cato
1622 1949 1724 1999 apud
1735 1949 1846 1990 Serv.

984 2006 1033 2043 ad
1069 2004 1167 2044 Aen.
1205 2004 1267 2043 Ill.
1305 2009 1385 2045 314
1445 2005 1575 2045 Verba
1611 2007 1773 2044 tertiato
1810 2010 1852 2044 et

982 2066 1174 2113 quartam
1199 2063 1426 2113 qnempiam
1451 2062 1588 2101 dicere
1602 2074 1709 2112 prae
1727 2066 1844 2108 metu,

978 2117 1040 2156 ubi
1061 2118 1188 2167 potius
1208 2118 1371 2156 tertiata
1393 2121 1431 2155 et
1445 2122 1635 2169 quai-lala
1656 2116 1844 2169 legerim]

1036 2173 1122 2210 (ἶΑΡ.
1158 2171 1268 2211 ΧΙΧ.
1329 2173 1568 2226 lucifugam.
1630 2172 1776 2224 [VOSS.
1806 2175 1843 2212 ln

979 2228 1149 2280 Etymol.
1175 2242 1207 2266 s.
1227 2242 1261 2267 v.
1296 2243 1434 2281 vesper
1458 2229 1557 2267 haec
1581 2230 1632 2267 ita
1656 2227 1842 2280 explicat:

986 2285 1293 2336 Vesperlz'liones
1347 2298 1501 2336 quoque
1554 2284 1842 2324 Iurisconsultis

977 2342 1231 2386 nominantur,
1270 2343 1333 2391 qui
1375 2342 1553 2380 Senecae
1594 2346 1634 2379 et
1668 2341 1842 2393 Apuleio

977 2398 1209 2450 lucisnqae,
1241 2399 1263 2437 i.
1288 2411 1320 2436 e.
1348 2399 1410 2448 qui
1436 2401 1550 2436 noctu
1575 2398 1728 2436 demum
1753 2410 1841 2436 ves-

976 2454 1216 2505 pertilionum
1237 2467 1342 2492 inore
1362 2454 1551 2504 prodeunt
1576 2455 1610 2491 in
1631 2453 1839 2505 publicum,

977 2524 1024 2548 ne
1062 2509 1158 2547 forte
1189 2511 1223 2547 in
1261 2510 1438 2548 dominos
1471 2513 1634 2548 notosve
1672 2509 1840 2548 incidant

977 2566 1026 2604 cf.
1050 2565 1169 2617 Apol.
1193 2579 1229 2616 p.
1256 2570 1348 2606 428.
1381 2580 1469 2605 cnm
1499 2568 1585 2617 ipse
1614 2566 1839 2605 hnmilitate

975 2622 1139 2661 abditus
1169 2627 1207 2660 et
1231 2623 1435 2674 lztcifztytz.
1486 2623 1724 2674 Lucifuyae
1748 2625 1839 2659 sunt

976 2678 1146 2723 omnino,
1178 2677 1240 2728 qui
1273 2678 1396 2716 lucem
1428 2678 1502 2715 diei
1529 2679 1688 2722 evitant,
1714 2689 1763 2714 ne
1787 2678 1836 2715 ab

973 2734 1060 2772 aliis
1085 2738 1301 2773 noscantur.
1350 2734 1432 2772 Sed
1457 2734 1572 2785 plane
1597 2732 1673 2771 alia
1696 2732 1836 2783 signifi-

974 2791 1123 2828 catione
1153 2790 1294 2829 dictum
1324 2794 1386 2828 est
1415 2790 1519 2840 apud
1545 2790 1684 2827 Senec.
1710 2787 1838 2840 Epist.

978 2849 1066 2886 122.
1093 2846 1122 2896 ᾗ.
1151 2851 1214 2886 15.
1240 2846 1289 2884 «le
1314 2860 1379 2892 eo,
1406 2846 1468 2895 qui
1495 2850 1647 2884 noctem
1672 2846 1707 2883 in
1733 2845 1835 2884 diem

974 2903 1087 2940 vertit
1108 2902 1312 2952 solemque
1337 2902 1508 2953 perferre
1534 2916 1606 2940 non
1634 2901 1793 2954 potest]

1029 2960 1167 2997 merito
1194 2959 1410 2997 consentio.
1444 2956 1636 2996 Tui-bulas
1652 2958 1835 2997 excitavit

973 3012 1249 3065 Interpretibus
1264 3014 1409 3064 aliquot
1422 3014 1533 3052 codd.
1555 3012 1666 3052 lectio
1685 3017 1833 3053 marito

974 3069 1036 3108 vel
1054 3071 1251 3115 maritum,
1277 3083 1378 3120 quae
1401 3070 1592 3120 posterior
1615 3070 1832 3109 emendatio

971 3126 1120 3166 videtur
1149 3139 1243 3164 esse
1271 3126 1408 3177 prioris
1445 3127 1608 3174 marito,
1644 3125 1748 3179 quod
1783 3139 1833 3165 ex

1459 3181 1514 3224 23
