2155 3590
734 166 920 208 LIBER
951 167 1028 209 XI.
1070 167 1195 210 CAP.
1224 169 1272 209 V.

116 279 363 320 illustrantur
397 280 516 321 radiis
544 279 550 335 Ι
575 280 790 335 Aethiopes
827 280 978 335 Arique
1013 281 1218 336 priscaque
1254 281 1433 322 doctrina
1468 281 1659 336 pollentes
1694 280 1898 335 Aegyptii,
1925 288 1991 321 764

1792 167 1897 210 1001

86 335 338 400 *cerimoniis
372 349 434 377 me
469 338 633 391 propriis
670 337 936 392 percolentes,
976 338 1170 393 appellant
1207 351 1302 378 vero
1334 337 1489 378 nomine
1518 337 1713 392 Reginam
1739 335 1898 378 Isidem.

113 474 221 503 radiis
245 474 469 504 illustrantur
492 480 604 506 contra
628 485 736 506 omnes
761 479 850 506 codd.
881 481 913 506 et
942 478 1012 506 edd.
1038 480 1114 507 vett.
1140 477 1274 506 colvius
1304 477 1457 513 mutavit,
1489 474 1710 512 sequentihus
1723 480 1796 507 cett.
1820 479 1901 507 Edd.

113 519 241 558 Arz'que
252 522 287 550 F.
303 522 331 550 1.
346 523 377 550 3.
391 518 419 551 δ.
435 522 456 551 f.
470 523 517 550 ed.
531 531 577 557 pr.
591 523 718 552 Vicent.
731 523 844 552 Venet.
859 524 890 553 2.
918 520 1061 560 Arer'que
1075 524 1148 552 1122,
1176 520 1336 560 (Act-ique
1349 526 1429 551 teste
1441 524 1522 552 Elm.
1538 523 1610 552 sine
1623 523 1718 552 dubIo
1731 530 1902 558 operarum

112 566 253 602 errore.)
280 566 391 604 trique
406 575 434 602 p.
461 570 578 604 terque
591 569 626 596 Β.
652 563 733 606 (non
747 571 918 605 neterque,
935 571 966 596 ut
982 569 1014 596 in
1027 569 1107 597 Oud.
1121 568 1197 597 edit.
1210 575 1400 602 expressum
1412 571 1471 602 est,
1486 568 1582 602 quasi
1594 570 1677 597 Elm.
1692 577 1732 597 ex
1745 570 1781 597 B.
1794 568 1902 597 lectio.

111 614 172 640 Ille
184 619 259 640 vero
273 614 352 640 bene
364 614 459 641 habet
473 611 530 641 Ae.
568 615 685 650 terque
698 613 719 642 i.
732 622 760 642 e.
775 611 955 649 Aethiopes
970 609 1115 652 terque.)
1150 610 1332 649 Aethiopes
1350 620 1461 640 omnes
1479 615 1517 642 G.
1534 615 1560 641 1.
1576 615 1605 640 2.
1619 614 1654 642 Ο.
1674 615 1711 645 Ρ.
1729 615 1767 642 D.
1787 614 1823 642 L.
1837 615 1902 642 Ms.

111 656 247 685 Brantii.
271 658 307 685 In
322 660 395 686 cett.
411 654 587 694 Aethiopes
600 655 750 696 Arr‘v'que.
791 658 943 695 priscum
958 666 988 692 p.

1032 657 1211 695 pollentem
1228 666 1256 693 p.
1298 656 1479 694 pollentes,
1506 655 1902 694 Aegyptiiitainterpun-

110 705 187 735 gunt
201 703 283 730 lunt.
300 703 328 730 1.
354 702 430 731 ΑΜ.
478 702 574 739 egilii
589 704 717 732 Vicent.
763 703 1017 740 cern'mom't‘sque
1029 702 1181 739 propriis
1196 702 1407 739 percolentes
1428 703 1448 730 t’.
1491 710 1636 738 prorsus
1651 704 1800 739 propriis
1822 704 1857 731 G.
1871 704 1902 732 2.

110 747 248 775 P.D.1..
264 746 353 776 Colv.
367 750 497 782 etseqq.
511 746 595 777 Elm.
615 752 645 777 et
663 748 802 778 Scriver.
821 749 989 777 uncinulis
1008 749 1220 777 incluserunt.
1244 750 1271 777 E
1291 750 1399 776 collat.
1419 748 1560 777 Florem.
1582 749 1610 776 1.
1630 749 1712 776 nihil
1733 748 1903 777 varietatis

108 792 294 820 adnotatum
316 795 381 828 est,
406 794 490 821 unde
509 793 766 829 Lindenbrogius
787 802 843 828 per
861 794 1092 829 negligentiam
1106 800 1252 830 prorsus
1270 801 1334 821 non
1354 793 1555 828 expunxisse
1569 794 1732 826 putandus
1747 797 1806 822 est.
1853 800 1903 820 me

108 845 170 866 non
186 837 281 866 estin
295 838 331 866 G.
348 839 376 867 1.
418 837 641 875 percellentes
659 847 723 868 non
735 837 982 876 praecellentes
1002 841 1037 868 G.
1061 840 1088 868 1.
1131 836 1278 875 yssidem
1299 840 1334 867 G.
1358 839 1386 868 1.
1421 836 1541 866 esidem
1562 840 1598 867 G.

165 956 384 1010 Aethiopes
410 959 575 1012 Arique.
624 959 698 998 Hic
721 959 831 999 locus
857 973 973 1010 quum

109 1016 275 1053 omnium
300 1016 613 1066 corruptissimus
644 1017 679 1055 in
705 1016 808 1056 Mss.
832 1017 895 1062 sit,
921 1017 973 1054 di-

109 1071 334 1109 versissima
363 1073 512 1110 ratione
543 1073 750 1111 emendare
781 1087 869 1111 eum
894 1077 973 1111 stu-

107 1129 270 1166 duerunt
293 1127 534 1180 interpretes.
569 1128 753 1168 Barthius
779 1130 973 1168 existimat

110 1184 317 1236 legendum
353 1185 572 1237 Aethiopes
606 1187 769 1238 utrique
804 1190 845 1224 ut
874 1185 972 1225 Met.

109 1240 132 1279 l.
162 1255 198 1293 p.
225 1244 290 1282 38.
316 1241 536 1293 Aethiopes
560 1243 734 1294 utrique,
759 1256 860 1293 quae
885 1256 973 1281 con-

106 1298 250 1335 iectura
273 1297 322 1336 ad
347 1297 460 1335 codd.
479 1298 647 1347 vestigia
665 1311 779 1348 quam
799 1299 973 1349 proxime

104 1354 270 1398 accedit,
308 1353 346 1391 id
377 1357 439 1391 est
461 1354 685 1404 Aethiopes
709 1358 786 1392 tam
812 1356 846 1392 in
874 1355 974 1394 Asia

105 1423 219 1460 quam
239 1411 274 1448 in
290 1409 425 1447 Africa
449 1408 613 1461 [cf.1ntt.
628 1410 679 1449 ad
691 1409 804 1448 Hom.
820 1409 974 1461 odyss.

105 1465 130 1505 Ι.
146 1469 211 1506 23.
237 1464 350 1504 Certe
373 1464 454 1504 Afri
473 1465 693 1517 Aethiopes
714 1480 786 1505 non
807 1470 973 1518 possunt

103 1522 177 1561 dici
191 1520 370 1561 illustrari
383 1520 483 1560 solis
497 1523 693 1561 nascentis
708 1523 839 1569 radiis,
855 1522 972 1561 idem-

105 1592 180 1630 que
211 1577 260 1616 de
290 1578 502 1630 Aegyptiis
532 1579 649 1619 valet.
720 1579 843 1619 Voss.
875 1592 971 1618 mar—

105 1636 181 1687 gini
217 1635 279 1674 sui
315 1635 400 1674 libri
437 1634 644 1687 adscripsit
679 1636 880 1682 homines,
922 1649 972 1674 ex

104 1705 291 1744 perversa
327 1690 440 1730 codd.
477 1689 646 1731 lectione
683 1706 814 1732 onmes
855 1706 971 1744 quam

103 1752 266 1801 apparet
307 1747 401 1786 nihil
442 1748 516 1787 nisi
557 1747 872 1801 supplementum
907 1748 972 1786 vel

103 1807 232 1858 potius
258 1801 478 1855 figmentum
506 1818 599 1844 esse
624 1806 777 1844 librarii.
824 1805 970 1844 Millies

102 1867 232 1901 autem
257 1861 433 1900 homines
457 1866 495 1899 et
522 1876 653 1901 onmes
678 1863 712 1900 in
740 1861 850 1901 codd.
871 1875 971 1900 com-

102 1918 235 1958 mutari
262 1931 375 1955 nemo
402 1919 537 1963 nescit,
562 1922 603 1956 ut
623 1918 891 1957 emendandus
910 1921 972 1956 est

104 1976 214 2013 locus
240 1973 382 2012 Minue.
409 1973 494 2013 Fel.
528 1979 591 2015 20.
618 1975 710 2026 §Cle
745 1975 849 2028 quid
878 1975 972 2014 illas

103 2031 230 2071 aniles
250 2030 445 2081 fabulas?
477 2031 528 2070 de
558 2031 785 2071 hominibus
815 2045 904 2070 ates
934 2035 973 2070 et

100 2092 214 2140 feras
245 2101 400 2127 omnes
430 2100 497 2138 pro
531 2089 646 2138 feras
681 2088 860 2127 homines
890 2087 911 2125 i.
938 2100 970 2125 e.

103 2145 365 2194 cuiuscunque
390 2145 557 2194 generis.
590 2143 636 2182 cf.
663 2143 730 2182 Dr.
757 2143 807 2182 ad
832 2143 916 2182 Liv.
944 2142 970 2182 I.

103 2205 168 2241 «³2.
195 2199 228 2253 ξ.
258 2203 321 2240 13.
368 2198 451 2239 Intt.
483 2200 531 2238 ad
559 2199 634 2239 Cic.
663 2199 823 2238 Tusenl.
849 2198 876 2239 I.
907 2203 968 2240 13.

104 2255 149 2296 T.
163 2255 189 2295 Ι.
215 2271 251 2309 p.
271 2260 360 2298 103.
398 2255 545 2296 Moser.
571 2255 614 2296 ll.
644 2261 705 2297 14.
731 2271 770 2308 p.
787 2261 876 2297 111.
901 2255 968 2295 IV.

105 2317 143 2353 3.
169 2312 213 2352 T.
229 2312 273 2353 Π.
288 2327 325 2365 p.
340 2317 433 2354 205.
459 2312 524 2351 IV.
540 2317 604 2354 20.
621 2326 656 2363 p.
673 2317 764 2354 370.
778 2312 967 2364 Saepius]

105 2370 168 2408 De
188 2370 356 2408 dictione
371 2369 591 2421 Aethiopes
605 2370 783 2408 homines
802 2369 850 2408 cf.
866 2369 970 2408 Geli.

105 2425 287 2466 Vlll.11.
314 2427 491 2465 homines
517 2426 615 2478 Afri
639 2425 767 2466 V.10.
794 2425 971 2464 homines

104 2483 378 2536 Meyarenses.
428 2476 529 2520 Omt.
561 2482 610 2520 ad
643 2481 758 2521 Caes.
787 2480 836 2520 Β.
868 2481 918 2521 G.
942 2480 969 2520 l.

104 2537 228 2579 31.11.
244 2542 311 2580 30.
326 2538 391 2577 Vl.
411 2542 472 2579 16.
500 2538 662 2590 [Deder.
683 2538 732 2576 ad
748 2538 849 2578 Dict.
869 2537 970 2576 Cret.

104 2595 153 2634 V.
174 2599 210 2635 2.
241 2595 392 2636 Graeci
416 2595 602 2634 homines.
652 2595 788 2634 Gloss.
820 2608 856 2646 p.
889 2597 969 2635 356

103 2655 142 2689 et
156 2655 248 2694 361.
273 2651 448 2690 Lobeck.
474 2651 524 2689 ad
550 2650 671 2702 Soph.
690 2651 802 2690 Aiac.
829 2654 969 2702 p.363.

103 2707 164 2747 ed.
196 2721 283 2747 nov.
344 2708 411 2746 Sic
440 2707 679 2746 retinendum
711 2711 772 2745 est
802 2707 968 2747 homini-

106 2765 178 2805 bus
207 2764 309 2816 apud
338 2764 480 2803 Minue.
509 2768 570 2804 10.
605 2764 637 2814 §.
663 2768 699 2804 5.
726 2765 840 2804 cuius
862 2765 968 2803 adeo

103 2821 219 2861 nulla
242 2821 300 2860 vis
324 2835 398 2860 nec
418 2825 601 2873 potestas
631 2825 706 2865 est,
743 2824 787 2860 ut
809 2821 861 2859 sit
890 2821 970 2860 Ro-

105 2878 234 2916 manis
268 2877 541 2916 hominibus
572 2890 660 2915 cum
689 2890 762 2916 sua
792 2875 870 2915 sibi
898 2891 969 2915 na-

104 2934 214 2972 tione
238 2934 439 2984 captivus,
476 2933 539 2971 ubi
570 2946 773 2984 perperam
803 2933 970 2972 nomini-

104 2989 176 3029 bus
200 2993 240 3028 et
262 2990 488 3029 numinibus
511 2988 762 3041 praeferunt]
793 2987 970 3040 Longius

105 3046 222 3083 etiam
258 3046 336 3084 abit
371 3061 395 3085 a
431 3045 598 3096 vulgatis
629 3045 812 3083 Salmasii
845 3046 970 3083 conie-

104 3105 212 3140 ctura
253 3101 492 3154 marginalis:
542 3102 760 3153 Aethiopes
809 3115 972 3154 qnoque

102 3158 247 3210 prisca
282 3158 322 3197 d.
355 3158 519 3210 pollent
562 3158 772 3211 Aefsyptii.
831 3156 971 3209 Cuper.

1619 839 1650 867 2.
1670 839 1706 867 P.
1727 840 1765 868 D.

1031 959 1203 999 Menum.
1227 959 1363 1010 Antiq.
1389 973 1426 1011 p.
1451 963 1543 1000 543.
1580 959 1616 997 in
1647 957 1734 998 Pol.
1761 958 1902 1011 Suppl.

1033 1015 1156 1056 Thes.
1190 1017 1323 1067 Antiq.
1363 1016 1406 1054 Τ.
1443 1015 1490 1054 ll.
1526 1031 1562 1068 p.
1602 1020 1693 1056 543.
1737 1017 1902 1054 coniecit

1034 1073 1224 1126 Afrique.
1260 1073 1340 1111 Sed
1356 1073 1612 1111 coniecturam
1632 1074 1720 1124 ipse
1739 1072 1899 1111 damna-

1031 1131 1095 1177 vit,
1122 1130 1213 1180 quia
1232 1129 1286 1167 illi
1307 1143 1381 1168 non
1408 1129 1687 1167 illustrarentur
1713 1128 1812 1167 solis
1838 1142 1901 1167 na-

1030 1187 1177 1225 scentis
1191 1186 1320 1225 radiis.
1346 1186 1441 1231 Sed,
1456 1190 1499 1224 ut
1512 1189 1616 1224 reete
1630 1184 1900 1231 monuitoud„

1031 1242 1106 1282 hoc
1137 1242 1228 1281 dicit
1257 1242 1450 1294 Apuleius
1486 1242 1536 1280 de
1571 1242 1669 1280 solis
1698 1241 1901 1292 Aethiopi-

1030 1299 1123 1344 bus,
1161 1312 1234 1337 non
1267 1298 1316 1336 de
1345 1311 1458 1349 seqq.
1491 1311 1592 1349 quos
1622 1301 1809 1336 memorat
1835 1311 1900 1348 po-

1031 1356 1147 1405 pulis,
1175 1356 1209 1392 in
1237 1356 1377 1405 quibus
1403 1359 1507 1393 certe
1521 1355 1707 1407 Aegyptii
1728 1354 1804 1392 illis
1825 1368 1898 1392 non

1031 1410 1278 1449 illustrantur.
1329 1410 1417 1457 Qua
1448 1412 1482 1449 in
1508 1424 1549 1449 re
1575 1412 1787 1450 consentio.
1836 1410 1900 1449 De

1034 1467 1302 1519 Aethiopibus
1347 1480 1468 1518 supra
1513 1467 1588 1505 iam
1636 1467 1779 1505 dictum
1827 1471 1901 1506 est.

1031 1523 1153 1562 Arios
1201 1523 1417 1574 intelligas,
1468 1523 1628 1562 Africae
1671 1527 1827 1574 gentem
1877 1537 1901 1561 a

1029 1579 1141 1619 Livio
1180 1584 1430 1617 memoratam
1465 1578 1653 1619 XXXlll.
1693 1583 1754 1620 18.
1795 1580 1823 1630 ξ.
1863 1583 1900 1620 3.

1029 1637 1125 1675 inter
1160 1635 1400 1674 Rhodiorum
1432 1636 1658 1676 auxiliares:
1702 1638 1900 1682 Tisuetae,

1030 1693 1218 1733 Tamiani
1259 1698 1296 1731 et
1339 1693 1438 1732 Arei
1479 1707 1531 1732 m:
1574 1693 1749 1745 Africa,
1796 1692 1900 1731 unde

1030 1751 1145 1788 etiam
1182 1761 1305 1800 prope
1335 1749 1589 1800 Aethiopiam
1627 1754 1689 1788 est
1723 1749 1899 1800 Aegypti

1029 1803 1145 1856 Κόμη
1166 1802 1295 1857 ’Ἀρεια
1326 1809 1428 1843 teste
1460 1804 1641 1858 Xenoph.
1674 1805 1824 1857 Ephcs.
1851 1805 1900 1844 V.

1030 1876 1066 1913 p.
1094 1866 1158 1902 66.
1185 1866 1248 1902 67.
1275 1860 1440 1913 Propter
1464 1875 1549 1912 seq.
1607 1862 1809 1915 Aeyyptii
1832 1861 1900 1899 nii-

1029 1932 1102 1956 nus
1133 1919 1233 1955 bene
1265 1919 1527 1969 interpreteris
1561 1918 1610 1956 de
1640 1919 1745 1957 Ariis
1777 1918 1900 1956 Asiae

1028 1974 1194 2027 populo,
1232 1974 1281 2012 de
1311 1988 1387 2026 quo
1417 1975 1507 2012 vide
1543 1974 1626 2013 lntt.
1664 1976 1712 2014 ad
1750 1974 1897 2013 Lucan.

1030 2030 1093 2069 ΠΙ.
1123 2035 1216 2071 281.
1242 2029 1410 2069 Pausan.
1437 2030 1480 2069 ll.
1508 2035 1542 2072 3.
1561 2035 1596 2071 8.
1635 2029 1817 2070 ΡΙὶη.ΥΙ.
1834 2035 1898 2071 25.

1031 2100 1264 2139 quamquam
1302 2088 1353 2125 ob
1385 2087 1484 2126 deae
1510 2088 1651 2126 cultum
1688 2089 1737 2126 ad
1781 2087 1898 2126 Arios

1029 2144 1241 2182 Armenios
1283 2141 1415 2182 referri
1457 2145 1602 2196 possitg
1658 2144 1704 2184 cf.
1737 2144 1896 2183 Lucian.

1029 2200 1080 2238 de
1105 2200 1193 2238 Dea
1217 2200 1304 2251 Syr.
1333 2214 1364 2238 c.
1392 2202 1480 2254 32]

1081 2257 1224 2308 prisca
1249 2257 1441 2296 doctrina
1463 2258 1677 2310 pollentes.
1726 2256 1796 2309 [cs.
1820 2256 1898 2295 He-

1027 2313 1150 2351 rodot.
1176 2312 1223 2352 Π.
1250 2317 1340 2353 121.
1366 2314 1398 2364 §.
1426 2318 1480 2355 6.:
1508 2313 1750 2365 Ῥαμψύιτοπ
1775 2314 1815 2353 δὲ
1842 2329 1899 2351 ηε-

1027 2385 1150 2420 7αι.ως
1170 2367 1452 2420 θωῑμάσαικαὶ
1469 2373 1507 2409 oi
1521 2368 1587 2421 τὴν
1601 2375 1675 2422 1¹le
1678 2370 1793 2422 ατέρα
1810 2369 1898 2409 ταύ-

1027 2441 1092 2477 τιμ
1111 2428 1326 2472 συιοικίσαι,
1346 2442 1397 2471 ως
1415 2429 1576 2466 πλεῖστα
1592 2431 1770 2478 ἑπισταμ
1758 2426 1824 2476 ’νῳ
1838 2425 1898 2464 ἀι·-

1027 2479 1212 2534 θρώπωικ
1241 2481 1476 2534 Αἰγυπτίων,
1494 2484 1560 2533 μὲν
1584 2499 1653 2535 γαο
1673 2488 1748 2522 τῶν
1773 2480 1898 2522 ἄὶλων

1027 2540 1462 2591 προκεκρίσθαι,ἐκεῖνον
1476 2541 1515 2579 δὲ
1523 2540 1791 2591 Αι’;ὐπῑίων.ο.
1805 2544 1897 2581 160-

1028 2592 1091 2634 aa?
1105 2594 1296 2642 δοκέοντες
1309 2593 1415 2648 παρὰ
1427 2599 1549 2635 ταῦτα
1567 2594 1646 2636 οὐδ’
1665 2593 1710 2635 ἂν
1728 2594 1815 2642 τοὺς
1834 2611 1896 2635 σο-

1026 2648 1222 2703 φωτάτους
1251 2649 1469 2704 ἀνθρώπων
1492 2653 1725 2704 Αἰγυπτίους
1755 2651 1896 2699 ἐπεξευ-

1027 2716 1113 2760 ρεῖν.
1146 2707 1231 2747 lntt.
1257 2708 1307 2747 ad
1334 2709 1417 2748 Act.
1442 2709 1584 2761 Apost.
1610 2724 1641 2748 c.
1658 2707 1740 2747 Vll.
1757 2713 1822 2750 22.
1847 2708 1898 2746 ad

1026 2764 1122 2803 Met.
1137 2763 1164 2803 Ι.
1190 2778 1226 2815 p.
1244 2768 1309 2805 23.
1331 2779 1539 2819 papyrum
1560 2765 1810 2819 Aeyyptiam
1834 2778 1896 2803 ctr-

1026 2826 1135 2874 9uta
1160 2820 1334 2861 Nilotici
1359 2822 1507 2861 calami
1531 2820 1806 2874 inscrIptam.]

1078 2878 1279 2929 propriis.
1349 2876 1390 2916 ln
1431 2877 1624 2915 nonnullis
1661 2877 1772 2915 codd.
1808 2880 1898 2915 ante

1023 2934 1213 2985 *propriis
1238 2933 1374 2985 legitur
1388 2948 1574 2986 prorsus,
1598 2947 1667 2985 pro
1688 2947 1762 2984 quo
1777 2932 1897 2972 Bran-

1028 2990 1104 3028 tius
1125 2990 1324 3040 propitiis
1348 2990 1546 3036 emendat,
1573 2991 1762 3041 propriis
1791 2989 1895 3040 glos-

1028 3058 1140 3083 sema
1163 3058 1256 3082 esse
1275 3046 1440 3093 ducens3
1465 3045 1569 3085 Oud.
1585 3047 1726 3097 privis,
1750 3049 1791 3084 ut
1811 3047 1895 3084 eius

1029 3101 1167 3152 glossa
1191 3100 1304 3140 suerit
1322 3103 1533 3154 propriis,·
1556 3102 1629 3140 sed
1655 3101 1703 3140 cf.
1729 3102 1779 3141 ad
1796 3102 1896 3142 Met.

1028 3156 1131 3196 vul.
1151 3171 1190 3210 p.
1205 3162 1297 3199 583.
1326 3159 1439 3211 quod
1462 3159 1654 3198 semiviris
1677 3159 1763 3198 istis
1782 3173 1894 3212 pro-
