2221 3667
315 169 397 212 510
565 169 612 209 L.
643 169 864 210 APULEII
894 168 1296 210 MADAURENSIS
1326 168 1875 210 METAMORPHOSEON

312 281 387 320 iam
426 282 562 321 domus
589 296 723 323 eorum
750 291 967 324 extremam
994 281 1154 321 loricam
1181 294 1502 334 perveneramus.
1541 281 1594 321 Et
1619 297 1710 323 ecce
1735 284 1781 324 de
1807 284 1971 337 quodam
1998 296 2108 323 ramo

310 351 498 391 procerae
524 353 732 393 cupressus
757 340 889 379 induta
915 340 1092 391 laqueum
1119 350 1217 377 anus
1243 337 1309 377 illa
1334 338 1539 391 pendebat.
1569 337 1696 392 Quam
1721 339 1871 392 quidem
1894 341 2106 379 detractam

311 394 488 447 protinus
515 409 600 435 cum
626 410 698 436 suo
723 396 796 435 sihi
824 395 996 435 funiculo
1022 393 1241 433 devinctam
1268 394 1409 434 dedere
1435 394 1709 448 praecipitem:
1742 395 1944 449 puellaque
1976 395 2108 436 statim

310 450 480 491 distenta
499 451 687 503 vinculis,
717 466 890 498 coenam,
917 464 1029 503 quam
1046 457 1224 504 postuma
1239 450 1441 503 diligentia
1461 458 1768 505 praeparaverat
1781 452 1923 491 infelix
1937 452 2106 502 anicula,

312 506 448 546 ferinis
473 507 664 548 invadunt
689 508 840 548 animis.

836 655 1271 703 CAPUT
1362 658 1592 705 XXXI.

418 781 477 819 Ac
515 780 602 818 dum
639 777 752 818 avida
792 778 1009 818 voracitate
1047 785 1188 818 cuncta
1227 786 1510 829 contruncant‚
1548 779 1625 818 iam
1664 778 1855 833 incipiunt
1885 779 1932 819 de
1970 786 2107 819 nostra

305 849 428 890 poena
454 849 601 888 suaque
627 834 798 875 vindicta
826 848 957 874 secum
985 835 1251 875 considerare.
1292 834 1491 889 Etutpotc
1506 835 1545 875 in
1562 842 1676 875 coetu
1692 835 1940 887 turbulento,
1969 835 2106 876 variae

303 972 397 991 ramo
424 966 534 991 exulat
561 970 581 991 a
599 960 628 991 ct.
673 970 779 999 prope
798 972 854 998 pro
872 971 1038 1000 procerae
1058 965 1093 992 G.
1120 965 1145 992 1.
1166 965 1200 992 Ο.
1222 971 1241 992 a
1261 972 1300 991 m.
1317 972 1345 998 p.
1395 963 1564 1000 &pressus
1583 966 1621 992 D.
1659 971 1840 1001 cypressus
1855 966 1890 993 G.
1906 966 1935 993 2.
1984 963 2105 1001 laqueo

302 1011 336 1037 G.
356 1011 381 1037 1.
402 1010 435 1038 Ο.
485 1007 621 1045 quidam
644 1005 673 1037 δ.
699 1017 754 1043 pro
775 1007 916 1045 quidem.
956 1008 1119 1048 funiculo
1146 1011 1182 1037 G.
1208 1011 1237 1038 ἱ).
1263 1010 1301 1037 D.
1350 1007 1539 1037 det-ianam
1565 1012 1600 1038 G.
1627 1012 1657 1039 2.
1684 1009 1722 1039 D.
1766 1008 1923 1037 devincta
1949 1010 1970 1038 f.
2013 1008 2106 1036 devi-

300 1057 390 1081 ctam
404 1056 439 1082 G.
458 1056 484 1082 1.
534 1052 652 1081 flectere
661 1055 855 1090 praecepit,
881 1063 920 1081 en
931 1053 1047 1090 puella
1062 1063 1147 1091 qnae
1161 1056 1196 1083 F.
1211 1057 1240 1083 3.
1277 1054 1437 1090 etpucella
1453 1053 1580 1092 quidem
1596 1055 1715 1082 statim
1729 1057 1764 1083 G.
1784 1057 1810 1084 1.
1825 1057 1855 1084 2.
1870 1057 1907 1084 D.
1923 1057 1957 1084 0.
1974 1055 1994 1083 f.
2016 1059 2045 1084 et
2059 1052 2105 1091 δῖ,

298 1100 351 1133 qui
366 1100 583 1127 tantummodo
597 1099 791 1133 particulam
805 1100 1027 1134 copulativam
1042 1108 1105 1127 non
1119 1103 1224 1129 habet.
1250 1102 1282 1126 el
1293 1098 1409 1136 puella
1420 1103 1535 1137 ges-la!
1550 1099 1670 1127 statim
1685 1102 1719 1130 Ρ,
1739 1099 1923 1137 puellaque
1936 1099 2054 1127 statim
2068 1101 2104 1128 B.

297 1145 366 1172 edd.
383 1148 458 1173 vett.
473 1146 568 1173 Vulc.
585 1146 710 1173 2.E1m.
727 1148 754 1173 et
770 1145 843 1173 sine
858 1145 956 1173 dubio
970 1145 1068 1173 etiam
1084 1145 1181 1173 ceteri
1196 1146 1286 1174 codd.
1334 1143 1511 1172 destinam
1525 1153 1580 1179 pro
1594 1143 1746 1173 distenta
1765 1154 1782 1174 e
1796 1146 1900 1174 cols-ii
1920 1145 2106 1174 coniectura

296 1193 486 1223 receperunt
503 1191 598 1218 Vulc.
617 1191 676 1219 Ed.
697 1192 725 1218 ἱ).
746 1190 828 1218 Elm.
849 1191 952 1219 Seriv.
971 1191 1093 1218 Florid.
1114 1199 1174 1219 nec
1195 1191 1227 1219 in
1248 1190 1466 1223 Lindenbrog.
1487 1191 1659 1219 collatione
1678 1191 1854 1225 quidquam
1874 1194 2032 1219 mutatum
2046 1193 2105 1218 est.

295 1233 457 1262 districta
471 1238 532 1264 Ms.
549 1235 661 1264 lncert.
676 1234 839 1262 distincta
856 1235 876 1264 f.
916 1243 1021 1262 eoem!
1036 1244 1136 1272 quam
1150 1237 1234 1264 Elm.
1249 1236 1378 1265 vitiose.
1405 1243 1527 1263 coenas
1541 1244 1642 1272 quam
1656 1238 1750 1265 Vulc.
1766 1238 1798 1265 2.
1812 1236 1890 1265 vitio
1911 1237 2105 1271 typograpn.

288 1283 450 1316 postuma
463 1282 498 1309 F.
516 1282 544 1310 1.
561 1282 590 1308 3.
605 1283 640 1309 G.
658 1283 686 1309 ¹1.
701 1284 731 1309 2.
746 1282 782 1309 Ρ.
796 1282 833 1309 D.
849 1283 883 1309 0.
901 1280 921 1309 f.
937 1289 966 1316 p.
983 1279 1011 1308 ὃ.
1038 1283 1072 1309 In
1088 1282 1123 1309 B.
1138 1285 1167 1309 et
1181 1282 1250 1309 edd.
1266 1285 1342 1309 vett.
1353 1284 1539 1316 postrema.

386 1326 575 1354 veracitate
590 1326 610 1354 f.
638 1326 833 1365 ferocitate
856 1327 937 1354 Edd.
958 1334 1070 1354 omnes
1090 1330 1166 1354 ante
1185 1327 1324 1355 Vulcan.
1345 1328 1374 1355 ⁸2.
1393 1328 1452 1355 Eu.
1473 1330 1601 1360 praeter
1614 1328 1696 1355 lunt.
1712 1328 1760 1362 2.‚
1781 1328 1864 1360 quod
1880 1327 1912 1354 in
1938 1325 2103 1360 plerisque

293 1372 385 1399 codd.
405 1371 470 1406 legi
489 1373 619 1400 adnotat
640 1373 719 1399 Oud.
744 1372 813 1406 Ego
835 1378 911 1399 vero
933 1372 966 1399 in
985 1372 1022 1399 F.
1042 1373 1068 1399 1.
1083 1372 1112 1398 3.
1130 1374 1165 1399 G.
1185 1373 1210 1399 l.
1226 1373 1256 1399 2.
1272 1373 1309 1399 D.
1325 1375 1354 1400 et
1369 1373 1405 1400 R.
1428 1371 1540 1400 inveni
1564 1371 1769 1408 voracitate,
1796 1373 1880 1405 quod
1893 1371 2023 1400 modius
2039 1371 2103 1399 iam

293 1417 476 1445 emendavit
489 1417 521 1445 in
536 1424 637 1452 marg.
651 1418 701 1445 ed.
717 1417 832 1445 Colvii.

350 1527 532 1566 loricam.
584 1526 832 1579 [accuratius
866 1526 915 1564 de
945 1526 1021 1564 hoc
1052 1540 1168 1565 voca-

293 1583 403 1629 bulo,
431 1582 534 1634 quod
560 1583 622 1621 hic
647 1583 902 1622 ambitionem
924 1597 956 1621 s.
972 1585 1170 1636 περίβολον

292 1639 500 1689 siwnificat,
526 1642 604 1690 agit
628 1640 737 1690 Lips.
763 1640 798 1677 in
824 1638 1032 1678 polim-,cet
1058 1640 1104 1678 L.
1122 1639 1169 1679 ll.

291 1696 379 1735 dial.
437 1671 939 1746 .']’¹.itt.1).514.e‹l.x
945 1696 1041 1748 ess]

348 1754 400 1791 de
408 1701 604 1805 2quodam
635 1751 1007 1803 rc17110.[Lucia.n
1040 1766 1070 1791 e.
1098 1756 1164 1792 24.

290 1810 368 1870 εζιεὶ
387 1810 426 1847 δὲ
447 1806 524 1847 πα)
528 1825 560 1847 ιν
579 1823 729 1860 meave&
716 1806 862 1859 ’φαμεν
879 1805 946 1859 τὴν
964 1809 1031 1859 μὲν
1050 1813 1167 1862 γραῦν

290 1861 444 1917 εὗΓρομει
468 1869 508 1904 ἐκ
533 1865 596 1916 τῆς
621 1881 664 1904 πε
652 1864 760 1917 {wag
784 1868 1015 1918 κρεμαμένην
1039 1881 1076 1904 εν
1100 1882 1166 1904 κα-

290 1924 453 1983 λῳὸίῳ..
479 1938 542 1961 .οι
539 1923 595 1961 ’δὲ
610 1919 653 1972 w]
659 1937 676 1960 ν
690 1926 805 1974 γραῦν
822 1927 900 1960 aaz·
902 1938 1089 1972 ιιασαντες
1101 1926 1167 1973 τῆς

290 1975 504 2041 &cyreneae-1¹·
510 1995 585 2030 νης,
611 1976 677 2029 ‘Vl'
691 1979 758 2029 μὲν
771 1976 872 2017 ἀπο]
879 1975 1032 2025 ιΤσαντες
1044 1995 1080 2025 «ις
1099 1995 1165 2018 τον

289 2034 450 2086 κρνμιὸν
463 2051 566 2073 nuzo)
581 2033 750 2086 ἀφῆκαν,
776 2033 826 2082 ὡς
841 2029 882 2086 ἦν
895 2039 932 2074 ἐν
956 2039 1008 2084 τῷ
1022 2038 1162 2086 ὃὲσμῷ,

288 2091 354 2142 τὴν
391 2092 430 2130 δὲ
456 2095 652 2144 παρθένον
689 2090 793 2130 ἕνὸον
834 2091 1056 2143 κατέδησαν,
1083 2090 1163 2131 εἶτα

289 2150 476 2187 «(’ὁείπνουν
501 2150 564 2186 καὶ
589 2145 705 2194 πότος
730 2164 748 2199 η
756 2163 772 2186 ν
797 2145 966 2201 μακρ()ς.]

342 2205 568 2258 puellaque
592 2207 724 2244 statim
751 2205 937 2244 distenta.
999 2204 1160 2243 (fiotvius

291 2275 339 2300 ex
365 2262 585 2300 coniectura
598 2262 800 2300 destinam
816 2261 1031 2307 desiderat,
1058 2261 1162 2313 quod

289 2319 402 2357 Yulc.
441 2317 513 2357 Ed.
541 2322 577 2358 2.
616 2318 764 2368 recepit
800 2322 838 2355 et
875 2318 976 2357 Oud.
1005 2332 1163 2369 quoque

290 2374 482 2426 praetulit.
528 2374 670 2425 Neque
688 2388 779 2412 vero
801 2376 1066 2414 necessarium
1088 2378 1161 2419 est,

291 2436 329 2469 ut
343 2432 444 2470 Oud.
460 2432 547 2482 ipse
567 2432 641 2469 iam
660 2433 818 2469 monuit.
850 2431 1040 2470 Dlstenta
1059 2431 1161 2470 enim

292 2489 459 2528 vinculis
494 2492 557 2525 est
592 2492 748 2526 relenta
784 2491 823 2525 et
858 2489 1076 2539 impedila,
1114 2502 1162 2526 ne

290 2545 417 2583 denuo
443 2544 574 2595 sugam
600 2548 841 2595 capesseret.
866 2544 904 2582 A
930 2548 1043 2582 coetu
1070 2559 1161 2582 vero

288 2605 470 2653 separata
495 2605 534 2639 et
557 2614 736 2639 seorsum
760 2601 929 2639 abducta
953 2615 1039 2639 cum
1059 2601 1162 2639 Oud.

289 2673 362 2696 non
396 2658 693 2709 explicaverim,
731 2670 967 2707 quamquam
1000 2671 1050 2695 ex
1076 2658 1161 2697 loco

289 2716 384 2754 Met.
399 2714 483 2752 Vll.
502 2729 540 2766 p.
555 2719 651 2755 462.
675 2714 882 2752 abductam
908 2727 994 2752 eam
1020 2727 1114 2753 esse
1139 2729 1162 2753 a

292 2771 504 2810 latronibus
529 2771 668 2809 elucet.

342 2832 544 2880 postuma.
622 2827 860 2879 [Eleganter
902 2827 978 2865 hoc
1020 2827 1163 2866 dictum

293 2898 387 2922 esse
420 2884 590 2935 explieat
614 2884 721 2922 Oud.
745 2885 794 2922 de
819 2884 1034 2935 diligentia,
1062 2898 1163 2935 quae

292 2943 327 2978 in
355 2954 478 2979 coena
506 2940 732 2991 adparando.
762 2944 854 2991 post
884 2944 1045 2979 mortem
1078 2942 1162 2979 eius

293 3010 367 3035 usu
391 2998 512 3043 venit,
537 2997 600 3034 vel
615 3009 717 3048 quae
729 3002 937 3049 postrema
953 3001 1043 3035 erat.
1082 2998 1165 3036 Po-

294 3057 441 3091 stumus
471 3054 571 3091 enim
602 3054 757 3104 propria
786 3067 860 3091 sua
885 3055 918 3091 vi
944 3053 1047 3091 idem
1072 3067 1167 3092 esse

297 3109 399 3159 quod
409 3115 637 3159 postremus
661 3109 709 3148 cf.
725 3109 828 3148 Gell.
844 3108 889 3149 ll.
908 3113 969 3150 16.
996 3111 1165 3151 Postu-

296 3179 365 3204 ma
379 3167 521 3219 proles
534 3180 614 3205 nou
630 3180 716 3206 enm
731 3168 950 3220 ςίῃηῑβραί,
962 3168 1033 3220 qui
1042 3172 1165 3220 patre

880 1415 1078 1444 consultare
1091 1425 1149 1451 pro
1163 1415 1381 1444 considerare
1395 1413 1424 1446 δ.

1229 1532 1406 1571 mortno,
1439 1527 1510 1566 sed
1542 1529 1613 1579 qni
1634 1532 1840 1579 postremo
1867 1527 1960 1567 loco
1986 1531 2104 1565 natus

1228 1588 1294 1621 est.
1321 1583 1553 1621 Accuratius
1575 1584 1624 1621 de
1645 1584 1718 1622 hoc
1731 1584 1924 1622 vocabulo
1945 1583 2104 1633 exponit

1229 1639 1414 1677 Doederl.
1437 1640 1651 1690 Synouym.
1668 1639 1735 1678 lv.
1760 1654 1799 1692 p.
1815 1643 1926 1685 380„
1953 1641 2016 1690 qui
2037 1652 2102 1676 no-

1227 1700 1346 1733 strum
1362 1709 1518 1747 quoque
1533 1695 1659 1734 locum
1675 1697 1864 1736 tractavit.
1896 1695 2031 1734 Eckst.
2052 1694 2102 1733 ad

1224 1751 1629 1803 Voss.A1·ist.'l'.11.p.
1642 1757 1733 1793 685.
1748 1752 1812 1790 De
1828 1751 2103 1803 orthographia

1226 1808 1415 1854 vocabuli,
1426 1809 1530 1860 quod
1541 1813 1646 1847 vetat
1664 1809 1788 1848 littera
1802 1809 1828 1848 Ιι
1841 1809 1971 1847 addita
1985 1808 2101 1847 scribi

1226 1864 1348 1910 Oud.,
1374 1865 1423 1904 cs.
1451 1864 1602 1904 Cantor.
1629 1865 1730 1904 Nov.
1756 1865 1867 1903 Lect.
1895 1864 1940 1904 ll.
1973 1880 2004 1904 c.
2035 1868 2099 1904 10.

1224 1921 1327 1960 Duk.
1355 1922 1405 1960 ad
1430 1921 1534 1960 Flor.
1555 1921 1582 1960 l.
1609 1927 1670 1962 11.
1697 1921 1765 1961 Dr.
1786 1922 1836 1960 ad
1857 1921 1941 1960 LiV.
1963 1921 2009 1960 Π.
2034 1924 2097 1961 16.

1224 1977 1254 2027 §.
1284 1983 1317 2017 1.
1354 1977 1439 2017 Intt.
1476 1978 1526 2016 ad
1562 1977 1674 2017 Paul.
1712 1977 1896 2030 Excerpt.
1932 1991 1969 2030 p.
2004 1981 2097 2018 600.

1222 2033 1427 2086 Lindem.]

1281 2092 1368 2130 CAP.
1383 2089 1535 2129 XXXI.
1561 2091 1685 2130 (tt-ida
1707 2092 1939 2130 voracitate.
1969 2089 2098 2142 [Haec

1222 2146 1337 2185 lectio
1370 2161 1445 2185 non
1477 2147 1605 2186 solum
1640 2161 1690 2185 ex
1714 2147 1817 2186 Mss.
1852 2148 2096 2192 auctoritate,

1221 2204 1294 2242 sed
1331 2204 1406 2243 loci
1443 2205 1558 2242 etiam
1588 2205 1781 2242 sententia
1813 2203 2096 2255 comprobatur,

1222 2274 1338 2311 quum
1364 2261 1414 2299 de
1440 2261 1633 2299 edacitate
1659 2260 1848 2299 latronum
1868 2273 1998 2299 sermo
2019 2260 2096 2304 fiat,

1222 2317 1284 2368 qni
1302 2332 1374 2355 non
1390 2317 1543 2356 solliciti
1559 2317 1608 2355 de
1624 2331 1720 2356 anus
1730 2316 1946 2369 suspendio
1956 2317 2095 2362 omnia,

1221 2387 1322 2424 quae
1337 2374 1412 2412 ista
1426 2377 1641 2425 paraverat,
1661 2374 1821 2412 aviditer
1835 2376 2098 2412 contruncant.

1221 2429 1431 2469 Praeterea
1475 2431 1631 2468 obstant
1676 2430 1794 2468 verba
1835 2430 1951 2468 modo
1989 2442 2097 2480 prae-

1221 2500 1375 2537 gressa,
1401 2487 1541 2539 quibus
1555 2487 1653 2526 haec
1668 2486 1859 2525 latronum
1873 2486 2006 2524 feritas
2020 2485 2096 2524 iam

1222 2543 1419 2595 descripta
1432 2548 1510 2582 est:
1533 2544 1714 2596 ferinis
1728 2543 1928 2582 invadant
1939 2543 2093 2581 animis.

1221 2599 1284 2638 De
1300 2599 1490 2639 vocabulo
1506 2601 1726 2644 eoracilns,
1753 2600 1858 2650 quod
1872 2602 2095 2650 argenteae,

1223 2670 1339 2708 quam
1359 2657 1505 2703 dicunt,
1531 2657 1670 2694 aetatis
1691 2656 1889 2707 proprium
1911 2659 1973 2693 est
1991 2655 2094 2693 eius-

1222 2727 1298 2763 que
1312 2727 1385 2752 usu
1410 2713 1458 2752 cf.
1485 2712 1606 2752 Orell.
1632 2726 1669 2763 p.
1692 2717 1756 2752 75.
1784 2713 1818 2749 in
1845 2711 2031 2763 Append.
2044 2710 2095 2750 ad

1224 2769 1471 2808 Arnob.Yll.
1498 2783 1536 2820 p.
1563 2768 1674 2820 427]

1277 2841 1411 2866 secum
1441 2826 1704 2865 considerare
1744 2825 1765 2863 i.
1797 2838 1830 2862 e.
1869 2824 1966 2862 inter
2000 2836 2096 2862 sese

1221 2882 1454 2929 deliberare,
1480 2882 1581 2920 alius
1595 2881 1712 2920 alium
1726 2880 1965 2927 consultare,
1991 2884 2033 2918 ut
2046 2893 2097 2918 ex

1221 2941 1561 2991 interpretamento
1586 2938 1705 2976 habet
1729 2937 1853 2976 codex
1876 2940 1908 2976 ὃ.
1935 2937 2096 2976 Dubitat

1225 2995 1346 3043 Oud.,
1372 3010 1419 3035 an
1441 2996 1530 3034 alibi
1546 2995 1597 3033 ita
1611 2993 1776 3039 dicatur,
1804 2994 1985 3044 quoniam
2000 3007 2095 3032 con-

1223 3054 1410 3092 siderare
1433 3065 1565 3091 secum.
1580 3054 1619 3089 et
1632 3064 1721 3090 cum
1734 3051 1869 3089 animo
1883 3049 1988 3089 aliud
2002 3049 2095 3100 quid

1223 3110 1432 3160 significet,
1457 3110 1542 3147 sive
1560 3120 1694 3146 secum
1708 3108 1825 3145 tacite
1840 3105 2093 3158 perpendere.

1224 3165 1346 3218 [Quid
1373 3179 1463 3205 vero
1490 3163 1591 3203 Oud.
1623 3163 1827 3203 lectionem
1862 3162 2095 3203 consultare
