2221 3667
226 406 291 443 295

318 179 403 222 278
575 180 622 221 1..
652 179 871 220 APULEll
902 175 1302 219 MADAURENSIS
1334 174 1879 216 METAMORPHOSEON

318 292 440 332 taedis
466 292 593 333 lucida
619 293 891 347 constrepebat
918 293 1190 347 hymenaeum.
1240 288 1354 328 Tunc
1380 302 1440 328 me
1467 288 1616 342 gremio
1641 303 1712 329 suo
1740 296 1865 329 mater
1888 288 2027 330 infelix
2052 296 2110 329 to·

317 349 449 390 lerans
481 350 624 389 mundo
656 350 817 403 nuptiali
849 350 1032 388 decenter
1069 344 1258 395 ornabat,
1298 345 1531 398 mellitisque
1562 346 1683 385 saviis
1721 345 1913 385 crebriter
1947 346 2111 400 ingestis

317 406 393 447 iam
409 406 694 462 spessbetara
716 406 922 446 liberorum
939 403 1041 444 votis
1057 401 1187 442 anxiis
1202 401 1462 456 propagabat:
1490 416 1573 442 cum
1595 401 1601 457 Ι
1623 402 1850 456 irruptionis
1865 402 2015 442 subitae
2031 402 2112 456 gla-

318 546 564 584 constrepebat.
602 544 832 583 llymenopam
848 547 883 572 G.
902 545 927 571 1.
948 546 981 570 ut
1000 542 1150 570 videatur
1166 550 1240 570 esse
1258 549 1372 570 nomen
1393 542 1574 579 proprium,
1603 543 1643 571 ad
1658 543 1816 578 virginem
1829 546 1958 577 captam
1974 542 2115 571 referen-

318 594 403 621 dum.

317 637 437 667 lineari
457 639 628 665 maritata
654 635 732 671 (nec
753 630 985 668 maritatam.)

453 590 650 629 Hymenaeo
665 594 698 619 υ.
725 589 940 626 hymenaeum
956 589 992 616 G.
1006 589 1032 616 1.
1057 586 1130 624 (nec
1145 585 1330 624 hymenaeo
1345 591 1376 616 ut
1392 588 1422 615 in
1437 589 1517 616 oud.
1531 588 1692 622 excerptis
1706 588 1790 623 erat)
1807 596 1878 616 cum
1891 590 2003 622 glossa
2016 588 2116 616 inter-

1032 635 1143 659 maere
1161 631 1287 671 infelix
1302 634 1416 662 Venet.
1432 635 1462 662 ⁴2.

1509 636 1624 660 manto
1638 641 1693 668 pro
1706 631 1824 660 mundo
1845 635 1879 662 Ο.
1895 640 1915 662 a
1929 640 1968 661 ln.
1984 641 2012 667 ι).
2033 635 2116 667 quod

320 682 432 711 forsan
449 691 503 717 pro
524 682 690 717 munuca,
713 679 809 716 pulla
826 682 966 707 sumtum
987 680 1026 706 ab
1041 680 1099 706 hoc
1112 678 1247 706 librario
1261 679 1341 707 Oud.
1356 682 1462 713 putat,
1486 679 1541 706 sed
1557 679 1664 707 minus
1678 682 1801 712 argute.
1849 677 1943 705 modo
1958 675 1986 706 δ.
2001 686 2029 713 p.
2044 680 2082 706 D.
2096 686 2117 708 a

319 736 360 757 m.
375 736 400 756 S.
414 729 527 756 Vener.
542 730 571 755 4.
587 731 613 754 et
630 728 703 754 Bas.
724 727 748 752 1.

318 775 358 802 11.
380 782 408 807 p.
425 774 498 801 113.
524 774 656 800 Ceterae
674 771 743 798 edd.
764 774 792 797 et
813 770 904 797 codd.
925 767 1040 796 saviis.

320 820 438 846 Omnes
450 819 540 845 codd.
555 820 582 844 et
597 817 666 844 edd.
715 822 789 851 sepe
799 814 933 854 satura
954 816 991 844 D.

318 871 376 898 pro
390 861 591 899 inruptionis
605 863 641 889 G.
656 862 684 890 ἱ),
700 861 734 889 Ρ.
749 862 787 890 D.

323 977 458 1023 quarta
483 972 741 1010 declinatione
773 985 897 1023 saepe
928 973 1069 1012 laurus
1101 970 1191 1009 effe-

320 1033 432 1068 ratur.
484 1027 581 1066 Tum
615 1028 807 1080 Apuleius
840 1030 874 1067 in
913 1028 987 1067 hac
1016 1030 1193 1067 termina-

319 1087 423 1123 tione
448 1084 590 1135 aliquid
612 1086 839 1123 immutasse
858 1086 1055 1136 putandus
1070 1089 1192 1130 esset,

321 1142 410 1192 quia
447 1155 519 1179 nec
555 1141 708 1180 dativus
746 1156 817 1180 nec
853 1141 1046 1181 ablativus·
1076 1142 1192 1181 liuius

319 1198 427 1236 vocis
453 1198 713 1237 declinatione
733 1203 867 1250 quarta
897 1203 1046 1250 potest,
1079 1213 1195 1250 quan-

320 1258 398 1292 tum
414 1255 518 1300 scio,
541 1254 764 1294 confirmari.
802 1254 903 1293 Fere
923 1269 1079 1306 semper
1094 1256 1193 1294 enim

322 1312 461 1350 lauras
490 1311 553 1348 vel
586 1312 707 1351 lauru
739 1313 926 1351 invenies.
975 1312 1024 1351 cf.
1050 1312 1196 1363 VVagn.

319 1368 371 1406 ad
394 1367 502 1419 Virg.
529 1366 613 1406 Ecl.
628 1367 695 1406 Vl.
722 1372 786 1409 83.
814 1368 915 1407 Coi-t.
936 1369 985 1407 ad
1005 1368 1150 1407 Lucan.
1168 1369 1193 1407 l.

321 1428 375 1465 48
398 1428 492 1465 287.
520 1425 653 1463 Arntz.
681 1425 729 1463 ad
749 1424 851 1464 Plin.
867 1424 1065 1476 Panegyr.
1080 1440 1110 1464 c.
1131 1431 1194 1466 14.

321 1495 361 1532 p.
393 1485 457 1521 75.
490 1480 664 1519 Diserti<
702 1483 803 1520 enini
837 1483 967 1520 verbis
1002 1483 1113 1520 Serv.
1147 1483 1196 1521 ad

321 1538 432 1589 Virg.
465 1538 565 1576 Aen.
598 1537 647 1576 X.
681 1542 774 1579 (389.
805 1539 1051 1577 adversatur:
1094 1539 1195 1577 Nam

321 1609 445 1634 vntum
475 1608 617 1633 nomen
649 1600 707 1634 est
736 1596 788 1633 de
818 1596 895 1640 liis,
931 1609 1034 1648 qnae
1060 1596 1194 1646 dupli-

322 1665 405 1690 cem
437 1652 555 1689 liobe!
587 1651 917 1697 decimationem.
957 1657 1084 1690 tauma
1122 1653 1194 1690 nli-

325 1708 468 1760 qaz'lms
493 1721 630 1747 eoram
656 1709 816 1747 casibus
838 1713 1016 1760 propter
1047 1709 1193 1758 asperi-

323 1769 443 1802 tatem
473 1778 554 1802 mm
585 1766 754 1809 militar,
786 1769 829 1803 al
861 1765 995 1803 lauri
1025 1768 1063 1801 et
1096 1765 1195 1804 laa-

321 1820 457 1859 rt'bas
493 1835 582 1859 cum
620 1825 656 1859 el
693 1821 839 1860 lenius
871 1821 1041 1859 laurus
1073 1826 1109 1859 et
1139 1822 1194 1859 ab

321 1877 413 1915 lzac
452 1877 597 1917 lauro
635 1877 819 1916 dae'camas
856 1877 943 1925 (ubi
989 1876 1195 1927 legendum

322 1937 384 1971 est
409 1934 460 1972 ab
486 1933 565 1972 leae
590 1934 711 1972 lauru
738 1947 822 1972 cnm
850 1933 949 1973 aliis.
976 1933 1022 1972 cl'.
1046 1933 1193 1972 (haris.

321 1989 348 2028 I.
382 2004 418 2041 p.
450 1994 539 2029 110.
572 1988 758 2039 putsch.)
810 1989 947 2029 Eekst.
985 1990 1033 2028 ad
1072 1990 1193 2030 Voss.

322 2046 445 2091 Arist,
473 2045 517 2085 T.
546 2046 589 2085 ll.
617 2060 652 2097 p.
681 2047 798 2099 660]

379 2104 663 2155 constrepebat
689 2103 959 2153 hymenaeum.
1002 2103 1074 2155 [cl'.
1101 2118 1201 2154 quae

322 2159 449 2198 fusius
481 2160 641 2212 exponit
678 2159 827 2198 Ferrar.
861 2160 911 2197 de
943 2165 1034 2198 vett.
1061 2161 1200 2199 Accla-

320 2221 412 2254 mat.
440 2221 478 2254 et
491 2215 640 2254 Plausu
658 2215 741 2254 VH.
764 2222 863 2256 c.14
879 2230 967 2267 sqq.
996 2218 1031 2255 in
1059 2218 1199 2256 Graev.

323 2272 447 2312 Thes.
471 2273 633 2324 Antiqq.
661 2272 788 2311 TXJ.
817 2287 853 2324 p.
883 2277 962 2314 180
987 2274 1100 2326 sqq]

378 2330 533 2370 mundo
564 2330 747 2381 nuptiali
784 2330 973 2369 decenter
1013 2331 1198 2369 ornabat.

324 2386 431 2438 [Non
458 2387 551 2424 tanti
577 2391 639 2424 est
658 2384 785 2425 Oxou.
808 2387 892 2425 cod.
914 2387 1028 2425 lectio
1048 2393 1198 2433 vicinio,

323 2457 424 2493 quae
450 2443 665 2482 accuratius
691 2442 887 2481 refutetur.
938 2444 979 2481 Si
1006 2444 1097 2494 qnid
1125 2448 1199 2490 est,

321 2504 470 2539 tantum
495 2500 545 2538 (le
569 2513 754 2552 supparo
774 2504 908 2550 potest
927 2500 1101 2551 intelligi.
1130 2500 1198 2538 Ce-

321 2561 444 2595 terum
471 2557 521 2595 (le
546 2556 689 2595 mundo
717 2556 876 2608 nuptiali
905 2556 954 2595 cl'.
980 2556 1127 2596 Lucan.
1156 2556 1200 2596 ll.

324 2617 404 2654 358
430 2627 518 2665 sqq.
545 2614 674 2664 ibique
700 2611 802 2665 lntt.]

379 2684 470 2722 spes
492 2674 662 2722 foetura
689 2669 908 2708 liberorum
936 2671 1039 2707 votis
1065 2672 1204 2709 anxiis

319 2727 605 2779 propayabal.
622 2726 741 2763 Varie
759 2726 860 2764 hunc
876 2726 1001 2764 locum
1020 2727 1085 2764 viri
1100 2727 1201 2765 docti

323 2787 533 2822 tentarunt:
558 2782 745 2821 Pricaeus
773 2784 935 2821 coniecit
959 2796 1068 2835 spem
1089 2786 1200 2836 fata-

323 2853 431 2885 ram3
457 2840 579 2886 Oud.,
606 2841 669 2890 qui
695 2853 834 2877 nomen
866 2840 1152 2878 substantivum
1178 2854 1201 2878 e

320 2897 593 2948 propaffltbat
625 2900 757 2948 aptum
794 2896 1032 2947 requirebat,
1067 2900 1200 2949 socta-

326 2966 411 2991 ram
427 2953 645 2992 liberorum
670 2954 691 2990 i.
707 2966 740 2992 e.
759 2953 937 2993 subolem
950 2948 1059 3004 γόνην
1073 2966 1199 2991 emen-

326 3007 449 3056 davit3
476 3009 563 3048 coll.
590 3010 698 3048 Suet.
719 3009 822 3061 Aug.
849 3012 960 3050 c.23.
982 3023 1200 3062 propaya-

327 3066 384 3103 rit
408 3066 631 3117 imperium.
669 3065 781 3106 Hanc
794 3070 923 3105 tamen
940 3066 1201 3104 coniecturam

325 3124 467 3173 postea
509 3122 596 3173 ipse
638 3123 777 3169 reiicit,
822 3123 925 3174 qnod
971 3122 1046 3160 duo
1095 3122 1201 3161 abla-

326 3178 391 3216 tivi
413 3178 593 3229 asyndeti
621 3193 712 3230 spe,
739 3181 971 3219 votisunum
988 3178 1200 3217 fercidem-

797 723 901 752 saln'is
915 725 950 753 F.
965 725 995 751 3.
1010 724 1047 751 G.
1061 725 1091 752 2.
1107 724 1141 752 P.
1156 724 1190 752 Ο.
1205 720 1233 751 δ.
1250 725 1288 752 D.
1314 723 1443 751 suaviis
1455 725 1569 752 Venet.
1584 725 1711 752 2.1unt.
1727 726 1756 752 1.
1771 725 1844 753 Aio.
1859 725 1897 753 de
1910 731 1996 753 more
2019 723 2062 752 οἱ.
2076 725 2118 752 ad

1089 767 1254 796 crebriter
1272 769 1308 797 F.
1328 771 1353 797 l.
1368 770 1398 797 3.
1414 771 1449 797 G.
1466 770 1494 797 1.
1515 770 1550 797 B.
1565 771 1603 798 D.
1617 771 1651 798 Ο.
1677 769 1718 797 ct'.
1737 771 1776 797 ait
1796 771 1820 797 1.
1842 777 1870 804 p.

1039 813 1113 841 ‘voti
1124 812 1241 842 anxiis
1254 815 1369 843 Venet.
1385 816 1413 842 4.

1918 776 1974 805 spe
1985 769 2118 808 futura

1458 814 1663 851 propagabit
1679 817 1714 843 G.
1731 816 1758 844 1.
1773 822 1792 843 a
1806 823 1844 843 ιιι.
1860 823 1889 849 p.
1935 812 2118 852 inruptidu'e

1252 984 1328 1022 que
1363 971 1624 1022 significantes
1663 970 1728 1008 tali
1766 970 1980 1021 significatu
2016 970 2120 1009 haud

1251 1029 1565 1079 comprobentur,
1615 1027 1717 1066 unde
1766 1042 1837 1065 non
1880 1027 2006 1065 minus
2043 1027 2119 1066 dis-

1251 1085 1396 1135 pliceat
1425 1086 1493 1123 viri
1533 1085 1634 1123 docti
1673 1085 1896 1123 coniectura
1925 1083 1975 1122 ad
1998 1097 2118 1134 marg.

1252 1141 1324 1180 Ed.
1350 1141 1445 1180 lunt.
1473 1145 1508 1182 2.
1538 1143 1621 1181 iam
1651 1155 1690 1179 se
1713 1155 1784 1192 spe
1805 1144 1962 1193 flatura.
2022 1139 2122 1178 Hinc

1255 1203 1472 1237 commotus
1487 1197 1588 1237 Oud.
1612 1197 1794 1236 emendat
1814 1199 1891 1236 iam
1910 1211 1950 1236 se
1968 1211 2039 1249 spe
2055 1200 2120 1250 fa-

1255 1261 1348 1295 Iam
1374 1256 1487 1294 [Iber.
1513 1255 1563 1293 de
1594 1255 1735 1305 duplici
1767 1254 1884 1292 ablat.
1916 1253 2120 1292 conferens

1253 1311 1399 1351 Lucan.
1427 1311 1468 1349 ll.
1496 1315 1589 1352 213.
1615 1311 1744 1349 Burni.
1772 1311 1818 1349 ad
1847 1309 1955 1362 Calp.
1983 1309 2066 1349 Ecl.
2092 1309 2120 1349 l.

1254 1372 1319 1408 56.
1351 1369 1480 1406 (liciat.
1512 1368 1561 1406 ad
1594 1368 1701 1406 Suet.
1729 1366 1814 1406 Tib.
1841 1381 1873 1406 e.
1900 1371 1977 1413 62„
2008 1371 2049 1405 ut
2073 1367 2122 1405 de

1253 1427 1339 1463 avia
1363 1425 1505 1463 dictum
1530 1426 1591 1471 sit,
1619 1438 1718 1477 quae
1744 1425 1778 1461 in
1806 1424 2011 1475 nepotibus
2036 1424 2124 1474 ipsa

1254 1495 1386 1520 rursus
1407 1483 1508 1519 vivat
1527 1486 1565 1519 et
1583 1485 1842 1532 perpetuetur.
1893 1480 1975 1518 Sed
1995 1480 2032 1518 id
2047 1493 2123 1518 me-

1257 1538 1331 1576 lius
1359 1538 1407 1575 de
1439 1538 1526 1575 liliis
1558 1539 1648 1588 poni
1676 1541 1844 1581 constat,
1871 1537 1934 1588 qni
1959 1537 2124 1588 parenti·

1254 1595 1327 1632 bus
1359 1596 1469 1645 quasi
1501 1596 1646 1645 stirpes
1678 1599 1764 1632 sunt
1800 1593 1981 1632 familiae.
2041 1593 2123 1643 Ego

1254 1651 1383 1702 potius
1417 1652 1645 1689 coniecerim
1672 1652 1751 1689 iam
1775 1663 1866 1701 spes
1886 1653 2053 1702 foetura
2080 1650 2125 1689 li-

1255 1708 1440 1746 berorum
1467 1709 1569 1746 volis
1594 1709 1731 1746 (mariis
1755 1707 2029 1759 propa-(labat
2052 1707 2075 1744 i.
2091 1719 2123 1744 e.

1255 1777 1365 1802 meas
1398 1777 1513 1816 spes.
1552 1778 1650 1816 quas
1683 1764 1733 1802 de
1766 1763 1978 1814 nuptiarum
2010 1763 2127 1801 felici-

1254 1825 1334 1858 tate
1367 1834 1640 1872 conceperam,
1668 1835 1713 1858 eo
1741 1820 1962 1870 adaugebat
1991 1824 2126 1865 mater,

1255 1878 1356 1928 quod
1389 1891 1452 1915 me
1483 1882 1640 1915 matrem
1676 1878 1756 1915 fore
1788 1877 1911 1915 anxiis
1938 1878 2037 1915 votis
2062 1890 2127 1915 vo-

1254 1934 1373 1973 lebat.
1435 1934 1517 1972 Sed
1547 1948 1633 1985 cum
1664 1934 1766 1972 Oud.
1805 1934 1841 1971 in
1878 1947 1950 1985 spe
1980 1937 2127 1986 satura

1255 1991 1485 2037 liberorum,
1507 2004 1609 2042 quae
1629 1992 1748 2029 verba
1769 1989 1872 2028 nihili
1895 2004 1988 2028 esse
2006 1993 2127 2041 putat,

1261 2048 1440 2099 equidem
1479 2062 1550 2086 non
1583 2047 1738 2086 offendo
1770 2047 1871 2097 apud
1903 2046 2128 2098 Apuleium,

1261 2118 1376 2155 quum
1411 2118 1501 2156 spes
1531 2106 1691 2156 saepius
1724 2104 1773 2142 de
1806 2103 1937 2141 liberis
1969 2103 2127 2142 dicatur.

1261 2162 1378 2199 (ι’-νου.
1406 2160 1732 2201 01›serv.lll..‘23.
1758 2164 1902 2212 p.319.
1930 2160 2053 2199 Reitz.
2079 2160 2130 2198 ad

1260 2217 1420 2256 Lucian.
1442 2217 1583 2268 Tyran.
1605 2217 1693 2256 Vol.
1710 2217 1777 2256 lv,
1805 2230 1840 2268 p.
1862 2221 1956 2258 601.
1974 2216 2128 2268 Bipont.

1258 2288 1348 2325 spes
1369 2277 1516 2326 futura
1545 2273 1762 2313 liberorum
1783 2279 1845 2312 est
1863 2287 1952 2326 spes
1966 2276 2129 2326 futuro-

1257 2345 1345 2369 rum
1371 2331 1608 2375 liberorum,
1634 2336 1675 2369 ut
1700 2344 1772 2369 non
1800 2344 1882 2368 raro
1908 2331 1960 2369 ita
1984 2329 2130 2381 Apule-

1259 2388 1319 2424 ius
1352 2387 1529 2438 loquitur.
1590 2387 1670 2425 Sed
1704 2389 1755 2425 ita
1785 2400 2033 2439 propagare
2057 2400 2130 2424 non

1258 2444 1390 2487 habet.
1411 2445 1473 2494 qui
1495 2443 1676 2495 explicari
1698 2444 1835 2496 possit.
1885 2444 2010 2482 Aliter
2029 2441 2130 2482 Oud.

1258 2500 1441 2538 emendat
1459 2514 1499 2538 sc
1515 2514 1593 2552 per
1609 2503 1830 2552 foetaram.
1881 2499 2054 2538 Maxime
2067 2513 2131 2538 au-

1260 2561 1338 2595 tem
1371 2558 1523 2608 proprie
1554 2556 1614 2594 liic
1646 2559 1752 2595 νοτίς
1779 2570 1876 2595 usus
1902 2560 1963 2594 est
1988 2560 2131 2601 auctor,

1262 2613 1442 2663 (moniam
1473 2613 1523 2650 ab
1554 2612 1629 2650 hoc
1660 2617 1859 2664 parentum
1892 2612 2034 2651 affectu
2058 2613 2132 2663 ipsi

1262 2670 1371 2709 liberi
1399 2675 1493 2708 cota
1520 2674 1716 2714 vocantur,
1742 2670 1777 2707 id
1805 2670 1907 2720 quod
1929 2668 2032 2707 Oud.
2057 2669 2132 2706 iam

1261 2727 1461 2765 adnotavit
1497 2726 1585 2765 coll.
1624 2726 1742 2764 Gron.
1776 2724 1873 2764 Obs.
1908 2724 1969 2763 ΙΙΙ.
2003 2738 2035 2764 c.
2070 2729 2132 2766 13.

1260 2783 1345 2822 Intt.
1379 2783 1426 2821 ad
1460 2781 1613 2821 l'etron.
1650 2787 1739 2823 140.
1775 2782 1834 2820 cui
1866 2781 2014 2821 addere
2044 2781 2135 2821 licet

1259 2839 1415 2878 Ruhnk.
1438 2838 1539 2878 Dict.
1554 2838 1712 2877 Heroid.
1739 2852 1774 2890 p.
1793 2843 1883 2880 119.
1945 2838 2011 2877 Sic
2035 2843 2134 2878 vota

1260 2898 1294 2934 in
1326 2897 1546 2935 universum
1577 2896 1627 2934 de
1659 2896 1774 2934 rebus
1806 2895 1868 2932 vel
1900 2895 2132 2940 hominibus,

1260 2954 1323 3004 qui
1350 2954 1450 2991 votis
1475 2956 1715 3005 expetuntur.
1743 2951 1927 2990 es.Bach.
1953 2951 2002 2990 ad
2017 2950 2133 2992 Ovid.

1261 3008 1438 3048 Metu
1455 3012 1549 3049 513.
1574 3012 1615 3047 ut
1639 3008 1690 3046 de
1717 3010 1872 3059 nuptiis
1891 3007 2050 3048 cfiMet.
2065 3007 2131 3047 IV.

1259 3079 1299 3116 p.
1313 3069 1409 3107 293.
1436 3067 1562 3105 votis
1585 3065 1840 3116 nuptialibus
1855 3069 1986 3116 pacto
2000 3065 2135 3117 iuyalt’

1261 3123 1485 3162 destinatus
1508 3120 1651 3160 Florid.
1679 3135 1716 3172 p.
1735 3124 1798 3161 18.
1824 3126 1964 3174 togam
1982 3121 2135 3173 parari

1259 3184 1374 3218 voto
1399 3184 1437 3217 et
1457 3177 1627 3231 funeri]

2191 0 2221 122 m

2209 314 2220 358 ,Α
2192 122 2216 241 -.Ca-...-
