2155 3590
668 145 856 186 LIBER
886 146 936 186 V.
990 145 1115 186 CAP.
1142 142 1308 184 XXXI.

101 258 282 322 Cupidini
305 257 481 311 quamvis
501 256 510 313 1
529 256 681 298 absenti
704 256 1016 298 blandiebantur.
1044 255 1122 298 Sed
1140 255 1278 298 Venus
1301 253 1505 308 indignata
1528 253 1690 294 ridicule
1714 252 1876 293 tractari
1898 258 1959 292 381

1791 140 1871 184 395

100 328 192 356 suas
215 314 400 366 1n1urias,
427 313 650 368 praeversis
674 313 773 365 illis,
800 313 878 354 alte
907 327 1046 354 rursus
1074 311 1227 353 eoncito
1252 310 1375 364 gradu
1400 309 1537 364 pelago
1561 309 1665 350 viam
1691 309 1874 364 capessit.

94 441 287 480 praecessis
301 443 337 470 G.
351 443 380 470 2.
394 442 433 469 D.
463 440 649 477 praeve.r2's
663 441 697 468 0.
729 439 900 476 perversis
912 440 1026 469 Venet.
1041 442 1070 469 4.
1083 440 1190 469 Paris.
1204 437 1305 467 Basil.
1353 436 1526 465 allrorsus
1545 445 1600 472 pro
1613 435 1682 464 alte
1695 443 1815 464 rursus
1827 436 1879 465 vir

100 489 213 516 doctus
227 487 365 515 coniecit
377 487 419 515 ad
430 493 531 521 marg.
543 486 592 514 ed.
607 486 698 515 Colv.
746 485 930 521 cmnpescz’c
940 487 1052 515 Vener.
1068 487 1098 515 4.
1123 483 1298 521 compescit
1314 479 1343 512 ὅ.

99 597 184 635 sive
208 595 399 641 officioso,
422 594 742 646 utinterpretatur
766 593 958 640 Floridus,

98 665 173 691 seu
195 652 417 696 ambitioso,
443 664 517 702 quo
542 651 701 702 gratiam
726 653 764 689 et
787 650 959 690 favorem

101 706 317 760 Cupidinis,
343 708 519 758 quamvis
537 707 731 753 absentis,
754 707 889 745 mereri
906 706 959 745 ni-

100 765 288 803 tebantur.
313 763 386 802 Est
399 764 512 809 enim,
526 767 567 802 ut
579 764 633 802 ait
645 762 747 802 Gell.
762 762 832 802 IX.
846 777 877 802 c.
896 767 957 803 12.

100 821 356 873 qratioszcs
386 824 425 859 et
454 821 525 872 qui
554 820 722 859 adhibet
741 820 904 872 qratias
927 824 966 858 et

103 877 176 929 qui
199 876 387 916 admittit.
415 876 480 914 Sic
506 875 583 915 Cic.
602 875 727 926 Epist.
747 875 797 915 ad
810 875 966 915 Divers.

101 931 147 971 ll.
174 936 209 973 6.
234 933 476 985 suffragatio
498 933 740 985 gratiosa.

153 990 384 1041 praeversis
406 989 500 1027 illis.
548 987 689 1038 Neque
712 987 814 1026 hunc
837 985 965 1025 locum

103 1047 287 1095 ceperunt
299 1044 527 1096 interpretes
536 1073 547 1089 ,
572 1057 733 1094 quorum
744 1042 965 1082 Beroaldus

103 1101 263 1152 exponit
295 1101 545 1152 posthabitis
579 1104 618 1139 et
655 1100 775 1152 quasi
799 1100 964 1145 relictis,

101 1156 183 1202 vel,
207 1159 249 1194 ut
272 1169 358 1195 cum
380 1155 504 1195 Basil.
530 1155 650 1194 edidit
667 1156 869 1208 perversis
892 1168 966 1195 seu

102 1212 339 1253 abeuntibus
363 1212 448 1252 αἰίο
470 1212 624 1251 itinere.
672 1211 791 1251 Immo
817 1210 965 1250 Stewe-

1016 593 1127 633 chius
1152 593 1314 632 coniecit
1332 605 1380 631 ea
1391 591 1584 630 sententia
1602 589 1685 628 fere
1703 589 1881 628 reversis.

1015 649 1078 689 Ex
1101 649 1267 688 lectione
1298 647 1425 687 Oxon.
1450 647 1669 700 praevexis
1693 646 1882 685 coniicere

1017 707 1103 757 quis
1127 707 1256 758 possit
1276 705 1503 758 praevectis
1521 703 1543 742 i.
1561 716 1594 741 e.
1608 702 1882 754 praeterveetis

1016 762 1092 801 illis
1118 766 1157 801 et
1181 763 1233 800 ita
1256 764 1349 812 post
1371 764 1520 810 tergum
1543 758 1706 804 relictis,
1732 757 1781 796 de
1807 770 1883 807 quo

1022 818 1071 857 cf.
1096 817 1198 857 Oud.
1224 818 1275 857 ad
1299 817 1409 856 Suet.
1435 815 1549 855 Caes.
1574 819 1639 856 37.
1673 813 1754 852 Sed
1780 813 1884 851 idem

1022 875 1209 924 signifieat
1220 873 1445 927 praeversis
1469 868 1776 921 cf.Virg.Aen.I.
1791 872 1884 909 317.

1022 930 1108 969 ΧΗ.
1136 931 1227 971 345.
1260 928 1465 981 [cfiLivin.
1491 928 1541 967 ad
1565 926 1663 966 Plin.
1688 925 1885 976 Panegyr.

1022 986 1163 1025 LXIII.
1189 986 1220 1036 ξ.
1239 991 1273 1026 1.
1299 985 1348 1024 cf.
1373 985 1518 1023 Deder.
1543 983 1684 1022 Introd.
1709 981 1760 1021 ad
1783 981 1885 1020 Dict.

1023 1043 1200 1081 Cretens.
1224 1055 1261 1093 p.
1285 1039 1367 1079 LII.
1403 1041 1467 1092 qui
1491 1043 1619 1079 tamen
1655 1039 1889 1077 sententiam

1022 1098 1137 1137 huius
1162 1098 1236 1136 loci
1261 1111 1335 1135 non
1360 1096 1548 1134 intellexit
1573 1100 1612 1134 et
1635 1097 1838 1146 praeterea
1850 1094 1888 1131 in

1023 1167 1070 1192 eo
1102 1154 1259 1198 erravit,
1295 1152 1400 1203 quod
1425 1165 1667 1204 praet-ersus
1696 1150 1889 1201 sequioriS

1023 1222 1118 1249 esse
1142 1210 1340 1249 latinitatis
1364 1207 1653 1260 pronuntiavit]
