<?xml version="1.0" encoding="UTF-8"?>
<!DOCTYPE html PUBLIC "-//W3C//DTD XHTML 1.0 Transitional//EN"
    "http://www.w3.org/TR/xhtml1/DTD/xhtml1-transitional.dtd">
<html xmlns="http://www.w3.org/1999/xhtml" xml:lang="en" lang="en">
 <head>
  <title>
</title>
<meta http-equiv="Content-Type" content="text/html;charset=utf-8" />
  <meta name='ocr-system' content='tesseract 3.04.00' />
  <meta name='ocr-capabilities' content='ocr_page ocr_carea ocr_par ocr_line ocrx_word'/>
</head>
<body>
  <div class='ocr_page' id='page_1' title='image "./operaomnia01apuluoft/operaomnia01apuluoft_0678.png"; bbox 0 0 2221 3667; ppageno 0'>
   <div class='ocr_carea' id='block_1_1' title="bbox 273 156 1842 203">
    <p class='ocr_par' dir='ltr' id='par_1_1' title="bbox 273 156 1842 203">
     <span class='ocr_line' id='line_1_1' title="bbox 273 156 1842 203; baseline -0.002 -1"><span class='ocrx_word' id='word_1_1' title='bbox 273 160 357 203; x_wconf 80' lang='lat'>492</span> <span class='ocrx_word' id='word_1_2' title='bbox 540 160 584 198; x_wconf 70' lang='lat'>1..</span> <span class='ocrx_word' id='word_1_3' title='bbox 616 158 835 199; x_wconf 85' lang='lat' dir='ltr'>APULEH</span> <span class='ocrx_word' id='word_1_4' title='bbox 867 157 1268 199; x_wconf 70' lang='lat' dir='ltr'>MADAURENSIS</span> <span class='ocrx_word' id='word_1_5' title='bbox 1299 156 1842 199; x_wconf 81' lang='lat' dir='ltr'><strong>METAMORPHOSEON</strong></span> 
     </span>
    </p>
   </div>
   <div class='ocr_carea' id='block_1_2' title="bbox 181 270 2068 553">
    <p class='ocr_par' dir='ltr' id='par_1_2' title="bbox 181 270 2068 553">
     <span class='ocr_line' id='line_1_2' title="bbox 272 270 2067 325; baseline 0.001 -14"><span class='ocrx_word' id='word_1_6' title='bbox 272 272 504 325; x_wconf 81' lang='lat' dir='ltr'>labore-sque</span> <span class='ocrx_word' id='word_1_7' title='bbox 519 272 587 312; x_wconf 78' lang='lat' dir='ltr'>ubi</span> <span class='ocrx_word' id='word_1_8' title='bbox 602 279 752 313; x_wconf 86' lang='lat' dir='ltr'>tantum</span> <span class='ocrx_word' id='word_1_9' title='bbox 768 273 887 322; x_wconf 81' lang='lat' dir='ltr'>asini,</span> <span class='ocrx_word' id='word_1_10' title='bbox 916 285 1051 312; x_wconf 86' lang='lat' dir='ltr'>verum</span> <span class='ocrx_word' id='word_1_11' title='bbox 1068 270 1214 309; x_wconf 80' lang='lat' dir='ltr'>corium</span> <span class='ocrx_word' id='word_1_12' title='bbox 1230 284 1305 309; x_wconf 88' lang='lat' dir='ltr'>non</span> <span class='ocrx_word' id='word_1_13' title='bbox 1322 270 1422 309; x_wconf 85' lang='lat' dir='ltr'>asini</span> <span class='ocrx_word' id='word_1_14' title='bbox 1439 284 1614 310; x_wconf 86' lang='lat' dir='ltr'>crassum</span> <span class='ocrx_word' id='word_1_15' title='bbox 1629 272 1696 311; x_wconf 88' lang='lat' dir='ltr'>sed</span> <span class='ocrx_word' id='word_1_16' title='bbox 1717 272 1935 313; x_wconf 79' lang='lat' dir='ltr'>hirundinis</span> <span class='ocrx_word' id='word_1_17' title='bbox 1952 279 2067 313; x_wconf 84' lang='lat' dir='ltr'>tenue</span> 
     </span>
     <span class='ocr_line' id='line_1_3' title="bbox 272 326 2067 382; baseline 0.001 -14"><span class='ocrx_word' id='word_1_18' title='bbox 272 329 580 369; x_wconf 83' lang='lat' dir='ltr'>membranulum</span> <span class='ocrx_word' id='word_1_19' title='bbox 597 329 864 369; x_wconf 80' lang='lat' dir='ltr'>circumdedit.</span> <span class='ocrx_word' id='word_1_20' title='bbox 894 327 999 380; x_wconf 82' lang='lat' dir='ltr'>Quin</span> <span class='ocrx_word' id='word_1_21' title='bbox 1016 326 1137 379; x_wconf 77' lang='lat' dir='ltr'>igitur</span> <span class='ocrx_word' id='word_1_22' title='bbox 1151 327 1365 365; x_wconf 86' lang='lat' dir='ltr'>masculum</span> <span class='ocrx_word' id='word_1_23' title='bbox 1380 327 1535 365; x_wconf 83' lang='lat' dir='ltr'>tandem</span> <span class='ocrx_word' id='word_1_24' title='bbox 1551 328 1672 366; x_wconf 89' lang='lat' dir='ltr'>sumis</span> <span class='ocrx_word' id='word_1_25' title='bbox 1692 328 1879 379; x_wconf 79' lang='lat' dir='ltr'>animum,</span> <span class='ocrx_word' id='word_1_26' title='bbox 1900 336 2067 382; x_wconf 79' lang='lat' dir='ltr'>tuaeque</span> 
     </span>
     <span class='ocr_line' id='line_1_4' title="bbox 272 382 2067 436; baseline -0.001 -11"><span class='ocrx_word' id='word_1_27' title='bbox 272 385 388 425; x_wconf 85' lang='lat' dir='ltr'>saluti</span> <span class='ocrx_word' id='word_1_28' title='bbox 405 386 598 426; x_wconf 85' lang='lat' dir='ltr'>dumlicet</span> <span class='ocrx_word' id='word_1_29' title='bbox 611 386 807 426; x_wconf 83' lang='lat' dir='ltr'>consulis?</span> <span class='ocrx_word' id='word_1_30' title='bbox 834 384 966 423; x_wconf 87' lang='lat' dir='ltr'>Habes</span> <span class='ocrx_word' id='word_1_31' title='bbox 981 395 1170 422; x_wconf 83' lang='lat' dir='ltr'>summam</span> <span class='ocrx_word' id='word_1_32' title='bbox 1186 382 1514 436; x_wconf 81' lang='lat' dir='ltr'>opportunitatem</span> <span class='ocrx_word' id='word_1_33' title='bbox 1544 384 1680 436; x_wconf 82' lang='lat' dir='ltr'>fugae,</span> <span class='ocrx_word' id='word_1_34' title='bbox 1709 384 1797 423; x_wconf 89' lang='lat' dir='ltr'>dum</span> <span class='ocrx_word' id='word_1_35' title='bbox 1813 384 1986 425; x_wconf 83' lang='lat' dir='ltr'>latrones</span> <span class='ocrx_word' id='word_1_36' title='bbox 2001 385 2067 424; x_wconf 90' lang='lat' dir='ltr'>ab-</span> 
     </span>
     <span class='ocr_line' id='line_1_5' title="bbox 271 438 2068 493; baseline -0.001 -11"><span class='ocrx_word' id='word_1_37' title='bbox 271 449 376 482; x_wconf 86' lang='lat' dir='ltr'>sunt.</span> <span class='ocrx_word' id='word_1_38' title='bbox 407 442 470 482; x_wconf 77' lang='lat' dir='ltr'>An</span> <span class='ocrx_word' id='word_1_39' title='bbox 487 442 701 482; x_wconf 75' lang='lat' dir='ltr'>custodiam</span> <span class='ocrx_word' id='word_1_40' title='bbox 719 456 816 482; x_wconf 81' lang='lat' dir='ltr'>anus</span> <span class='ocrx_word' id='word_1_41' title='bbox 831 439 1109 479; x_wconf 81' lang='lat' dir='ltr'>semimortuae</span> <span class='ocrx_word' id='word_1_42' title='bbox 1127 438 1369 489; x_wconf 77' lang='lat' dir='ltr'>formidabis,</span> <span class='ocrx_word' id='word_1_43' title='bbox 1390 453 1504 492; x_wconf 83' lang='lat' dir='ltr'>quam</span> <span class='ocrx_word' id='word_1_44' title='bbox 1519 439 1611 479; x_wconf 78' lang='lat' dir='ltr'>lieet</span> <span class='ocrx_word' id='word_1_45' title='bbox 1624 440 1751 479; x_wconf 80' lang='lat' dir='ltr'>claudi</span> <span class='ocrx_word' id='word_1_46' title='bbox 1766 441 1871 493; x_wconf 87' lang='lat' dir='ltr'>pedis</span> <span class='ocrx_word' id='word_1_47' title='bbox 1886 441 1941 481; x_wconf 86' lang='lat' dir='ltr'>tui</span> <span class='ocrx_word' id='word_1_48' title='bbox 1962 442 2068 481; x_wconf 83' lang='lat' dir='ltr'>calce</span> 
     </span>
     <span class='ocr_line' id='line_1_6' title="bbox 181 494 2068 553; baseline -0.001 -14"><span class='ocrx_word' id='word_1_49' title='bbox 181 509 246 541; x_wconf 72' lang='grc'>434</span> <span class='ocrx_word' id='word_1_50' title='bbox 271 499 386 539; x_wconf 83' lang='lat' dir='ltr'>unica</span> <span class='ocrx_word' id='word_1_51' title='bbox 401 499 512 539; x_wconf 82' lang='lat' dir='ltr'>finire</span> <span class='ocrx_word' id='word_1_52' title='bbox 527 499 699 553; x_wconf 80' lang='lat' dir='ltr'>poteris?</span> <span class='ocrx_word' id='word_1_53' title='bbox 726 497 802 539; x_wconf 83' lang='lat' dir='ltr'>Sed</span> <span class='ocrx_word' id='word_1_54' title='bbox 823 509 897 549; x_wconf 91' lang='lat' dir='ltr'>quo</span> <span class='ocrx_word' id='word_1_55' title='bbox 921 495 1095 550; x_wconf 82' lang='lat' dir='ltr'>gentium</span> <span class='ocrx_word' id='word_1_56' title='bbox 1117 502 1345 550; x_wconf 79' lang='lat' dir='ltr'>capessetur</span> <span class='ocrx_word' id='word_1_57' title='bbox 1360 496 1468 549; x_wconf 82' lang='lat' dir='ltr'>fuga,</span> <span class='ocrx_word' id='word_1_58' title='bbox 1492 496 1555 536; x_wconf 86' lang='lat' dir='ltr'>vel</span> <span class='ocrx_word' id='word_1_59' title='bbox 1576 495 1783 551; x_wconf 79' lang='lat' dir='ltr'>hospitium</span> <span class='ocrx_word' id='word_1_60' title='bbox 1806 494 1812 553; x_wconf 80' lang='grc' dir='ltr'>Ι</span> <span class='ocrx_word' id='word_1_61' title='bbox 1834 497 1918 550; x_wconf 91' lang='lat' dir='ltr'>quis</span> <span class='ocrx_word' id='word_1_62' title='bbox 1940 498 2068 538; x_wconf 81' lang='lat' dir='ltr'>dabit?</span> 
     </span>
    </p>
   </div>
   <div class='ocr_carea' id='block_1_3' title="bbox 266 625 2073 889">
    <p class='ocr_par' dir='ltr' id='par_1_3' title="bbox 266 625 2073 889">
     <span class='ocr_line' id='line_1_7' title="bbox 271 625 2070 659; baseline 0.001 -6"><span class='ocrx_word' id='word_1_63' title='bbox 271 627 545 657; x_wconf 70' lang='lat' dir='ltr'>tt&#39;hz&#39;desideratur</span> <span class='ocrx_word' id='word_1_64' title='bbox 560 630 590 657; x_wconf 90' lang='lat' dir='ltr'>in</span> <span class='ocrx_word' id='word_1_65' title='bbox 606 630 640 656; x_wconf 84' lang='lat' dir='ltr'>P.</span> <span class='ocrx_word' id='word_1_66' title='bbox 688 626 860 653; x_wconf 72' lang='lat' dir='ltr'>asinorum</span> <span class='ocrx_word' id='word_1_67' title='bbox 876 625 1003 652; x_wconf 80' lang='lat' dir='ltr'>corium</span> <span class='ocrx_word' id='word_1_68' title='bbox 1018 626 1052 653; x_wconf 90' lang='lat'>0.</span> <span class='ocrx_word' id='word_1_69' title='bbox 1068 632 1087 653; x_wconf 86' lang='lat' dir='ltr'>a</span> <span class='ocrx_word' id='word_1_70' title='bbox 1101 633 1141 653; x_wconf 90' lang='grc'>111.</span> <span class='ocrx_word' id='word_1_71' title='bbox 1157 633 1186 659; x_wconf 80' lang='lat' dir='ltr'>p.</span> <span class='ocrx_word' id='word_1_72' title='bbox 1233 627 1301 654; x_wconf 78' lang='lat' dir='ltr'>Ista</span> <span class='ocrx_word' id='word_1_73' title='bbox 1314 626 1423 654; x_wconf 84' lang='lat' dir='ltr'>omnia</span> <span class='ocrx_word' id='word_1_74' title='bbox 1437 633 1549 653; x_wconf 75' lang='lat' dir='ltr'>rernm</span> <span class='ocrx_word' id='word_1_75' title='bbox 1565 625 1690 653; x_wconf 71' lang='lat' dir='ltr'>corium</span> <span class='ocrx_word' id='word_1_76' title='bbox 1712 634 1776 653; x_wconf 82' lang='lat' dir='ltr'>mm</span> <span class='ocrx_word' id='word_1_77' title='bbox 1796 626 1890 653; x_wconf 73' lang='lat' dir='ltr'>asini</span> <span class='ocrx_word' id='word_1_78' title='bbox 1906 634 1969 655; x_wconf 84' lang='lat' dir='ltr'>non</span> <span class='ocrx_word' id='word_1_79' title='bbox 1983 634 2070 655; x_wconf 88' lang='lat' dir='ltr'>com-</span> 
     </span>
     <span class='ocr_line' id='line_1_8' title="bbox 270 668 2071 710; baseline -0.002 -9"><span class='ocrx_word' id='word_1_80' title='bbox 270 678 358 707; x_wconf 79' lang='lat' dir='ltr'>paret</span> <span class='ocrx_word' id='word_1_81' title='bbox 373 674 405 702; x_wconf 90' lang='lat' dir='ltr'>in</span> <span class='ocrx_word' id='word_1_82' title='bbox 421 671 449 702; x_wconf 78' lang='grc' dir='ltr'>δ.</span> <span class='ocrx_word' id='word_1_83' title='bbox 494 671 675 710; x_wconf 76' lang='lat' dir='ltr'>yrundim&#39;s</span> <span class='ocrx_word' id='word_1_84' title='bbox 695 674 729 699; x_wconf 67' lang='lat'>(3.</span> <span class='ocrx_word' id='word_1_85' title='bbox 746 673 783 699; x_wconf 82' lang='grc' dir='ltr'>υ.</span> <span class='ocrx_word' id='word_1_86' title='bbox 809 668 978 698; x_wconf 70' lang='lat' dir='ltr'>hirudinis</span> <span class='ocrx_word' id='word_1_87' title='bbox 993 671 1013 699; x_wconf 76' lang='lat' dir='ltr'>f.</span> <span class='ocrx_word' id='word_1_88' title='bbox 1034 672 1130 699; x_wconf 78' lang='lat' dir='ltr'>vulo.</span> <span class='ocrx_word' id='word_1_89' title='bbox 1145 672 1176 699; x_wconf 83' lang='lat'>2.</span> <span class='ocrx_word' id='word_1_90' title='bbox 1195 672 1279 700; x_wconf 85' lang='lat' dir='ltr'>Elm.</span> <span class='ocrx_word' id='word_1_91' title='bbox 1294 671 1399 699; x_wconf 86' lang='lat' dir='ltr'>Scriv.</span> <span class='ocrx_word' id='word_1_92' title='bbox 1424 673 1462 699; x_wconf 87' lang='lat' dir='ltr'>In</span> <span class='ocrx_word' id='word_1_93' title='bbox 1482 675 1555 700; x_wconf 79' lang='lat' dir='ltr'>cett.</span> <span class='ocrx_word' id='word_1_94' title='bbox 1570 669 1771 700; x_wconf 73' lang='lat' dir='ltr'>hirundinis.</span> <span class='ocrx_word' id='word_1_95' title='bbox 1822 674 1955 699; x_wconf 63' lang='lat' dir='ltr'>tenuram</span> <span class='ocrx_word' id='word_1_96' title='bbox 1970 679 2071 698; x_wconf 75' lang='lat' dir='ltr'>mem-</span> 
     </span>
     <span class='ocr_line' id='line_1_9' title="bbox 267 712 2071 750; baseline 0 -5"><span class='ocrx_word' id='word_1_97' title='bbox 267 718 446 746; x_wconf 76' lang='lat' dir='ltr'>branulum</span> <span class='ocrx_word' id='word_1_98' title='bbox 473 721 505 747; x_wconf 83' lang='grc'>0,</span> <span class='ocrx_word' id='word_1_99' title='bbox 546 722 641 745; x_wconf 72' lang='lat' dir='ltr'>tenne</span> <span class='ocrx_word' id='word_1_100' title='bbox 655 714 890 743; x_wconf 78' lang='lat' dir='ltr'>umhranulum</span> <span class='ocrx_word' id='word_1_101' title='bbox 915 712 944 743; x_wconf 78' lang='grc' dir='ltr'>ὃ.</span> <span class='ocrx_word' id='word_1_102' title='bbox 983 719 1081 743; x_wconf 77' lang='lat' dir='ltr'>tenue</span> <span class='ocrx_word' id='word_1_103' title='bbox 1106 715 1337 743; x_wconf 77' lang='lat' dir='ltr'>umbraculum</span> <span class='ocrx_word' id='word_1_104' title='bbox 1364 725 1393 750; x_wconf 87' lang='grc'>11.</span> <span class='ocrx_word' id='word_1_105' title='bbox 1431 718 1528 743; x_wconf 76' lang='lat' dir='ltr'>tenue</span> <span class='ocrx_word' id='word_1_106' title='bbox 1552 716 1700 744; x_wconf 79' lang='lat' dir='ltr'>membra</span> <span class='ocrx_word' id='word_1_107' title='bbox 1725 715 1851 744; x_wconf 81' lang='lat' dir='ltr'>nullum</span> <span class='ocrx_word' id='word_1_108' title='bbox 1876 718 1912 745; x_wconf 81' lang='lat' dir='ltr'>F.</span> <span class='ocrx_word' id='word_1_109' title='bbox 1926 718 1956 745; x_wconf 85' lang='grc'>3.</span> <span class='ocrx_word' id='word_1_110' title='bbox 1977 718 2012 745; x_wconf 87' lang='lat' dir='ltr'>G.</span> <span class='ocrx_word' id='word_1_111' title='bbox 2033 719 2071 745; x_wconf 86' lang='lat'>1).</span> 
     </span>
     <span class='ocr_line' id='line_1_10' title="bbox 270 759 2071 799; baseline -0.002 -9"><span class='ocrx_word' id='word_1_112' title='bbox 270 767 390 791; x_wconf 76' lang='lat' dir='ltr'>lemme</span> <span class='ocrx_word' id='word_1_113' title='bbox 405 765 530 792; x_wconf 64' lang='lat' dir='ltr'>Vicum.</span> <span class='ocrx_word' id='word_1_114' title='bbox 578 760 659 799; x_wconf 72' lang='lat' dir='ltr'>quid</span> <span class='ocrx_word' id='word_1_115' title='bbox 671 761 776 797; x_wconf 74' lang='lat' dir='ltr'>igilur</span> <span class='ocrx_word' id='word_1_116' title='bbox 790 763 827 789; x_wconf 85' lang='grc' dir='ltr'>Ι).</span> <span class='ocrx_word' id='word_1_117' title='bbox 878 759 1011 788; x_wconf 77' lang='lat' dir='ltr'>tandem</span> <span class='ocrx_word' id='word_1_118' title='bbox 1026 760 1211 789; x_wconf 73' lang='lat' dir='ltr'>masculum</span> <span class='ocrx_word' id='word_1_119' title='bbox 1225 762 1259 790; x_wconf 91' lang='lat' dir='ltr'>P.</span> <span class='ocrx_word' id='word_1_120' title='bbox 1276 761 1406 789; x_wconf 78' lang='lat' dir='ltr'>inverso</span> <span class='ocrx_word' id='word_1_121' title='bbox 1420 762 1541 790; x_wconf 78' lang='lat' dir='ltr'><strong>ordine.</strong></span> <span class='ocrx_word' id='word_1_122' title='bbox 1589 762 1725 789; x_wconf 73' lang='lat' dir='ltr'>summis</span> <span class='ocrx_word' id='word_1_123' title='bbox 1740 764 1822 790; x_wconf 90' lang='lat' dir='ltr'>G.D.</span> <span class='ocrx_word' id='word_1_124' title='bbox 1861 760 2071 799; x_wconf 73' lang='lat' dir='ltr'>formidabis</span> 
     </span>
     <span class='ocr_line' id='line_1_11' title="bbox 267 805 2073 845; baseline 0.002 -12"><span class='ocrx_word' id='word_1_125' title='bbox 267 817 328 837; x_wconf 76' lang='lat' dir='ltr'>non</span> <span class='ocrx_word' id='word_1_126' title='bbox 343 810 463 842; x_wconf 66' lang='lat' dir='ltr'>legiun-</span> <span class='ocrx_word' id='word_1_127' title='bbox 475 809 506 837; x_wconf 80' lang='lat' dir='ltr'>in</span> <span class='ocrx_word' id='word_1_128' title='bbox 522 810 557 837; x_wconf 84' lang='grc' dir='ltr'>Ρ,</span> <span class='ocrx_word' id='word_1_129' title='bbox 600 805 695 843; x_wconf 76' lang='lat' dir='ltr'>perlis</span> <span class='ocrx_word' id='word_1_130' title='bbox 714 805 832 833; x_wconf 79' lang='lat' dir='ltr'>claudi</span> <span class='ocrx_word' id='word_1_131' title='bbox 848 806 869 835; x_wconf 81' lang='lat' dir='ltr'>f.</span> <span class='ocrx_word' id='word_1_132' title='bbox 920 805 1012 833; x_wconf 79' lang='lat' dir='ltr'>calce</span> <span class='ocrx_word' id='word_1_133' title='bbox 1025 806 1122 833; x_wconf 72' lang='lat' dir='ltr'>unico</span> <span class='ocrx_word' id='word_1_134' title='bbox 1143 808 1179 835; x_wconf 88' lang='lat' dir='ltr'>G.</span> <span class='ocrx_word' id='word_1_135' title='bbox 1194 808 1229 835; x_wconf 95' lang='lat' dir='ltr'>P.</span> <span class='ocrx_word' id='word_1_136' title='bbox 1244 808 1281 835; x_wconf 94' lang='lat' dir='ltr'>D.</span> <span class='ocrx_word' id='word_1_137' title='bbox 1297 808 1332 836; x_wconf 91' lang='lat'>0.</span> <span class='ocrx_word' id='word_1_138' title='bbox 1372 806 1490 845; x_wconf 75' lang='lat' dir='ltr'>ferire</span> <span class='ocrx_word' id='word_1_139' title='bbox 1503 808 1598 836; x_wconf 82' lang='lat' dir='ltr'>Vule.</span> <span class='ocrx_word' id='word_1_140' title='bbox 1612 809 1643 836; x_wconf 77' lang='lat'>2.</span> <span class='ocrx_word' id='word_1_141' title='bbox 1657 807 1771 845; x_wconf 70' lang='lat' dir='ltr'>(qiiod</span> <span class='ocrx_word' id='word_1_142' title='bbox 1787 807 1916 836; x_wconf 75' lang='lat' dir='ltr'>modius</span> <span class='ocrx_word' id='word_1_143' title='bbox 1934 808 2073 836; x_wconf 75' lang='lat' dir='ltr'>coniecit</span> 
     </span>
     <span class='ocr_line' id='line_1_12' title="bbox 266 850 2049 889; baseline -0.001 -7"><span class='ocrx_word' id='word_1_144' title='bbox 266 855 299 882; x_wconf 93' lang='lat' dir='ltr'>in</span> <span class='ocrx_word' id='word_1_145' title='bbox 313 856 458 889; x_wconf 71' lang='lat' dir='ltr'>margine</span> <span class='ocrx_word' id='word_1_146' title='bbox 472 856 520 882; x_wconf 83' lang='lat' dir='ltr'>ed.</span> <span class='ocrx_word' id='word_1_147' title='bbox 535 854 623 882; x_wconf 73' lang='lat' dir='ltr'>Colv.</span> <span class='ocrx_word' id='word_1_148' title='bbox 637 852 852 887; x_wconf 77' lang='lat' dir='ltr'>Lindenbrog.</span> <span class='ocrx_word' id='word_1_149' title='bbox 870 854 979 886; x_wconf 76' lang='lat' dir='ltr'>probat</span> <span class='ocrx_word' id='word_1_150' title='bbox 995 854 1131 880; x_wconf 79' lang='lat' dir='ltr'>alteram</span> <span class='ocrx_word' id='word_1_151' title='bbox 1145 852 1316 881; x_wconf 77' lang='lat' dir='ltr'>lectionem</span> <span class='ocrx_word' id='word_1_152' title='bbox 1331 861 1347 881; x_wconf 86' lang='grc'>0</span> <span class='ocrx_word' id='word_1_153' title='bbox 1361 853 1429 882; x_wconf 78' lang='lat' dir='ltr'>cod.</span> <span class='ocrx_word' id='word_1_154' title='bbox 1443 853 1494 881; x_wconf 78' lang='lat' dir='ltr'>nis</span> <span class='ocrx_word' id='word_1_155' title='bbox 1508 853 1634 881; x_wconf 84' lang='lat' dir='ltr'>verbis:</span> <span class='ocrx_word' id='word_1_156' title='bbox 1659 851 1787 880; x_wconf 71' lang='lat' dir='ltr'>rectius</span> <span class='ocrx_word' id='word_1_157' title='bbox 1807 851 1888 880; x_wconf 68' lang='lat' dir='ltr'>alii:</span> <span class='ocrx_word' id='word_1_158' title='bbox 1904 850 2049 888; x_wconf 76' lang='lat' dir='ltr'>finire.)</span> 
     </span>
    </p>
   </div>
   <div class='ocr_carea' id='block_1_4' title="bbox 259 950 1138 1457">
    <p class='ocr_par' dir='ltr' id='par_1_4' title="bbox 259 950 1138 1402">
     <span class='ocr_line' id='line_1_13' title="bbox 265 950 1138 1006; baseline -0.003 -15"><span class='ocrx_word' id='word_1_159' title='bbox 265 954 453 1006; x_wconf 84' lang='lat' dir='ltr'>penetrari</span> <span class='ocrx_word' id='word_1_160' title='bbox 475 955 653 1002; x_wconf 83' lang='lat' dir='ltr'>nequeat.</span> <span class='ocrx_word' id='word_1_161' title='bbox 690 950 791 989; x_wconf 86' lang='lat' dir='ltr'>Nam</span> <span class='ocrx_word' id='word_1_162' title='bbox 812 951 889 989; x_wconf 98' lang='grc'>1100</span> <span class='ocrx_word' id='word_1_163' title='bbox 907 965 978 1003; x_wconf 85' lang='grc'>1101·</span> <span class='ocrx_word' id='word_1_164' title='bbox 996 965 1043 989; x_wconf 86' lang='lat' dir='ltr'>se</span> <span class='ocrx_word' id='word_1_165' title='bbox 1063 952 1138 989; x_wconf 91' lang='lat' dir='ltr'>iam</span> 
     </span>
     <span class='ocr_line' id='line_1_14' title="bbox 263 1008 1138 1062; baseline -0.001 -15"><span class='ocrx_word' id='word_1_166' title='bbox 263 1013 396 1062; x_wconf 70' lang='lat' dir='ltr'>potest</span> <span class='ocrx_word' id='word_1_167' title='bbox 411 1008 584 1057; x_wconf 69' lang='lat' dir='ltr'>intelligi,</span> <span class='ocrx_word' id='word_1_168' title='bbox 612 1009 726 1046; x_wconf 89' lang='lat' dir='ltr'>etiam</span> <span class='ocrx_word' id='word_1_169' title='bbox 753 1021 926 1046; x_wconf 84' lang='lat' dir='ltr'>crassum</span> <span class='ocrx_word' id='word_1_170' title='bbox 953 1009 1050 1046; x_wconf 87' lang='lat' dir='ltr'>asini</span> <span class='ocrx_word' id='word_1_171' title='bbox 1076 1022 1138 1046; x_wconf 89' lang='lat' dir='ltr'>co·</span> 
     </span>
     <span class='ocr_line' id='line_1_15' title="bbox 263 1065 1137 1116; baseline -0.005 -11"><span class='ocrx_word' id='word_1_172' title='bbox 263 1068 356 1105; x_wconf 88' lang='lat' dir='ltr'>rium</span> <span class='ocrx_word' id='word_1_173' title='bbox 388 1066 436 1102; x_wconf 88' lang='lat' dir='ltr'>ab</span> <span class='ocrx_word' id='word_1_174' title='bbox 469 1065 645 1103; x_wconf 85' lang='lat' dir='ltr'>silicibus</span> <span class='ocrx_word' id='word_1_175' title='bbox 677 1068 716 1102; x_wconf 88' lang='lat' dir='ltr'>et</span> <span class='ocrx_word' id='word_1_176' title='bbox 746 1065 893 1116; x_wconf 87' lang='lat' dir='ltr'>rupinis</span> <span class='ocrx_word' id='word_1_177' title='bbox 927 1065 1137 1103; x_wconf 87' lang='lat' dir='ltr'>laceratum</span> 
     </span>
     <span class='ocr_line' id='line_1_16' title="bbox 263 1121 1136 1160; baseline -0.001 0"><span class='ocrx_word' id='word_1_178' title='bbox 263 1124 315 1160; x_wconf 87' lang='lat' dir='ltr'>iri.</span> <span class='ocrx_word' id='word_1_179' title='bbox 352 1122 451 1160; x_wconf 89' lang='lat' dir='ltr'>Hinc</span> <span class='ocrx_word' id='word_1_180' title='bbox 476 1121 526 1160; x_wconf 88' lang='lat' dir='ltr'>ad</span> <span class='ocrx_word' id='word_1_181' title='bbox 551 1121 758 1159; x_wconf 78' lang='lat' dir='ltr'>molestias</span> <span class='ocrx_word' id='word_1_182' title='bbox 778 1121 879 1160; x_wconf 87' lang='lat' dir='ltr'>haec</span> <span class='ocrx_word' id='word_1_183' title='bbox 898 1122 1018 1160; x_wconf 80' lang='lat' dir='ltr'>verba</span> <span class='ocrx_word' id='word_1_184' title='bbox 1037 1122 1136 1159; x_wconf 84' lang='lat' dir='ltr'>asini</span> 
     </span>
     <span class='ocr_line' id='line_1_17' title="bbox 260 1178 1136 1229; baseline -0.001 -13"><span class='ocrx_word' id='word_1_185' title='bbox 260 1179 406 1224; x_wconf 85' lang='lat' dir='ltr'>refero,</span> <span class='ocrx_word' id='word_1_186' title='bbox 431 1182 472 1216; x_wconf 89' lang='lat' dir='ltr'>ut</span> <span class='ocrx_word' id='word_1_187' title='bbox 486 1178 633 1216; x_wconf 87' lang='lat' dir='ltr'>Lucius</span> <span class='ocrx_word' id='word_1_188' title='bbox 660 1183 861 1229; x_wconf 77' lang='lat' dir='ltr'>queratur,</span> <span class='ocrx_word' id='word_1_189' title='bbox 889 1179 1136 1229; x_wconf 74' lang='lat' dir='ltr'>quodmagia</span> 
     </span>
     <span class='ocr_line' id='line_1_18' title="bbox 262 1235 1137 1279; baseline -0.002 -5"><span class='ocrx_word' id='word_1_190' title='bbox 262 1237 296 1274; x_wconf 89' lang='lat' dir='ltr'>ei</span> <span class='ocrx_word' id='word_1_191' title='bbox 317 1249 402 1274; x_wconf 89' lang='lat' dir='ltr'>cum</span> <span class='ocrx_word' id='word_1_192' title='bbox 419 1237 494 1274; x_wconf 87' lang='lat' dir='ltr'>vita</span> <span class='ocrx_word' id='word_1_193' title='bbox 514 1235 680 1273; x_wconf 85' lang='lat' dir='ltr'>hominis</span> <span class='ocrx_word' id='word_1_194' title='bbox 708 1249 782 1273; x_wconf 88' lang='lat' dir='ltr'>non</span> <span class='ocrx_word' id='word_1_195' title='bbox 803 1235 947 1273; x_wconf 90' lang='lat' dir='ltr'>corium</span> <span class='ocrx_word' id='word_1_196' title='bbox 974 1235 1137 1279; x_wconf 82' lang='lat' dir='ltr'>dederit,</span> 
     </span>
     <span class='ocr_line' id='line_1_19' title="bbox 259 1291 1138 1331; baseline -0.002 0"><span class='ocrx_word' id='word_1_197' title='bbox 259 1293 309 1331; x_wconf 88' lang='lat' dir='ltr'>ad</span> <span class='ocrx_word' id='word_1_198' title='bbox 334 1293 540 1331; x_wconf 76' lang='lat' dir='ltr'>molestias</span> <span class='ocrx_word' id='word_1_199' title='bbox 572 1296 612 1330; x_wconf 92' lang='lat' dir='ltr'>et</span> <span class='ocrx_word' id='word_1_200' title='bbox 642 1305 761 1330; x_wconf 85' lang='lat' dir='ltr'>onera</span> <span class='ocrx_word' id='word_1_201' title='bbox 791 1291 1016 1330; x_wconf 82' lang='lat' dir='ltr'>sufferenda</span> <span class='ocrx_word' id='word_1_202' title='bbox 1049 1305 1138 1330; x_wconf 92' lang='lat' dir='ltr'>con-</span> 
     </span>
     <span class='ocr_line' id='line_1_20' title="bbox 260 1348 453 1402; baseline 0 -15"><span class='ocrx_word' id='word_1_203' title='bbox 260 1348 453 1402; x_wconf 65' lang='lat' dir='ltr'>veniens]</span> 
     </span>
    </p>

    <p class='ocr_par' dir='ltr' id='par_1_5' title="bbox 316 1404 1138 1457">
     <span class='ocr_line' id='line_1_21' title="bbox 316 1404 1138 1457; baseline -0.005 -11"><span class='ocrx_word' id='word_1_204' title='bbox 316 1407 559 1446; x_wconf 73' lang='lat' dir='ltr'>hirundinis.</span> <span class='ocrx_word' id='word_1_205' title='bbox 598 1404 711 1443; x_wconf 87' lang='lat' dir='ltr'>Hanc</span> <span class='ocrx_word' id='word_1_206' title='bbox 729 1407 957 1457; x_wconf 79' lang='lat' dir='ltr'>scripturam</span> <span class='ocrx_word' id='word_1_207' title='bbox 979 1419 1028 1442; x_wconf 83' lang='lat' dir='ltr'>ex</span> <span class='ocrx_word' id='word_1_208' title='bbox 1043 1406 1138 1456; x_wconf 82' lang='lat' dir='ltr'>opti-</span> 
     </span>
    </p>
   </div>
   <div class='ocr_carea' id='block_1_5' title="bbox 258 1462 1140 1512">
    <p class='ocr_par' dir='ltr' id='par_1_6' title="bbox 258 1462 1140 1512">
     <span class='ocr_line' id='line_1_22' title="bbox 258 1462 1140 1512; baseline -0.001 -11"><span class='ocrx_word' id='word_1_209' title='bbox 258 1464 333 1502; x_wconf 82' lang='lat' dir='ltr'>mis</span> <span class='ocrx_word' id='word_1_210' title='bbox 359 1462 473 1501; x_wconf 89' lang='lat' dir='ltr'>codd.</span> <span class='ocrx_word' id='word_1_211' title='bbox 498 1462 666 1508; x_wconf 86' lang='lat' dir='ltr'>restitui,</span> <span class='ocrx_word' id='word_1_212' title='bbox 693 1476 810 1512; x_wconf 85' lang='lat' dir='ltr'>quum</span> <span class='ocrx_word' id='word_1_213' title='bbox 836 1462 957 1501; x_wconf 82' lang='lat' dir='ltr'>altera</span> <span class='ocrx_word' id='word_1_214' title='bbox 983 1462 1140 1501; x_wconf 80' lang='lat' dir='ltr'>he&#39;rudi-</span> 
     </span>
    </p>
   </div>
   <div class='ocr_carea' id='block_1_6' title="bbox 253 1517 1137 3214">
    <p class='ocr_par' dir='ltr' id='par_1_7' title="bbox 253 1517 1137 3214">
     <span class='ocr_line' id='line_1_23' title="bbox 258 1517 1137 1559; baseline -0.003 0"><span class='ocrx_word' id='word_1_215' title='bbox 258 1522 322 1559; x_wconf 85' lang='lat' dir='ltr'>nis</span> <span class='ocrx_word' id='word_1_216' title='bbox 335 1532 410 1557; x_wconf 90' lang='lat' dir='ltr'>una</span> <span class='ocrx_word' id='word_1_217' title='bbox 424 1518 511 1557; x_wconf 91' lang='lat' dir='ltr'>cod.</span> <span class='ocrx_word' id='word_1_218' title='bbox 526 1517 624 1557; x_wconf 84' lang='lat' dir='ltr'>Fux.</span> <span class='ocrx_word' id='word_1_219' title='bbox 639 1519 869 1557; x_wconf 84' lang='lat' dir='ltr'>auctoritate</span> <span class='ocrx_word' id='word_1_220' title='bbox 884 1520 1137 1556; x_wconf 68' lang='grc' dir='ltr'>1111111111ιηίῐᾶ-</span> 
     </span>
     <span class='ocr_line' id='line_1_24' title="bbox 258 1575 1137 1626; baseline -0.001 -12"><span class='ocrx_word' id='word_1_221' title='bbox 258 1581 327 1615; x_wconf 89' lang='lat' dir='ltr'>tur.</span> <span class='ocrx_word' id='word_1_222' title='bbox 343 1575 586 1626; x_wconf 84' lang='lat' dir='ltr'>Serapbinus</span> <span class='ocrx_word' id='word_1_223' title='bbox 598 1575 799 1614; x_wconf 83' lang='lat' dir='ltr'>Olivarius</span> <span class='ocrx_word' id='word_1_224' title='bbox 809 1580 847 1613; x_wconf 89' lang='lat' dir='ltr'>et</span> <span class='ocrx_word' id='word_1_225' title='bbox 856 1575 1018 1613; x_wconf 81' lang='lat' dir='ltr'>Fulvius</span> <span class='ocrx_word' id='word_1_226' title='bbox 1029 1576 1137 1614; x_wconf 84' lang='lat' dir='ltr'>hiru-</span> 
     </span>
     <span class='ocr_line' id='line_1_25' title="bbox 260 1632 1137 1684; baseline -0.002 -13"><span class='ocrx_word' id='word_1_227' title='bbox 260 1635 369 1672; x_wconf 83' lang='lat' dir='ltr'>dinis</span> <span class='ocrx_word' id='word_1_228' title='bbox 383 1633 695 1684; x_wconf 81' lang='lat' dir='ltr'>comprobarunt,</span> <span class='ocrx_word' id='word_1_229' title='bbox 716 1633 856 1682; x_wconf 86' lang='lat' dir='ltr'>quibus</span> <span class='ocrx_word' id='word_1_230' title='bbox 872 1632 1137 1670; x_wconf 85' lang='lat' dir='ltr'>assentiuntur</span> 
     </span>
     <span class='ocr_line' id='line_1_26' title="bbox 259 1688 1136 1741; baseline -0.002 -14"><span class='ocrx_word' id='word_1_231' title='bbox 259 1690 471 1741; x_wconf 72' lang='lat' dir='ltr'>Scioppius·</span> <span class='ocrx_word' id='word_1_232' title='bbox 487 1693 526 1726; x_wconf 88' lang='grc'>01</span> <span class='ocrx_word' id='word_1_233' title='bbox 538 1688 745 1735; x_wconf 76' lang='lat' dir='ltr'>Pricaeus,</span> <span class='ocrx_word' id='word_1_234' title='bbox 767 1691 857 1739; x_wconf 91' lang='lat' dir='ltr'>quia</span> <span class='ocrx_word' id='word_1_235' title='bbox 870 1689 1136 1728; x_wconf 84' lang='lat' dir='ltr'>hirundinum</span> 
     </span>
     <span class='ocr_line' id='line_1_27' title="bbox 258 1745 1134 1796; baseline -0.002 -11"><span class='ocrx_word' id='word_1_236' title='bbox 258 1747 357 1785; x_wconf 85' lang='lat' dir='ltr'>cutis</span> <span class='ocrx_word' id='word_1_237' title='bbox 373 1760 447 1784; x_wconf 88' lang='lat' dir='ltr'>non</span> <span class='ocrx_word' id='word_1_238' title='bbox 463 1746 612 1784; x_wconf 86' lang='lat' dir='ltr'>tenuior</span> <span class='ocrx_word' id='word_1_239' title='bbox 624 1747 686 1791; x_wconf 76' lang='lat' dir='ltr'>sit,</span> <span class='ocrx_word' id='word_1_240' title='bbox 697 1759 811 1796; x_wconf 89' lang='lat' dir='ltr'>quam</span> <span class='ocrx_word' id='word_1_241' title='bbox 821 1745 978 1784; x_wconf 87' lang='lat' dir='ltr'>aliarum</span> <span class='ocrx_word' id='word_1_242' title='bbox 995 1745 1134 1784; x_wconf 71' lang='lat' dir='ltr'>avium.</span> 
     </span>
     <span class='ocr_line' id='line_1_28' title="bbox 257 1802 1136 1847; baseline -0.002 -6"><span class='ocrx_word' id='word_1_243' title='bbox 257 1802 360 1841; x_wconf 89' lang='lat' dir='ltr'>Oud.</span> <span class='ocrx_word' id='word_1_244' title='bbox 376 1816 486 1847; x_wconf 88' lang='lat' dir='ltr'>vero,</span> <span class='ocrx_word' id='word_1_245' title='bbox 512 1806 554 1840; x_wconf 90' lang='lat' dir='ltr'>ut</span> <span class='ocrx_word' id='word_1_246' title='bbox 578 1816 601 1839; x_wconf 86' lang='lat' dir='ltr'>a</span> <span class='ocrx_word' id='word_1_247' title='bbox 626 1816 689 1840; x_wconf 89' lang='lat' dir='ltr'>me</span> <span class='ocrx_word' id='word_1_248' title='bbox 714 1803 832 1840; x_wconf 89' lang='lat' dir='ltr'>modo</span> <span class='ocrx_word' id='word_1_249' title='bbox 859 1815 1136 1840; x_wconf 88' lang='lat' dir='ltr'>commemora-</span> 
     </span>
     <span class='ocr_line' id='line_1_29' title="bbox 256 1859 1136 1907; baseline -0.003 -9"><span class='ocrx_word' id='word_1_250' title='bbox 256 1864 335 1898; x_wconf 91' lang='lat' dir='ltr'>tum</span> <span class='ocrx_word' id='word_1_251' title='bbox 361 1863 438 1907; x_wconf 84' lang='lat' dir='ltr'>est,</span> <span class='ocrx_word' id='word_1_252' title='bbox 465 1860 500 1897; x_wconf 93' lang='lat' dir='ltr'>in</span> <span class='ocrx_word' id='word_1_253' title='bbox 526 1859 645 1897; x_wconf 88' lang='lat' dir='ltr'>totius</span> <span class='ocrx_word' id='word_1_254' title='bbox 671 1860 745 1897; x_wconf 91' lang='lat' dir='ltr'>loci</span> <span class='ocrx_word' id='word_1_255' title='bbox 771 1860 966 1897; x_wconf 87' lang='lat' dir='ltr'>sententia</span> <span class='ocrx_word' id='word_1_256' title='bbox 991 1859 1136 1897; x_wconf 83' lang='lat' dir='ltr'>consti-</span> 
     </span>
     <span class='ocr_line' id='line_1_30' title="bbox 256 1916 1136 1967; baseline -0.002 -13"><span class='ocrx_word' id='word_1_257' title='bbox 256 1916 400 1954; x_wconf 90' lang='lat' dir='ltr'>tuenda</span> <span class='ocrx_word' id='word_1_258' title='bbox 413 1916 563 1954; x_wconf 84' lang='lat' dir='ltr'>videtur</span> <span class='ocrx_word' id='word_1_259' title='bbox 582 1929 676 1953; x_wconf 82' lang='lat' dir='ltr'>esse</span> <span class='ocrx_word' id='word_1_260' title='bbox 695 1916 853 1967; x_wconf 85' lang='lat' dir='ltr'>lapsus,</span> <span class='ocrx_word' id='word_1_261' title='bbox 880 1916 989 1953; x_wconf 81' lang='lat' dir='ltr'>cuius</span> <span class='ocrx_word' id='word_1_262' title='bbox 1018 1916 1136 1953; x_wconf 82' lang='lat' dir='ltr'>verba</span> 
     </span>
     <span class='ocr_line' id='line_1_31' title="bbox 255 1972 1135 2017; baseline -0.002 -6"><span class='ocrx_word' id='word_1_263' title='bbox 255 1973 356 2012; x_wconf 88' lang='lat' dir='ltr'>haec</span> <span class='ocrx_word' id='word_1_264' title='bbox 380 1976 489 2011; x_wconf 79' lang='lat' dir='ltr'>sunt:</span> <span class='ocrx_word' id='word_1_265' title='bbox 516 1972 662 2011; x_wconf 81' lang='lat' dir='ltr'>Verum</span> <span class='ocrx_word' id='word_1_266' title='bbox 687 1986 763 2010; x_wconf 91' lang='grc'>11011</span> <span class='ocrx_word' id='word_1_267' title='bbox 791 1972 906 2010; x_wconf 82' lang='lat' dir='ltr'>video</span> <span class='ocrx_word' id='word_1_268' title='bbox 932 1972 1135 2017; x_wconf 86' lang='lat' dir='ltr'>rationem,</span> 
     </span>
     <span class='ocr_line' id='line_1_32' title="bbox 256 2029 1136 2080; baseline -0.001 -12"><span class='ocrx_word' id='word_1_269' title='bbox 256 2030 305 2068; x_wconf 89' lang='grc'>011</span> <span class='ocrx_word' id='word_1_270' title='bbox 321 2043 435 2080; x_wconf 82' lang='grc'>(11111111</span> <span class='ocrx_word' id='word_1_271' title='bbox 455 2033 588 2068; x_wconf 85' lang='lat' dir='ltr'>auctor</span> <span class='ocrx_word' id='word_1_272' title='bbox 606 2029 680 2067; x_wconf 86' lang='lat' dir='ltr'>sibi</span> <span class='ocrx_word' id='word_1_273' title='bbox 707 2029 850 2068; x_wconf 87' lang='lat' dir='ltr'>tribuat</span> <span class='ocrx_word' id='word_1_274' title='bbox 875 2029 1002 2079; x_wconf 75' lang='lat' dir='ltr'>magis</span> <span class='ocrx_word' id='word_1_275' title='bbox 1023 2043 1136 2067; x_wconf 84' lang='lat' dir='ltr'>mem-</span> 
     </span>
     <span class='ocr_line' id='line_1_33' title="bbox 257 2086 1134 2138; baseline -0.002 -13"><span class='ocrx_word' id='word_1_276' title='bbox 257 2087 425 2125; x_wconf 78' lang='lat' dir='ltr'>branam</span> <span class='ocrx_word' id='word_1_277' title='bbox 457 2087 682 2132; x_wconf 74' lang='lat' dir='ltr'>hirudinis,</span> <span class='ocrx_word' id='word_1_278' title='bbox 720 2086 907 2138; x_wconf 86' lang='lat' dir='ltr'>palustris</span> <span class='ocrx_word' id='word_1_279' title='bbox 938 2086 1134 2124; x_wconf 80' lang='lat' dir='ltr'>bestiolae</span> 
     </span>
     <span class='ocr_line' id='line_1_34' title="bbox 256 2142 1135 2193; baseline -0.002 -12"><span class='ocrx_word' id='word_1_280' title='bbox 256 2144 455 2188; x_wconf 83' lang='lat' dir='ltr'>minimae,</span> <span class='ocrx_word' id='word_1_281' title='bbox 495 2156 598 2193; x_wconf 88' lang='lat' dir='ltr'>quae</span> <span class='ocrx_word' id='word_1_282' title='bbox 634 2144 733 2181; x_wconf 90' lang='lat' dir='ltr'>inter</span> <span class='ocrx_word' id='word_1_283' title='bbox 769 2143 981 2193; x_wconf 88' lang='lat' dir='ltr'>potandum</span> <span class='ocrx_word' id='word_1_284' title='bbox 1017 2142 1135 2193; x_wconf 80' lang='lat' dir='ltr'>gulae</span> 
     </span>
     <span class='ocr_line' id='line_1_35' title="bbox 255 2198 1134 2252; baseline 0.001 -14"><span class='ocrx_word' id='word_1_285' title='bbox 255 2200 361 2238; x_wconf 80' lang='lat' dir='ltr'>illabi</span> <span class='ocrx_word' id='word_1_286' title='bbox 386 2203 530 2252; x_wconf 83' lang='lat' dir='ltr'>potest.</span> <span class='ocrx_word' id='word_1_287' title='bbox 557 2199 605 2238; x_wconf 82' lang='lat' dir='ltr'>cf.</span> <span class='ocrx_word' id='word_1_288' title='bbox 633 2198 735 2239; x_wconf 78' lang='lat' dir='ltr'>Ptin.</span> <span class='ocrx_word' id='word_1_289' title='bbox 761 2198 906 2238; x_wconf 77' lang='lat' dir='ltr'>XXHI.</span> <span class='ocrx_word' id='word_1_290' title='bbox 935 2204 969 2239; x_wconf 92' lang='lat'>1.</span> <span class='ocrx_word' id='word_1_291' title='bbox 996 2199 1026 2249; x_wconf 66' lang='grc' dir='ltr'>ξ.</span> <span class='ocrx_word' id='word_1_292' title='bbox 1054 2203 1134 2245; x_wconf 71' lang='grc'>27..</span> 
     </span>
     <span class='ocr_line' id='line_1_36' title="bbox 255 2256 1134 2309; baseline -0.001 -15"><span class='ocrx_word' id='word_1_293' title='bbox 255 2270 370 2309; x_wconf 89' lang='lat' dir='ltr'>quam</span> <span class='ocrx_word' id='word_1_294' title='bbox 401 2257 582 2303; x_wconf 85' lang='lat' dir='ltr'>alterius,</span> <span class='ocrx_word' id='word_1_295' title='bbox 617 2269 719 2306; x_wconf 86' lang='lat' dir='ltr'>quae</span> <span class='ocrx_word' id='word_1_296' title='bbox 750 2256 891 2295; x_wconf 78' lang='lat' dir='ltr'>saltem</span> <span class='ocrx_word' id='word_1_297' title='bbox 918 2257 1046 2307; x_wconf 78' lang='lat' dir='ltr'>magis</span> <span class='ocrx_word' id='word_1_298' title='bbox 1072 2270 1134 2294; x_wconf 87' lang='lat' dir='ltr'>ac-</span> 
     </span>
     <span class='ocr_line' id='line_1_37' title="bbox 255 2312 1134 2364; baseline -0.001 -13"><span class='ocrx_word' id='word_1_299' title='bbox 255 2314 370 2352; x_wconf 81' lang='lat' dir='ltr'>cedat</span> <span class='ocrx_word' id='word_1_300' title='bbox 395 2313 443 2351; x_wconf 88' lang='lat' dir='ltr'>ad</span> <span class='ocrx_word' id='word_1_301' title='bbox 470 2314 568 2351; x_wconf 84' lang='lat' dir='ltr'>asini</span> <span class='ocrx_word' id='word_1_302' title='bbox 589 2313 906 2364; x_wconf 76' lang='lat' dir='ltr'>magnitudinem.</span> <span class='ocrx_word' id='word_1_303' title='bbox 933 2312 1034 2351; x_wconf 87' lang='lat' dir='ltr'>Hinc</span> <span class='ocrx_word' id='word_1_304' title='bbox 1047 2326 1134 2351; x_wconf 89' lang='lat' dir='ltr'>cum</span> 
     </span>
     <span class='ocr_line' id='line_1_38' title="bbox 256 2369 1135 2421; baseline -0.001 -12"><span class='ocrx_word' id='word_1_305' title='bbox 256 2370 364 2409; x_wconf 85' lang='lat' dir='ltr'>Grot.</span> <span class='ocrx_word' id='word_1_306' title='bbox 390 2372 425 2409; x_wconf 89' lang='lat' dir='ltr'>in</span> <span class='ocrx_word' id='word_1_307' title='bbox 453 2370 573 2421; x_wconf 84' lang='lat' dir='ltr'>Susp.</span> <span class='ocrx_word' id='word_1_308' title='bbox 599 2370 736 2409; x_wconf 93' lang='lat' dir='ltr'>Inedit.</span> <span class='ocrx_word' id='word_1_309' title='bbox 767 2371 853 2408; x_wconf 80' lang='lat' dir='ltr'>sive</span> <span class='ocrx_word' id='word_1_310' title='bbox 885 2370 1002 2408; x_wconf 83' lang='lat' dir='ltr'>Misc.</span> <span class='ocrx_word' id='word_1_311' title='bbox 1032 2369 1135 2408; x_wconf 83' lang='lat' dir='ltr'>Nov.</span> 
     </span>
     <span class='ocr_line' id='line_1_39' title="bbox 253 2426 1135 2479; baseline -0.002 -14"><span class='ocrx_word' id='word_1_312' title='bbox 253 2427 366 2479; x_wconf 86' lang='lat' dir='ltr'>Lips.</span> <span class='ocrx_word' id='word_1_313' title='bbox 391 2426 483 2466; x_wconf 83' lang='lat' dir='ltr'>Vol.</span> <span class='ocrx_word' id='word_1_314' title='bbox 497 2426 562 2464; x_wconf 90' lang='grc'>111.</span> <span class='ocrx_word' id='word_1_315' title='bbox 591 2426 635 2466; x_wconf 88' lang='lat' dir='ltr'>T.</span> <span class='ocrx_word' id='word_1_316' title='bbox 651 2431 687 2467; x_wconf 88' lang='lat'>3.</span> <span class='ocrx_word' id='word_1_317' title='bbox 715 2441 750 2478; x_wconf 89' lang='lat' dir='ltr'>p.</span> <span class='ocrx_word' id='word_1_318' title='bbox 769 2431 862 2467; x_wconf 79' lang='lat'>502.</span> <span class='ocrx_word' id='word_1_319' title='bbox 891 2426 1008 2465; x_wconf 87' lang='lat' dir='ltr'>altius</span> <span class='ocrx_word' id='word_1_320' title='bbox 1022 2426 1135 2464; x_wconf 85' lang='lat' dir='ltr'>ulcus</span> 
     </span>
     <span class='ocr_line' id='line_1_40' title="bbox 254 2483 1134 2534; baseline -0.002 -12"><span class='ocrx_word' id='word_1_321' title='bbox 254 2484 317 2522; x_wconf 90' lang='lat' dir='ltr'>hic</span> <span class='ocrx_word' id='word_1_322' title='bbox 348 2483 470 2522; x_wconf 86' lang='lat' dir='ltr'>latere</span> <span class='ocrx_word' id='word_1_323' title='bbox 501 2497 669 2530; x_wconf 87' lang='lat' dir='ltr'>censeo,</span> <span class='ocrx_word' id='word_1_324' title='bbox 700 2488 951 2534; x_wconf 85' lang='lat' dir='ltr'>mentemque</span> <span class='ocrx_word' id='word_1_325' title='bbox 977 2483 1134 2534; x_wconf 89' lang='lat' dir='ltr'>Apuleii</span> 
     </span>
     <span class='ocr_line' id='line_1_41' title="bbox 255 2541 1135 2592; baseline 0 -14"><span class='ocrx_word' id='word_1_326' title='bbox 255 2541 381 2579; x_wconf 85' lang='lat' dir='ltr'>fuisse</span> <span class='ocrx_word' id='word_1_327' title='bbox 401 2542 555 2592; x_wconf 82' lang='lat' dir='ltr'>opinor,</span> <span class='ocrx_word' id='word_1_328' title='bbox 580 2545 660 2580; x_wconf 88' lang='lat' dir='ltr'>tam</span> <span class='ocrx_word' id='word_1_329' title='bbox 687 2544 843 2579; x_wconf 86' lang='lat' dir='ltr'>tenuem</span> <span class='ocrx_word' id='word_1_330' title='bbox 864 2541 938 2578; x_wconf 84' lang='lat' dir='ltr'>sibi</span> <span class='ocrx_word' id='word_1_331' title='bbox 958 2554 1052 2578; x_wconf 84' lang='lat' dir='ltr'>esse</span> <span class='ocrx_word' id='word_1_332' title='bbox 1072 2554 1135 2578; x_wconf 88' lang='lat' dir='ltr'>cu-</span> 
     </span>
     <span class='ocr_line' id='line_1_42' title="bbox 254 2596 1132 2649; baseline -0.003 -14"><span class='ocrx_word' id='word_1_333' title='bbox 254 2602 345 2644; x_wconf 86' lang='lat' dir='ltr'>tem,</span> <span class='ocrx_word' id='word_1_334' title='bbox 371 2602 501 2636; x_wconf 91' lang='lat' dir='ltr'>utnon</span> <span class='ocrx_word' id='word_1_335' title='bbox 517 2596 647 2636; x_wconf 83' lang='lat' dir='ltr'>solum</span> <span class='ocrx_word' id='word_1_336' title='bbox 669 2601 779 2635; x_wconf 86' lang='lat' dir='ltr'>esset</span> <span class='ocrx_word' id='word_1_337' title='bbox 799 2597 932 2649; x_wconf 78' lang='lat' dir='ltr'>pervia</span> <span class='ocrx_word' id='word_1_338' title='bbox 956 2596 1132 2635; x_wconf 71' lang='lat' dir='ltr'>silicibus</span> 
     </span>
     <span class='ocr_line' id='line_1_43' title="bbox 254 2654 1131 2704; baseline -0.002 -11"><span class='ocrx_word' id='word_1_339' title='bbox 254 2656 397 2699; x_wconf 85' lang='lat' dir='ltr'>acutis,</span> <span class='ocrx_word' id='word_1_340' title='bbox 422 2655 497 2693; x_wconf 86' lang='lat' dir='ltr'>sed</span> <span class='ocrx_word' id='word_1_341' title='bbox 522 2655 640 2693; x_wconf 79' lang='lat' dir='ltr'>etiam</span> <span class='ocrx_word' id='word_1_342' title='bbox 665 2654 804 2693; x_wconf 85' lang='lat' dir='ltr'>aculeo</span> <span class='ocrx_word' id='word_1_343' title='bbox 830 2655 894 2691; x_wconf 84' lang='lat' dir='ltr'>vel</span> <span class='ocrx_word' id='word_1_344' title='bbox 919 2655 989 2691; x_wconf 88' lang='lat' dir='ltr'>toti</span> <span class='ocrx_word' id='word_1_345' title='bbox 1015 2654 1131 2704; x_wconf 86' lang='lat' dir='ltr'>capiti</span> 
     </span>
     <span class='ocr_line' id='line_1_44' title="bbox 253 2711 1132 2764; baseline -0.002 -15"><span class='ocrx_word' id='word_1_346' title='bbox 253 2712 521 2762; x_wconf 78' lang='lat' dir='ltr'>sanguisugae</span> <span class='ocrx_word' id='word_1_347' title='bbox 544 2713 697 2764; x_wconf 45' lang='lat' dir='ltr'>parting</span> <span class='ocrx_word' id='word_1_348' title='bbox 714 2724 746 2749; x_wconf 88' lang='lat' dir='ltr'>s.</span> <span class='ocrx_word' id='word_1_349' title='bbox 762 2711 986 2753; x_wconf 81' lang='lat' dir='ltr'>hirudinis,</span> <span class='ocrx_word' id='word_1_350' title='bbox 1012 2723 1132 2761; x_wconf 88' lang='lat' dir='ltr'>pene-</span> 
     </span>
     <span class='ocr_line' id='line_1_45' title="bbox 253 2768 1133 2819; baseline 0 -14"><span class='ocrx_word' id='word_1_351' title='bbox 253 2770 387 2806; x_wconf 85' lang='lat' dir='ltr'>trantis</span> <span class='ocrx_word' id='word_1_352' title='bbox 413 2782 519 2814; x_wconf 82' lang='lat' dir='ltr'>eam,</span> <span class='ocrx_word' id='word_1_353' title='bbox 549 2772 592 2806; x_wconf 91' lang='lat' dir='ltr'>ut</span> <span class='ocrx_word' id='word_1_354' title='bbox 623 2769 755 2807; x_wconf 85' lang='lat' dir='ltr'>ebibat</span> <span class='ocrx_word' id='word_1_355' title='bbox 779 2768 1028 2819; x_wconf 77' lang='lat' dir='ltr'>sanguinem,</span> <span class='ocrx_word' id='word_1_356' title='bbox 1060 2780 1133 2805; x_wconf 87' lang='lat' dir='ltr'>nec</span> 
     </span>
     <span class='ocr_line' id='line_1_46' title="bbox 253 2823 1131 2875; baseline -0.001 -13"><span class='ocrx_word' id='word_1_357' title='bbox 253 2825 448 2863; x_wconf 66' lang='lat' dir='ltr'>missin-ae</span> <span class='ocrx_word' id='word_1_358' title='bbox 473 2825 545 2863; x_wconf 86' lang='lat' dir='ltr'>nisi</span> <span class='ocrx_word' id='word_1_359' title='bbox 572 2825 720 2863; x_wconf 80' lang='lat' dir='ltr'>cruoris</span> <span class='ocrx_word' id='word_1_360' title='bbox 747 2824 901 2875; x_wconf 82' lang='lat' dir='ltr'>plenae.</span> <span class='ocrx_word' id='word_1_361' title='bbox 950 2823 998 2861; x_wconf 83' lang='lat' dir='ltr'>cf.</span> <span class='ocrx_word' id='word_1_362' title='bbox 1030 2823 1131 2861; x_wconf 86' lang='lat' dir='ltr'>Plin.</span> 
     </span>
     <span class='ocr_line' id='line_1_47' title="bbox 253 2879 1130 2933; baseline -0.001 -14"><span class='ocrx_word' id='word_1_363' title='bbox 253 2880 421 2919; x_wconf 84' lang='lat' dir='ltr'>XXXII.</span> <span class='ocrx_word' id='word_1_364' title='bbox 438 2886 502 2922; x_wconf 79' lang='grc'>42.</span> <span class='ocrx_word' id='word_1_365' title='bbox 528 2880 665 2920; x_wconf 81' lang='lat' dir='ltr'>Horat.</span> <span class='ocrx_word' id='word_1_366' title='bbox 681 2881 806 2933; x_wconf 81' lang='lat' dir='ltr'>Epist.</span> <span class='ocrx_word' id='word_1_367' title='bbox 821 2881 870 2920; x_wconf 91' lang='lat' dir='ltr'>ad</span> <span class='ocrx_word' id='word_1_368' title='bbox 885 2879 1021 2918; x_wconf 87' lang='lat' dir='ltr'>Pison.</span> <span class='ocrx_word' id='word_1_369' title='bbox 1036 2884 1130 2920; x_wconf 78' lang='lat'>476.</span> 
     </span>
     <span class='ocr_line' id='line_1_48' title="bbox 255 2937 1134 2979; baseline 0.002 -4"><span class='ocrx_word' id='word_1_370' title='bbox 255 2937 452 2976; x_wconf 81' lang='lat' dir='ltr'>Theocrit.</span> <span class='ocrx_word' id='word_1_371' title='bbox 478 2938 523 2976; x_wconf 90' lang='grc'>11.</span> <span class='ocrx_word' id='word_1_372' title='bbox 550 2942 615 2979; x_wconf 87' lang='lat'>56.</span> <span class='ocrx_word' id='word_1_373' title='bbox 649 2938 800 2977; x_wconf 84' lang='lat' dir='ltr'>Gruter.</span> <span class='ocrx_word' id='word_1_374' title='bbox 835 2937 999 2977; x_wconf 86' lang='lat' dir='ltr'>coniecit</span> <span class='ocrx_word' id='word_1_375' title='bbox 1025 2937 1134 2977; x_wconf 86' lang='lat' dir='ltr'>hiru-</span> 
     </span>
     <span class='ocr_line' id='line_1_49' title="bbox 255 2994 1133 3046; baseline 0 -15"><span class='ocrx_word' id='word_1_376' title='bbox 255 2994 348 3031; x_wconf 75' lang='lat' dir='ltr'>dim·</span> <span class='ocrx_word' id='word_1_377' title='bbox 374 2999 491 3034; x_wconf 77' lang='lat' dir='ltr'>tenue</span> <span class='ocrx_word' id='word_1_378' title='bbox 523 2999 562 3034; x_wconf 91' lang='lat' dir='ltr'>et</span> <span class='ocrx_word' id='word_1_379' title='bbox 591 2995 780 3046; x_wconf 80' lang='lat' dir='ltr'>explicuit</span> <span class='ocrx_word' id='word_1_380' title='bbox 802 2994 1133 3038; x_wconf 76' lang='lat' dir='ltr'>membranulam,</span> 
     </span>
     <span class='ocr_line' id='line_1_50' title="bbox 256 3052 1132 3104; baseline -0.001 -15"><span class='ocrx_word' id='word_1_381' title='bbox 256 3064 361 3103; x_wconf 80' lang='lat' dir='ltr'>quac</span> <span class='ocrx_word' id='word_1_382' title='bbox 380 3052 443 3089; x_wconf 78' lang='lat' dir='ltr'>rel</span> <span class='ocrx_word' id='word_1_383' title='bbox 461 3052 668 3092; x_wconf 74' lang='lat' dir='ltr'>hirudinis</span> <span class='ocrx_word' id='word_1_384' title='bbox 687 3053 945 3104; x_wconf 82' lang='lat' dir='ltr'>consessione</span> <span class='ocrx_word' id='word_1_385' title='bbox 958 3052 1132 3095; x_wconf 80' lang='lat' dir='ltr'>tenuior,</span> 
     </span>
     <span class='ocr_line' id='line_1_51' title="bbox 255 3106 1134 3160; baseline 0.002 -17"><span class='ocrx_word' id='word_1_386' title='bbox 255 3106 360 3157; x_wconf 91' lang='lat' dir='ltr'>quod</span> <span class='ocrx_word' id='word_1_387' title='bbox 395 3108 459 3145; x_wconf 83' lang='lat' dir='ltr'>vix</span> <span class='ocrx_word' id='word_1_388' title='bbox 496 3110 622 3160; x_wconf 79' lang='lat' dir='ltr'>capio,</span> <span class='ocrx_word' id='word_1_389' title='bbox 672 3108 840 3147; x_wconf 84' lang='lat' dir='ltr'>Rectius</span> <span class='ocrx_word' id='word_1_390' title='bbox 877 3107 1134 3158; x_wconf 82' lang='lat' dir='ltr'>exposuisset</span> 
     </span>
     <span class='ocr_line' id='line_1_52' title="bbox 253 3164 1131 3214; baseline 0.001 -14"><span class='ocrx_word' id='word_1_391' title='bbox 253 3167 371 3201; x_wconf 80' lang='lat' dir='ltr'>tenue</span> <span class='ocrx_word' id='word_1_392' title='bbox 386 3167 423 3201; x_wconf 84' lang='lat' dir='ltr'>et</span> <span class='ocrx_word' id='word_1_393' title='bbox 436 3164 678 3214; x_wconf 87' lang='lat' dir='ltr'>penetrabile</span> <span class='ocrx_word' id='word_1_394' title='bbox 692 3166 808 3204; x_wconf 86' lang='lat' dir='ltr'>etiam</span> <span class='ocrx_word' id='word_1_395' title='bbox 824 3164 1000 3209; x_wconf 87' lang='lat' dir='ltr'>hirudini,</span> <span class='ocrx_word' id='word_1_396' title='bbox 1016 3176 1131 3214; x_wconf 88' lang='lat' dir='ltr'>quam</span> 
     </span>
    </p>
   </div>
   <div class='ocr_carea' id='block_1_7' title="bbox 1190 950 2077 3208">
    <p class='ocr_par' dir='ltr' id='par_1_8' title="bbox 1192 950 2077 2649">
     <span class='ocr_line' id='line_1_53' title="bbox 1200 950 2074 1002; baseline 0.001 -14"><span class='ocrx_word' id='word_1_397' title='bbox 1200 950 1398 1002; x_wconf 83' lang='lat' dir='ltr'>perforare</span> <span class='ocrx_word' id='word_1_398' title='bbox 1435 951 1573 990; x_wconf 85' lang='lat' dir='ltr'>hirudo</span> <span class='ocrx_word' id='word_1_399' title='bbox 1612 950 1727 990; x_wconf 88' lang='lat' dir='ltr'>facile</span> <span class='ocrx_word' id='word_1_400' title='bbox 1763 955 1915 1002; x_wconf 79' lang='lat' dir='ltr'>posset.</span> <span class='ocrx_word' id='word_1_401' title='bbox 1964 950 2074 989; x_wconf 86' lang='lat' dir='ltr'>Idem</span> 
     </span>
     <span class='ocr_line' id='line_1_54' title="bbox 1198 1008 2074 1058; baseline -0.001 -12"><span class='ocrx_word' id='word_1_402' title='bbox 1198 1021 1353 1058; x_wconf 87' lang='grc'>(1110(1110</span> <span class='ocrx_word' id='word_1_403' title='bbox 1381 1008 1534 1057; x_wconf 72' lang='lat' dir='ltr'>longius</span> <span class='ocrx_word' id='word_1_404' title='bbox 1558 1008 1768 1047; x_wconf 70' lang='lat' dir='ltr'>discedens</span> <span class='ocrx_word' id='word_1_405' title='bbox 1790 1008 1838 1046; x_wconf 91' lang='lat' dir='ltr'>ab</span> <span class='ocrx_word' id='word_1_406' title='bbox 1863 1008 2074 1047; x_wconf 88' lang='lat' dir='ltr'>litterarum</span> 
     </span>
     <span class='ocr_line' id='line_1_55' title="bbox 1197 1064 2073 1115; baseline -0.002 -12"><span class='ocrx_word' id='word_1_407' title='bbox 1197 1065 1372 1115; x_wconf 82' lang='lat' dir='ltr'>apicibus</span> <span class='ocrx_word' id='word_1_408' title='bbox 1410 1065 1711 1103; x_wconf 78' lang='lat' dir='ltr'>audacissimam</span> <span class='ocrx_word' id='word_1_409' title='bbox 1748 1064 1954 1115; x_wconf 81' lang='lat' dir='ltr'>proposuit</span> <span class='ocrx_word' id='word_1_410' title='bbox 1984 1078 2073 1102; x_wconf 89' lang='lat' dir='ltr'>con-</span> 
     </span>
     <span class='ocr_line' id='line_1_56' title="bbox 1195 1120 2073 1172; baseline -0.001 -12"><span class='ocrx_word' id='word_1_411' title='bbox 1195 1122 1398 1160; x_wconf 84' lang='lat' dir='ltr'>iecturam:</span> <span class='ocrx_word' id='word_1_412' title='bbox 1420 1122 1625 1160; x_wconf 79' lang='lat' dir='ltr'>hirudinis</span> <span class='ocrx_word' id='word_1_413' title='bbox 1637 1121 1798 1160; x_wconf 79' lang='lat' dir='ltr'>stimulo</span> <span class='ocrx_word' id='word_1_414' title='bbox 1813 1120 1970 1160; x_wconf 82' lang='lat' dir='ltr'>membr.</span> <span class='ocrx_word' id='word_1_415' title='bbox 1980 1134 2073 1172; x_wconf 80' lang='lat' dir='ltr'>per-</span> 
     </span>
     <span class='ocr_line' id='line_1_57' title="bbox 1195 1177 2073 1229; baseline -0.003 -12"><span class='ocrx_word' id='word_1_416' title='bbox 1195 1179 1300 1217; x_wconf 70' lang='lat' dir='ltr'>vium</span> <span class='ocrx_word' id='word_1_417' title='bbox 1338 1178 1467 1216; x_wconf 79' lang='lat' dir='ltr'>dedic.</span> <span class='ocrx_word' id='word_1_418' title='bbox 1518 1177 1620 1229; x_wconf 82' lang='lat' dir='ltr'>[Sed</span> <span class='ocrx_word' id='word_1_419' title='bbox 1657 1179 1744 1229; x_wconf 82' lang='lat' dir='ltr'>quis</span> <span class='ocrx_word' id='word_1_420' title='bbox 1780 1178 1874 1215; x_wconf 88' lang='lat' dir='ltr'>talia</span> <span class='ocrx_word' id='word_1_421' title='bbox 1904 1190 2073 1228; x_wconf 88' lang='lat' dir='ltr'>unquam</span> 
     </span>
     <span class='ocr_line' id='line_1_58' title="bbox 1196 1233 2074 1286; baseline -0.001 -14"><span class='ocrx_word' id='word_1_422' title='bbox 1196 1235 1445 1286; x_wconf 86' lang='lat' dir='ltr'>interpretum</span> <span class='ocrx_word' id='word_1_423' title='bbox 1471 1235 1622 1272; x_wconf 86' lang='lat' dir='ltr'>somnia</span> <span class='ocrx_word' id='word_1_424' title='bbox 1647 1234 1850 1286; x_wconf 74' lang='lat' dir='ltr'>probavit?</span> <span class='ocrx_word' id='word_1_425' title='bbox 1875 1233 1953 1272; x_wconf 79' lang='lat' dir='ltr'>Vix</span> <span class='ocrx_word' id='word_1_426' title='bbox 1974 1235 2074 1272; x_wconf 86' lang='lat' dir='ltr'>enim</span> 
     </span>
     <span class='ocr_line' id='line_1_59' title="bbox 1196 1290 2075 1342; baseline -0.002 -12"><span class='ocrx_word' id='word_1_427' title='bbox 1196 1291 1356 1341; x_wconf 77' lang='lat' dir='ltr'>intelligi</span> <span class='ocrx_word' id='word_1_428' title='bbox 1394 1294 1544 1342; x_wconf 85' lang='lat' dir='ltr'>potest,</span> <span class='ocrx_word' id='word_1_429' title='bbox 1582 1292 1645 1341; x_wconf 91' lang='lat' dir='ltr'>qui</span> <span class='ocrx_word' id='word_1_430' title='bbox 1682 1290 1784 1329; x_wconf 89' lang='lat' dir='ltr'>Oud.</span> <span class='ocrx_word' id='word_1_431' title='bbox 1817 1291 2016 1340; x_wconf 72' lang='lat' dir='ltr'>sagacitas</span> <span class='ocrx_word' id='word_1_432' title='bbox 2052 1304 2075 1328; x_wconf 86' lang='lat' dir='ltr'>a</span> 
     </span>
     <span class='ocr_line' id='line_1_60' title="bbox 1197 1346 2074 1398; baseline -0.002 -11"><span class='ocrx_word' id='word_1_433' title='bbox 1197 1352 1303 1387; x_wconf 88' lang='lat' dir='ltr'>recto</span> <span class='ocrx_word' id='word_1_434' title='bbox 1323 1361 1443 1386; x_wconf 80' lang='lat' dir='ltr'>sensu</span> <span class='ocrx_word' id='word_1_435' title='bbox 1466 1349 1517 1386; x_wconf 88' lang='lat' dir='ltr'>ita</span> <span class='ocrx_word' id='word_1_436' title='bbox 1536 1349 1717 1387; x_wconf 85' lang='lat' dir='ltr'>aberrare</span> <span class='ocrx_word' id='word_1_437' title='bbox 1737 1347 1918 1398; x_wconf 86' lang='lat' dir='ltr'>potnerit.</span> <span class='ocrx_word' id='word_1_438' title='bbox 1971 1346 2074 1392; x_wconf 84' lang='lat' dir='ltr'>Quid</span> 
     </span>
     <span class='ocr_line' id='line_1_61' title="bbox 1199 1403 2074 1456; baseline -0.002 -13"><span class='ocrx_word' id='word_1_439' title='bbox 1199 1405 1379 1456; x_wconf 87' lang='lat' dir='ltr'>equidem</span> <span class='ocrx_word' id='word_1_440' title='bbox 1407 1405 1458 1442; x_wconf 91' lang='grc'>(10</span> <span class='ocrx_word' id='word_1_441' title='bbox 1484 1404 1558 1443; x_wconf 87' lang='grc'>1100</span> <span class='ocrx_word' id='word_1_442' title='bbox 1584 1404 1671 1442; x_wconf 85' lang='grc'>1000</span> <span class='ocrx_word' id='word_1_443' title='bbox 1697 1403 1947 1442; x_wconf 85' lang='lat' dir='ltr'>statuendum</span> <span class='ocrx_word' id='word_1_444' title='bbox 1979 1417 2074 1442; x_wconf 74' lang='lat' dir='ltr'>esse</span> 
     </span>
     <span class='ocr_line' id='line_1_62' title="bbox 1200 1460 2075 1512; baseline -0.002 -12"><span class='ocrx_word' id='word_1_445' title='bbox 1200 1475 1404 1506; x_wconf 79' lang='lat' dir='ltr'>censeam,</span> <span class='ocrx_word' id='word_1_446' title='bbox 1430 1463 1464 1499; x_wconf 92' lang='grc'>111</span> <span class='ocrx_word' id='word_1_447' title='bbox 1480 1462 1670 1512; x_wconf 83' lang='lat' dir='ltr'>prioribus</span> <span class='ocrx_word' id='word_1_448' title='bbox 1685 1462 1760 1499; x_wconf 87' lang='lat' dir='ltr'>iam</span> <span class='ocrx_word' id='word_1_449' title='bbox 1777 1460 1996 1511; x_wconf 81' lang='lat' dir='ltr'>expositum</span> <span class='ocrx_word' id='word_1_450' title='bbox 2013 1464 2075 1498; x_wconf 82' lang='lat' dir='ltr'>est</span> 
     </span>
     <span class='ocr_line' id='line_1_63' title="bbox 1199 1516 2072 1569; baseline -0.003 -12"><span class='ocrx_word' id='word_1_451' title='bbox 1199 1523 1236 1557; x_wconf 79' lang='lat' dir='ltr'>et</span> <span class='ocrx_word' id='word_1_452' title='bbox 1249 1532 1381 1569; x_wconf 88' lang='lat' dir='ltr'>spero,</span> <span class='ocrx_word' id='word_1_453' title='bbox 1397 1532 1458 1556; x_wconf 74' lang='grc'>1110</span> <span class='ocrx_word' id='word_1_454' title='bbox 1473 1532 1565 1556; x_wconf 82' lang='lat' dir='ltr'>vera</span> <span class='ocrx_word' id='word_1_455' title='bbox 1580 1518 1738 1556; x_wconf 82' lang='lat' dir='ltr'>vidisse.</span> <span class='ocrx_word' id='word_1_456' title='bbox 1761 1516 1842 1554; x_wconf 80' lang='lat' dir='ltr'>Sed</span> <span class='ocrx_word' id='word_1_457' title='bbox 1853 1517 2072 1562; x_wconf 73' lang='lat' dir='ltr'>hirudinis,</span> 
     </span>
     <span class='ocr_line' id='line_1_64' title="bbox 1198 1573 2074 1627; baseline -0.005 -13"><span class='ocrx_word' id='word_1_458' title='bbox 1198 1588 1433 1627; x_wconf 88' lang='lat' dir='ltr'>quamquam</span> <span class='ocrx_word' id='word_1_459' title='bbox 1455 1576 1489 1613; x_wconf 91' lang='lat' dir='ltr'>in</span> <span class='ocrx_word' id='word_1_460' title='bbox 1511 1579 1619 1613; x_wconf 85' lang='lat' dir='ltr'>textu</span> <span class='ocrx_word' id='word_1_461' title='bbox 1640 1578 1772 1612; x_wconf 86' lang='lat' dir='ltr'>contra</span> <span class='ocrx_word' id='word_1_462' title='bbox 1787 1573 1889 1611; x_wconf 80' lang='lat' dir='ltr'>Mss.</span> <span class='ocrx_word' id='word_1_463' title='bbox 1911 1586 2074 1611; x_wconf 84' lang='lat' dir='ltr'>consen-</span> 
     </span>
     <span class='ocr_line' id='line_1_65' title="bbox 1196 1629 2075 1682; baseline -0.001 -12"><span class='ocrx_word' id='word_1_464' title='bbox 1196 1646 1281 1670; x_wconf 77' lang='lat' dir='ltr'>sum</span> <span class='ocrx_word' id='word_1_465' title='bbox 1310 1646 1382 1670; x_wconf 90' lang='grc'>11011</span> <span class='ocrx_word' id='word_1_466' title='bbox 1408 1630 1586 1682; x_wconf 75' lang='lat' dir='ltr'>reposui,</span> <span class='ocrx_word' id='word_1_467' title='bbox 1613 1633 1701 1682; x_wconf 90' lang='lat' dir='ltr'>ipse</span> <span class='ocrx_word' id='word_1_468' title='bbox 1725 1634 1854 1668; x_wconf 86' lang='lat' dir='ltr'>tamen</span> <span class='ocrx_word' id='word_1_469' title='bbox 1881 1629 2075 1682; x_wconf 81' lang='lat' dir='ltr'>praefero.</span> 
     </span>
     <span class='ocr_line' id='line_1_66' title="bbox 1196 1685 2075 1727; baseline -0.005 0"><span class='ocrx_word' id='word_1_470' title='bbox 1196 1689 1394 1727; x_wconf 81' lang='lat' dir='ltr'>Hirudinis</span> <span class='ocrx_word' id='word_1_471' title='bbox 1404 1689 1504 1727; x_wconf 77' lang='lat' dir='ltr'>enini</span> <span class='ocrx_word' id='word_1_472' title='bbox 1515 1689 1614 1727; x_wconf 81' lang='lat' dir='ltr'>cutis</span> <span class='ocrx_word' id='word_1_473' title='bbox 1624 1692 1702 1726; x_wconf 90' lang='lat' dir='ltr'>tam</span> <span class='ocrx_word' id='word_1_474' title='bbox 1711 1691 1845 1726; x_wconf 89' lang='lat' dir='ltr'>tenera</span> <span class='ocrx_word' id='word_1_475' title='bbox 1856 1690 1919 1724; x_wconf 79' lang='lat' dir='ltr'>est</span> <span class='ocrx_word' id='word_1_476' title='bbox 1927 1700 1973 1723; x_wconf 88' lang='lat' dir='ltr'>ac</span> <span class='ocrx_word' id='word_1_477' title='bbox 1982 1685 2075 1725; x_wconf 89' lang='lat' dir='ltr'>mol-</span> 
     </span>
     <span class='ocr_line' id='line_1_67' title="bbox 1196 1743 2076 1795; baseline -0.002 -11"><span class='ocrx_word' id='word_1_478' title='bbox 1196 1747 1256 1791; x_wconf 85' lang='lat' dir='ltr'>lis,</span> <span class='ocrx_word' id='word_1_479' title='bbox 1266 1750 1307 1783; x_wconf 90' lang='lat' dir='ltr'>ut</span> <span class='ocrx_word' id='word_1_480' title='bbox 1319 1749 1440 1783; x_wconf 87' lang='lat' dir='ltr'>totum</span> <span class='ocrx_word' id='word_1_481' title='bbox 1451 1747 1535 1783; x_wconf 80' lang='lat' dir='ltr'>eius</span> <span class='ocrx_word' id='word_1_482' title='bbox 1551 1743 1824 1795; x_wconf 82' lang='lat' dir='ltr'>corpusculum</span> <span class='ocrx_word' id='word_1_483' title='bbox 1838 1743 2076 1782; x_wconf 63' lang='grc' dir='ltr'>0111151111οα-</span> 
     </span>
     <span class='ocr_line' id='line_1_68' title="bbox 1194 1800 2073 1841; baseline -0.003 -1"><span class='ocrx_word' id='word_1_484' title='bbox 1194 1807 1254 1840; x_wconf 90' lang='lat' dir='ltr'>tur</span> <span class='ocrx_word' id='word_1_485' title='bbox 1267 1816 1374 1841; x_wconf 69' lang='lat' dir='ltr'>esse.</span> <span class='ocrx_word' id='word_1_486' title='bbox 1390 1803 1641 1841; x_wconf 73' lang='lat' dir='ltr'>HIrundinis</span> <span class='ocrx_word' id='word_1_487' title='bbox 1650 1814 1742 1838; x_wconf 83' lang='lat' dir='ltr'>vcro</span> <span class='ocrx_word' id='word_1_488' title='bbox 1757 1800 2073 1838; x_wconf 84' lang='lat' dir='ltr'>commemoratio</span> 
     </span>
     <span class='ocr_line' id='line_1_69' title="bbox 1195 1857 2075 1910; baseline -0.002 -13"><span class='ocrx_word' id='word_1_489' title='bbox 1195 1859 1312 1910; x_wconf 88' lang='lat' dir='ltr'>plane</span> <span class='ocrx_word' id='word_1_490' title='bbox 1327 1859 1498 1898; x_wconf 87' lang='lat' dir='ltr'>absurda</span> <span class='ocrx_word' id='word_1_491' title='bbox 1517 1862 1640 1902; x_wconf 79' lang='lat' dir='ltr'>esset,</span> <span class='ocrx_word' id='word_1_492' title='bbox 1654 1871 1728 1895; x_wconf 88' lang='lat' dir='ltr'>nec</span> <span class='ocrx_word' id='word_1_493' title='bbox 1742 1857 1878 1908; x_wconf 80' lang='grc'>01111101·</span> <span class='ocrx_word' id='word_1_494' title='bbox 1892 1857 2012 1895; x_wconf 86' lang='lat' dir='ltr'>ullum</span> <span class='ocrx_word' id='word_1_495' title='bbox 2028 1870 2075 1895; x_wconf 93' lang='grc'>00</span> 
     </span>
     <span class='ocr_line' id='line_1_70' title="bbox 1195 1914 2074 1966; baseline -0.002 -13"><span class='ocrx_word' id='word_1_496' title='bbox 1195 1915 1429 1954; x_wconf 89' lang='lat' dir='ltr'>vocabulum</span> <span class='ocrx_word' id='word_1_497' title='bbox 1452 1915 1587 1966; x_wconf 89' lang='lat' dir='ltr'>opinor</span> <span class='ocrx_word' id='word_1_498' title='bbox 1607 1928 1694 1954; x_wconf 88' lang='lat' dir='ltr'>cum</span> <span class='ocrx_word' id='word_1_499' title='bbox 1708 1914 1811 1952; x_wconf 87' lang='lat' dir='ltr'>Oud.</span> <span class='ocrx_word' id='word_1_500' title='bbox 1826 1914 2074 1964; x_wconf 86' lang='lat' dir='ltr'>probaturum</span> 
     </span>
     <span class='ocr_line' id='line_1_71' title="bbox 1196 1970 2075 2023; baseline -0.003 -13"><span class='ocrx_word' id='word_1_501' title='bbox 1196 1986 1302 2017; x_wconf 77' lang='lat' dir='ltr'>esse,</span> <span class='ocrx_word' id='word_1_502' title='bbox 1319 1972 1422 2023; x_wconf 84' lang='lat' dir='ltr'>quod</span> <span class='ocrx_word' id='word_1_503' title='bbox 1450 1971 1576 2021; x_wconf 79' lang='lat' dir='ltr'>magis</span> <span class='ocrx_word' id='word_1_504' title='bbox 1591 1971 1639 2009; x_wconf 85' lang='lat' dir='ltr'>ad</span> <span class='ocrx_word' id='word_1_505' title='bbox 1655 1972 1752 2009; x_wconf 88' lang='lat' dir='ltr'>asini</span> <span class='ocrx_word' id='word_1_506' title='bbox 1771 1970 2075 2019; x_wconf 63' lang='lat' dir='ltr'>n&#39;iagnitudinem</span> 
     </span>
     <span class='ocr_line' id='line_1_72' title="bbox 1196 2026 2074 2078; baseline -0.002 -12"><span class='ocrx_word' id='word_1_507' title='bbox 1196 2029 1384 2067; x_wconf 66' lang='lat' dir='ltr'>accedat?</span> <span class='ocrx_word' id='word_1_508' title='bbox 1399 2027 1486 2066; x_wconf 90' lang='lat' dir='ltr'>Huc</span> <span class='ocrx_word' id='word_1_509' title='bbox 1499 2028 1662 2072; x_wconf 87' lang='lat' dir='ltr'>accedit,</span> <span class='ocrx_word' id='word_1_510' title='bbox 1678 2027 1783 2078; x_wconf 89' lang='lat' dir='ltr'>quod</span> <span class='ocrx_word' id='word_1_511' title='bbox 1797 2027 1895 2065; x_wconf 76' lang='lat' dir='ltr'>cutis</span> <span class='ocrx_word' id='word_1_512' title='bbox 1909 2026 2074 2065; x_wconf 85' lang='lat' dir='ltr'>hirundi-</span> 
     </span>
     <span class='ocr_line' id='line_1_73' title="bbox 1194 2083 2077 2138; baseline -0.003 -14"><span class='ocrx_word' id='word_1_513' title='bbox 1194 2087 1252 2124; x_wconf 85' lang='lat' dir='ltr'>nis</span> <span class='ocrx_word' id='word_1_514' title='bbox 1261 2086 1404 2138; x_wconf 86' lang='lat' dir='ltr'>plumis</span> <span class='ocrx_word' id='word_1_515' title='bbox 1415 2089 1477 2123; x_wconf 81' lang='lat' dir='ltr'>est</span> <span class='ocrx_word' id='word_1_516' title='bbox 1487 2085 1656 2123; x_wconf 83' lang='lat' dir='ltr'>obducta</span> <span class='ocrx_word' id='word_1_517' title='bbox 1664 2083 1862 2129; x_wconf 84' lang='lat' dir='ltr'>hirudinis,</span> <span class='ocrx_word' id='word_1_518' title='bbox 1874 2096 1963 2120; x_wconf 81' lang='lat' dir='ltr'>vero</span> <span class='ocrx_word' id='word_1_519' title='bbox 1974 2083 2077 2121; x_wconf 86' lang='lat' dir='ltr'>nuda</span> 
     </span>
     <span class='ocr_line' id='line_1_74' title="bbox 1194 2139 2075 2193; baseline -0.003 -13"><span class='ocrx_word' id='word_1_520' title='bbox 1194 2156 1241 2181; x_wconf 88' lang='lat' dir='ltr'>ac</span> <span class='ocrx_word' id='word_1_521' title='bbox 1266 2142 1419 2193; x_wconf 75' lang='lat' dir='ltr'>glabra.</span> <span class='ocrx_word' id='word_1_522' title='bbox 1445 2146 1487 2180; x_wconf 85' lang='lat' dir='ltr'>ut·</span> <span class='ocrx_word' id='word_1_523' title='bbox 1506 2142 1631 2191; x_wconf 78' lang='lat' dir='ltr'>magis</span> <span class='ocrx_word' id='word_1_524' title='bbox 1646 2140 1747 2179; x_wconf 88' lang='lat' dir='ltr'>haec</span> <span class='ocrx_word' id='word_1_525' title='bbox 1761 2153 1876 2190; x_wconf 83' lang='lat' dir='ltr'>quam</span> <span class='ocrx_word' id='word_1_526' title='bbox 1892 2139 2075 2178; x_wconf 87' lang='lat' dir='ltr'>illalaedi</span> 
     </span>
     <span class='ocr_line' id='line_1_75' title="bbox 1194 2196 2077 2251; baseline -0.002 -14"><span class='ocrx_word' id='word_1_527' title='bbox 1194 2200 1333 2251; x_wconf 72' lang='lat' dir='ltr'>possit.</span> <span class='ocrx_word' id='word_1_528' title='bbox 1382 2198 1446 2237; x_wconf 85' lang='lat' dir='ltr'>De</span> <span class='ocrx_word' id='word_1_529' title='bbox 1482 2212 1580 2236; x_wconf 79' lang='lat' dir='ltr'>voce</span> <span class='ocrx_word' id='word_1_530' title='bbox 1617 2196 1934 2236; x_wconf 81' lang='lat' dir='ltr'>membranulum</span> <span class='ocrx_word' id='word_1_531' title='bbox 1972 2196 2077 2235; x_wconf 84' lang='grc'>00111,</span> 
     </span>
     <span class='ocr_line' id='line_1_76' title="bbox 1194 2253 2076 2295; baseline -0.002 -1"><span class='ocrx_word' id='word_1_532' title='bbox 1194 2257 1309 2294; x_wconf 75' lang='lat' dir='ltr'>velim</span> <span class='ocrx_word' id='word_1_533' title='bbox 1337 2254 1438 2293; x_wconf 85' lang='lat' dir='ltr'>Prie.</span> <span class='ocrx_word' id='word_1_534' title='bbox 1470 2255 1739 2295; x_wconf 81' lang='lat' dir='ltr'>Circumdare</span> <span class='ocrx_word' id='word_1_535' title='bbox 1764 2255 1921 2292; x_wconf 85' lang='lat' dir='ltr'>corium</span> <span class='ocrx_word' id='word_1_536' title='bbox 1947 2253 2076 2292; x_wconf 82' lang='lat' dir='ltr'>alicuz</span> 
     </span>
     <span class='ocr_line' id='line_1_77' title="bbox 1194 2310 2076 2365; baseline -0.003 -14"><span class='ocrx_word' id='word_1_537' title='bbox 1194 2327 1262 2365; x_wconf 87' lang='lat' dir='ltr'>pro</span> <span class='ocrx_word' id='word_1_538' title='bbox 1300 2312 1473 2362; x_wconf 85' lang='lat' dir='ltr'>aliquem</span> <span class='ocrx_word' id='word_1_539' title='bbox 1510 2312 1615 2350; x_wconf 86' lang='lat' dir='ltr'>corio</span> <span class='ocrx_word' id='word_1_540' title='bbox 1659 2310 1899 2349; x_wconf 86' lang='lat' dir='ltr'>circumdare</span> <span class='ocrx_word' id='word_1_541' title='bbox 1937 2310 2076 2360; x_wconf 83' lang='lat' dir='ltr'>probat</span> 
     </span>
     <span class='ocr_line' id='line_1_78' title="bbox 1196 2364 2074 2408; baseline -0.006 0"><span class='ocrx_word' id='word_1_542' title='bbox 1196 2369 1299 2408; x_wconf 85' lang='lat' dir='ltr'>Oud.</span> <span class='ocrx_word' id='word_1_543' title='bbox 1326 2383 1376 2408; x_wconf 86' lang='lat' dir='ltr'>ex</span> <span class='ocrx_word' id='word_1_544' title='bbox 1402 2370 1489 2407; x_wconf 88' lang='lat' dir='ltr'>dict.</span> <span class='ocrx_word' id='word_1_545' title='bbox 1517 2369 1602 2407; x_wconf 84' lang='lat' dir='ltr'>suis</span> <span class='ocrx_word' id='word_1_546' title='bbox 1627 2368 1675 2405; x_wconf 87' lang='lat' dir='ltr'>ad</span> <span class='ocrx_word' id='word_1_547' title='bbox 1703 2366 1805 2405; x_wconf 82' lang='lat' dir='ltr'>Hist.</span> <span class='ocrx_word' id='word_1_548' title='bbox 1832 2366 1877 2404; x_wconf 85' lang='lat' dir='ltr'>B.</span> <span class='ocrx_word' id='word_1_549' title='bbox 1905 2364 2074 2404; x_wconf 61' lang='lat' dir='ltr'>GXHI.</span> 
     </span>
     <span class='ocr_line' id='line_1_79' title="bbox 1195 2421 2074 2475; baseline -0.006 -9"><span class='ocrx_word' id='word_1_550' title='bbox 1195 2431 1230 2467; x_wconf 88' lang='grc'>7.</span> <span class='ocrx_word' id='word_1_551' title='bbox 1258 2430 1297 2464; x_wconf 88' lang='grc'>01</span> <span class='ocrx_word' id='word_1_552' title='bbox 1311 2426 1356 2465; x_wconf 87' lang='grc' dir='ltr'>Β.</span> <span class='ocrx_word' id='word_1_553' title='bbox 1371 2425 1490 2464; x_wconf 85' lang='lat' dir='ltr'>Afric.</span> <span class='ocrx_word' id='word_1_554' title='bbox 1507 2429 1570 2466; x_wconf 90' lang='lat'>38.</span> <span class='ocrx_word' id='word_1_555' title='bbox 1596 2424 1717 2475; x_wconf 87' lang='lat' dir='ltr'>Apul.</span> <span class='ocrx_word' id='word_1_556' title='bbox 1732 2423 1828 2462; x_wconf 81' lang='lat' dir='ltr'>Met.</span> <span class='ocrx_word' id='word_1_557' title='bbox 1844 2421 1912 2460; x_wconf 88' lang='lat' dir='ltr'>lX.</span> <span class='ocrx_word' id='word_1_558' title='bbox 1926 2436 1963 2473; x_wconf 90' lang='lat' dir='ltr'>p.</span> <span class='ocrx_word' id='word_1_559' title='bbox 1981 2425 2074 2463; x_wconf 64' lang='lat'>(139.</span> 
     </span>
     <span class='ocr_line' id='line_1_80' title="bbox 1195 2479 2074 2529; baseline -0.006 -6"><span class='ocrx_word' id='word_1_560' title='bbox 1195 2484 1371 2523; x_wconf 75' lang='lat' dir='ltr'>lacinias</span> <span class='ocrx_word' id='word_1_561' title='bbox 1408 2496 1557 2521; x_wconf 80' lang='lat' dir='ltr'>caveae</span> <span class='ocrx_word' id='word_1_562' title='bbox 1589 2480 1927 2520; x_wconf 70' lang='lat' dir='ltr'>circumdatas</span> <span class='ocrx_word' id='word_1_563' title='bbox 1964 2479 2074 2529; x_wconf 82' lang='lat' dir='ltr'>Virg.</span> 
     </span>
     <span class='ocr_line' id='line_1_81' title="bbox 1193 2535 2075 2584; baseline -0.003 -6"><span class='ocrx_word' id='word_1_564' title='bbox 1193 2541 1293 2579; x_wconf 85' lang='lat' dir='ltr'>Aen.</span> <span class='ocrx_word' id='word_1_565' title='bbox 1318 2539 1368 2578; x_wconf 91' lang='lat' dir='ltr'>X.</span> <span class='ocrx_word' id='word_1_566' title='bbox 1396 2542 1489 2580; x_wconf 75' lang='lat'>483.</span> <span class='ocrx_word' id='word_1_567' title='bbox 1529 2538 1662 2584; x_wconf 81' lang='lat' dir='ltr'>Quare</span> <span class='ocrx_word' id='word_1_568' title='bbox 1698 2537 1734 2575; x_wconf 90' lang='lat' dir='ltr'>id</span> <span class='ocrx_word' id='word_1_569' title='bbox 1773 2537 1933 2574; x_wconf 87' lang='lat' dir='ltr'>verbum</span> <span class='ocrx_word' id='word_1_570' title='bbox 1965 2535 2075 2575; x_wconf 88' lang='lat' dir='ltr'>Grut.</span> 
     </span>
     <span class='ocr_line' id='line_1_82' title="bbox 1192 2594 1842 2649; baseline -0.006 -14"><span class='ocrx_word' id='word_1_571' title='bbox 1192 2600 1423 2649; x_wconf 84' lang='lat' dir='ltr'>suspectum</span> <span class='ocrx_word' id='word_1_572' title='bbox 1449 2608 1543 2634; x_wconf 81' lang='lat' dir='ltr'>esse</span> <span class='ocrx_word' id='word_1_573' title='bbox 1562 2608 1637 2633; x_wconf 88' lang='grc'>11011</span> <span class='ocrx_word' id='word_1_574' title='bbox 1659 2594 1842 2632; x_wconf 86' lang='lat' dir='ltr'>debebat.</span> 
     </span>
    </p>

    <p class='ocr_par' dir='ltr' id='par_1_9' title="bbox 1190 2648 2075 3208">
     <span class='ocr_line' id='line_1_83' title="bbox 1245 2648 2074 2706; baseline -0.007 -15"><span class='ocrx_word' id='word_1_575' title='bbox 1245 2654 1377 2706; x_wconf 75' lang='lat' dir='ltr'>finire.</span> <span class='ocrx_word' id='word_1_576' title='bbox 1411 2652 1624 2703; x_wconf 80' lang='lat' dir='ltr'>perperam</span> <span class='ocrx_word' id='word_1_577' title='bbox 1650 2650 1814 2699; x_wconf 71' lang='lat' dir='ltr'>elegans</span> <span class='ocrx_word' id='word_1_578' title='bbox 1839 2648 2074 2688; x_wconf 85' lang='lat' dir='ltr'>vocabulum</span> 
     </span>
     <span class='ocr_line' id='line_1_84' title="bbox 1191 2706 2075 2748; baseline -0.007 0"><span class='ocrx_word' id='word_1_579' title='bbox 1191 2714 1408 2748; x_wconf 85' lang='lat' dir='ltr'>mutaverat</span> <span class='ocrx_word' id='word_1_580' title='bbox 1437 2709 1550 2748; x_wconf 85' lang='lat' dir='ltr'>solus</span> <span class='ocrx_word' id='word_1_581' title='bbox 1581 2706 1697 2746; x_wconf 78' lang='lat' dir='ltr'>Vulc.</span> <span class='ocrx_word' id='word_1_582' title='bbox 1718 2706 1791 2745; x_wconf 85' lang='lat' dir='ltr'>Ed.</span> <span class='ocrx_word' id='word_1_583' title='bbox 1818 2719 1900 2744; x_wconf 81' lang='lat' dir='ltr'>sec.</span> <span class='ocrx_word' id='word_1_584' title='bbox 1933 2706 2075 2744; x_wconf 84' lang='lat' dir='ltr'>Finire</span> 
     </span>
     <span class='ocr_line' id='line_1_85' title="bbox 1192 2761 2073 2813; baseline -0.009 -8"><span class='ocrx_word' id='word_1_585' title='bbox 1192 2771 1255 2805; x_wconf 85' lang='lat' dir='ltr'>est</span> <span class='ocrx_word' id='word_1_586' title='bbox 1269 2766 1486 2805; x_wconf 84' lang='lat' dir='ltr'>interficere</span> <span class='ocrx_word' id='word_1_587' title='bbox 1498 2767 1626 2804; x_wconf 76' lang='grc' dir='ltr'>τελεῖν.</span> <span class='ocrx_word' id='word_1_588' title='bbox 1665 2765 1800 2813; x_wconf 86' lang='lat' dir='ltr'>Atque</span> <span class='ocrx_word' id='word_1_589' title='bbox 1813 2762 1902 2800; x_wconf 87' lang='lat' dir='ltr'>binc</span> <span class='ocrx_word' id='word_1_590' title='bbox 1915 2761 1951 2799; x_wconf 91' lang='lat' dir='ltr'>in</span> <span class='ocrx_word' id='word_1_591' title='bbox 1967 2774 2073 2812; x_wconf 80' lang='lat' dir='ltr'>gem-</span> 
     </span>
     <span class='ocr_line' id='line_1_86' title="bbox 1190 2818 2072 2872; baseline -0.007 -10"><span class='ocrx_word' id='word_1_592' title='bbox 1190 2825 1283 2862; x_wconf 87' lang='lat' dir='ltr'>mis:</span> <span class='ocrx_word' id='word_1_593' title='bbox 1302 2823 1574 2868; x_wconf 62' lang='lat' dir='ltr'>FimMarius,</span> <span class='ocrx_word' id='word_1_594' title='bbox 1584 2821 1818 2872; x_wconf 81' lang='lat' dir='ltr'>Pompeius,</span> <span class='ocrx_word' id='word_1_595' title='bbox 1833 2818 2072 2870; x_wconf 79' lang='lat' dir='ltr'>Cleopatra,</span> 
     </span>
     <span class='ocr_line' id='line_1_87' title="bbox 1193 2876 2072 2935; baseline -0.008 -16"><span class='ocrx_word' id='word_1_596' title='bbox 1193 2881 1390 2935; x_wconf 67' lang='lat' dir='ltr'>Olympia</span> <span class='ocrx_word' id='word_1_597' title='bbox 1413 2881 1434 2918; x_wconf 94' lang='lat' dir='ltr'>i.</span> <span class='ocrx_word' id='word_1_598' title='bbox 1451 2893 1486 2918; x_wconf 91' lang='lat' dir='ltr'>e.</span> <span class='ocrx_word' id='word_1_599' title='bbox 1508 2879 1648 2931; x_wconf 78' lang='lat' dir='ltr'>finitus</span> <span class='ocrx_word' id='word_1_600' title='bbox 1661 2876 1722 2914; x_wconf 79' lang='lat' dir='ltr'>vel</span> <span class='ocrx_word' id='word_1_601' title='bbox 1736 2877 1856 2928; x_wconf 81' lang='lat' dir='ltr'>finita</span> <span class='ocrx_word' id='word_1_602' title='bbox 1881 2888 1913 2913; x_wconf 88' lang='lat' dir='ltr'>s.</span> <span class='ocrx_word' id='word_1_603' title='bbox 1930 2876 2072 2913; x_wconf 84' lang='lat' dir='ltr'>occisa.</span> 
     </span>
     <span class='ocr_line' id='line_1_88' title="bbox 1195 2930 2073 2981; baseline -0.006 -5"><span class='ocrx_word' id='word_1_604' title='bbox 1195 2937 1243 2976; x_wconf 81' lang='lat' dir='ltr'>cf.</span> <span class='ocrx_word' id='word_1_605' title='bbox 1272 2936 1359 2975; x_wconf 86' lang='lat' dir='ltr'>lntt.</span> <span class='ocrx_word' id='word_1_606' title='bbox 1383 2936 1435 2974; x_wconf 91' lang='lat' dir='ltr'>ad</span> <span class='ocrx_word' id='word_1_607' title='bbox 1459 2935 1550 2974; x_wconf 81' lang='lat' dir='ltr'>Val.</span> <span class='ocrx_word' id='word_1_608' title='bbox 1575 2934 1684 2973; x_wconf 86' lang='lat' dir='ltr'>Max.</span> <span class='ocrx_word' id='word_1_609' title='bbox 1711 2932 1757 2970; x_wconf 90' lang='grc'>11.</span> <span class='ocrx_word' id='word_1_610' title='bbox 1786 2935 1821 2972; x_wconf 91' lang='grc'>6.</span> <span class='ocrx_word' id='word_1_611' title='bbox 1848 2930 1878 2981; x_wconf 60' lang='grc' dir='ltr'>ᾧ.</span> <span class='ocrx_word' id='word_1_612' title='bbox 1907 2934 1942 2972; x_wconf 90' lang='grc'>6.</span> <span class='ocrx_word' id='word_1_613' title='bbox 1981 2930 2073 2971; x_wconf 84' lang='lat' dir='ltr'>Ext.</span> 
     </span>
     <span class='ocr_line' id='line_1_89' title="bbox 1194 2988 2072 3040; baseline -0.007 -8"><span class='ocrx_word' id='word_1_614' title='bbox 1194 2993 1299 3032; x_wconf 83' lang='lat' dir='ltr'>Duk.</span> <span class='ocrx_word' id='word_1_615' title='bbox 1332 2993 1381 3032; x_wconf 86' lang='lat' dir='ltr'>ad</span> <span class='ocrx_word' id='word_1_616' title='bbox 1409 2992 1514 3031; x_wconf 88' lang='lat' dir='ltr'>Flor.</span> <span class='ocrx_word' id='word_1_617' title='bbox 1545 2990 1590 3029; x_wconf 86' lang='lat' dir='ltr'>ll.</span> <span class='ocrx_word' id='word_1_618' title='bbox 1620 2995 1683 3030; x_wconf 86' lang='lat'>15.</span> <span class='ocrx_word' id='word_1_619' title='bbox 1734 2988 1801 3026; x_wconf 80' lang='lat' dir='ltr'>Sic</span> <span class='ocrx_word' id='word_1_620' title='bbox 1832 2988 1949 3026; x_wconf 86' lang='lat' dir='ltr'>etiam</span> <span class='ocrx_word' id='word_1_621' title='bbox 1977 2988 2072 3040; x_wconf 75' lang='lat' dir='ltr'>finis</span> 
     </span>
     <span class='ocr_line' id='line_1_90' title="bbox 1193 3044 2074 3102; baseline -0.009 -13"><span class='ocrx_word' id='word_1_622' title='bbox 1193 3050 1377 3089; x_wconf 85' lang='lat' dir='ltr'>absolute</span> <span class='ocrx_word' id='word_1_623' title='bbox 1401 3063 1470 3102; x_wconf 90' lang='lat' dir='ltr'>pro</span> <span class='ocrx_word' id='word_1_624' title='bbox 1496 3049 1599 3086; x_wconf 81' lang='lat' dir='ltr'>vitae</span> <span class='ocrx_word' id='word_1_625' title='bbox 1622 3046 1698 3084; x_wconf 87' lang='lat' dir='ltr'>fine</span> <span class='ocrx_word' id='word_1_626' title='bbox 1723 3059 1756 3084; x_wconf 88' lang='lat' dir='ltr'>s.</span> <span class='ocrx_word' id='word_1_627' title='bbox 1786 3048 1910 3082; x_wconf 88' lang='lat' dir='ltr'>morte</span> <span class='ocrx_word' id='word_1_628' title='bbox 1935 3044 2074 3082; x_wconf 84' lang='lat' dir='ltr'>dicitur</span> 
     </span>
     <span class='ocr_line' id='line_1_91' title="bbox 1192 3100 2069 3147; baseline -0.008 -3"><span class='ocrx_word' id='word_1_629' title='bbox 1192 3105 1298 3145; x_wconf 82' lang='lat' dir='ltr'>Vell.</span> <span class='ocrx_word' id='word_1_630' title='bbox 1324 3105 1369 3146; x_wconf 88' lang='lat' dir='ltr'>ll.</span> <span class='ocrx_word' id='word_1_631' title='bbox 1399 3109 1490 3147; x_wconf 85' lang='lat'>123.</span> <span class='ocrx_word' id='word_1_632' title='bbox 1515 3100 1766 3143; x_wconf 59' lang='lat' dir='ltr'>LucanXll.</span> <span class='ocrx_word' id='word_1_633' title='bbox 1796 3105 1892 3141; x_wconf 85' lang='lat'>811.</span> <span class='ocrx_word' id='word_1_634' title='bbox 1930 3100 2069 3139; x_wconf 85' lang='lat' dir='ltr'>Heius.</span> 
     </span>
     <span class='ocr_line' id='line_1_92' title="bbox 1191 3156 2071 3208; baseline -0.009 -6"><span class='ocrx_word' id='word_1_635' title='bbox 1191 3164 1242 3202; x_wconf 85' lang='lat' dir='ltr'>ad</span> <span class='ocrx_word' id='word_1_636' title='bbox 1273 3162 1385 3202; x_wconf 86' lang='lat' dir='ltr'>Lact.</span> <span class='ocrx_word' id='word_1_637' title='bbox 1419 3162 1469 3200; x_wconf 91' lang='lat' dir='ltr'>de</span> <span class='ocrx_word' id='word_1_638' title='bbox 1494 3160 1644 3199; x_wconf 86' lang='lat' dir='ltr'>Phoen.</span> <span class='ocrx_word' id='word_1_639' title='bbox 1675 3162 1766 3200; x_wconf 83' lang='lat'>161.</span> <span class='ocrx_word' id='word_1_640' title='bbox 1817 3156 1987 3208; x_wconf 87' lang='lat' dir='ltr'>Canneg.</span> <span class='ocrx_word' id='word_1_641' title='bbox 2019 3156 2071 3195; x_wconf 85' lang='lat' dir='ltr'>ad</span> 
     </span>
    </p>
   </div>
   <div class='ocr_carea' id='block_1_8' title="bbox 2210 3139 2221 3455">
    <p class='ocr_par' dir='ltr' id='par_1_10' title="bbox 2210 3139 2221 3455">
     <span class='ocr_line' id='line_1_93' title="bbox 2210 3139 2221 3455; baseline 0 212"><span class='ocrx_word' id='word_1_642' title='bbox 2210 3139 2221 3455; x_wconf 95' lang='lat' dir='ltr'> </span> 
     </span>
    </p>
   </div>
  </div>
 </body>
</html>
