2221 3667
299 122 355 166 45
548 121 599 163 L.
627 122 849 163 APULEII
877 121 1285 164 MATAURENSIS
1315 120 1867 164 METAMORPHOSEON

300 235 394 285 tior,
421 241 466 275 ut
483 234 714 289 grabatulus
740 236 855 277 etiam
883 251 1094 278 succussus
1121 243 1161 276 et
1184 234 1381 288 inquietus
1407 248 1526 288 super
1550 236 1711 276 dorsum
1737 250 1864 277 meum
1890 235 2114 290 palpitando

300 292 479 332 saltaret.
523 291 581 332 At
603 291 707 333 bona
730 292 919 334 Panthia:
949 292 1053 347 Quin
1080 292 1217 346 igitur,
1245 291 1386 344 inquit,
1416 306 1546 341 soror,
1575 293 1680 332 huuc
1705 293 1872 346 primum
1897 291 2116 332 bacchatim

300 348 579 403 discerpimus,
612 349 677 390 vel
709 351 892 391 membris
922 351 1007 390 eius
1033 347 1256 389 distentatis
1281 347 1411 387 virilia
1438 348 1683 388 desecamus.
1746 349 1810 388 Ad
1836 349 1932 389 haec
1955 347 2114 389 Meroe:

233 410 277 445 48
299 405 384 502 §sio
420 405 524 446 enim
550 404 558 461 Ι
584 419 723 460 reapse
761 421 904 447 nomen
941 406 1024 446 eius
1062 412 1154 445 tunc
1199 404 1342 444 fabulis
1379 402 1557 444 Socratis
1607 405 1822 445 convenire
1873 404 2115 457 sentiebam)

323 476 439 513 mmo,
467 462 537 513 ait,
565 463 738 517 supersit
762 463 823 503 hic
848 463 1002 512 saltem,
1032 461 1095 514 qui
1117 460 1257 500 miselli
1281 460 1392 500 huius
1413 474 1555 514 corpus
1575 474 1698 514 parvo
1720 461 1962 501 contumulet
1981 461 2111 502 humo.

298 517 354 558 Et
384 519 510 574 capite
542 519 722 561 Socratis
754 520 793 559 in
827 519 993 559 alterum
1020 518 1167 557 dimoto
1192 516 1296 557 latus
1322 530 1392 571 per
1415 516 1592 571 iugulum
1625 517 1829 566 sinistrum
1861 517 2116 571 capulotenus

300 575 471 629 gladium
499 583 622 617 totum
648 576 683 616 ei
710 574 916 628 demergit,
946 581 987 614 et
1012 573 1221 627 sanguinis
1247 573 1495 628 eruptionem
1521 573 1689 614 utriculo
1705 575 1861 615 admoto
1887 574 2037 629 excipit
2060 574 2116 622 di-

299 631 492 686 ligenter,
527 640 570 673 ut
600 632 705 672 nulla
738 631 842 671 stilla
875 637 1124 684 compareret
1154 643 1335 683 usquam.
1399 629 1511 670 Haec
1542 644 1617 683 ego
1647 631 1744 671 meis
1782 631 1905 672 oculis
1932 631 2112 686 adspexi.

298 687 402 729 Nam
435 690 551 730 etiam
584 703 632 729 ne
664 687 752 741 quid
786 687 1027 738 demutaret,
1062 688 1202 738 credo,
1237 701 1259 726 a
1285 686 1468 728 victimae
1498 687 1714 741 religione,
1748 687 1924 729 immissa
1950 689 2118 729 dextera

298 791 543 822 suc-russusque
563 791 634 811 snm
653 780 749 815 udan,
771 784 811 809 ut
832 789 885 819 gr·
900 781 1003 809 elium
1024 781 1157 819 inquiet
1174 784 1210 811 B.
1225 786 1253 811 e!
1269 791 1380 811 omnes
1394 784 1464 812 edd.
1479 786 1557 812 vett.
1605 790 1785 812 succensus
1798 783 1868 811 iam
1882 791 1918 810 eo
1933 783 2072 821 inquiet.
2086 792 2117 819 p.

298 829 478 858 snm-ussus
495 831 530 858 G,
578 827 661 854 aden
677 827 800 862 primus
810 827 1036 857 colv.reie0it.
1082 827 1294 865 inqm'tabest
1309 836 1329 857 a
1343 830 1405 857 D.a
1423 836 1502 863 m.p.
1551 827 1719 856 bac-cutim
1728 831 1768 858 D.
1815 827 1996 857 destinatis
2006 837 2118 858 omnes

300 877 389 905 codd.
405 879 435 904 et
449 876 520 904 edd.
535 877 692 908 quantum
708 873 788 902 scio.
837 880 1032 901 resecamus
1045 875 1083 903 B.
1132 876 1172 900 at
1185 871 1248 900 hoc
1263 874 1284 902 s.
1299 876 1335 902 G.
1384 873 1469 900 enim
1484 876 1576 903 abest
1591 881 1612 903 a
1623 875 1659 903 B.
1708 882 1746 902 re
1760 873 1802 902 ab
1816 881 1851 902 se
1865 877 1900 903 G.
1914 876 1951 904 Ρ.
1967 875 1988 904 f.
2001 876 2118 904 Venet.

299 923 331 950 2.
346 922 376 949 4.
392 920 496 949 Paris.
512 927 548 946 re
562 927 584 946 a
597 926 632 947 se
645 920 684 947 D.
698 925 735 945 re
749 925 821 946 esse
833 925 870 947 π.
920 917 1166 957 quamfnbnh's
1185 920 1255 948 edd.
1277 924 1354 947 vent.
1371 923 1498 954 praeter
1510 921 1636 948 1unt.2.
1652 920 1799 949 Correxit
1813 921 1894 949 illud
1908 920 2040 949 Becich.
2055 921 2116 955 Ep.

299 968 352 996 73.
366 969 395 995 et
410 968 514 1001 marg.
528 966 606 993 Bas.
626 966 650 992 1.
668 962 883 1002 tamfabulv's
897 973 928 1000 p.
970 964 1083 1002 primo
1099 973 1155 1000 pro
1169 963 1267 991 immo
1283 973 1312 1000 p.
1327 965 1369 993 cf.
1392 971 1494 1000 supra
1507 973 1536 1000 p.
1552 966 1604 994 18.
1652 963 1716 992 Jmc
1736 973 1859 1002 corpus
1880 974 1910 1000 p.
1956 973 2065 1003 parvo
2079 966 2116 995 F.

299 1013 330 1041 3.
344 1021 373 1047 p.
389 1011 409 1039 f.
453 1010 793 1047 parvaD.am.s.sed
807 1010 883 1046 quid
897 1011 990 1045 prius
1003 1010 1162 1047 scriplum
1183 1010 1291 1045 fuerit,
1313 1010 1468 1045 cognosci
1488 1019 1551 1039 non
1572 1014 1687 1047 polest.
1716 1013 1754 1040 In
1772 1012 1908 1046 reliquis
1927 1015 1974 1041 est
1990 1019 2118 1048 parva.

299 1056 405 1085 altum
420 1054 496 1082 dim.
511 1058 546 1085 G.
562 1055 583 1084 f.
632 1053 790 1082 demersit
804 1056 840 1084 L.
855 1056 894 1084 D.
908 1063 929 1085 a
942 1063 982 1085 m.
997 1064 1024 1084 s.
1073 1056 1250 1093 eruptione
1263 1057 1298 1084 F.
1314 1057 1344 1084 3.
1359 1055 1530 1092 eruptioni
1541 1057 1579 1084 I).
1631 1055 1767 1084 vasculo
1781 1057 1817 1086 F.
1834 1059 1864 1086 1.
1878 1055 2027 1085 utriculo
2039 1057 2117 1086 Rs.

297 1104 334 1131 Β.
349 1103 384 1131 G.
398 1103 437 1130 D.
451 1103 488 1130 L.
507 1109 543 1130 π.
564 1099 718 1129 marculo
734 1102 769 1130 P.
784 1102 822 1130 R.
837 1110 866 1136 p.
883 1101 904 1129 s.
920 1105 948 1130 et
965 1102 1036 1131 edd.
1051 1105 1128 1131 vett.
1143 1101 1296 1136 [utraque
1311 1102 1414 1131 forma
1433 1100 1608 1130 uter-culus
1622 1106 1652 1131 et
1673 1101 1842 1131 acriculus
1854 1106 1960 1138 potest
1972 1110 2119 1138 compro-

297 1148 381 1184 bari,
401 1155 499 1181 quum
518 1151 547 1176 et
562 1146 652 1175 utris
666 1150 695 1175 et
716 1149 794 1174 nter
806 1147 918 1175 Latini
931 1147 1087 1177 dicerent.
1108 1149 1264 1177 Glossae:
1289 1142 1390 1180 ἄοκος
1405 1149 1493 1181 nler,
1507 1146 1718 1184 utris,foll2's
1731 1148 1772 1177 cf.
1787 1149 1909 1178 caecil.
1924 1149 2021 1184 apud.
2036 1149 2117 1177 Non.

296 1202 326 1229 p.
345 1195 418 1223 118.
438 1197 467 1222 et
486 1194 582 1222 eund.
603 1202 633 1228 p.
647 1192 742 1228 231]
790 1196 905 1220 amoto
925 1194 963 1221 D.
984 1200 1004 1221 a
1017 1201 1057 1222 m.
1071 1201 1099 1227 p.
1115 1191 1251 1221 admoto
1277 1201 1340 1221 non
1355 1196 1442 1222 extat
1458 1193 1491 1221 in
1506 1193 1529 1222 f.
1577 1191 1762 1231 deligenter
1775 1195 1891 1223 Venet.
1905 1195 1936 1223 4.

1984 1201 2115 1231 compe-

296 1241 391 1266 reret
404 1240 440 1268 G.
487 1236 551 1266 hoc
564 1246 622 1276 ego
636 1239 675 1267 D.
724 1246 767 1266 ac
779 1237 883 1265 etiam
897 1240 933 1267 Β.
946 1240 1104 1274 probante
1116 1240 1247 1274 Sciopp.
1261 1241 1363 1268 Leclt.
1378 1239 1472 1274 Susp.
1486 1240 1542 1269 IV.
1557 1241 1587 1268 6.

295 1319 392 1354 tron.
418 1330 450 1355 c.
479 1319 514 1357 6.
539 1329 576 1368 p.
604 1319 669 1356 42.
696 1314 827 1354 Burin.
854 1314 950 1354 Fea.
977 1315 1027 1354 ad
1041 1314 1178 1355 Horat.

297 1371 372 1412 Od.
399 1372 466 1412 lv,
493 1376 530 1414 3.
560 1376 622 1413 10.

352 1443 571 1470 succussus
623 1429 721 1481 [Est
764 1431 923 1468 verbum
966 1433 1178 1480 argenteae

295 1488 541 1540 potissimum
586 1486 806 1532 latinitatis,
851 1487 899 1525 ab
936 1486 1108 1537 Apuleio
1140 1490 1178 1524 et

297 1545 453 1584 Seneca
487 1545 647 1596 saepius
684 1548 921 1596 usurpatum.
976 1542 1034 1582 lta
1071 1543 1178 1595 apud

294 1602 441 1641 Arnob.
467 1600 511 1640 ll.
544 1605 580 1643 6.
615 1601 721 1652 lego:
763 1601 907 1654 quibas
940 1605 977 1640 et
1006 1615 1081 1640 sna
1113 1600 1178 1639 ‹Ie-

296 1664 410 1698 crela
429 1661 666 1712 confirment
685 1663 724 1697 ct
742 1659 918 1697 aliorum
945 1659 1181 1697 succutiant

296 1721 334 1755 et
342 1716 637 1767 labefaciant.“
653 1714 916 1754 Codexhahet
924 1714 1178 1766 snbrapeanc

296 1777 335 1812 et
366 1773 445 1813 lab.
478 1777 648 1818 secreta,
680 1772 784 1823 quod
820 1773 907 1810 sine
943 1771 1024 1810 ullo
1058 1771 1174 1809 dubio

296 1831 331 1868 in
355 1830 522 1870 decreta
547 1833 610 1868 est
635 1829 923 1868 emendandum
948 1832 988 1866 et
1008 1842 1057 1866 ex
1076 1829 1175 1880 prio-

295 1888 399 1926 ribus
424 1887 500 1926 hue
520 1886 702 1939 irrepsit]

353 1945 459 1984 adeo
490 1957 712 1984 succussus.
750 1943 876 1982 Recte
908 1944 1086 1981 omittunt
1122 1943 1174 1980 in-

295 2005 487 2054 terpretes
517 2002 638 2047 adeo,
667 2000 771 2052 quod
795 2014 920 2052 saepe
946 2004 1035 2039 ante
1061 2001 1176 2051 parti-

296 2060 423 2098 culam
454 2064 500 2098 nt
528 2059 742 2109 negligitur.
775 2057 822 2096 cf.
849 2057 951 2096 Oud.
985 2056 1035 2096 ad
1062 2055 1175 2096 Caes.

295 2116 342 2154 B.
370 2116 416 2155 G.
444 2115 506 2154 ΠΙ.
537 2121 601 2156 14.
630 2114 724 2155 Ταο.
750 2115 850 2154 Hist.
876 2114 920 2153 11.
947 2119 1014 2156 46.

355 2173 585 2213 bacchatim
613 2173 899 2225 discerpimus,
929 2171 979 2210 de
998 2170 1180 2209 Pentheo

296 2230 344 2270 cf.
375 2230 489 2269 Ovid.
523 2230 618 2269 Met.
644 2228 706 2268 lll.
739 2234 832 2270 514.
865 2232 902 2266 et
932 2227 1103 2267 Pausan.
1131 2227 1176 2267 Il.

296 2303 328 2327 c.
355 2292 392 2328 2.
418 2302 454 2339 p.
485 2292 575 2328 116.
602 2286 737 2326 Munk.
764 2286 815 2325 ad
840 2285 982 2338 Hygin.
1010 2285 1087 2324 sab.
1109 2289 1175 2326 86.

295 2360 333 2397 p.
359 2348 452 2385 304.
480 2344 587 2382 Stav.

352 2401 535 2440 membris
550 2402 789 2440 distcnlaffis.
811 2401 1049 2452 [Destinare
1065 2398 1175 2437 Colv.

297 2463 336 2498 et
361 2458 466 2497 Oud.
494 2462 597 2497 recte
624 2458 821 2509 explicant
848 2459 998 2496 cincii-c
1024 2461 1062 2494 et
1094 2456 1176 2496 col-

297 2517 451 2569 liyare,
495 2517 547 2555 ita
582 2519 622 2554 ut
659 2514 840 2553 membris
878 2515 1090 2554 destinatis
1126 2514 1177 2552 sit

294 2573 479 2621 membre's
504 2573 710 2612 decim-tis.
743 2571 854 2610 Haec
875 2585 966 2609 vero
986 2571 1176 2622 significa-

296 2631 347 2668 tio
378 2629 467 2668 huic
497 2630 585 2668 loco
617 2643 690 2668 non
719 2628 866 2667 videtur
891 2642 982 2667 esse
1014 2642 1177 2667 consen-

295 2690 423 2733 tanea,
450 2700 565 2738 quum
580 2686 747 2739 pedibus
766 2689 912 2724 tantum
925 2687 1082 2725 ,varicus
1102 2685 1179 2723 dis-

296 2745 413 2782 tentiS
444 2744 544 2784 haec
573 2744 733 2783 virilium
759 2743 933 2781 desectio
958 2744 1060 2781 bene
1086 2756 1177 2793 pos-

296 2804 360 2839 set
384 2801 610 2853 procedere,
636 2801 674 2839 id
700 2800 805 2850 quod
832 2798 943 2838 Colv.
969 2801 1044 2839 iam
1070 2798 1175 2838 vide-

296 2861 365 2897 rat.
400 2857 441 2896 ln
470 2858 628 2897 Glossis
653 2856 806 2896 Philox.
834 2857 972 2908 legitur
997 2857 1175 2895 destinat

296 2914 480 2967 περισπᾶ,
512 2915 616 2967 quod
642 2914 834 2959 Vossius,
861 2927 978 2964 quum
1004 2912 1174 2964 explica-

296 2972 388 3010 tioni
425 2986 499 3010 non
526 2976 660 3024 aptum
689 2975 812 3017 esset,
844 2972 879 3009 in
913 2971 1079 3009 dt'stinct
1109 2970 1171 3009 vel

297 3027 501 3067 distendet
529 3028 774 3067 emendabat.
841 3028 1050 3067 Distincz·e
1083 3039 1173 3065 vero

297 3084 403 3135 quod
421 3086 631 3138 impedire,
650 3099 792 3124 arcere
805 3085 1006 3136 significat,
1032 3096 1173 3135 graeco

295 3154 380 3181 voc.
411 3145 600 3195 περισπᾶν
636 3156 711 3181 non
747 3142 940 3186 convenit,
978 3141 1176 3181 distendit

1237 1328 1329 1353 vero
1367 1330 1390 1354 a
1426 1315 1620 1355 literarum
1656 1319 1778 1355 tractu
1809 1316 1922 1354 nimis
1958 1315 2117 1361 recedit,

1239 1373 1340 1411 unde
1373 1373 1570 1412 distentat
1599 1376 1637 1411 et
1666 1374 1702 1412 in
1735 1372 1887 1412 Glossa
1916 1376 1956 1411 et
1979 1376 2115 1412 nostro

1237 1429 1324 1468 loco
1363 1429 1574 1480 legendum
1605 1443 1697 1468 esse
1724 1429 2009 1476 affirmaverim,
2045 1443 2120 1470 nec

1237 1488 1361 1525 minus
1388 1488 1422 1524 in
1449 1486 1627 1525 eiusdem
1651 1486 1804 1525 Philox.
1821 1486 1972 1526 Glossa
1996 1486 2117 1526 desti-

1236 1557 1337 1583 nare
1373 1541 1578 1583 ἀποστίλαι
1609 1544 1755 1595 corrige
1787 1556 1940 1582 mecum
1971 1544 2118 1583 disten-

1238 1605 1326 1640 tarc
1351 1599 1556 1652 ἀποσῦραι.
1602 1601 1836 1640 Distentare
1866 1602 1982 1640 etiam
2013 1600 2119 1653 apud

1237 1657 1344 1708 Virg.
1372 1657 1455 1698 Ecl.
1481 1657 1548 1696 lx.
1583 1662 1647 1698 31.
1680 1662 1719 1696 et
1745 1656 1886 1697 Tibull.
1911 1656 1958 1697 11.
1984 1661 2021 1698 5.
2048 1661 2114 1698 84.

1235 1715 1497 1767 recipiendum
1522 1714 1700 1768 videtur]

1289 1786 1443 1824 part-0,
1483 1770 1566 1824 [Ex
1602 1771 1649 1810 F.
1676 1775 1771 1824 optt.
1797 1771 1965 1823 aliisque
2002 1770 2115 1810 codd.

1234 1830 1381 1881 recepi,
1408 1829 1513 1880 quod
1538 1830 1766 1880 antiquitate
1791 1842 1916 1880 genus
1942 1832 2117 1867 neutrum

1234 1887 1332 1925 satis
1369 1886 1619 1926 confirmatur.
1668 1886 1716 1925 cf.
1747 1885 1934 1925 Priscian.
1966 1883 2032 1924 VI.
2071 1899 2111 1938 p.

1236 1947 1329 1985 278.
1356 1942 1510 1995 Krehl]

1287 2014 1367 2052 per
1392 2000 1579 2051 iet-:sulum
1594 1999 1871 2053 -—'dcmer9it.
1915 1998 1981 2052 [cf.
2009 1997 2112 2037 Cort.

1236 2057 1286 2096 ad
1310 2056 1460 2095 Lucan.
1485 2055 1548 2095 lll.
1577 2056 1686 2109 748]

1293 2114 1539 2153 Nametiam..
1552 2113 1741 2153 Acetiam
1750 2113 1890 2153 cod.B.
1906 2112 2115 2151 lectionem

1235 2170 1340 2211 Oud.
1358 2172 1477 2210 reiicit
1491 2175 1648 2223 propter
1662 2174 1904 2210 constantem
1918 2170 2116 2209 Romano-

1234 2242 1315 2267 rum
1336 2241 1461 2273 usum,
1485 2229 1548 2279 qui
1569 2243 1619 2267 ac
1632 2231 1722 2267 ante
1734 2227 1896 2267 vocales
1910 2231 2112 2280 spernunt3

1236 2285 1282 2324 cs.
1299 2284 1402 2324 Oud.
1417 2285 1468 2324 ad
1483 2286 1592 2324 Suet.
1609 2284 1723 2324 Caes.
1745 2299 1778 2324 c.
1793 2288 1859 2326 26.
1878 2284 1982 2324 unde
1994 2283 2115 2337 Apul.

1235 2342 1330 2381 Met.
1341 2341 1408 2380 Vl.
1424 2357 1462 2394 p.
1480 2346 1573 2383 421.
1590 2342 1798 2394 legendum
1813 2346 1933 2381 estat
1943 2343 2064 2380 etiam
2077 2343 2116 2379 et

1235 2398 1321 2438 Vll.
1336 2403 1476 2452 p.451.
1491 2414 1542 2439 ac
1555 2401 1717 2451 saepius
1732 2400 1954 2438 immodice.
1971 2396 2050 2450 [Ex
2062 2398 2113 2435 in-

1236 2457 1463 2495 numerabili
1489 2456 1577 2495 W.
1605 2456 1694 2495 DD.
1722 2456 1851 2508 copia,
1884 2455 1948 2507 qui
1971 2469 2025 2494 ac
2048 2467 2114 2493 vo-

1237 2514 1310 2553 cali
1357 2517 1551 2564 sequente
1594 2527 1617 2552 a
1656 2513 1853 2551 veteribus
1900 2512 1992 2564 poni
2035 2525 2114 2549 om·

1237 2573 1325 2610 nino
1363 2574 1550 2622 negarunt
1587 2569 1635 2607 cf.
1674 2569 1779 2608 Oud.
1818 2568 1870 2608 ad
1906 2567 2026 2609 Caes.
2063 2567 2112 2608 B.

1238 2628 1285 2668 G.
1322 2627 1388 2667 VI.
1428 2631 1493 2668 38.
1539 2627 1662 2667 VVols.
1702 2626 1816 2665 Anal.
1852 2624 1897 2664 Π.
1938 2639 1978 2677 p.
2016 2628 2113 2666 288.

1238 2685 1377 2737 Spald.
1416 2685 1466 2723 ad
1504 2683 1633 2730 Quint.
1671 2683 1720 2723 V.
1753 2687 1789 2723 2.
1822 2686 1859 2723 3.
1891 2682 2025 2721 Garat.
2062 2680 2113 2720 ad

1237 2741 1314 2781 Cic.
1340 2756 1409 2794 pro
1441 2740 1525 2780 Mil.
1555 2745 1617 2781 12.
1644 2739 1780 2779 Eckst.
1806 2739 1856 2778 ad
1882 2737 1975 2778 Tac.
2002 2737 2112 2778 Orat.

1234 2798 1305 2839 1V.
1329 2813 1367 2851 p.
1384 2802 1478 2839 232.
1510 2796 1745 2836 Patrocinati
1769 2799 1860 2835 sunt
1885 2795 1996 2834 alteri
2021 2808 2110 2834 sen·

1233 2857 1377 2895 tentiae
1410 2854 1550 2894 Stallb.
1584 2854 1635 2894 ad
1666 2853 1797 2892 Rudd.
1828 2851 1966 2892 Institt.
1997 2850 2040 2891 II.
2071 2865 2111 2904 p.

1234 2917 1347 2958 343..
1373 2915 1506 2952 contra
1532 2925 1646 2962 quem
1671 2909 1849 2948 Frotsch.
1876 2910 1912 2948 in
1937 2907 2033 2948 Exe.
2059 2907 2109 2948 V.

1233 2970 1283 3009 ad
1315 2970 1445 3016 Quint.
1477 2967 1528 3007 X.
1561 2982 1598 3020 p.
1625 2971 1717 3008 257.
1750 2967 1886 3005 acriter
1909 2965 2110 3018 pugnavit,

1233 3026 1361 3065 Hand.
1388 3024 1557 3064 Turseli.
1582 3023 1608 3062 I.
1632 3038 1671 3076 p.
1699 3027 1791 3063 454.
1818 3022 1985 3062 Battich.
2010 3020 2109 3060 Lex.

1235 3076 1328 3122 Tac.
1343 3097 1376 3121 s.
1390 3096 1425 3121 v.
1442 3083 1524 3120 Sed
1540 3081 1775 3133 negligentia
1789 3083 1937 3118 tantum
1949 3077 2108 3117 Ruhnk.

1235 3145 1273 3178 et
1287 3140 1498 3179 Bosschae
1522 3139 1561 3177 id
1586 3151 1660 3176 non
1681 3138 1824 3189 ubique
1843 3138 2022 3176 accurate
2042 3135 2109 3174 ob·
