2155 3590
678 174 866 216 LIBER
890 175 966 217 IX.
1024 175 1148 215 CAP.
1172 175 1224 215 11.
1756 175 1835 218 751

57 301 192 329 cocum
215 292 255 327 et
278 288 297 309 '³
321 284 360 326 H
363 285 619 341 ypatarium*
642 287 922 329 cubicularium
946 294 987 329 et
1008 287 1261 343 Apollonium
1290 285 1503 337 medicum,
1540 286 1657 328 immo
1680 300 1776 329 vero
1800 294 1842 329 et

56 345 186 398 plures
210 342 309 383 alios
333 356 387 383 ex
411 342 556 383 familia
582 342 742 398 abigere
766 351 986 395 tentantes,
1018 344 1142 385 variis
1172 342 1367 384 morsibus
1397 357 1586 397 quemque
1616 344 1838 394 lacerasse,

57 406 164 440 certe
193 398 399 440 venenatis
433 399 628 440 morsibus
660 407 841 440 contacta
870 400 1059 441 nonnulla
1086 401 1259 441 iumenta
1283 399 1440 440 efferari
1470 399 1549 439 iam
1573 399 1690 440 simili
1712 400 1838 441 rabie.

57 455 169 509 Quae
204 469 270 496 res
305 455 478 495 omnium
512 456 645 495 statim
682 457 876 510 percussit
909 457 1088 507 animos,
1125 455 1279 510 ratique
1313 469 1375 495 me
1410 455 1528 496 etiam
1563 457 1698 498 eadem
1732 463 1842 510 peste

56 511 243 552 infectum
283 510 452 551 ferocire
469 542 480 562 ‚
525 511 695 566 arreptis
737 512 998 554 cuiuscemodi
1039 512 1127 554 telis
1143 543 1155 563 ‚
1199 518 1411 565 mutuoque
1450 518 1495 552 ut
1531 512 1695 552 exitium
1737 526 1842 552 com-

57 581 173 608 mune
197 567 439 622 protelarent
463 567 676 618 cohortati,
702 568 777 623 ipsi
798 568 804 624 Ι
824 569 951 623 potius
977 569 1112 609 eodem
1135 567 1322 609 vesaniae
1345 566 1481 608 morbo
1505 567 1730 609 laborantes
1754 582 1842 622 per-

57 631 288 677 sequuntur.
342 622 429 664 Nec
454 623 568 664 dubio
593 637 654 664 me
683 624 830 666 lanceis
855 624 930 666 illis
954 624 1019 666 vel
1042 624 1280 665 venabulis
1268 637 1386 664 immo
1409 637 1506 665 vero
1531 630 1572 664 et
1592 623 1841 678 bipennibus,

58 693 157 733 quae
193 679 307 720 facilc
343 679 478 720 famuli
513 679 929 731 subministraverant,
967 680 1210 721 membratim
1246 679 1550 734 compilassent,
1589 679 1630 719 ni
1663 687 1844 734 respecto

58 735 177 776 subiti
194 735 356 790 periculi
379 736 557 788 turbine,
585 736 856 789 cubiculum,
845 751 886 777 111
900 751 975 791 quo
990 735 1224 778 meidomini
1247 735 1518 788 devertebant,
1538 735 1717 791 protinus
1740 736 1845 776 irru-

58 848 171 868 eocum
184 849 294 870 omnes
308 842 399 870 codd.
413 845 443 871 et
457 843 527 871 edd.
541 844 668 877 praeter
681 843 717 870 G.
734 843 764 880 1,
779 842 833 876 qui
847 839 983 870 coelium
996 843 1093 871 habet
1105 842 1319 880 otmundum,
1334 842 1388 876 qui
1401 848 1542 879 coquum
1555 839 1693 876 exprimi
1707 840 1846 870 curavit.

58 883 285 923 Hypatafium
299 887 335 916 F.
350 888 381 915 3.
412 884 648 923 Hypatarium
661 887 696 916 F.
712 888 741 916 1.
772 885 1043 924 Ilippatapln'um
1057 895 1087 922 p.
1119 885 1368 923 Hippatam'um
1391 887 1461 916 Alii
1475 887 1565 916 codd.
1587 889 1668 916 teste
1686 887 1765 915 oud.
1776 907 1785 923 ‚
1810 889 1847 915 ut

56 933 94 960 B.
108 933 157 960 ed.
173 939 220 966 pr.
233 932 359 961 Vicent.
369 933 520 961 Venet.2.
536 940 608 961 cum
621 940 708 967 seqq.
732 930 795 968 hys
803 931 979 969 passivum
993 931 1068 961 G.1.
1093 929 1295 968 Hippus-ium
1309 933 1347 961 R.
1372 929 1573 968 Hispasium
1585 933 1640 961 vel
1653 929 1846 968 Hypast‘um

59 977 269 1006 G.2.0.D.P.
278 980 323 1006 M.
330 976 363 1014 ῥ’.
372 973 401 1006 δ.
412 977 432 1006 f.
441 984 477 1006 π.
490 979 607 1006 Incert.
624 975 810 1013 Hypatium
818 979 1084 1012 vulc.2.etseqq.
1103 975 1337 1014 Hypasv'an.
1373 975 1723 1014 appollom'umG.2.D.
1742 984 1848 1013 appo-

58 1020 183 1049 lonium
191 1022 227 1050 G.
238 1023 267 1051 1.
315 1021 403 1050 alios
416 1020 456 1049 de
459 1020 606 1061 familia
614 1025 649 1051 G.
661 1023 689 1050 1.
698 1023 732 1051 Ο.
754 1022 796 1050 cf.
805 1023 846 1051 ad
854 1023 1020 1052 Met.v111.
1027 1030 1058 1057 p.
1067 1023 1143 1050 504.
1165 1029 1252 1050 unns
1265 1020 1288 1049 d
1292 1029 1309 1049 e
1312 1020 1461 1060 famulis
1477 1020 1636 1050 Charites
1648 1020 1764 1059 abiger
1772 1022 1848 1050 G.1.

60 1068 241 1103 temtaptea
253 1068 293 1095 D.
327 1066 526 1095 venenantis
534 1067 639 1096 Paris.
676 1066 832 1095 venantis
843 1068 958 1096 Venet.
972 1068 1003 1095 4.
1039 1067 1266 1096 contractaF.
1279 1064 1686 1096 1.3.G.1.2.1>.o.‹5.1’ric.
1711 1068 1849 1094 contre-

59 1114 160 1139 ctata
170 1113 207 1140 L.
233 1111 309 1140 Ecca
322 1114 361 1141 D.
386 1115 548 1140 conctaca
560 1113 674 1140 Venet.
687 1113 717 1139 4.
742 1113 778 1140 In
792 1115 863 1140 cett.
877 1114 1051 1141 contacta.
1077 1111 1140 1147 [De
1153 1114 1214 1141 hac
1228 1112 1418 1140 confusione
1437 1112 1678 1141 cf.1.iv.xx1x.
1692 1107 1844 1151 18.§.12.

60 1158 116 1185 Dr.
129 1158 169 1185 ad
183 1159 277 1186 eund.
290 1159 332 1186 ΙΙ,
346 1161 376 1186 5.
390 1157 420 1192 S.
433 1156 480 1193 2.]
527 1155 714 1193 effla-rania
727 1156 831 1184 simili
840 1158 877 1186 F.
891 1159 920 1185 3.
945 1154 1093 1193 efferari
1103 1155 1172 1184 iam
1184 1156 1287 1185 simili
1297 1155 1392 1184 rabie
1405 1158 1441 1186 F.
1456 1158 1486 1185 1.
1499 1158 1535 1185 G.
1550 1158 1563 1185 1
1572 1178 1578 1186 .
1593 1156 1614 1185 f.
1628 1154 1656 1185 ὃ.
1679 1156 1738 1186 alii
1755 1157 1848 1186 codd.

61 1206 141 1230 teste
155 1203 233 1231 oud.
248 1206 276 1231 et
291 1204 360 1230 edd.
376 1202 449 1231 inde
463 1204 503 1231 ab
518 1203 608 1230 colv.
642 1199 790 1238 efferari
801 1201 904 1230 simili
914 1201 1010 1229 rabie
1024 1203 1060 1230 G.
1075 1203 1106 1230 2.
1118 1203 1157 1230 D.
1194 1200 1308 1238 effrra
1320 1200 1424 1229 simili
1434 1201 1529 1230 rabie
1541 1203 1576 1231 P.
1591 1206 1622 1230 et
1639 1202 1676 1232 F.
1692 1204 1720 1231 1.
1746 1201 1850 1238 (teste

59 1246 163 1281 Elm.)
200 1245 352 1284 efferata
365 1246 468 1275 simili
479 1245 573 1274 rabie
587 1248 622 1275 B.
637 1250 667 1275 et
679 1247 750 1275 edd.
763 1249 840 1275 vett.
885 1245 920 1274 in
935 1254 991 1281 pro
1010 1246 1113 1274 etiam
1132 1255 1163 1282 p.
1206 1245 1355 1284 perculit
1378 1246 1492 1275 Incert.
1537 1245 1700 1286 infestum
1715 1248 1751 1275 G.
1766 1248 1796 1276 1.
1809 1254 1848 1275 π.

58 1291 247 1330 perfectum
259 1293 373 1321 Venet.
389 1294 418 1321 2.
457 1291 630 1330 ferociter
642 1292 677 1320 0.
713 1290 864 1319 veracire
880 1291 1009 1321 Vicent.
1027 1292 1142 1320 Venet.
1154 1293 1187 1320 2.
1232 1294 1268 1321 In
1289 1290 1514 1319 cuiuscemodi
1529 1293 1583 1320 vel
1601 1289 1852 1330 cuiusquemodi

60 1337 264 1366 consentiunt
285 1337 352 1365 fere
370 1344 481 1365 omnes
499 1337 587 1364 codd.
607 1339 637 1364 et
654 1338 736 1365 lunt.
751 1338 783 1364 ’2.
802 1336 989 1371 placuitque
1001 1336 1091 1365 Pice.
1104 1337 1207 1365 Peric.
1226 1337 1303 1365 erit.
1316 1343 1342 1365 c.
1359 1338 1410 1366 13.
1445 1334 1674 1364 huiuscemodi
1684 1338 1721 1366 L.
1734 1345 1764 1371 1).
1778 1338 1850 1365 edd.

61 1384 138 1410 vett.
158 1389 261 1416 usque
279 1382 320 1410 ad
339 1382 431 1410 Colv.
467 1379 666 1408 ez'uscemodi
682 1382 758 1410 cod.
776 1382 892 1410 Incert-
926 1379 1132 1408 huiscemodi
1147 1382 1275 1410 Vicent.
1310 1379 1497 1409 cuiusmodi
1513 1382 1549 1411 0.
1598 1380 1678 1410 talis
1690 1383 1804 1411 venet.
1818 1383 1851 1410 2.

63 1425 138 1453 celis
151 1429 245 1455 abest
256 1433 277 1455 a
290 1427 325 1455 G.
343 1427 371 1455 1.
418 1428 453 1453 et
465 1426 607 1453 exitium
623 1427 658 1454 G.
680 1427 707 1455 1.
722 1433 742 1454 a
755 1434 794 1454 m.
809 1433 839 1460 p.
886 1428 926 1453 ut
937 1434 1000 1454 non
1014 1429 1176 1460 comparet
1190 1426 1224 1455 in
1237 1423 1266 1455 ὃ.
1291 1424 1447 1454 charmei
1457 1427 1492 1456 C.
1517 1424 1654 1454 cohorti
1665 1427 1689 1456 f.
1721 1425 1850 1464 gulata-

60 1473 141 1498 rent
157 1473 239 1500 Mss.
257 1471 372 1500 Colvii.
419 1470 530 1498 endem
549 1473 661 1499 exulat
679 1473 719 1499 ab
733 1472 802 1499 edd.
817 1473 893 1499 vett.
906 1478 1010 1504 usque
1029 1472 1070 1499 ad
1084 1472 1173 1500 Colv.
1196 1471 1364 1500 Invenitur
1376 1471 1411 1499 in
1428 1472 1465 1500 F.
1481 1472 1511 1500 1.
1525 1472 1556 1500 3.
1571 1472 1607 1500 G.
1623 1473 1652 1501 1.
1666 1473 1697 1500 2.
1711 1472 1748 1500 1..
1761 1472 1798 1500 P.
1811 1473 1851 1500 D.

61 1518 97 1545 Ο.
111 1515 133 1545 f.
147 1524 175 1550 p.
191 1516 268 1545 aliis
282 1524 361 1550 quos
375 1517 453 1545 Oud.
469 1516 656 1544 nominatim
670 1523 732 1544 non
744 1515 886 1550 protulit.
933 1514 1094 1543 beraniae
1107 1516 1143 1544 F.
1158 1517 1189 1545 3.
1204 1517 1238 1545 Ο.
1251 1524 1280 1551 11.
1296 1515 1317 1545 f.
1352 1515 1488 1544 beravie
1501 1517 1537 1544 G.
1553 1517 1582 1545 1.
1618 1515 1756 1544 beram‘e
1768 1518 1806 1545 G.
1819 1518 1852 1545 2.

64 1562 98 1589 P.
111 1561 150 1590 D.
174 1560 311 1588 berttnie
323 1563 386 1590 Ms.
400 1562 491 1590 Colv.
515 1560 686 1589 vet-amine
703 1558 731 1588 δ’.
751 1563 825 1589 coll.
847 1561 939 1595 Lips.
963 1562 999 1589 In
1012 1564 1086 1590 cett.
1099 1561 1269 1590 vesaniae.
1317 1559 1515 1589 laborantes
1531 1559 1645 1589 morbo
1659 1561 1680 1591 f.
1726 1559 1852 1597 dubito,

60 1607 144 1640 quod
158 1614 176 1635 e
187 1606 259 1635 suis
274 1609 309 1636 G.
324 1607 356 1635 2.
370 1607 438 1634 cod.
452 1606 614 1641 excerptis
627 1607 706 1635 Oud.
720 1608 845 1641 enatat,
870 1606 915 1634 ibi
928 1613 992 1634 non
1005 1609 1070 1642 est,
1095 1606 1152 1634 sed
1165 1604 1299 1643 dubbae‘o,
1325 1610 1359 1635 ut
1372 1606 1407 1634 in
1419 1608 1458 1635 D.
1505 1605 1560 1634 vel
1577 1605 1751 1634 venabulis
1770 1607 1805 1635 F.
1820 1608 1852 1635 3.

63 1653 101 1679 G.
118 1653 147 1680 1.
160 1653 191 1681 2.
205 1652 245 1679 D.
261 1652 295 1680 0.
309 1652 344 1680 P.
360 1651 380 1679 f.
393 1658 430 1680 π.
445 1659 474 1686 p.
488 1648 517 1680 δ’.
540 1653 577 1680 In
591 1654 662 1680 cett.
699 1653 734 1678 et
745 1649 930 1679 venabulis.
977 1650 1151 1679 «cenaculis
1164 1660 1194 1686 p.
1208 1653 1257 1680 ed.
1271 1659 1318 1686 pr.
1330 1651 1458 1680 Vicent.
1471 1652 1586 1680 Venet.
1598 1653 1631 1681 2.
1678 1651 1853 1688 abz'penni-

62 1695 122 1723 bus
135 1704 191 1731 pro
205 1699 234 1725 et
247 1695 438 1732 bipennibus
452 1698 490 1726 D.
537 1694 885 1724 subministraverunt
895 1697 931 1725 F.
947 1697 977 1725 1.
991 1697 1021 1724 3.
1035 1698 1072 1725 L.
1088 1696 1109 1725 f.
1123 1693 1152 1725 ὃ.
1167 1697 1271 1726 Scriv.
1297 1695 1644 1724 31111111ιήἰεὶναυενιιηῐ
1661 1699 1697 1726 G.
1720 1699 1748 1726 ’1.
1767 1699 1800 1725 2.
1813 1698 1853 1725 D.

63 1742 99 1770 0.
113 1742 149 1770 Ρ.
172 1742 210 1770 In
223 1745 296 1770 cett.
308 1739 619 1769 suhnn‘m'strabant.
655 1739 907 1777 computassent
919 1742 989 1770 G.1.
1005 1740 1110 1776 [Lips.
1125 1742 1159 1770 in
1171 1742 1412 1776 Epistouaest.
1421 1743 1462 1770 11.
1474 1742 1578 1777 Epist.
1591 1743 1691 1771 XXII.
1706 1743 1855 1770 emendat

63 1785 350 1822 concipilassent]
397 1786 434 1814 vi
444 1789 595 1823 respecto
607 1788 646 1815 D.
671 1788 824 1822 respectu
837 1786 943 1816 Paris.
991 1785 1156 1814 turbidine
1168 1788 1318 1815 Beroald.
1333 1787 1450 1816 vitiose
1467 1790 1498 1816 et
1516 1786 1623 1816 Paris.
1664 1786 1855 1823 periculum

64 1830 248 1859 cubiculum
269 1833 305 1860 G.
328 1833 357 1860 1.
378 1832 483 1867 priore
500 1833 659 1860 vocabulo
677 1831 766 1860 linea
783 1832 930 1862 obducto.
976 1829 1191 1860 divertebant
1208 1832 1246 1861 de
1265 1839 1352 1861 more
1368 1831 1403 1861 in
1422 1831 1587 1868 plerisque
1603 1834 1687 1862 Mss.
1711 1835 1744 1861 et
1765 1832 1852 1862 Edit.

63 1878 150 1905 Inter
160 1884 248 1905 meos
260 1878 356 1906 habet
367 1878 405 1906 D.
419 1885 479 1906 nec
493 1877 589 1906 aliter
601 1877 671 1906 edd.
684 1880 761 1906 vett.

127 1963 411 2016 Hypatarimn.
463 1960 611 2014 Magna
640 1966 703 2001 est
733 1963 846 2002 codd.
879 1963 932 2001 di·
990 1962 1039 2002 cs.
1065 1962 1210 2002 Dedcr.
1235 1963 1285 2002 ad
1309 1962 1409 2002 Dict.
1436 1961 1535 2002 Cret.
1560 1961 1700 2003 Introd.
1714 1977 1753 2016 p.
1769 1962 1855 2003 Lu.

67 2019 251 2065 versitas,
277 2032 377 2070 quae
400 2019 466 2057 vix
490 2019 611 2057 dirimi
634 2023 783 2070 potest,
815 2032 932 2070 quum

67 2077 104 2113 in
129 2076 346 2113 coniectura
368 2088 434 2113 res
458 2089 616 2127 semper
640 2080 834 2121 versetur,
859 2089 932 2114 nec

68 2134 214 2169 certum
239 2132 476 2182 antiquitatis
501 2144 638 2170 nomen
659 2131 783 2170 afferri
804 2132 931 2177 liceat,

69 2187 159 2225 huic
177 2187 239 2225 vel
258 2188 459 2226 consimile
471 2188 535 2226 vel
554 2188 669 2227 idem.
693 2187 932 2227 Oud.voluit

70 2244 377 2297 Hypaspasium
389 2242 634 2284 ὑπασπάσιον
648 2243 712 2282 vel
721 2243 937 2296 Aspasium

70 2300 119 2338 ab
139 2297 316 2347 ἀσπάζω,
342 2300 446 2350 quod
465 2300 687 2339 cubicularii
706 2300 845 2339 fuerint
858 2313 936 2338 ser-

70 2369 202 2393 vorum
228 2355 488 2403 dilectissimi,
518 2360 559 2394 ut
582 2369 722 2395 nomen
747 2357 796 2395 ab
821 2370 862 2395 re
885 2357 934 2403 ei,

70 2416 112 2450 ut
123 2412 279 2459 ceteris,
288 2412 467 2451 indiderit
476 2411 668 2464 Apuleius
676 2412 723 2452 cf.
733 2413 784 2451 ad
791 2411 934 2451 Metll.

71 2483 109 2520 p.
116 2472 206 2508 122.
228 2467 422 2519 [Forsitan
432 2469 489 2507 H
473 2470 721 2523 Jpatarmm,
731 2468 834 2520 quod
849 2483 936 2508 non-

73 2524 286 2564 nullicodd.
297 2525 440 2576 legunt,
449 2526 612 2577 probum
627 2529 700 2572 est,
714 2528 755 2563 ut
768 2525 936 2564 deminu-

72 2581 191 2619 tivum
210 2570 383 2620 sitvocis
403 2577 570 2628 ὕπατος
558 2586 675 2632 atque
693 2594 883 2620 summum
897 2586 937 2620 et

72 2637 322 2689 praecipuum
340 2639 460 2677 vitum
474 2639 676 2689 significet.
692 2636 806 2676 Certe
820 2651 936 2688 quum

73 2693 166 2732 nihil
190 2694 297 2733 aliud
321 2695 534 2732 constiterit
557 2694 716 2739 melius,
742 2694 912 2747 retinui]

121 2755 322 2790 contacta.
347 2751 579 2791 Contracta.
590 2750 693 2801 quod
708 2749 788 2787 fere
803 2763 938 2788 omnes

77 2805 189 2844 codd.
230 2808 436 2857 praebent,
478 2806 634 2845 defendi
678 2806 783 2844 nulio
821 2807 937 2845 modo

78 2862 232 2912 poterit3
253 2868 485 2903 con-tractus
499 2863 597 2901 enim
612 2862 791 2908 debilem,
804 2863 937 2901 morbo

78 2917 283 2956 adductum
307 2919 509 2970 significat.
557 2919 631 2958 Hic
660 2932 751 2956 vero
783 2919 939 2957 indicari

79 2972 214 3020 debet,
244 2978 347 3014 tacta
371 2989 463 3014 esse
487 2989 618 3014 morsu
650 2975 757 3014 canis
780 2975 940 3013 rabidae

79 3029 247 3068 iumenta
270 3035 387 3082 atque
411 3033 464 3070 ita
488 3032 658 3071 efferata.
689 3031 736 3070 cf.
761 3029 863 3069 Pier.
889 3031 939 3069 ad

79 3084 186 3135 Virg.
223 3085 365 3139 Georg.
402 3087 464 3127 111.
501 3092 593 3129 566.
627 3087 753 3126 Gebh.
780 3087 830 3126 ad
853 3087 938 3125 Liv.

81 3139 149 3180 IV.
177 3146 237 3181 15.
262 3142 329 3182 Dr.
353 3145 405 3183 ad
428 3145 539 3183 eund.
557 3145 621 3183 lV.
637 3148 672 3184 9.
698 3145 730 3195 §.
746 3148 808 3184 10.
834 3158 939 3183 eon-

82 3201 217 3238 tacta
248 3200 408 3241 civitate
437 3202 585 3241 ‘rabia
636 3200 715 3252 [De
745 3200 819 3239 hac
840 3213 940 3238 voce

988 2019 1126 2058 Heins.
1153 2021 1188 2058 in
1214 2019 1329 2059 Misc.
1353 2019 1522 2060 Observ.
1546 2019 1636 2058 vol.
1663 2019 1731 2059 IX.
1757 2019 1803 2059 Τ.
1827 2018 1855 2058 l.

988 2089 1025 2128 p.
1052 2079 1144 2117 291.
1169 2075 1272 2115 Oud.
1296 2076 1347 2114 ad
1370 2075 1517 2115 Lucan.
1542 2075 1611 2115 IV.
1637 2076 1719 2129 91.]

1044 2138 1091 2173 ut
1114 2133 1295 2173 exitium.
1317 2131 1466 2171 Probat
1479 2131 1580 2170 Oud.
1601 2133 1855 2171 omissionem

988 2188 1201 2240 particulae
1221 2193 1266 2229 ut
1283 2201 1398 2240 quam
1417 2187 1511 2228 dicit
1530 2188 1751 2241 elegantem
1765 2188 1857 2227 coli.

993 2245 1044 2284 ad
1067 2244 1163 2284 Met.
1182 2243 1248 2284 IV.
1265 2258 1300 2296 p.
1319 2245 1413 2286 241.
1438 2258 1475 2297 p.
1490 2249 1583 2287 261.
1608 2245 1858 2285 adhortatur

994 2302 1263 2341 liberaremus
1289 2300 1387 2340 Met.
1401 2300 1428 2340 Ι.
1441 2315 1481 2354 p.
1496 2306 1544 2342 81
1554 2332 1563 2341 .
1572 2302 1737 2354 patitur
1751 2301 1858 2341 cubi-

993 2362 1074 2398 tum
1095 2357 1358 2398 concederem.
1377 2361 1416 2396 et
1428 2358 1603 2409 saepius.
1628 2357 1712 2397 Sed
1725 2361 1858 2396 contra

993 2414 1105 2453 codd.
1131 2413 1225 2452 nihil
1248 2413 1471 2452 mutandum
1496 2419 1569 2453 est.

1048 2471 1243 2510 vesaniae.
1291 2468 1353 2508 Ex
1377 2474 1557 2522 corrupta
1579 2470 1771 2521 scriptura
1795 2469 1856 2509 be-

992 2527 1137 2566 raniae
1160 2526 1263 2566 Oud.
1287 2526 1495 2577 legendum
1520 2540 1614 2565 esse
1639 2527 1858 2577 suspicatur

992 2583 1074 2635 ipsi
1089 2583 1233 2635 potins
1250 2596 1346 2621 vero
1365 2584 1523 2623 animae
1534 2583 1673 2622 morbo
1687 2596 1709 2619 v
1713 2582 1750 2619 el
1764 2596 1783 2619 z
1787 2595 1857 2620 ero

993 2639 1179 2691 equidem
1202 2653 1360 2678 annuae
1376 2640 1518 2678 morbo
1535 2653 1559 2676 v
1563 2640 1599 2677 el
1620 2652 1735 2678 itm-ac
1748 2639 1856 2702 equs-

995 2695 1084 2734 dem
1119 2697 1305 2734 vesaniae
1341 2695 1499 2742 mov-‚lm
1535 2699 1577 2734 ut
1613 2695 1646 2732 in
1678 2707 1789 2745 seqq.
1820 2694 1855 2730 in

996 2751 1082 2789 cod.
1107 2749 1153 2788 B.
1179 2752 1391 2804 equidem
1383 2766 1417 2789 in
1439 2751 1578 2790 eodem
1597 2751 1746 2789 abierit.
1769 2748 1856 2801 Euo

995 2807 1089 2845 nihil
1113 2811 1241 2853 muto,
1268 2821 1384 2858 quum
1410 2807 1524 2845 lectio
1549 2820 1646 2845 sana
1670 2807 1732 2844 sit.

1051 2877 1126 2902 uec
1155 2863 1293 2902 «lubio.
1340 2862 1497 2902 Dictum
1526 2862 1602 2901 hoc
1634 2867 1696 2900 est
1725 2876 1795 2914 pro
1821 2867 1858 2900 et

991 2919 1286 2971 proculdubio
1298 2918 1363 2957 vel
1377 2919 1635 2965 hauddubie,
1654 2923 1695 2957 ut
1707 2918 1857 2969 passini

997 2975 1101 3026 apud
1124 2973 1289 3021 Livium,
1315 2976 1352 3013 in
1378 2988 1453 3026 quo
1479 2975 1596 3013 etiam
1619 2975 1857 3012 recentiores

995 3044 1119 3082 saepe
1144 3031 1271 3069 «lubio
1296 3031 1485 3069 dederunt
1507 3045 1577 3081 pro
1603 3031 1736 3071 dubie.
1778 3030 1858 3069 Adi

997 3086 1065 3126 Dr.
1091 3087 1142 3126 ad
1164 3086 1249 3125 Liv.
1274 3086 1338 3126 111.
1364 3091 1428 3128 24.
1453 3085 1644 3127 XXXIV.
1670 3092 1706 3129 2.

1051 3145 1095 3182 in
1110 3144 1279 3196 quomei
1292 3143 1446 3182 (10111.ἰηί
1465 3143 1731 3183 devm-cebant.
1755 3142 1857 3183 Oud.

996 3200 1099 3238 hune
1123 3199 1248 3238 locum
1272 3199 1488 3251 intelligere
1511 3213 1559 3238 se
1582 3204 1699 3253 negat
1717 3200 1771 3241 ita
1791 3214 1855 3238 cx-
