2221 3667
327 184 409 226 484

329 295 427 350 Saty
433 309 500 335 rus
527 302 566 336 et
589 294 782 337 Paniscus
809 296 854 336 ad
883 294 1049 333 fistulam
1077 292 1268 332 dicerent.

591 183 638 223 L.
671 183 891 224 APULEII
920 179 1321 222 MADAURENSIS
1351 177 1894 219 METAMORPHOSEON

1320 288 1386 331 Sic
1411 291 1486 331 rite
1511 290 1664 346 Psyche
1691 290 1874 331 convenit
1899 289 1938 329 in
1965 301 2120 328 manum

329 340 554 406 Cupidinis,
584 359 623 393 et
647 353 823 393 nascitur
847 350 923 390 illis
950 355 1101 388 maturo
1129 355 1242 402 partu
1268 347 1366 398 filia,
1396 361 1458 400 qu
1449 360 1509 386 ιιιι
1536 347 1570 388 V
1576 347 1786 401 oluptatem
1812 346 2073 386 nominamus.

575 470 726 499 lels
775 466 1047 496 FABULAE
1094 466 1160 494 DE
1210 465 1430 494 PSYCHE
1477 465 1543 493 ΕΤ
1591 464 1876 492 CUPIDINE.

329 604 476 633 Saturus
490 607 525 634 F.
540 607 570 634 8.
596 605 637 633 cf.
653 613 680 638 p.
700 604 770 630 510.
819 599 917 628 sutili
933 599 1061 628 cumba.

1096 601 1133 628 Ῑιι
1153 603 1226 629 cett.
1246 600 1395 628 omnibus
1414 601 1572 635 Satyrus.
1625 596 1698 626 Pan
1712 597 1790 626 deus
1810 599 1844 627 F.
1859 599 1888 626 2.
1917 597 2077 634 pann’seos
2098 593 2128 624 δ.

328 650 600 679 dn'cerentF.1.3.
612 653 646 677 G.
660 650 694 676 D.
705 649 738 675 P.
749 655 783 675 π.
795 643 854 674 nd.
902 644 1062 673 ducerent
1077 646 1111 673 0.
1137 644 1258 680 [cf.Dr.
1269 647 1308 674 ad
1318 645 1388 674 Liv.
1399 646 1575 674 xxxvlu.
1586 645 1639 673 43.
1650 646 1679 673 1.
1699 644 1812 672 Heius.
1827 644 1972 672 etBurm.
1988 642 2130 672 aqu-iu.

329 699 405 725 Met.
425 697 492 724 ΧΠ.
513 697 588 723 203.
614 696 722 722 Amor.
743 693 766 719 1.
789 693 818 719 4.

841 690 908 726 19.]
933 693 971 719 Iu
991 694 1064 719 cett.
1084 688 1222 719 diceret.

1271 688 1326 718 Sic
1345 690 1411 717 rite
1430 691 1466 719 F.
1491 691 1517 718 1.
1538 691 1568 718 8.
1590 691 1625 718 G.
1647 691 1683 717 P.
1703 690 1741 717 D.
1763 689 1783 716 f.
1805 690 1841 717 R.
1857 685 1884 715 d.
1904 689 1939 716 Ο.
1955 696 1983 722 p.
1999 689 2034 715 B.
2048 687 2129 715 Eud.

327 743 413 770 lunt.
428 736 850 769 2.E1m.scriv.etFloriu.
874 738 910 764 ln
925 740 999 766 ceu.
1014 736 1063 763 sic
1077 744 1170 773 ecce,
1197 737 1280 770 quod
1302 739 1459 764 retentum
1478 739 1527 763 est
1546 742 1566 763 a
1585 735 1732 763 Prie-aco.
1782 732 1837 762 sic
1852 729 1981 769 Psyche
1994 731 2060 760 rite
2079 732 2131 760 in-

329 794 424 815 verso
439 786 548 814 ordine
563 785 597 811 P.
612 783 645 811 in
660 782 822 816 excerptis
836 782 877 810 ad
892 789 993 817 marg.
1009 781 1160 810 ed.Colv.
1175 785 1204 810 et
1219 782 1254 809 B.
1303 780 1456 809 convenit
1470 779 1504 807 in
1517 787 1618 807 manu
1633 780 1738 808 Paris.

332 918 491 967 corrigo.
553 914 617 953 De
652 915 757 953 tibiis
796 914 1000 953 Musarum
1037 914 1204 965 propriis

332 974 433 1012 Oud.
450 971 849 1010 excitatDi0‹I.SicuI.
865 972 899 1009 in
916 971 1059 1022 nuptiis
1070 969 1205 1009 Cadmi

331 1035 370 1067 et
395 1027 630 1068 Harmoniae
655 1027 703 1066 V.
729 1027 762 1078 ξ.
783 1031 865 1068 49.;
889 1024 1116 1066 Ἀπόλλωνα
1141 1027 1208 1078 μὲν

330 1087 549 1138 κιθαρίσαι,
585 1081 653 1131 τάς
687 1099 727 1123 τε
765 1081 930 1130 Μούσας
968 1082 1133 1135 αὐλῆσαι
1169 1087 1209 1121 et

331 1141 464 1181 Horat.
490 1141 566 1180 Od.
593 1140 618 1180 l.
655 1145 688 1180 1.
717 1145 783 1181 33.
813 1140 1013 1179 Censorin.
1047 1140 1097 1178 de
1134 1140 1210 1178 Die

331 1197 429 1238 Nat.
457 1212 487 1236 c.
518 1202 579 1238 12.
605 1196 636 1247 ᾧ.
663 1201 699 1237 2.
738 1198 835 1236 IVon
875 1197 1106 1249 Apollini
1144 1197 1209 1236 ci-

332 1255 498 1300 thara,
524 1267 605 1293 non
633 1254 788 1293 flIusis
814 1254 967 1293 tibiae
994 1258 1210 1305 ceteraque

331 1311 380 1350 id
402 1325 533 1364 yemis
554 1315 679 1350 essent
700 1310 924 1350 adtributa.
949 1310 1005 1348 At
1019 1310 1105 1361 ipse
1122 1309 1209 1346 dein

333 1368 382 1406 de
397 1367 577 1406 lectionis
593 1368 754 1405 veritate
768 1366 934 1412 dubitat,
956 1367 1044 1418 quia
1059 1380 1080 1405 a
1094 1365 1209 1403 Mart.

334 1424 487 1475 CapeIl.
513 1422 581 1461 IX.
598 1438 634 1475 p.
651 1427 742 1465 906.
760 1423 790 1473 ξ.
807 1428 900 1464 702.
926 1422 1056 1474 Kopp.
1074 1421 1209 1460 Fauno

331 1481 425 1519 tibia
455 1479 713 1518 adtribuatur:
754 1493 925 1532 quorum
957 1479 1210 1530 hircipedem

328 1537 550 1590 pandura,
579 1536 801 1590 Sylcanmn
826 1536 1044 1575 arundinis
1069 1534 1212 1573 enodis

330 1592 709 1646 fistulasibilatrioe,
735 1593 974 1631 rurestris
1000 1592 1213 1631 Faunum

335 1649 459 1689 tibia
485 1645 1212 1689 clecuerzmtcoll.G1·0n.0bserx.l.

336 1711 372 1746 5
399 1710 439 1744 et
462 1705 606 1745 Montf.
630 1706 720 1744 Ant.
749 1703 793 1743 1.
821 1704 846 1743 I.
880 1719 917 1756 p.
950 1708 1010 1745 16.
1037 1705 1091 1742 At
1115 1704 1214 1741 haec

335 1777 411 1801 non
427 1766 689 1807 commovent,
705 1765 745 1799 ut
759 1762 807 1799 ab
822 1761 897 1799 hac
910 1761 1215 1812 interpunctione

334 1818 538 1865 recedam,
571 1832 647 1869 qua
679 1818 768 1856 sola
799 1817 912 1856 codd.
939 1818 1056 1855 lectio
1083 1819 1216 1868 potest

335 1875 561 1915 sustentari.

394 1953 612 1994 Paniscus.
663 1952 766 2000 Quia
803 1952 1067 1992 deminutione
1103 1964 1217 1991 voca-

336 2010 514 2050 bulorum
550 2011 780 2062 scriptorem
819 2009 952 2048 ludere
988 2010 1116 2048 tritum
1152 2022 1217 2046 ne-

339 2081 416 2119 que
441 2068 491 2107 ab
516 2067 629 2105 istius
654 2067 746 2105 stilo
779 2066 829 2104 ad
860 2068 1049 2105 comicaru
1083 2066 1217 2103 levita-

335 2129 416 2163 tem
458 2137 584 2175 saepe
621 2123 918 2161 accommodato
956 2124 1125 2162 alienum
1156 2123 1220 2166 sit,

338 2181 589 2220 Stewechius
604 2184 732 2233 putat,
759 2179 821 2218 hic
837 2180 1074 2234 Satyriscus
1089 2179 1220 2230 legen-

339 2238 428 2276 dum
456 2250 562 2276 esse.
589 2236 690 2289 [Sed
716 2236 858 2274 eodem
882 2236 999 2275 modo
1026 2236 1222 2274 coniunxit

341 2294 419 2334 Cic.
456 2293 507 2332 de
542 2293 633 2332 Nat.
672 2293 722 2332 Ι).
760 2292 826 2332 III.
866 2297 928 2334 17.
968 2293 1146 2346 Satyros
1184 2295 1223 2330 et

340 2350 580 2403 Paniscos]

400 2429 596 2471 (licerent.
622 2428 836 2481 Pei-peram
849 2428 1035 2468 Brantius
1049 2442 1119 2480 pro
1135 2442 1221 2467 con-

341 2487 509 2526 iectandi
529 2501 603 2526 sua
618 2488 811 2538 prurigine
825 2486 889 2525 hic
903 2485 1112 2538 legendum
1127 2498 1223 2523 esse

343 2548 481 2583 censet
494 2544 668 2583 hisceret
679 2542 742 2581 vel
757 2543 891 2582 hiaret
904 2556 953 2581 ex
966 2542 1143 2593 Propert.
1159 2541 1223 2581 III.

342 2606 382 2643 2.
408 2605 445 2642 4.
482 2605 640 2640 tantum
674 2601 812 2653 operis
842 2601 1000 2639 nervis
1031 2600 1224 2639 hiscere

336 2671 459 2710 posse
500 2658 606 2697 meis.
651 2656 740 2695 ibid.
782 2660 843 2697 15.
882 2660 934 2697 33
973 2669 1033 2707 sq.
1073 2655 1225 2694 Mollia

343 2714 554 2754 Dircaeae
581 2713 811 2766 pulsabunt
841 2717 1039 2767 tympana
1065 2712 1226 2752 Thebae

347 2771 603 2823 Capre‘pedes
639 2770 832 2809 calamo
864 2770 1026 2809 Panes
1059 2769 1226 2807 hiante

346 2833 495 2868 canent
511 2826 724 2867 etII.23.6.
750 2827 832 2865 Hic
847 2826 1036 2879 equidem
1057 2825 1228 2864 Phoebo

346 2886 450 2924 visus
473 2885 574 2923 mihi
594 2883 820 2936 pulchrior
851 2884 944 2935 ipso
970 2882 1229 2922 Marmoreas

347 2942 477 2980 tacita
501 2953 665 2980 carmen
691 2940 831 2979 hiare
857 2940 962 2993 lyra.
1002 2938 1103 2990 [Sed
1129 2938 1230 2976 haec

347 2997 568 3036 coniectura
593 3011 642 3035 ne
668 2996 758 3035 ferri
784 2996 942 3048 quidem
967 2999 1113 3047 potest,
1140 2994 1231 3046 quia

348 3053 495 3091 nullum
544 3053 768 3105 exemplum
817 3056 954 3105 potest
1006 3051 1111 3097 dari,
1166 3051 1230 3090 ubi

1265 914 1380 953 hiare
1394 913 1452 952 ad
1466 913 1632 966 aliquid
1646 913 1805 951 dicatur.
1854 911 2022 962 Semper
2035 909 2135 948 enim

1267 970 1432 1021 legimus
1464 970 1578 1008 hiare
1608 969 1789 1019 aliquid,
1828 968 1888 1005 vel
1921 967 2062 1020 aliqua
2093 979 2138 1004 re

1266 1027 1329 1064 rel
1355 1028 1397 1065 in
1423 1027 1569 1078 aliqua
1593 1039 1647 1065 re.
1674 1025 1723 1064 cs.
1739 1024 1922 1075 exempla
1947 1037 2048 1075 quae
2073 1035 2138 1060 ex·

1268 1084 1360 1121 citat
1384 1082 1517 1120 Burm.
1541 1083 1591 1120 ad
1615 1081 1731 1133 Prop.
1757 1081 1803 1119 11.
1831 1085 1895 1122 23.
1923 1084 1957 1121 6.
1985 1079 2140 1118 Deinde

1270 1140 1423 1178 hiscere
1454 1152 1648 1189 nunquam
1677 1138 1797 1176 habet
1822 1137 2141 1188 significationem

1271 1195 1474 1246 loquendi,
1502 1195 1672 1241 dicendi,
1697 1195 1770 1233 sed
1796 1207 1952 1246 semper
1977 1206 2065 1231 eum
2090 1193 2142 1230 in-

1270 1252 1389 1298 dicat,
1417 1252 1481 1302 qui
1506 1252 1568 1289 vel
1596 1251 1702 1302 quui
1728 1251 1857 1303 incipit
1883 1250 1930 1289 cf.
1957 1248 2079 1288 Bach.
2093 1248 2143 1286 ad

1270 1308 1384 1347 Ovid.
1411 1308 1507 1346 Met.
1532 1307 1637 1346 XIII.
1666 1311 1759 1348 231.
1785 1307 1846 1344 vel
1874 1320 1980 1352 eum,
2007 1307 2071 1357 qui
2097 1318 2143 1342 os

1269 1366 1394 1416 aperit
1408 1364 1597 1411 dicturus,
1624 1368 1663 1402 at
1676 1368 1779 1402 metu
1794 1363 2004 1415 impeditus
2019 1362 2145 1401 aliave

1271 1421 1385 1460 animi
1406 1422 1665 1459 commotione
1686 1434 1754 1471 per
1768 1420 1987 1458 continuam
2008 1418 2145 1456 oratio·
2204 1434 2211 1457 ε

1270 1491 1358 1516 nem
1368 1477 1584 1516 sententias
1599 1477 1772 1529 proferre
1787 1477 1918 1527 nequit
1930 1475 2004 1514 sed
2012 1474 2147 1513 balbu-

1269 1534 1384 1578 finde
1395 1547 1470 1584 qua
1482 1535 1592 1571 vocis
1607 1534 1886 1585 significatione
1900 1532 2011 1584 plura
2024 1531 2149 1568 dicam

1272 1591 1322 1629 ad
1344 1590 1491 1629 Florid.
1511 1604 1545 1642 p.
1562 1590 1644 1642 29]
1672 1591 1727 1628 At
1747 1591 1885 1628 dicere
1905 1587 2149 1641 aclfistalam

1274 1650 1337 1684 est
1362 1660 1504 1685 canere
1529 1659 1682 1685 carmen
1716 1645 1869 1684 fistulae
1906 1646 2034 1689 sonis,
2073 1657 2149 1681 non

1275 1703 1429 1754 linguae
1453 1708 1582 1752 motu,
1617 1707 1757 1754 estque
1782 1702 1978 1754 proprium
2011 1701 2152 1739 dicere

1275 1762 1311 1798 in
1350 1760 1558 1798 levioribus
1590 1772 1635 1797 ac
1667 1759 1781 1798 luetis
1811 1759 1948 1805 rebus,
1985 1758 2071 1795 sive
2102 1757 2152 1794 de

1276 1816 1509 1867 hymenaeo.
1548 1816 1653 1855 Oud.
1680 1816 1771 1854 citat
1796 1815 1932 1853 Heius.
1955 1814 2003 1853 ad
2036 1811 2152 1851 Ovid.

1275 1872 1402 1924 Epist.
1429 1886 1478 1910 ex
1509 1872 1623 1910 Pont.
1650 1871 1677 1910 Ι.
1706 1877 1740 1913 2.
1777 1876 1866 1912 133.
1903 1870 2076 1910 Broukh.
2103 1868 2153 1907 ad

1277 1930 1364 1968 Tib.
1391 1928 1436 1967 II.
1467 1934 1500 1969 1.
1527 1933 1593 1969 54.
1618 1929 1853 1968 modulatus
1878 1942 2027 1967 avena
2057 1926 2153 1965 Car-

1276 2000 1362 2024 men
1378 1990 1422 2024 ut
1437 1990 1604 2024 ornatus
1616 1986 1806 2025 diceret
1825 1989 1919 2023 ante
1933 1985 2040 2023 deos.
2061 1982 2153 2021 Hor.

1278 2041 1437 2081 0‹l.lv.
1456 2045 1520 2082 12.
1540 2045 1575 2081 9.
1604 2041 1774 2080 dicunt
1802 2041 1997 2081 Custodes
2024 2041 2155 2079 ocium

1280 2099 1465 2137 carmIna
1500 2097 1693 2150 fistula..
1731 2097 1891 2135 Nemes.
1919 2096 2003 2135 EcI.
2028 2095 2056 2135 l.
2090 2095 2155 2135 63.

1281 2156 1462 2194 dixisti
1487 2168 1649 2194 carmen
1681 2168 1843 2193 avena.
1894 2153 1966 2206 [cf.
1999 2151 2156 2191 Ruhnk.

1282 2212 1385 2250 Dict.
1423 2211 1472 2250 ad
1511 2211 1620 2249 Suet.
1647 2211 1780 2249 Vitell.
1819 2225 1850 2249 c.
1880 2215 1944 2251 11.
1981 2224 2018 2262 p.
2046 2208 2156 2260 349]

1281 2268 1392 2307 Male
1430 2267 1611 2305 Floridus
1653 2268 1842 2320 explicat:
1885 2268 1944 2306 ad
1981 2266 2159 2320 fistulam

1282 2325 1461 2363 diceret.-
1503 2337 1645 2376 nempe
1682 2325 1731 2363 ad
1768 2337 1953 2362 numeros
1990 2321 2158 2366 fistulae,

1283 2394 1399 2434 quam
1425 2380 1526 2420 alius
1552 2380 1719 2419 inflabat.

1339 2484 1382 2522 in
1406 2497 1567 2523 manum
1596 2482 1824 2536 Cupidinis.
1873 2481 1978 2521 oud.
1992 2480 2162 2533 praefert

1282 2541 1546 2579 coniecturam
1571 2553 1683 2578 suam
1713 2540 1932 2592 Cupidini,
1959 2539 2049 2590 quia
2073 2551 2160 2576 sae-

1283 2598 1372 2649 pius
1411 2597 1556 2635 dicatur
1592 2598 1634 2635 in
1671 2610 1832 2635 manum
1868 2596 1998 2635 alicui
2028 2596 2162 2634 venire

1285 2653 1373 2692 coll.
1390 2653 1466 2692 Cic.
1483 2652 1619 2704 TopiC.
1646 2668 1676 2692 c.
1698 2657 1734 2693 4.
1766 2653 1862 2692 Cam
1887 2652 2030 2692 mulier
2055 2652 2160 2688 viro

1284 2711 1327 2749 in
1363 2724 1525 2749 manum
1561 2711 1761 2748 com-enit.
1825 2708 1932 2760 [Sed
1968 2706 2163 2758 Apuleius

1286 2768 1376 2805 item
1404 2767 1499 2804 dixit
1523 2766 1620 2804 Met.
1642 2765 1746 2805 wll.
1776 2779 1814 2816 p.
1841 2768 1933 2805 532.
1966 2764 2089 2802 modo
2115 2775 2164 2801 ne

1286 2825 1330 2862 in
1351 2823 1608 2876 Thrasylli
1632 2835 1791 2862 manum
1806 2820 2055 2873 sacrileqam
2068 2833 2163 2858 con-

1288 2882 1429 2919 venias
1443 2883 1531 2930 etp.
1549 2883 1643 2921 509.
1668 2893 1719 2918 ac
1741 2879 1837 2918 dum
1857 2877 1998 2916 herilis
2019 2876 2164 2929 puella
2198 2890 2202 2898 ¹

1288 2938 1330 2976 in
1364 2937 1462 2975 bom·
1493 2935 1769 2988 Tlepolemi
1799 2947 1959 2973 manum
1988 2936 2163 2973 venerat.

1289 2993 1353 3032 De
1378 2994 1419 3031 in
1445 3007 1607 3032 manum
1631 2991 1896 3031 concentione
1922 2990 1969 3028 cs.
1997 2988 2164 3028 Becker.

1289 3051 1326 3089 in
1353 3048 1468 3089 libro:
1495 3049 1636 3088 Gallus
1663 3047 1707 3086 T.
1733 3046 1760 3086 l.
1785 3061 1823 3099 p.
1854 3051 1916 3087 15.
1945 3046 2027 3099 18.]
