2155 3590
654 129 842 170 LIBER
871 129 945 169 XI.
1005 127 1131 168 CAP.
1161 128 1305 168 XVII.
1768 127 1876 169 1053

93 240 276 295 gradihus
301 240 489 281 haerebat
512 248 677 294 argento
704 243 893 292 formata,
926 242 972 282 ad
998 255 1090 281 suos
1116 241 1318 281 discedunt
1347 240 1466 279 lares.
1499 237 1507 294 Ι
1538 237 1625 279 Nec
1654 244 1783 278 tamen
1816 251 1876 278 me
1901 243 1962 276 791

77 297 247 352 §sinebat
281 296 433 336 animus
470 311 600 351 ungue
635 298 752 338 latius
788 298 957 338 indidem
996 297 1166 352 digredi,
1207 298 1272 337 sed
1309 297 1519 336 intm‘tans
1555 295 1649 335 deae
1681 295 1877 349 specimen

93 353 278 408 pristinos
303 366 418 393 casus
443 367 550 394 meos
575 354 828 394 recordabar.

92 468 283 497 haerebant
296 471 335 499 L.
354 469 444 498 colv.
463 471 557 499 Vulc.
578 472 724 500 WVower.
760 469 882 498 herbae
901 471 1027 500 Vicent.
1040 471 1155 500 Venet.
1170 472 1200 499 2.
1248 478 1398 507 quaeque
1416 468 1555 496 herebat
1576 470 1611 498 0.
1650 467 1831 508 formatus
1846 468 1877 496 in

94 517 129 542 G.
144 519 191 543 est
205 522 310 543 errore
322 515 465 544 librarii.
491 517 546 549 qui
560 516 648 544 linea
661 517 805 544 ultimam
824 517 963 545 litteram
984 516 1126 544 obduxit.
1152 516 1234 543 Hinc
1253 518 1336 543 errat
1356 516 1435 543 Oud.
1463 514 1645 553 formatas
1662 521 1683 542 a
1703 521 1732 548 p.
1745 521 1786 541 m.
1806 522 1879 541 esse

95 560 316 594 pronuntians.
355 559 530 598 formata.
557 558 667 589 Adita
680 562 849 593 distinguit
862 561 989 589 Vicent.
1036 558 1211 587 discedunt
1229 559 1249 588 f.
1269 560 1344 588 ΑΜ.
1381 557 1584 586 descendunt
1597 559 1632 587 0.
1652 560 1727 586 Bas.
1746 559 1772 585 1.
1819 566 1880 585 nec

95 608 207 632 tamea
221 612 271 631 me
284 603 417 632 sinebat
427 606 462 633 F.
476 607 507 634 3.
523 606 558 632 G.
571 606 609 634 D.
625 605 645 633 f.
660 603 706 640 ὁὶ,
733 608 813 640 quod
828 607 906 635 oud.
921 612 1114 639 quamquam
1129 607 1294 639 probatum
1308 605 1436 632 Rulink.
1450 607 1555 632 tamen
1569 611 1631 632 non
1647 603 1782 639 recepit,
1806 605 1880 631 vul-

93 654 199 684 gatam
214 653 357 678 secutus.
383 657 441 676 nec
455 658 504 676 me
520 653 630 677 tamen
645 649 777 678 sinebat
790 652 964 679 colLVOss.
979 652 1012 678 In
1023 654 1096 678 cett.
1111 658 1170 677 nec
1185 652 1295 676 lamen
1309 647 1442 676 sinebat
1454 656 1514 677 me.
1539 648 1653 684 ulique
1667 655 1716 674 me
1730 646 1879 676 Ialv'usl..

92 693 211 721 ididem
225 695 259 722 Ο.
303 692 450 731 disgredz·
467 695 489 724 f.
535 694 710 722 v’nlenttms
729 693 810 722 dene
824 694 986 731 spec-imm
1000 696 1033 724 Ο.
1047 696 1083 723 P.
1098 696 1134 723 L.
1148 696 1185 723 R.
1201 695 1222 722 f.
1237 703 1269 727 φ.
1285 691 1313 722 δ.
1334 695 1498 722 Petrarch.
1532 693 1684 719 intentas
1697 691 1779 719 deae
1792 694 1827 721 G.
1842 694 1879 721 D.

92 739 243 767 intentus
257 737 350 773 deae,
376 740 474 768 ceteri
493 743 574 768 Mss,
594 744 624 768 et
644 741 713 768 edd.
735 748 836 774 usque
856 742 896 768 ad
911 741 1000 768 Colv.
1021 744 1168 768 monente
1182 740 1261 767 Oud.
1291 738 1436 766 intuitus
1448 739 1543 767 Vulc.
1558 739 1589 766 2.
1613 739 1649 766 ln
1663 741 1736 766 cett.
1750 739 1818 765 edd.
1833 741 1882 765 est

92 784 243 811 intentus
265 784 316 818 in,
341 789 374 812 ut
402 785 434 812 in
448 787 530 813 Elm.
556 793 614 813 nec
639 786 810 819 quicquam
830 785 1001 813 varietatis
1022 793 1039 812 e
1058 785 1127 812 cod.
1147 785 1222 812 1⁴33.
1239 785 1426 812 adnotatum
1440 786 1498 811 est.
1522 784 1565 812 At
1580 786 1655 817 puto
1668 782 1702 809 ἰἰι
1723 790 1793 810 cum
1808 787 1880 810 ceu.

93 831 182 857 codd.
197 829 294 858 etiam
314 829 346 857 in
362 838 399 857 eo
413 832 539 859 abesse.
566 831 624 858 Vir
645 832 758 859 doctus
778 831 818 858 ad
840 837 940 864 marg.
962 830 1037 857 edit.
1057 829 1182 858 Vicent.
1203 836 1294 858 meae
1314 836 1368 863 pro
1388 828 1551 864 specimen
1569 829 1710 856 malebat
1730 828 1880 865 speciem,

95 879 125 903 ut
147 878 221 903 ante
241 882 314 903 eum
326 876 438 903 Wow.

95 971 296 1011 osculandi
321 972 369 1010 cs.
394 972 535 1011 Matth.
553 973 708 1011 Brouer.
723 973 772 1010 de
794 973 897 1011 Vett.
921 976 962 1010 et

93 1028 274 1068 Recentt.
288 1029 463 1067 Adoratt.
490 1042 520 1067 e.
538 1033 604 1069 25.
618 1029 652 1066 in
668 1028 804 1067 Polen.
820 1029 960 1079 Suppl.

96 1083 217 1123 Thes.
247 1085 401 1135 Antiqq.
429 1084 472 1122 T.
502 1084 542 1122 ll.
569 1099 606 1135 p.
638 1090 756 1126 1019.
788 1089 825 1122 et
850 1084 959 1136 Lips.

94 1141 130 1178 in
158 1141 280 1179 Elect.
306 1140 349 1179 ll.
377 1145 412 1181 6.
468 1141 646 1192 Vestiyla
677 1156 744 1193 pro
770 1141 866 1192 ipsis
894 1155 963 1192 pe-

96 1197 210 1235 dibus
236 1197 308 1235 dici
334 1197 475 1235 docent
499 1196 581 1234 lntt.
609 1197 658 1235 ad
684 1197 790 1247 Virg.
812 1197 962 1235 Aen.V.

98 1257 189 1293 566.
217 1252 354 1291 Catull.
379 1251 525 1291 LXIV.
544 1257 633 1293 162.
661 1253 844 1291 candida
865 1267 964 1304 per-

95 1310 272 1348 mulcens
293 1309 463 1361 liquidis
489 1310 698 1360 vestitqia
725 1309 963 1362 lymphis]

154 1365 356 1404 haerebat.
403 1364 508 1402 Satis
534 1366 664 1416 inepte
685 1363 791 1402 Colv.
815 1364 965 1415 eLips.

96 1420 180 1458 cod.
206 1420 381 1471 reposuit
396 1419 585 1470 pluralem
606 1433 821 1465 numerum,
847 1421 959 1471 quasi

97 1476 170 1514 soli
196 1476 296 1514 de'ae
320 1475 446 1527 pedes
471 1475 698 1514 haesissent
722 1476 854 1526 templi
881 1489 962 1527 gra-

97 1533 211 1571 dibus
243 1536 401 1583 argeuto
436 1531 602 1574 formati,
633 1536 671 1570 et
704 1547 776 1570 non
808 1536 889 1570 tota
913 1532 962 1570 ibi

97 1589 276 1627 stetisset
291 1588 351 1626 vel
367 1588 541 1626 sedisset
555 1589 649 1634 dea,
662 1592 705 1626 ut
720 1592 825 1639 patet
838 1603 859 1626 e
873 1602 960 1639 sqq.

97 1646 294 1684 intuitans
319 1645 420 1683 deae
444 1646 651 1696 specimen.
701 1644 827 1682 Recte
853 1645 964 1695 igitur

99 1702 214 1739 ceteri
233 1700 345 1739 codd.
371 1704 409 1737 et
434 1699 523 1739 edd.
549 1701 738 1751 praebent
760 1701 962 1740 haerebat.

155 1757 382 1796 discedunt.
448 1756 674 1794 Lectionem
711 1757 965 1796 descendunt

100 1812 260 1851 Colvins
295 1814 569 1864 interpretatus
607 1817 668 1851 est
698 1812 748 1850 de
779 1812 963 1863 gradibus

97 1868 245 1920 templi,
271 1870 319 1907 ad
335 1869 437 1919 quod
452 1868 548 1906 forte
563 1883 632 1920 per
646 1882 716 1906 eos
731 1869 964 1907 adscensum

99 1932 222 1971 esset,
248 1926 305 1964 cui
329 1925 547 1976 obloquitur
561 1924 662 1963 Oud.
690 1925 780 1975 qnia
804 1925 966 1963 addatur

99 1982 157 2021 ad
179 1996 270 2021 snos
296 1982 401 2021 lares
425 1982 523 2019 satis
549 1981 696 2032 liquere
722 1981 873 2025 dicens,
900 1995 963 2019 au-

100 2042 242 2076 ctorem
262 2052 337 2076 non
356 2043 432 2076 tam
455 2038 489 2075 in
511 2039 635 2076 animo
657 2037 843 2075 habuisse
857 2037 963 2075 illum

100 2094 353 2139 descensum,
381 2108 494 2145 quam
509 2094 781 2132 domuitionem
797 2095 962 2132 omnium

100 2155 139 2188 et
168 2150 403 2201 singulorum
435 2164 529 2188 sese
559 2150 837 2200 separantium,
875 2150 965 2188 dum

100 2207 148 2245 ad
181 2220 290 2245 suam
324 2206 489 2257 quisque
520 2206 674 2244 domum
699 2206 964 2244 discesserint.

99 2262 213 2301 Errat
248 2276 340 2301 vero
375 2263 432 2300 vir
462 2263 619 2307 doctus,
656 2262 688 2299 si
721 2263 823 2313 apud
849 2262 964 2301 ovid.

99 2319 197 2358 Met.
211 2318 236 2357 l.
252 2323 346 2359 381.
371 2319 434 2357 ubi
463 2317 599 2357 Thetis
626 2319 694 2357 ait:
720 2320 964 2358 discedite

101 2376 251 2428 templo
276 2380 314 2414 et
338 2375 465 2414 velate
491 2380 618 2426 caput
647 2376 884 2427 cinctasque
907 2389 966 2413 re-

99 2432 240 2470 solvite
252 2430 501 2481 vestes,qu‹›d
522 2431 556 2469 in
572 2444 685 2482 seqq.
705 2434 796 2470 397.
812 2445 878 2482 pro
894 2431 966 2469 de-

100 2501 208 2526 scen
219 2488 340 2526 dunt
365 2488 575 2539 velantque
590 2492 716 2538 capnt
730 2489 967 2539 tunicasque

100 2545 338 2595 rechzyunt,
375 2544 608 2582 descendite
640 2543 771 2594 legere
807 2543 967 2582 mavult.

102 2599 265 2650 Singula
289 2600 388 2637 enim
410 2601 670 2637 exsecutionis
697 2600 813 2638 verba
837 2599 968 2637 verbis

100 2655 269 2694 mandati
315 2656 366 2694 ita
407 2655 547 2693 melius
591 2656 807 2694 convenire.
857 2655 968 2707 [Mea

101 2712 255 2762 quidem
287 2711 483 2750 sententia
512 2711 612 2749 haec
642 2712 761 2750 verba
790 2716 967 2750 accurate

100 2768 175 2806 sibi
202 2782 274 2806 non
301 2768 556 2819 respondent.
588 2773 628 2806 ut.
659 2768 749 2806 bine
773 2768 967 2806 emendari

101 2824 228 2864 liceat.
254 2824 519 2864 Descendunt
542 2825 576 2861 in
603 2837 635 2863 v.
652 2827 746 2864 397.
771 2825 893 2875 probo
919 2837 970 2862 ex

101 2881 258 2931 optimis
277 2880 390 2920 codd.
410 2894 477 2932 pro
498 2880 715 2919 discedunt
733 2880 967 2919 emendatio·

101 2949 189 2974 nem
212 2936 448 2976 librariorum
474 2949 586 2982 esse,
612 2938 675 2987 qui
691 2936 792 2974 idem
807 2935 966 2974 Ouden-

101 2992 236 3043 dorpio
262 2993 514 3044 sentiebant]

157 3063 297 3100 mique
312 3050 434 3088 latins
451 3050 633 3088 indidem.
653 3049 835 3101 digredi.
872 3048 967 3087 Con-

83 3103 86 3106 ⁴
101 3109 158 3145 tra
174 3105 285 3145 codd.
300 3118 492 3162 usumque
513 3105 693 3161 loquendi
710 3105 966 3162 Apuleianum

1021 972 1232 1023 Sopingius
1257 986 1306 1010 ex
1331 972 1415 1010 cod.
1443 971 1552 1023 Lips.
1578 985 1645 1022 pro
1670 971 1811 1022 utique
1834 984 1884 1008 ne

1020 1029 1140 1067 latins
1180 1028 1413 1066 emendabat
1453 1029 1594 1079 utique
1635 1027 1713 1066 lzoc
1750 1025 1882 1065 latius.

1020 1083 1067 1122 cs.
1100 1083 1194 1122 Met.
1227 1083 1271 1122 ll.
1302 1098 1338 1135 p.
1375 1088 1463 1124 133.
1493 1085 1622 1122 invita
1655 1082 1767 1135 quod
1796 1097 1820 1120 α
1845 1096 1884 1120 se

1020 1154 1178 1192 unque
1198 1141 1347 1179 latius
1367 1140 1674 1192 dt'yrederer,
1689 1137 1884 1189 X.p.728.

1022 1210 1096 1235 uec
1127 1210 1214 1234 eum
1242 1210 1401 1248 amque
1440 1197 1590 1234 latius
1619 1210 1644 1234 a
1667 1208 1707 1234 se
1736 1194 1883 1233 disce-

1024 1253 1135 1290 dere
1156 1266 1279 1303 passa
1306 1257 1373 1291 est.
1443 1252 1521 1290 Alii
1547 1265 1722 1303 unyuem
1747 1250 1884 1294 latum,

1023 1313 1287 1347 transversaemz
1324 1308 1534 1347 discedere
1571 1307 1769 1352 dicebant3
1834 1306 1882 1345 ef.

1023 1363 1171 1402 Manut.
1191 1364 1239 1401 ad
1256 1363 1332 1403 Cic.
1347 1363 1472 1414 Epist.
1493 1363 1540 1402 ad
1554 1363 1707 1401 Divers.
1721 1361 1805 1400 Vll.
1820 1367 1886 1403 ⁶25.

1078 1421 1272 1458 intuitum
1308 1421 1410 1458 deae
1440 1422 1653 1470 specimen.
1724 1417 1887 1456 Fallitur

1023 1474 1124 1513 Elm.
1154 1479 1192 1513 et
1217 1490 1301 1513 cum
1334 1489 1381 1512 eo
1406 1475 1544 1514 Heius,
1566 1475 1616 1513 ad
1640 1473 1728 1513 Val.
1755 1473 1885 1512 Flacc.

1022 1530 1107 1569 Yll.
1138 1535 1226 1571 114.
1261 1536 1399 1582 putans
1432 1531 1605 1569 exhiberi
1630 1531 1665 1568 in
1698 1529 1798 1569 Mss.
1830 1533 1886 1568 in—

1023 1592 1154 1626 tentus
1196 1589 1238 1626 in
1280 1589 1507 1640 specimem,
1545 1587 1649 1637 quod
1691 1600 1741 1624 ex
1782 1600 1889 1625 mera

1022 1643 1207 1681 WVowerii
1233 1645 1452 1682 coniectura
1482 1644 1516 1681 in
1554 1647 1699 1681 textum
1730 1647 1886 1694 recepta

1021 1701 1215 1738 remansit.
1265 1699 1414 1738 Omnes
1440 1700 1540 1738 enim
1567 1704 1749 1750 quantum
1775 1700 1886 1737 video

1022 1755 1134 1794 codd.
1155 1757 1333 1794 omittunt
1351 1757 1393 1794 ’ἰη
1412 1756 1759 1807 praepositionem,
1784 1756 1888 1794 unde

1021 1811 1113 1849 mihi
1145 1816 1317 1863 apertum
1349 1816 1427 1857 est,
1458 1812 1493 1850 in
1526 1811 1698 1850 Florent.
1724 1815 1760 1851 3.
1795 1825 1887 1862 quo·

1024 1881 1100 1918 que
1137 1882 1222 1906 eam
1259 1869 1423 1914 abesse,
1455 1873 1494 1905 et
1525 1868 1722 1906 oculorum
1758 1881 1887 1905 errore

1023 1924 1189 1974 quodam
1211 1925 1309 1962 satis
1329 1925 1552 1963 excusando
1577 1939 1601 1962 a
1625 1925 1775 1962 librario
1800 1938 1887 1961 ineo

1022 1979 1098 2017 hoc
1123 1993 1215 2018 esse
1239 1982 1470 2032 neglectum.
1502 1980 1660 2019 Plurimi
1686 1981 1797 2019 codd.
1824 1994 1887 2018 ex-

1022 2036 1156 2074 hibent
1175 2039 1374 2076 intentans
1395 2037 1497 2088 quod
1512 2037 1669 2088 exponit
1683 2037 1738 2074 vir
1751 2038 1887 2075 doctus

1023 2093 1177 2143 quidam
1183 2095 1656 2146 frequenterinspiciens.
1673 2094 1887 2138 Atrchus,

1024 2149 1144 2200 inquit
1163 2148 1283 2195 oud„
1311 2150 1471 2188 Colvius
1492 2150 1674 2188 emendat
1692 2150 1888 2189 intuitum

1023 2204 1084 2242 vel
1111 2205 1223 2244 Vulc.
1253 2205 1322 2244 Ed.
1349 2206 1439 2245 edit.
1465 2211 1502 2247 2.
1526 2207 1706 2246 intuitus.
1748 2205 1890 2256 Neque

1023 2262 1122 2299 enim
1155 2262 1290 2309 credo.
1323 2275 1554 2313 quemquam
1584 2264 1619 2300 in
1658 2263 1889 2300 sententiam

1022 2317 1174 2356 Pricaei
1211 2320 1365 2364 iturum,
1404 2320 1467 2369 qui
1503 2318 1737 2357 emendabat
1761 2320 1889 2370 speci.-

1023 2375 1132 2421 mi‘tzz',
1147 2375 1237 2425 quia
1255 2389 1332 2413 vox
1351 2376 1526 2414 intentus
1544 2379 1621 2413 tum
1644 2379 1788 2421 nostro,
1809 2380 1887 2412 tum

1025 2431 1112 2469 aliis
1137 2444 1259 2482 saepe
1291 2445 1375 2470 curn
1408 2432 1536 2470 dativo
1569 2432 1744 2482 iungitur.
1804 2430 1888 2469 Hoc

1025 2501 1099 2525 non
1116 2488 1323 2526 verisimile
1344 2491 1405 2526 est
1429 2489 1481 2526 ita
1499 2493 1743 2538 corrupturos
1765 2487 1888 2525 fuisse

1025 2544 1212 2582 librarios.
1239 2544 1342 2582 Vide
1356 2558 1442 2582 num
1461 2543 1533 2593 legi
1549 2544 1687 2595 possit,
1702 2545 1886 2587 intentus,

1026 2600 1128 2639 deae
1151 2602 1351 2651 specimen
1376 2605 1415 2639 et
1433 2601 1632 2652 pre‘stinos
1651 2614 1767 2640 casus
1785 2613 1889 2638 meos

1025 2657 1291 2700 recordabar.
1306 2669 1529 2707 sensusque
1543 2656 1611 2700 sit,
1631 2669 1717 2693 eum
1732 2656 1889 2694 adtente

1027 2725 1112 2750 cum
1145 2713 1314 2763 pristinis
1344 2713 1427 2751 suis
1459 2713 1616 2750 casibus
1645 2712 1888 2750 recordatum

1026 2774 1241 2821 auyustum
1264 2770 1463 2821 specimen
1488 2770 1599 2814 deae,
1626 2769 1729 2819 quod
1754 2768 1827 2819 ipsi
1853 2769 1887 2805 in

1026 2838 1164 2862 somno
1201 2829 1434 2876 apparuerat
1469 2838 1508 2876 p.
1539 2829 1617 2864 755
1643 2839 1703 2875 sq.
1740 2829 1780 2862 et
1814 2824 1890 2862 hoc

1026 2881 1130 2931 quod
1154 2882 1189 2918 in
1216 2881 1348 2932 templi
1362 2881 1545 2931 gradibus
1559 2885 1655 2923 erat.
1682 2882 1782 2918 bene
1802 2894 1888 2918 con-

1025 2936 1252 2987 templatum
1278 2937 1374 2974 inter
1397 2951 1444 2974 se
1468 2950 1730 2988 comparasse.
1760 2937 1888 2975 Inten-

1026 2997 1088 3031 tus
1123 2997 1227 3031 certe
1262 2993 1470 3042 aliquoties
1506 2992 1686 3031 absolute
1716 3006 1790 3030 non
1823 2992 1889 3030 ad-

1026 3049 1152 3086 iuncto
1189 3062 1284 3086 casu
1318 3050 1485 3100 ponitur.
1545 3048 1647 3086 Vide
1678 3048 1807 3087 Burni.
1838 3048 1887 3086 ad

1027 3106 1133 3146 Suet.
1152 3104 1264 3144 Caes.
1280 3108 1343 3146 65.
1357 3109 1548 3168 paratum
1573 3109 1613 3144 et
1634 3106 1888 3158 intentum,-
