2155 3590
665 177 854 217 LIBER
877 176 952 217 XI.
1012 175 1139 216 CAP.
1169 177 1245 216 IX.
1768 172 1876 215 1013

96 288 340 340 amicimine,
379 289 490 329 vario
528 290 719 330 luctantes
758 289 996 343 gestamine,
1028 303 1152 330 verno
1178 289 1360 328 florentes
1393 287 1664 336 coronamine‚
1705 299 1803 339 quae
1829 286 1874 325 de

96 345 244 399 gremio
265 358 335 399 per
353 345 455 385 viam
476 359 548 399 qua
564 360 677 386 sacer
695 345 900 386 incedebat
918 346 1123 386 comitatus
1145 345 1267 384 solum
1288 344 1518 384 sternebant
1537 342 1728 393 flosculis·
1756 342 1874 381 aliae—

95 415 168 455 que
201 401 414 442 nitentibus
440 402 606 455 speculis
637 416 736 456 pone
761 409 914 456 tergum
944 401 1117 442 reversis
1140 399 1145 455 Ι
1165 401 1338 440 venienti
1370 401 1464 440 deae
1495 399 1651 440 obvium
1678 412 1873 439 common-

94 464 268 498 strarent
303 458 550 511 obsequium,
589 465 628 498 et
663 471 761 511 quae
804 459 975 512 pectines
1018 458 1187 497 eburnos
1229 457 1421 506 ferentes,
1467 462 1582 509 gestu
1624 455 1874 494 brachiorum

94 514 276 568 flexuque
302 514 509 567 digitorum
536 520 715 554 ornatum
741 521 855 568 atque
882 528 1073 570 oppexum
1105 512 1268 554 crinium
1305 513 1495 566 regalium
1532 513 1746 566 fingerent,
1785 510 1874 550 illae

93 663 244 693 lactantes
259 667 293 694 G.
309 666 344 694 P.
358 667 397 694 D.
445 674 545 703 quam
565 673 664 693 sacer
677 667 712 695 P.
760 673 860 694 sacer
878 674 941 694 non
962 669 1008 694 est
1028 666 1060 694 in
1082 665 1102 694 f.
1151 665 1247 692 sacre·
1262 663 1460 692 incedebant
1475 664 1553 693 Coll.
1567 663 1672 698 Ltus..
1698 663 1780 697 quod
1795 663 1875 691 Oud.

92 712 222 744 prohat,
249 711 464 745 conferensp.
479 713 553 739 766.
579 711 759 738 comitatus
773 709 1065 747 decedentpopuli.

93 762 180 792 quae
198 755 319 784 Florid.
340 759 370 783 ut
391 756 527 784 coniecit
548 758 646 785 Salm
666 757 700 784 in
718 757 872 792 margine.
913 763 998 791 pene
1016 764 1044 790 p.
1092 762 1247 782 reversus
1267 763 1295 789 p.
1314 756 1428 783 Venet.
1448 756 1478 782 2.
1498 755 1574 781 Bas.
1599 755 1624 782 l.

376 800 569 829 eburnosG.
583 803 620 830 D.
646 803 683 830 In
696 805 769 830 cett.
783 800 953 828 ebur-neas
979 798 1037 836 [cf.
1052 799 1202 830 auh-‘im

92 799 234 828 eburnos
247 801 282 829 F.
296 802 327 830 3.

93 921 189 960 inter
212 935 259 960 se
285 923 483 975 componi,
519 936 635 973 quum
666 924 730 961 vix
758 923 850 961 mibi
873 936 956 974 pro-

90 977 220 1016 babile
237 979 300 1023 sit,
320 992 421 1030 quae
441 979 724 1018 antecedebant
742 980 838 1017 inter
852 993 955 1030 pom-

90 1047 179 1086 pam
192 1033 376 1073 mulieres
395 1035 444 1073 ad
464 1036 690 1074 sacerdotes
710 1036 956 1087 pertinuisse,

91 1091 166 1128 sed
189 1091 318 1141 potius
344 1092 536 1129 ministras
562 1091 704 1139 fuisse,
731 1092 874 1130 ordinis
904 1092 956 1129 in-

92 1146 260 1191 ferioris,
297 1161 396 1198 quae
426 1148 525 1186 deae
549 1148 714 1198 insignia
740 1148 955 1198 portabant,

91 1203 247 1255 pompis
270 1203 440 1254 peractis
465 1204 513 1242 ad
539 1217 651 1242 sacra
676 1204 774 1242 deae
798 1204 954 1241 minime

90 1259 300 1299 adhibitae.
337 1260 515 1298 Forsitan
541 1260 657 1306 istae,
681 1261 734 1298 uti
762 1264 799 1298 et
823 1261 890 1297 viri
915 1265 954 1298 et

91 1315 271 1361 iuvenes,
297 1330 371 1354 non
392 1329 546 1366 semper
570 1316 732 1354 eaedem
751 1318 860 1354 luere
879 1316 953 1354 sed

90 1385 140 1409 ex
175 1371 274 1410 deae
311 1370 529 1410 cultricibus
560 1385 629 1422 pro
660 1376 836 1423 tempore
872 1372 951 1409 ele·

89 1431 176 1466 ctae
206 1431 312 1473 sunt;
359 1427 399 1465 id
429 1427 532 1476 quod
562 1440 673 1478 seqq.
704 1428 866 1478 probare
898 1429 953 1465 vi-

90 1483 243 1522 dentur:
269 1497 337 1523 eas
360 1497 550 1523 amoenus
575 1484 870 1523 lectissimae.
896 1486 952 1523 iu-

90 1540 260 1580 ventutis
273 1569 406 1578 ......
419 1540 659 1592 sequebatur
685 1540 842 1579 chorus.
892 1539 954 1578 Ex

89 1608 201 1647 seqq.
238 1599 367 1634 tamen
404 1600 589 1647 apparet,
636 1595 820 1634 mulieres
857 1597 953 1634 inter

89 1652 318 1690 sacerdotes
338 1652 461 1690 fuisse
486 1665 523 1702 p.
538 1656 632 1692 773.
657 1657 754 1691 tunc
780 1654 955 1705 influunt

90 1708 231 1747 turbae
251 1709 409 1748 sacris
429 1708 610 1747 ‹liz-ints
629 1709 862 1747 initiatae
879 1709 953 1746 ciri

85 1765 393 1816 feminaeque
414 1765 538 1802 omnis
550 1765 764 1816 diynitatis
779 1770 814 1803 et
830 1765 954 1803 omnis

88 1822 251 1865 aetatis,
289 1833 389 1871 quae
419 1820 532 1857 certis
564 1820 699 1858 officiis
736 1820 954 1858 destinatae

89 1879 198 1914 erant
226 1879 266 1913 et
295 1889 459 1927 magnae
488 1876 686 1926 religionis
717 1876 847 1915 sidera
876 1880 954 1914 ter-

88 1945 182 1971 rena
218 1933 468 1970 nominantur.
519 1930 680 1970 Praeter
711 1932 747 1970 h.
781 1933 803 1971 Ι.
834 1936 953 1971 totam

89 1988 194 2027 litem
220 1988 359 2027 dirimit
388 2002 475 2026 mea
506 1989 660 2038 quidem
686 1990 877 2027 sententia
902 1990 954 2027 in-

89 2045 246 2095 scriptio
285 2044 390 2096 apud
426 2044 563 2083 Montf.
601 2045 635 2082 in
668 2044 771 2083 Diar.
803 2044 884 2083 ltal.
917 2059 952 2097 p.

88 2105 181 2142 361.
215 2104 254 2139 et
280 2101 385 2140 Gorii
411 2102 447 2138 in
475 2100 646 2152 Inscript.
673 2100 827 2139 Etrusc.
853 2100 899 2140 T.
928 2100 954 2140 Ι.

89 2171 126 2208 Ρ
142 2155 517 2208 373.·’A).s.a1601a
543 2173 634 2207 nom]
660 2155 810 2208 πρυπολ
814 2172 854 2201 0,·
867 2160 954 2196 Ato-

87 2211 200 2254 νύσου
230 2211 528 2265 παστόφορός
562 2228 608 2251 τε
639 2213 752 2258 θεᾶς
782 2214 896 2252 nm
905 2230 954 2252 ω-

87 2273 212 2316 τιδος
236 2271 422 2314 Εῐςσιδο
426 2269 451 2321 .]

140 2340 220 2378 per
244 2327 346 2365 viam
372 2330 445 2364 etc.
506 2325 646 2377 [Moris
672 2330 765 2370 erat,
790 2330 831 2363 nt
855 2326 953 2372 viae,

91 2395 189 2433 quas
214 2382 265 2420 dii
290 2382 428 2420 alienis
449 2382 673 2420 incedentes
693 2382 860 2432 pedibus
880 2383 953 2420 iam

90 2439 220 2477 statim
246 2438 428 2477 calcaturi
454 2442 572 2478 erant.
597 2439 802 2487 unguentis
828 2442 867 2475 et
889 2438 955 2476 flo-

89 2495 195 2533 ribus
232 2498 599 2546 conspergerentur:
648 2493 696 2532 cf.
733 2494 827 2532 infra
858 2494 956 2533 illae

88 2552 225 2592 etiam..
265 2565 369 2603 quae
405 2552 546 2589 ceteris
577 2552 793 2602 unquentis
823 2555 860 2589 et
887 2565 954 2602 ye-

89 2607 194 2646 niati
225 2607 405 2646 balsamo
434 2608 626 2658 yuttate'm
651 2620 823 2645 excusso
853 2621 955 2646 con-

90 2663 398 2715 sparyebaut
423 2664 645 2715 plateas3
692 2661 787 2700 Met.
820 2661 886 2700 lv,
917 2677 956 2714 p.

89 2723 181 2760 303.
209 2718 376 2771 Iamque
397 2734 475 2770 per
495 2719 657 2770 plateas
676 2723 954 2757 commeantem

84 2774 239 2827 populi
276 2777 516 2827 frequenter
555 2775 726 2827 floribus
770 2776 884 2813 sertis
919 2780 957 2814 et

89 2831 231 2870 solutis
254 2832 556 2883 aclprecautur3
581 2835 620 2868 et
635 2829 795 2869 Metx.
809 2844 846 2881 p.
859 2830 953 2872 743.

88 2887 186 2926 iude
212 2887 354 2927 Horae
380 2887 674 2939 pulcerrimae,
713 2900 817 2939 quae
846 2888 954 2928 iacu-

90 2943 137 2981 lis
171 2945 290 2995 floris
324 2945 420 2983 serti
455 2948 494 2981 et
527 2942 650 2982 soluti
691 2943 808 2981 (leam
843 2957 955 2982 suam

83 3000 375 3052 propitiantes,
401 3000 464 3047 ubi
489 2999 578 3036 vide
597 2997 769 3036 d’Orle.
789 2998 838 3037 ad
854 2997 950 3037 Cha-

88 3055 198 3094 riton.
212 3054 274 3094 ΙΙΙ.
291 3059 326 3095 2.
342 3069 379 3107 p.
396 3059 490 3096 352.
516 3054 600 3092 lntt.
627 3055 676 3093 ad
701 3054 816 3093 Ovid.
834 3054 949 3094 Trist.

143 3167 331 3220 aliaeque
358 3167 575 3207 nitentibus
604 3167 791 3219 speculis.

865 3165 951 3205 Col-

1089 712 1316 739 AtRuhnKen.
1336 711 1368 738 in
1387 713 1508 738 textum
1529 716 1591 736 non
1606 709 1736 742 recepit.
1784 706 1876 734 aliae

1674 752 1779 780 obium
1794 753 1830 781 F.
1846 753 1875 780 1.

1206 801 1293 828 ,41-
1308 796 1339 839 §.
1353 802 1370 828 2
1376 799 1415 835 .].
1465 799 1633 836 obpessum
1647 799 1682 828 F.
1698 799 1729 826 3.

1013 924 1098 960 vius
1123 923 1172 961 de
1196 922 1270 960 boc
1294 923 1381 966 ritu,
1413 921 1487 959 diis
1513 920 1739 972 praesertim
1766 919 1874 957 semi-

1014 980 1073 1018 nis
1109 979 1310 1030 speculum
1353 977 1508 1015 tenendi
1551 980 1590 1014 et
1631 975 1873 1020 ostendendi,

1015 1036 1126 1086 quasi
1157 1035 1204 1074 ad
1236 1033 1512 1087 inspiciendum
1549 1033 1698 1072 Satisne
1734 1031 1873 1076 cultae,

1013 1092 1125 1131 affert
1160 1092 1299 1129 Senec.
1336 1090 1460 1141 Epist.
1499 1092 1562 1129 95.
1601 1087 1634 1140 ξ.
1674 1093 1738 1129 47.
1775 1093 1872 1127 vete-

1012 1162 1096 1188 mus
1132 1148 1255 1186 lintea
1290 1153 1327 1186 et
1362 1145 1540 1198 striyiles
1572 1145 1660 1184 Iovi
1686 1148 1801 1197 ferre
1837 1149 1875 1182 et

1010 1218 1070 1255 sp
1086 1217 1180 1243 eeu
1196 1204 1298 1243 lum
1327 1208 1460 1242 tenere
1484 1202 1648 1247 Iunoni,
1674 1201 1762 1251 (ubi
1786 1198 1872 1238 Intt.

1011 1259 1232 1298 conserendi
1262 1263 1368 1303 sunt,
1405 1258 1616 1309 Boettiger.
1643 1272 1697 1309 gr.
1721 1256 1873 1295 vasen-

1011 1330 1110 1366 gem.
1151 1315 1212 1353 ΙΙΙ.
1250 1329 1287 1366 p.
1317 1317 1431 1363 195.)
1469 1314 1614 1353 Florid.
1650 1327 1685 1365 p.
1714 1317 1779 1353 51.
1815 1313 1874 1351 ibi

1011 1373 1225 1410 donarium
1239 1373 1338 1410 (leae
1361 1370 1548 1419 (lunonis)
1560 1384 1759 1422 perquam
1776 1383 1874 1420 opu-

1011 1429 1177 1469 lentum:
1199 1428 1379 1479 plurima
1404 1428 1497 1465 auri
1516 1431 1555 1465 et
1571 1427 1734 1477 arqeuti
1753 1425 1874 1470 ναίίο,

1010 1485 1052 1522 in
1079 1484 1274 1527 lancibus,
1299 1483 1538 1533 speculis,
1560 1482 1746 1533 poculis:
1771 1480 1873 1519 Oud.

1011 1542 1151 1578 excitat
1177 1538 1324 1590 Spanh.
1350 1538 1400 1575 ad
1422 1537 1570 1576 Callim.
1596 1536 1644 1575 H.
1665 1538 1700 1575 in
1720 1536 1874 1575 Pallad.

1012 1600 1075 1636 21.
1102 1596 1161 1634 cui
1185 1595 1265 1634 tale
1289 1594 1492 1646 speculum
1517 1593 1701 1645 praeferri
1726 1593 1876 1631 videtur

1011 1666 1034 1690 a
1058 1652 1169 1690 calvo
1191 1652 1347 1702 rasique
1362 1651 1497 1701 capitis
1511 1650 1717 1689 sacerdote
1742 1650 1777 1687 in
1796 1663 1875 1688 mo-

1011 1712 1192 1747 numento
1223 1707 1363 1746 Monts.
1394 1707 1429 1745 in
1462 1706 1568 1746 Diar.
1599 1706 1681 1744 Ital.
1713 1721 1748 1758 p.
1781 1709 1874 1746 361.

1011 1769 1050 1803 et
1081 1765 1170 1804 Gor.
1203 1765 1238 1802 in
1270 1763 1387 1802 Inscr.
1414 1763 1566 1801 Etrusc.
1593 1761 1640 1802 T.
1664 1761 1691 1801 Ι.
1716 1775 1754 1813 p.
1780 1766 1874 1803 373.

1010 1835 1087 1859 una
1110 1833 1196 1858 cum
1220 1819 1482 1871 inscriptione:
1509 1817 1752 1870 Ἀλεξαιδριά
1782 1815 1875 1870 κόρη

1010 1875 1204 1928 πρόπολος
1228 1874 1415 1915 Διονύσου
1445 1871 1689 1926 παστόφορός
1718 1890 1758 1913 τε
1781 1875 1877 1920 θεᾶς

1011 1931 1242 1979 Νειλώτιδος
1266 1932 1416 1978 Εἰὸιὸος
1439 1929 1570 1983 5:me&
1605 1931 1696 1970 Gor.
1728 1931 1762 1968 in
1789 1931 1875 1969 Μο-

1011 2003 1110 2027 num.
1144 1989 1297 2028 Etrusc.
1329 1988 1373 2026 T.
1405 1988 1453 2027 V.
1487 1987 1582 2038 Cap.
1613 1986 1638 2024 Ι.
1671 2001 1706 2038 p.
1740 1991 1805 2027 22.
1839 1991 1874 2027 3.

1011 2059 1047 2096 p.
1075 2049 1166 2086 320.
1193 2049 1287 2085 321.
1335 2044 1406 2097 [cf.
1431 2044 1481 2083 ad
1506 2044 1604 2082 Met.
1629 2042 1693 2081 1V.
1720 2057 1755 2094 p.
1782 2047 1874 2084 309.

1012 2102 1121 2152 Lips.
1148 2101 1272 2140 Elect.
1293 2101 1430 2147 ll.10.,
1457 2101 1519 2151 qui
1544 2101 1645 2138 hunc
1671 2100 1796 2138 locum
1823 2102 1877 2138 ita

1012 2159 1162 2196 recitat:
1189 2158 1463 2197 mulieres.
1482 2171 1560 2209 qua
1585 2158 1693 2195 sacri
1718 2157 1875 2196 incede-

1013 2215 1112 2253 bant
1140 2215 1351 2253 comitatus
1381 2214 1508 2253 solum
1545 2213 1776 2252 sternebant
1801 2214 1874 2266 [Ιο-

1011 2271 1145 2310 scalis.
1194 2270 1312 2309 Aliae
1340 2284 1447 2322 quae
1470 2268 1722 2321 nitentibus]

1067 2331 1183 2379 yestu
1210 2327 1478 2365 brachiorum.
1529 2324 1607 2376 [De
1629 2339 1723 2362 voce
1740 2330 1878 2378 [χρείας

1011 2383 1166 2434 proprie
1193 2383 1240 2420 de
1266 2383 1442 2420 manibus
1468 2382 1568 2420 (licta
1594 2381 1640 2420 cs.
1666 2381 1801 2420 Heius.
1827 2380 1876 2419 ad

1012 2438 1129 2478 Ovid.
1155 2438 1252 2478 Met.
1277 2438 1342 2477 Vl.
1371 2442 1482 2484 308.,
1514 2438 1578 2475 ubi
1604 2438 1665 2475 hic
1692 2438 1800 2475 locus
1827 2438 1878 2474 ci-

1011 2499 1116 2533 tatus
1154 2500 1225 2533 est.
1293 2495 1454 2534 Ornare
1489 2508 1573 2533 cum
1611 2494 1792 2532 derivatis
1829 2493 1879 2530 de

1015 2551 1194 2590 crinibus
1219 2552 1253 2589 in
1279 2565 1352 2589 usu
1379 2555 1456 2597 est3
1488 2551 1537 2587 (le
1564 2563 1638 2599 quo
1666 2550 1879 2600 comparari

1014 2607 1119 2645 iubet
1148 2606 1264 2645 Prie:
1303 2607 1436 2645 Gloss.
1471 2606 1526 2644 fx
1531 2606 1602 2644 rill.
1633 2620 1669 2657 p.
1700 2610 1789 2646 454.
1820 2621 1879 2655 εμ-

1013 2665 1192 2714 πλεκτριά
1217 2663 1477 2715 implicatriz·
1505 2664 1714 2708 or71at11'x3
1740 2661 1879 2713 [Ox-id.

1014 2721 1097 2757 Art.
1125 2721 1212 2757 Am.
1238 2719 1301 2757 111.
1330 2723 1422 2759 238.
1450 2724 1487 2756 et
1518 2722 1605 2758 133.
1631 2719 1804 2757 VVou-mer
1829 2718 1879 2756 ad

1013 2774 1140 2814 Plaut.
1167 2775 1343 2814 Mostell.
1376 2775 1401 2814 Ι.
1429 2780 1464 2815 3.
1492 2779 1555 2815 97.
1605 2774 1718 2812 Ovid.
1745 2775 1878 2812 Amor.

1013 2831 1040 2870 l.
1070 2837 1132 2872 14.
1159 2836 1196 2871 5.
1244 2831 1388 2870 Fronto
1415 2832 1463 2869 de
1491 2831 1693 2881 Eloquent.
1722 2845 1756 2881 p.
1784 2834 1878 2872 226.

1012 2887 1125 2935 Μ’ὰί.;
1162 2887 1208 2925 cf.
1235 2887 1334 2926 Met.
1359 2887 1402 2925 ll.
1429 2902 1465 2939 p.
1500 2892 1585 2927 111.
1613 2889 1742 2926 Tanta
1768 2887 1877 2925 (leni-

1015 2958 1090 2996 que
1104 2949 1161 2982 est
1176 2944 1455 2995 capillamenti
1468 2944 1665 2995 cliynitas,
1685 2947 1731 2981 ut
1745 2957 1878 2994 quam-

1010 3001 1066 3038 vis
1090 3013 1192 3038 auro
1217 3005 1324 3038 veste
1346 3000 1511 3051 (sommis
1538 3000 1723 3050 omnique
1744 3002 1877 3036 cetero

1009 3056 1162 3095 mundo
1186 3060 1431 3094 exornata
1456 3055 1598 3093 mulier
1618 3055 1794 3098 incedat,
1820 3058 1876 3093 ta-

1009 3125 1096 3150 men
1120 3112 1199 3150 nisi
1223 3111 1418 3162 capillum
1437 3111 1674 3150 cllstinxerit
1701 3115 1876 3149 ornata

1010 3181 1091 3207 non
1110 3168 1242 3219 possit
1267 3166 1446 3218 audire]

1900 402 1960 434 771
