2221 3667
269 162 341 189 xw
960 145 1380 189 PRAEFATIO.

268 260 309 300 in
353 260 579 300 coniectura
622 259 962 299 ratiocinationem
1000 260 1064 301 vel
1105 261 1485 315 argumentationem
1531 261 1758 307 fundarent,
1802 260 1984 301 curabam
2023 268 2063 301 ut

267 328 341 368 loci
380 327 571 367 emendati
609 327 750 367 litteris
781 327 961 381 longiore
992 328 1202 369 intervallo
1234 329 1399 369 diductis
1431 330 1742 374 excuderentur,
1780 329 1952 382 corrupti
1979 336 2063 369 eta

268 396 375 435 nullo
412 395 537 434 adbuc
567 394 666 435 bene
697 395 885 448 explicati
919 396 1067 436 duobus
1099 396 1301 436 asteriscis
1339 397 1772 437 circumscriberentur.
1842 395 1902 435 Eo
1939 397 2064 450 magis

268 472 396 503 tamen
433 462 638 503 dolendum
676 470 754 509 est.
791 464 892 516 quod
930 464 1024 503 haec
1062 471 1273 503 contextus
1311 465 1571 505 conformatio
1607 478 1630 503 a
1666 479 1698 518 p.
1736 466 1800 507 80.
1838 464 1929 503 edit.
1955 477 2066 504 meae

267 531 418 570 demum
446 530 599 584 incipit,
635 531 724 585 quia
750 531 892 571 diutius
919 545 1044 571 vanae
1071 531 1261 584 gloriolae
1286 532 1414 585 specie
1441 540 1555 573 antea
1576 533 1805 573 deterrebar
1831 545 1943 584 quam
1972 532 2064 571 affe-

267 606 395 638 ctasse
432 598 479 638 iis
516 599 640 639 videri
679 613 852 653 possem,
892 600 956 653 qui
995 599 1047 638 ita
1080 612 1215 638 omnes
1248 613 1354 639 meas
1386 600 1676 654 qualescunque
1709 600 1954 639 coniecturas
1988 613 2063 638 uno

267 666 467 706 oculorum
494 665 629 707 obtutu
656 667 887 721 perlustrari
914 680 1028 721 posse
1055 666 1338 721 conspicerent.
1399 666 1515 708 Prius
1547 669 1669 722 igitur
1695 668 1789 708 haec
1815 667 1936 708 verba
1961 667 2063 706 litte-

266 734 321 773 ris
347 734 512 775 diductis
538 736 770 775 excudenda
797 742 930 775 erant:

547 818 584 858 p.
646 805 683 845 l.
719 818 772 842 en
807 817 911 855 ego.

548 886 584 925 p.
615 872 682 913 16.
719 871 968 924 alseotor.

544 954 581 993 p.
610 942 679 981 28.
714 940 903 978 cuiatis
933 939 1020 977 sim
1054 940 1200 995 quive
1231 939 1570 995 Aeginensis,
1605 946 1653 979 et
1677 940 1836 980 audite.

547 1022 581 1061 p.
611 1009 680 1049 29.
715 1007 1095 1060 cauponiorum.

545 1089 582 1128 p.
611 1076 679 1116 33.
707 1076 867 1128 poculo
895 1074 1106 1130 *mitigo*

545 1157 582 1196 p.
611 1143 679 1184 34.
716 1142 927 1183 dicacitas
960 1145 1163 1184 tmnicla.

544 1224 581 1264 p.
610 1211 678 1251 36.
715 1211 880 1251 cladis
996 1226 1121 1267 quac
1152 1226 1221 1252 me
1252 1214 1398 1252 satis.

545 1278 639 1318 ibid.
717 1279 854 1319 luem.

545 1361 582 1401 p.
611 1347 681 1389 41.
715 1354 767 1387 uc
799 1348 924 1387 multi
951 1354 1242 1389 noceretur.

545 1429 580 1469 p.
611 1416 680 1457 54.
715 1417 880 1455 ociter
910 1417 1141 1471 inquirere.
1190 1455 1202 1458 ,-

545 1498 582 1538 p.
611 1485 679 1525 55.
717 1484 873 1523 medici
899 1486 1030 1524 sciti.

546 1567 582 1605 p.
612 1552 680 1594 56.
715 1553 902 1591 mantica
929 1566 1021 1592 mea
1052 1552 1296 1593 humeros.

545 1620 637 1660 ibid.
713 1621 968 1660 intentior
999 1635 1062 1661 ex
1092 1622 1219 1661 acie.

544 1703 581 1743 p.
609 1689 678 1730 63.
712 1688 1023 1729 memlieonz's
1052 1703 1220 1744 semper
1250 1689 1425 1729 incedit.

543 1771 580 1811 p.
609 1758 678 1799 64.
708 1758 1172 1811 pcrcgrz‘natorem.

544 1840 581 1879 p.
611 1826 680 1867 65.
714 1840 765 1865 se
796 1826 910 1864 intro
943 1828 1243 1880 capessivit.

545 1908 580 1947 p.
609 1894 678 1936 74.
713 1893 928 1933 *subita*

546 1977 582 2016 p.
612 1963 680 2004 77.
715 1962 1157 2003 ineoetz'mabz'lz’ter
1189 1962 1246 2003 acl
1275 1962 1486 2017 regulam.

543 2045 580 2084 p.
610 2032 679 2073 79.
709 2037 938 2085 utraque.

374 2097 555 2152 Denique
592 2105 736 2146 restat,
778 2106 820 2138 ut
855 2099 954 2138 viris
991 2099 1056 2152 qui
1096 2099 1337 2140 humanitate
1374 2112 1420 2138 ac
1456 2098 1691 2138 liberalitate
1722 2098 1760 2137 in
1794 2098 1863 2138 hac
1896 2099 2064 2138 editione

261 2168 434 2221 paranda
466 2181 526 2206 me
559 2166 819 2215 adiuverunt,
862 2180 975 2220 quam
1002 2181 1174 2208 summas
1206 2181 1320 2220 agam
1353 2167 1524 2220 gratias,
1565 2166 1928 2207 Schoenemannum
1963 2168 2063 2213 dico,

259 2234 551 2281 Petersenium,
582 2233 942 2282 Falkensteinium,
973 2235 1187 2282 Orellium,
1223 2235 1286 2290 qui
1319 2249 1390 2275 suo
1424 2249 1484 2275 me
1510 2234 1674 2275 consilio
1700 2235 1840 2275 litteris
1869 2235 2066 2274 humanis-

258 2303 367 2343 simis
404 2303 686 2356 benignissime
723 2304 982 2353 sustentavit,
1024 2311 1061 2344 et
1098 2317 1192 2358 prae
1225 2303 1367 2344 ceteris
1400 2302 1694 2353 Ecksteinium,
1734 2304 1799 2356 qui
1836 2310 1979 2356 quanta
2017 2303 2067 2342 sit

259 2373 456 2413 suavitate
489 2379 528 2412 et
559 2372 598 2412 in
630 2371 825 2412 thesauris
857 2385 952 2412 suae
986 2372 1246 2412 bibliothecae
1279 2371 1501 2425 aperiendis
1535 2371 1716 2412 comitate
1754 2371 1932 2410 omnibus
1970 2371 2065 2411 satis

260 2448 500 2495 compertum
540 2447 611 2480 est.
674 2439 781 2492 Quot
812 2439 978 2493 denique
1010 2447 1049 2479 et
1080 2447 1227 2492 quanta
1259 2438 1531 2494 Bernhardyi‚
1564 2439 1638 2479 viri
1670 2439 1996 2493 praestantissimi
2028 2446 2068 2478 et.

261 2508 526 2564 praeceptoris
559 2507 824 2556 dilectissimi,
858 2521 1034 2548 summae
1067 2508 1268 2547 doctrinae
1300 2522 1345 2547 ac
1377 2507 1584 2560 sagacitati
1615 2507 1796 2554 debeam,
1831 2506 1963 2546 verbis
1996 2520 2066 2546 ex-

263 2578 433 2631 primere
471 2590 646 2630 nequeo,
688 2582 730 2615 ut
766 2575 799 2615 si
826 2576 915 2629 quid
953 2576 992 2615 in
1031 2576 1089 2616 his
1132 2576 1274 2616 litteris
1313 2575 1570 2629 profecerim,
1609 2575 1694 2615 eius
1735 2581 1882 2614 tantum
1915 2574 2065 2614 lenitati

263 2646 379 2685 tribui
407 2645 550 2700 possit,
580 2645 645 2699 qui
672 2643 785 2684 huius
811 2643 942 2697 operis
968 2643 1206 2698 suscipiendi
1232 2658 1393 2690 suasor,
1423 2643 1594 2696 suscepti
1619 2643 1774 2682 adiutor
1800 2642 1928 2683 fuerit.

374 2723 601 2765 Scribebam
630 2723 777 2764 Halis.
803 2721 876 2763 lx.
904 2730 995 2763 ante
1022 2722 1106 2764 Cal.
1135 2723 1259 2777 April.
1285 2721 1615 2764 MDCCCXLtI.
