2155 3590
701 130 889 170 LIBER.
912 130 956 170 Π.
1016 129 1142 170 CAP.
1170 129 1240 169 IX.
1814 126 1869 170 95

77 243 323 296 adspectum?
347 249 387 282 et
409 255 513 281 nunc
539 241 618 295 [ut]
644 255 782 282 aurum
808 256 1022 283 coruscans
1047 242 1087 282 iu
1106 242 1231 282 lenem
1251 239 1376 280 mellis
1397 239 1625 293 deprimitur
1644 239 1834 289 umbram,
1858 236 1864 293 1
1902 245 1961 278 109

77 313 179 339 nunc-
203 298 367 338 corvina
391 297 595 351 nigredine
621 298 800 338 caerulos
825 299 1090 339 columbarum
1111 297 1200 338 colli
1221 296 1402 336 flosculos
1425 295 1658 345 aemulatur,
1686 295 1749 336 vel
1770 308 1873 335 nunc

76 354 196 408 guttis
227 354 412 394 Arabicis
442 354 635 394 obunctus
666 361 706 394 et
736 355 901 408 pectinis
932 355 1063 409 arguti
1089 355 1203 394 dente
1230 352 1335 393 tenui
1363 351 1678 401 discriminatur,
1712 358 1752 391 et
1774 365 1874 405 pone

75 424 233 451 versum
265 409 686 465 coac-tusflamatom‘is
717 411 840 451 oculis
867 425 1081 451 occurrens
1106 411 1153 450 ad
1178 410 1306 449 instar
1331 408 1478 462 speculi
1508 407 1635 447 reddit
1662 408 1873 461 imaginem
1902 415 1965 448 ¹110

74 541 110 565 et
126 546 214 566 nunc
231 546 351 566 aurum
373 539 408 568 F.
426 541 452 567 l.
467 540 497 568 3.
517 539 552 568 B.
567 542 597 567 et
611 539 680 567 edd.
697 543 771 567 velt.
797 541 828 566 et
850 542 888 566 ut
906 547 1027 567 aarum
1043 542 1077 568 G.
1095 541 1122 567 1.
1153 541 1190 568 In
1209 541 1282 567 cett.
1302 540 1350 566 est
1369 539 1404 564 et
1421 544 1508 564 manc
1528 538 1566 564 ut
1579 543 1700 563 aarum
1715 535 1879 571 [Errorem

74 587 184 618 aperte
202 584 324 612 indicat
344 586 378 612 G.
402 586 430 613 1.
456 585 558 619 Quum
578 584 662 612 enim
683 585 773 619 prius
793 587 823 611 et
842 582 882 616 ἧς
901 585 1057 613 aurumi.
1072 593 1099 613 e.
1119 591 1208 612 nunc
1227 590 1347 610 aarum
1366 584 1543 618 legeretur,
1562 583 1621 610 hoc
1642 581 1737 610 facile
1757 581 1880 609 omissa

73 629 204 664 virgula
220 629 287 657 ista
305 629 384 658 abiit
404 629 440 657 in
452 631 490 656 ut
503 637 642 664 aurum,
664 631 747 663 quod
761 630 899 664 denique
912 637 931 658 a
944 630 1090 658 librariis
1104 631 1289 664 copulatum
1302 627 1378 663 est]
1426 625 1530 654 lenem
1543 627 1579 655 F.
1595 627 1624 654 1.
1639 628 1674 654 G.
1698 627 1726 655 1.
1747 627 1776 654 2.
1797 627 1835 654 D.
1850 630 1880 654 et

74 675 145 702 edd.
163 677 240 703 vett.
259 673 331 701 lene
351 675 387 702 F.
403 674 432 702 3.
447 682 477 700 m
498 678 625 708 propter
644 682 691 708 sq.
712 676 846 703 eandem
863 675 1004 703 litteram
1023 675 1151 703 omisso.
1176 676 1213 702 In
1233 677 1306 702 cett.
1328 673 1417 701 codd.
1436 675 1484 700 est
1506 670 1617 699 levem.
1663 669 1771 698 mellis
1789 673 1883 699 abest

73 726 94 747 a
112 719 150 747 D.
165 725 186 747 a
197 727 237 747 m.
252 727 281 753 p.
296 721 331 748 G.
348 721 376 748 1.
391 720 426 748 L.
442 720 476 748 Ο.
491 723 519 747 et
534 721 674 749 Vulcan.
694 721 719 748 1.
734 721 764 748 2.
786 718 894 747 mollis
909 722 945 748 G.
961 721 990 748 2.
1006 723 1034 747 et
1048 721 1085 748 D.
1100 727 1120 748 a
1132 727 1207 748 m.s.
1229 717 1336 746 mellis
1358 716 1461 744 lenem
1481 720 1529 745 est
1549 717 1585 744 in
1602 717 1724 750 aliquot
1744 717 1832 744 codd.
1852 720 1882 744 et

73 763 221 793 omnibus
235 765 304 793 edd.
319 768 394 793 vett.
410 768 537 799 praeter
549 767 632 792 lunt.
643 767 672 793 2.
697 766 756 793 Est
769 766 824 798 qui
838 767 924 798 legat
939 764 1032 792 melis
1046 762 1247 792 annuale-uli
1257 764 1328 792 scil.
1354 762 1429 791 flavi
1443 766 1474 790 ut
1485 765 1575 796 putat
1589 762 1668 790 Oud.
1695 760 1883 796 [lm-›plissi-

72 816 156 837 mam
172 811 255 838 hanc
268 810 492 843 cuiuscunque
506 813 553 837 est
569 810 788 838 coniecturam
803 811 928 838 damno.
965 812 1046 839 Nam
1061 814 1091 838 ut
1107 811 1150 838 sit
1164 810 1286 837 animal
1301 809 1383 836 illud
1397 808 1479 836 flavo
1488 809 1604 843 colore.
1619 813 1813 840 quamquam
1824 808 1882 834 noc

72 854 182 882 dubito
203 862 301 888 quum
313 862 333 883 a
347 855 492 883 Gratian.
507 855 629 890 cyneg.
643 856 720 884 3¹10.
740 862 829 882 cana
848 855 1040 892 nominetur,
1062 855 1136 889 quid
1159 858 1264 882 tamen
1285 856 1345 881 hae
1359 853 1392 881 in
1406 861 1439 882 re
1454 853 1514 881 illa
1527 852 1765 886 comparatione
1781 855 1882 884 potest

73 907 146 927 esse
159 899 378 934 absurdius?]
427 900 523 927 curm·
534 901 571 928 D.
586 907 606 928 a
621 908 659 928 m.
671 908 698 934 ῃ,
747 899 924 927 caeruleus
938 903 1042 935 Marg.
1057 901 1124 928 cod.
1138 901 1174 928 L.
1190 902 1225 928 G.
1241 901 1270 928 ⁶2.
1285 900 1320 927 P.
1336 899 1371 927 F.
1390 899 1416 926 1.
1431 895 1588 925 eaerulus
1603 897 1638 925 F.
1653 892 1683 925 3.
1699 898 1734 925 G.
1752 898 1780 925 1.
1794 897 1832 924 D.
1847 903 1883 925 π.

72 948 101 972 et
115 945 184 973 edd.
199 949 274 974 velt.
323 944 418 972 collis
434 942 462 973 d.
476 950 504 973 et
520 946 589 973 edd.
603 950 678 973 vett.
729 944 899 972 emulatur
914 947 947 973 G.
966 947 992 973 l.
1008 953 1091 973 a.1n.
1107 954 1132 973 s.
1182 943 1236 972 vel
1252 951 1340 971 nunc
1353 944 1387 972 F.
1406 945 1433 972 1.
1448 945 1478 971 3.
1494 940 1547 969 vel
1565 950 1637 969 cum
1653 943 1688 970 G.
1706 943 1733 970 1.
1749 943 1780 970 2.
1795 942 1830 970 Ρ.
1846 942 1883 969 D.

72 990 108 1018 B.
122 991 160 1018 R.
177 989 196 1018 f.
211 987 240 1018 δ’.
255 994 283 1018 et
299 991 369 1018 edd.
385 993 461 1018 vett.
508 989 634 1027 glut-tis
647 991 684 1018 D.
700 998 718 1018 a
733 998 772 1019 m.
788 999 815 1024 p.
865 990 1006 1017 omit-tus
1026 987 1054 1018 δ’.
1076 989 1218 1016 nbuntus
1233 991 1269 1018 D.
1286 996 1341 1024 pro
1355 996 1449 1017 more.
1486 986 1744 1015 discriminatur
1756 989 1791 1013 et
1803 987 1839 1015 F.
1854 987 1884 1014 3.

73 1036 109 1063 L.
130 1039 158 1062 cl
179 1035 248 1063 edd.
270 1039 346 1063 vett.
370 1037 406 1063 ln
426 1039 498 1063 ceu.
522 1036 634 1063 inveni
653 1033 883 1063 disc-rimatus.
931 1039 1082 1071 comptus
1104 1036 1139 1063 G.
1160 1031 1186 1063 l.
1201 1042 1220 1062 a
1234 1043 1273 1063 m.
1289 1044 1316 1063 s.
1337 1036 1476 1060 cunctus
1494 1040 1530 1061 π.
1551 1031 1667 1060 coacti
1685 1032 1704 1061 f.
1725 1034 1885 1059 coarctus

72 1080 146 1109 Ald.
166 1082 250 1108 lunt.
264 1081 294 1109 2.
311 1081 425 1109 Venet.
441 1081 470 1108 4.
485 1081 562 1108 Bas.
577 1082 598 1108 Ι.
619 1083 738 1107 coactu
752 1082 835 1109 lunt.
854 1083 881 1109 1.

930 1082 1096 1107 annitaris
1108 1081 1146 1108 D.
1162 1087 1182 1108 a
1196 1088 1234 1108 m.
1250 1087 1278 1113 p.
1300 1077 1513 1106 amatoribus
1527 1075 1556 1107 δ.
1606 1079 1787 1105 occurrent
1804 1077 1840 1105 F.
1855 1077 1884 1104 3.

72 1123 119 1152 ad
133 1123 248 1152 instar
261 1126 295 1153 F.
311 1127 340 1154 3.
356 1127 391 1154 G.
410 1127 436 1154 1.
451 1127 481 1154 2.
496 1126 530 1154 Ο.
547 1126 581 1153 Β.
598 1125 618 1153 f.
633 1127 670 1154 D.
687 1134 714 1159 p.
731 1125 750 1154 f.
766 1123 795 1153 δ.
819 1127 855 1153 ln
875 1126 992 1153 ceteris
1006 1125 1100 1153 libris
1115 1128 1145 1153 et
1159 1125 1229 1153 edd.
1245 1128 1320 1153 ven.
1335 1122 1382 1151 ml
1395 1132 1459 1152 non
1472 1126 1646 1158 comparet.
1672 1124 1708 1151 In
1722 1123 1836 1151 Venet.
1853 1124 1883 1150 ¹2.

73 1174 120 1198 est
139 1169 260 1199 instat.
309 1168 396 1197 redit
416 1171 529 1198 Venel.
547 1172 576 1198 ἱ).

72 1279 146 1317 Ηί0
185 1292 274 1317 vero
313 1284 386 1318 αιιΐ
422 1279 647 1317 necessario
686 1279 862 1330 reposui,
902 1279 951 1316 de

73 1349 149 1386 qua
180 1334 410 1373 confusione
442 1335 488 1372 cs.
521 1334 696 1373 Broukh.
729 1335 778 1373 ad
806 1334 948 1373 Tibull.

71 1390 137 1430 IV.
164 1395 200 1432 3.
227 1395 263 1431 5.
290 1391 420 1429 Burni.
447 1391 507 1429 ad.
529 1390 644 1429 Ovid.
666 1390 832 1429 Amul.
855 1395 891 1431 7.
917 1396 948 1431 1.

71 1447 139 1486 Dr.
165 1447 217 1485 ad
244 1446 408 1487 Liv.111.
436 1452 500 1488 57.
527 1446 655 1500 2512]

127 1529 271 1554 aurum
298 1529 532 1555 coruscans.
565 1514 670 1567 [Non
699 1514 831 1553 dubito
860 1516 948 1566 quin

71 1585 208 1610 comae
232 1572 344 1623 ipsae
376 1586 519 1611 auriam
550 1585 770 1612 coruscans
795 1573 951 1622 poetice

71 1628 256 1666 nominari
278 1628 444 1679 possint,
464 1629 645 1679 quoniam
659 1642 807 1673 aurum,
828 1629 949 1680 quod-

72 1698 222 1736 cunque
265 1685 350 1723 eius
395 1685 612 1722 aemulatur
649 1684 821 1722 colorem
859 1699 949 1723 nun-

72 1745 242 1792 cupetur.
275 1740 324 1780 cs.
350 1740 438 1780 val.
467 1741 596 1779 Flacc.
627 1741 673 1779 V.
707 1745 799 1781 389.
830 1756 949 1781 saevo

72 1812 161 1837 cum
197 1812 285 1837 nox
316 1799 559 1837 accenditur
590 1812 693 1837 auro
726 1798 950 1850 Luciferos

72 1855 220 1894 crinita
242 1857 373 1906 faces.
398 1854 541 1892 Mirum
563 1855 663 1892 enim
684 1858 758 1900 est,
780 1855 949 1905 optimos

71 1910 182 1948 codd.
209 1911 438 1962 particulam
464 1916 508 1950 ut
527 1911 733 1962 denegare,
761 1924 862 1961 quae
882 1911 947 1949 ad-

72 1967 151 2005 dita
180 1967 330 2005 videtur
362 1980 456 2005 esse
482 1981 505 2005 a
531 1968 704 2013 librario,
738 1968 800 2018 qui
827 1981 947 2018 appo-

71 2023 223 2062 sitionis
255 2024 330 2060 vim
357 2037 432 2061 non
461 2029 628 2075 ceperat.
691 2024 873 2062 Ceterum
900 2023 947 2062 cs.

71 2080 121 2118 de
151 2080 227 2118 hoc
252 2080 410 2118 crinium
436 2080 569 2117 colore
594 2079 785 2118 Romanis
811 2094 947 2130 accep-

70 2136 222 2174 tissimo
254 2135 384 2174 Burm.
415 2135 576 2174 Anthol.
610 2135 721 2174 Tom.
759 2136 784 2174 I.
818 2150 853 2187 p.
883 2141 946 2177 65.

72 2192 222 2232 Pande
252 2192 411 2244 puella,
445 2193 590 2244 pande
623 2193 849 2244 capillulos
877 2195 951 2245 sla-

72 2263 138 2288 ros
163 2249 339 2288 lucentes
364 2253 409 2287 ut
427 2263 572 2288 aarum
591 2249 781 2288 nitidum.
808 2248 950 2299 Bottig.

74 2304 247 2344 Sabin.l.
273 2319 308 2356 p.
328 2309 418 2345 120.
445 2305 551 2356 sqq]

129 2374 298 2412 corvina
322 2373 555 2424 niyredine.
589 2372 768 2425 [Niyros
794 2387 950 2424 quoque

73 2430 251 2481 capillos
276 2442 428 2466 summo
456 2428 590 2466 decori
615 2429 720 2479 apud
749 2429 950 2467 Romanos

72 2486 216 2531 fuisse,
247 2485 369 2523 multa
400 2485 581 2535 exempla
614 2486 869 2536 comprobant
900 2486 948 2524 cl'.

73 2541 263 2580 Schmidt.
288 2542 339 2580 ad
362 2542 457 2580 Hor.
485 2541 608 2592 Epist.
629 2547 661 2581 l.
690 2546 724 2581 7.
753 2542 834 2593 26]

130 2610 244 2650 colli.
289 2609 417 2649 Collis
441 2609 630 2660 pluralem
663 2609 765 2647 Oud.
799 2610 950 2647 censuit

70 2667 258 2718 posuisse
282 2667 437 2717 ineptos
465 2665 654 2705 librarios.
675 2665 779 2716 quod
801 2666 948 2705 colam-

73 2723 143 2762 bas
172 2722 310 2774 plural.
341 2722 510 2760 dixisset
539 2722 675 2772 Apul„
715 2735 947 2773 quamquam

72 2779 131 2817 sic
157 2779 332 2818 solerent
358 2783 513 2816 veteres
539 2778 740 2829 eleganter
760 2778 948 2829 pluribus,

71 2836 147 2874 sed
181 2836 367 2888 singulis,
410 2835 636 2873 adscribere
677 2848 792 2872 unum
830 2848 948 2872 mem-

71 2892 199 2940 brun13
236 2893 325 2931 coll.
350 2891 450 2930 Plin.
477 2891 525 2929 H.
551 2890 600 2929 N.
627 2895 706 2937 37.,
732 2896 768 2931 5.
795 2891 947 2930 Auson.

74 2947 200 3000 Epist.
233 2953 269 2989 3.
301 2953 340 2986 et
388 2947 472 2986 lntt.
512 2948 561 2986 ad
597 2948 705 2985 Suet.
745 2946 879 2986 Claud.
917 2962 947 2986 0.

75 3009 139 3045 34.
170 3005 288 3056 Apul.
327 3005 423 3043 Met.
444 3004 510 3042 IV.
549 3018 583 3055 p.
605 3008 698 3044 300.
737 3004 949 3043 dexteram

76 3061 341 3101 admoventes.
392 3062 524 3112 Saepe
574 3061 626 3098 ita
668 3060 844 3098 turbatus
887 3065 950 3099 est

76 3119 206 3169 Apul„
231 3123 272 3157 ut
296 3133 328 3157 s.
356 3118 379 3157 l.
407 3117 634 3156 videbimus.

1065 1280 1197 1332 ynttis
1230 1278 1421 1318 Arabicis
1459 1278 1669 1317 obunctus.
1714 1277 1885 1330 [Spanh.

1010 1334 1059 1372 ad
1097 1334 1247 1373 Callim.
1287 1335 1321 1372 in
1361 1334 1497 1385 Apoll.
1524 1339 1588 1375 38.
1626 1333 1794 1372 Martial.
1821 1332 1886 1372 ΙΙΙ.

1011 1395 1075 1431 53.
1101 1390 1244 1442 Bottig.
1273 1390 1404 1429 Sabin.
1420 1389 1447 1428 Ι.
1474 1404 1511 1441 p.
1529 1395 1619 1432 123.
1646 1404 1732 1441 Sqq.
1754 1389 1886 1441 Kopp.

1009 1447 1057 1485 ad
1085 1446 1200 1486 Mart.
1229 1446 1382 1498 (‘ap.11.
1408 1446 1438 1496 ᾇ.
1455 1451 1547 1487 215.
1573 1460 1610 1498 p.
1628 1447 1738 1499 250]

1066 1520 1106 1554 et
1117 1516 1297 1567 pectinis
1316 1515 1462 1567 aryutt'
1475 1515 1596 1554 dente
1611 1519 1635 1553 t.
1649 1515 1751 1553 disc.
1773 1513 1887 1566 [Aro-

1009 1572 1124 1609 matis
1148 1570 1266 1609 infusi
1290 1575 1330 1609 et
1355 1571 1558 1621 conspersi
1579 1575 1618 1609 et
1637 1570 1790 1622 pectine
1811 1570 1889 1609 dis·

1009 1628 1194 1666 criminati
1223 1632 1262 1665 et
1281 1627 1403 1665 ornati
1427 1632 1518 1666 sunt
1538 1628 1664 1666 crines
1690 1631 1729 1665 et
1747 1626 1890 1665 deinde

1009 1685 1043 1722 in
1085 1684 1228 1722 nodum
1261 1684 1386 1723 coacti
1419 1684 1466 1723 cs.
1499 1683 1658 1735 Pignor.
1693 1689 1743 1722 de
1776 1683 1887 1722 Serv.

1009 1742 1044 1779 in
1088 1740 1226 1779 Polen.
1266 1740 1387 1779 Thes.
1426 1740 1656 1792 Suppl.111.
1696 1754 1733 1791 p.
1769 1744 1888 1783 1262.

1008 1797 1152 1848 Bottig.
1181 1797 1204 1836 l.
1231 1797 1303 1836 e.1.
1330 1811 1366 1848 p.
1387 1797 1495 1850 168]

1068 1870 1248 1905 coactns.
1283 1864 1410 1917 [Trita
1431 1869 1494 1903 est
1513 1864 1616 1903 Mss.
1638 1865 1887 1903 commutatio

1008 1923 1105 1960 inter
1147 1935 1269 1959 voces
1314 1926 1482 1961 coaetus
1523 1925 1562 1959 et
1605 1925 1798 1961 coarctas
1839 1921 1887 1960 cf.

1009 1978 1110 2017 Gell.
1136 1976 1248 2016 ΧΙΧ.
1288 1982 1323 2017 2.
1375 1977 1475 2015 Hinc
1512 1977 1667 2028 explico
1704 1977 1887 2016 mendum

1007 2035 1042 2072 in
1082 2034 1168 2072 loco
1207 2034 1327 2072 Rutil.
1361 2034 1462 2085 Lup.
1489 2033 1515 2073 Ι.
1548 2033 1578 2084 §.
1600 2038 1636 2075 2.
1668 2047 1704 2086 p.
1727 2037 1790 2075 90.
1823 2033 1887 2073 Fr.

1008 2091 1176 2136 obvium,
1202 2091 1266 2128 ubi
1293 2092 1391 2129 vitia
1417 2104 1470 2129 ea:
1494 2092 1603 2130 vitiis
1628 2096 1775 2131 coacta
1794 2089 1887 2142 legi-

1005 2152 1075 2186 tur.
1132 2146 1218 2197 Ego
1244 2147 1376 2185 malim
1403 2152 1561 2193 coorta,
1588 2147 1693 2198 quod
1719 2147 1826 2198 prius
1851 2147 1886 2185 in

1013 2208 1157 2242 coorta
1212 2207 1400 2241 mutatum
1455 2203 1599 2241 deinde
1654 2205 1688 2242 in
1739 2208 1889 2243 coacta

1011 2259 1127 2297 facile
1151 2260 1258 2297 abire
1284 2264 1447 2311 poterat.
1485 2259 1525 2298 ln
1553 2259 1649 2298 Cod.
1677 2259 1807 2300 Guelf.
1835 2260 1886 2298 le-

1011 2316 1111 2367 gitur
1143 2316 1288 2364 cfftas,
1322 2316 1427 2367 quod
1457 2316 1562 2354 idem
1594 2316 1725 2355 vitium
1751 2330 1887 2354 ansam

1010 2372 1188 2423 praebuit
1217 2373 1383 2411 alterum
1408 2373 1498 2411 Rut.
1525 2372 1667 2424 Lup.1.
1694 2373 1806 2423 §10.
1833 2373 1887 2410 lo·

1010 2442 1094 2467 cum
1133 2429 1378 2468 emendandi.
1434 2429 1489 2467 lbi
1527 2430 1628 2467 enim
1666 2429 1807 2480 legitur
1844 2434 1888 2468 at

1009 2486 1190 2525 consiliis
1238 2491 1383 2537 captas
1425 2487 1581 2525 aerarii
1623 2500 1736 2537 opes,
1786 2499 1887 2538 quas

1009 2543 1172 2594 cupitis,
1205 2556 1358 2595 ‹mycrc
1388 2556 1468 2581 uon
1495 2544 1668 2594 potestiS
1698 2542 1803 2592 quod
1828 2556 1869 2579 re

1007 2599 1144 2636 stituo:
1182 2603 1226 2637 ut
1255 2599 1436 2638 consiliis
1462 2604 1637 2638 coortas.
1689 2598 1753 2637 De
1778 2598 1885 2636 crini-

1007 2655 1081 2693 bus
1112 2668 1215 2705 pone
1249 2668 1402 2693 versum
1436 2655 1582 2693 coactis
1614 2654 1663 2693 cf.
1689 2654 1832 2706 Bottig.
1861 2655 1884 2693 l.

1008 2724 1038 2749 0.
1055 2710 1081 2750 l.
1107 2725 1143 2762 p.
1163 2712 1271 2764 163.]

1067 2778 1292 2818 Amatore'is
1318 2779 1459 2818 oculis.
1492 2778 1763 2818 Amator-ibus
1790 2792 1883 2819 ocn-

1008 2836 1058 2875 ll's
1084 2835 1288 2873 lectionem
1315 2835 1427 2873 unice
1457 2836 1681 2886 probarem,
1707 2835 1780 2873 nisi
1814 2849 1881 2887 op-

1006 2892 1086 2930 timi
1127 2892 1239 2930 codd.
1277 2891 1507 2930 resisterent
1544 2890 1592 2930 cf.
1625 2905 1672 2929 ea
1703 2905 1804 2942 quae
1834 2892 1886 2930 ad

1008 2962 1043 2999 p.
1062 2953 1124 2989 15.
1145 2948 1298 2999 protuli.
1338 2947 1475 2986 Talem
1502 2948 1602 2986 enim
1628 2949 1886 3000 exepegesim

1006 3005 1203 3056 Apuleius
1239 3017 1364 3055 saepe
1389 3007 1570 3055 usurpat,
1602 3004 1653 3042 de
1679 3018 1753 3055 qua
1780 3004 1883 3044 Oud.

1008 3060 1173 3099 conferri
1217 3061 1324 3098 iubet
1360 3060 1482 3099 voss.
1528 3060 1576 3098 de
1616 3061 1751 3100 const.
1789 3075 1820 3100 c.
1849 3067 1885 3102 2.

1008 3117 1123 3155 lensii
1149 3118 1276 3155 Leon.
1304 3117 1466 3155 Luciam.
1493 3130 1529 3168 p.
1545 3120 1609 3158 92.
1636 3117 1810 3156 Broukh.
1836 3119 1886 3156 ad
