2155 3590
614 138 801 179 LIBER
823 138 897 178 IX.
959 137 1086 179 CAP.
1116 137 1280 177 XXVI.

1755 134 1835 176 8⁶21

58 252 204 294 coena*
215 250 486 305 profugerat‚*
500 264 661 304 prorsus
673 250 828 292 ieiunus
841 263 1015 291 mensam
1030 250 1157 303 potius
1170 249 1333 288 comiter
1346 247 1578 300 postulabat.
1606 246 1838 299 Apponebat

59 310 95 350 ei
125 321 290 363 propere
320 309 496 361 quamvis
520 307 665 356 invita,
692 308 852 357 mulier,
881 306 1053 360 quippini
1082 305 1313 345 destinatam
1338 304 1419 344 alii.
1469 302 1547 344 Sed
1572 302 1666 342 mihi
1684 302 1837 356 penitus

55 454 160 475 coena
173 445 377 485 profugeret
394 446 430 474 F.
445 447 475 474 3.
506 453 610 472 coena
622 454 661 472 ne
673 445 875 485 profugeret
887 452 916 478 p.
929 445 967 472 B.
982 445 1051 472 edd.
1066 446 1142 471 vett.
1157 449 1258 476 usqne
1272 442 1311 470 ad
1325 441 1413 470 Colv.
1438 440 1650 478 profugat-et
1663 438 1692 469 δ.
1715 442 1751 469 In
1765 445 1837 469 ceu.

52 491 271 531 profugerat,
318 497 423 518 coena
437 493 526 519 abest
541 499 561 519 a
575 493 609 519 G.
628 492 655 518 1.
670 493 700 518 2.
714 492 748 519 0.
764 498 783 519 a
796 498 836 518 m.
851 498 881 524 p.
895 490 979 518 RD.
1015 495 1161 515 mensam
1174 488 1288 523 potins
1301 487 1336 514 F.
1351 487 1381 514 1.
1395 487 1425 513 3.
1441 487 1477 513 G.
1493 487 1522 513 1.
1536 487 1566 512 2.
1580 487 1618 514 D.
1631 487 1667 514 P.
1684 486 1705 513 f.
1720 488 1754 513 Β.
1769 486 1837 513 edd.

54 540 132 566 vett.
155 538 193 565 In
211 539 285 564 cett.
302 535 556 572 mensampom',
583 537 666 564 unde
679 537 808 564 modius
823 539 988 567 utrumque
1003 533 1156 568 coniungi
1169 533 1282 560 voluit.
1319 530 1468 565 [Praeter
1482 531 1591 564 codd„
1617 538 1697 563 quos
1710 538 1768 565 ego
1781 537 1840 558 no—

54 581 196 617 minavi,
221 581 305 609 alios
323 581 496 609 lectionem
510 580 625 616 potius
647 583 765 609 habere
785 586 976 614 persuasum
996 582 1063 613 est,
1088 585 1185 611 quum
1202 585 1267 605 non
1280 580 1432 604 accurate
1445 575 1478 603 in
1492 575 1534 603 iis
1548 576 1774 602 enumerandis
1787 577 1841 603 vel

54 633 116 656 sua
128 628 183 654 vel
194 628 416 660 excerptorum
431 628 529 660 culpa
543 626 620 654 Oud.
635 626 746 660 egerit.
770 627 850 653 Nam
864 624 953 652 codd.
967 623 1074 652 Guelf.
1086 623 1170 650 inter
1181 630 1253 657 eos,
1279 619 1458 656 quipotr'us
1482 622 1633 655 habeant,
1657 626 1720 647 nou
1734 619 1840 655 refert,

55 671 140 700 unde
153 679 217 699 non
229 674 353 699 tantum
366 670 438 699 fidei
451 671 484 698 in
499 674 570 699 cett.
584 670 648 704 ipsi
662 670 864 698 tribuendum
878 667 952 703 est]
990 666 1208 694 conmuniter
1216 669 1252 695 G.
1263 667 1334 695 1.Ο,
1367 672 1473 702 prope
1486 664 1582 692 solita
1596 664 1797 692 aberratione
1811 671 1839 697 p.

57 716 176 754 quippe
188 713 217 744 ὃ.
254 713 370 752 quidni
385 717 499 743 Incert.
536 714 703 752 quippiam
718 716 756 743 D.
803 712 977 741 destinata
990 709 1020 741 ὃ.
1043 711 1285 740 destinat-itum
1304 712 1343 740 D.
1385 708 1521 748 penitus
1539 710 1574 738 in
1591 709 1627 737 F.
1641 709 1671 736 3.
1692 711 1844 736 contextu

56 761 214 796 seriptum
225 764 291 797 est,
316 761 374 789 sed
386 760 422 789 in
435 768 534 794 marg.
550 763 589 789 ab
603 762 716 790 eadem
727 766 826 788 manu
835 756 965 794 penita.

115 870 242 922 quieti
269 869 469 909 recedere.
539 868 781 920 [Recessere.
814 867 919 918 quod

58 926 225 976 optimus
246 926 330 964 cod.
346 924 516 964 Florent.
531 929 568 965 3.
585 926 734 970 scribit,
760 937 810 962 ex
823 924 918 962 arbi-

58 982 129 1020 trio
153 981 384 1019 librariorum
407 981 651 1020 emendatum
671 987 749 1025 est.
776 981 839 1031 qui
854 980 920 1018 ‹le-

59 1039 203 1078 cedere
226 1037 301 1076 hac
326 1039 360 1076 in
380 1051 421 1075 re
440 1039 622 1075 usitatum
642 1050 736 1075 esse
755 1036 919 1074 vocabu-

57 1094 137 1132 lum
150 1107 223 1131 non
237 1094 473 1144 ignorabant.
501 1093 546 1132 cf.
557 1093 603 1131 ad
614 1092 763 1131 Met.V.
777 1107 816 1144 p.
826 1095 920 1135 328,

58 1151 123 1188 ubi
158 1148 257 1188 Prie.
300 1163 349 1187 ex
385 1154 516 1188 nostro
560 1148 645 1187 loco
689 1149 925 1186 substituere

59 1206 182 1244 voluit
210 1207 383 1245 recessit.
435 1205 647 1255 Utrumque
678 1206 777 1242 enim
811 1204 925 1242 dece·

63 1263 161 1301 dere
185 1265 225 1299 et
247 1262 438 1301 recedere
469 1260 518 1297 de
549 1274 727 1298 somnum
757 1259 926 1310 capturis

62 1317 135 1356 dici
161 1321 304 1368 potest,
329 1317 403 1354 sed
427 1318 479 1355 ita
502 1320 543 1354 ut
566 1317 756 1355 recedere
781 1316 926 1353 dicatur

59 1375 110 1412 de
134 1387 200 1419 eo,
226 1374 290 1424 qui
315 1373 350 1410 in
370 1374 585 1411 interiorem
606 1372 758 1410 aedium
779 1376 927 1423 partem

58 1429 285 1480 regreditur,
309 1430 363 1467 uti
388 1430 502 1466 etiam
527 1428 576 1466 de
603 1427 697 1466 locis
723 1428 863 1466 abditis
889 1430 928 1464 et

58 1486 216 1525 remotis·
250 1489 477 1535 usurpatur,
511 1485 559 1523 cs.
590 1484 718 1535 Heyn.
744 1483 793 1522 ad
818 1483 926 1533 virg.

62 1543 162 1581 Aen.
192 1541 238 1580 Il.
276 1545 375 1588 3003
423 1540 537 1580 Ovid.
574 1540 671 1578 Met.
691 1539 793 1578 wll.
832 1543 924 1580 589.

60 1598 211 1638 Eadem
232 1598 379 1636 ratione
403 1596 568 1648 loquitur
582 1596 774 1648 Apuleius
789 1596 882 1635 Met.
898 1595 924 1633 1.

60 1669 97 1708 p.
123 1658 187 1694 43.
221 1655 346 1706 quieti
369 1667 442 1692 nos
472 1667 776 1704 reponamus.
823 1652 926 1691 Oud.

62 1711 263 1750 decedere
293 1714 332 1748 et
364 1710 551 1748 recedere
575 1722 643 1760 pro
670 1709 842 1760 simplici¹
869 1722 926 1747 cc-

61 1769 160 1806 dere
175 1767 341 1818 positum
360 1779 453 1803 esse
475 1770 583 1816 putat
604 1779 652 1802 ex
664 1778 771 1802 more
785 1764 927 1802 Roma-

61 1837 194 1862 norum
205 1854 214 1869 ,
233 1823 296 1873 qui
310 1822 567 1873 compositum
581 1834 649 1872 pro
665 1821 827 1871 simplici
843 1834 928 1858 sae-

63 1881 150 1931 pius
162 1880 390 1929 usurparint.
415 1878 502 1916 Hoc
515 1882 618 1916 certe
633 1877 837 1915 videndum
853 1881 928 1921 est,

61 1936 253 1974 recedere
263 1934 457 1972 difficilius
470 1947 564 1971 esse
585 1934 794 1985 explicatu.
816 1946 929 1983 quam

64 1992 272 2035 decedere,
297 1991 400 2028 unde
427 1990 566 2028 librarii
589 1990 815 2041 mutabant]

119 2051 262 2099 utpote
297 2048 526 2098 intercepta
563 2059 688 2084 coena
729 2047 929 2097 profu-qe-

63 2108 142 2142 ταί.
190 2102 264 2141 Hic
289 2102 400 2141 locus
420 2102 537 2140 valde
557 2102 696 2140 dubius
716 2106 787 2139 est.
814 2115 930 2152 quum

63 2159 224 2209 intelligi
280 2162 465 2210 nequeat,
517 2158 619 2196 unde
665 2158 930 2196 coniunctivus

58 2217 314 2268 profuyeret
325 2214 579 2266 explicandus
594 2215 655 2258 sit,
671 2227 783 2264 quem
799 2215 929 2264 optimi

64 2272 208 2323 quique
232 2271 346 2310 codd.
359 2271 558 2321 praebent,
583 2271 634 2307 ita
650 2270 931 2308 utindicativus

59 2329 317 2381 profuqerat
343 2327 518 2365 videatur
552 2340 646 2365 esse
682 2325 821 2365 librarii
852 2340 932 2364 cor-

63 2384 196 2422 rectio.
228 2383 345 2430 Quod
372 2384 503 2421 obstat
528 2387 705 2421 accurate
730 2385 803 2420 iam
829 2381 930 2420 Oud.

64 2440 289 2489 indigitavit.
328 2439 401 2478 Est
425 2439 526 2477 enim
550 2452 647 2477 usus
674 2439 841 2490 Apuleii.
868 2440 933 2488 qui

65 2497 291 2548 particulam
310 2501 455 2547 utpote
474 2508 666 2545 nunquam
687 2509 771 2533 cnm
795 2508 933 2546 prono-

66 2554 168 2591 mine
209 2554 297 2605 qui,
334 2565 524 2603 nunquam
563 2565 647 2590 cum
683 2552 823 2595 verbo,
860 2551 934 2588 sed

66 2622 224 2660 semper
242 2622 328 2647 cum
347 2609 548 2660 participio
568 2608 630 2645 vel
652 2607 841 2646 adiectu-0
857 2609 934 2645 iun-

67 2666 141 2716 git,
163 2665 266 2703 unde
284 2677 490 2716 perperam
509 2669 688 2714 egerunt.
714 2665 778 2714 qui
803 2663 934 2701 addito

68 2723 293 2772 pronomine
319 2722 391 2774 qni
416 2720 503 2759 loco
529 2720 675 2758 mederi
700 2720 934 2769 cogitabant.

68 2777 169 2815 Hinc
203 2776 306 2815 oud.
343 2777 405 2815 vel
442 2776 667 2828 parenthesi
704 2775 935 2814 includenda

68 2833 246 2871 videntur
267 2835 385 2872 verba
406 2835 664 2885 profuyerat
682 2845 853 2884 prorsus
880 2834 933 2869 ie-

66 2890 206 2934 iunus,
228 2889 294 2926 vel
305 2889 568 2928 scribendum:
596 2894 734 2940 utpote
748 2889 935 2938 inceptae

69 2958 220 2984 coenae
250 2949 463 2997 profuqvts
498 2950 538 2984 et
563 2958 736 2996 prorsus
765 2946 933 2982 ieimms.

69 2998 157 3038 coll.
177 3000 281 3039 Duk.
299 3002 350 3040 ad
370 3001 474 3041 Flor.
487 3000 552 3040 ΙΙΙ.
572 3015 603 3039 c.
619 3006 683 3041 22.
710 3000 932 3051 Aliquando

70 3058 270 3105 cogitavit,
305 3070 394 3095 num
425 3071 475 3096 ex
506 3057 572 3095 illo
603 3072 671 3101 ne,
708 3057 810 3107 quod
841 3059 932 3094 vett.

72 3112 160 3152 edd.
186 3114 391 3164 praebent,
415 3114 678 3166 retingendum
705 3117 812 3151 esset
843 3126 935 3151 nam

975 865 1041 904 vel
1071 867 1201 918 potius
1232 866 1350 910 enirn,
1389 878 1504 916 quam
1540 862 1842 902 coniunctionem

975 936 1099 974 saepe
1107 923 1307 974 praeponit
1315 921 1521 972 Apuleius.
1537 918 1845 971 [Atomniahaec

976 993 1050 1017 non
1066 978 1320 1017 satisfaciunt.
1352 977 1382 1014 1?
1389 977 1472 1015 icus
1486 976 1601 1014 altius
1615 975 1747 1015 sedet.
1771 974 1844 1012 sed

979 1035 1172 1086 quomodo
1192 1035 1406 1073 sanandum
1420 1034 1483 1078 sit,
1504 1032 1649 1077 nescio,
1674 1032 1745 1069 nisi
1761 1044 1845 1069 cou-

978 1091 1133 1129 iecturis
1146 1093 1272 1129 minus
1285 1091 1386 1141 aptis
1403 1089 1527 1128 locum
1542 1092 1690 1127 tentare
1699 1085 1844 1138 velim]

1040 1161 1211 1186 mensam
1237 1148 1379 1198 potins
1411 1147 1576 1184 comiter
1596 1143 1846 1195 postulabat.

984 1202 1173 1248 Quamvis
1194 1204 1299 1254 poni
1323 1216 1494 1240 mensam
1526 1202 1670 1252 optima
1700 1204 1739 1237 et
1763 1212 1847 1249 pro-

983 1259 1065 1310 pria
1078 1258 1152 1297 hac
1170 1260 1205 1296 in
1226 1272 1266 1295 re
1286 1259 1337 1295 sit
1352 1257 1510 1302 locutio!
1538 1257 1597 1294 cui
1611 1255 1850 1307 respondent

984 1328 1096 1364 seqq.
1124 1314 1160 1353 Α
1170 1314 1414 1365 dpurebat
1433 1314 1468 1351 ci
1478 1326 1670 1364 propere,
1691 1316 1729 1349 et
1743 1313 1849 1361 Apu-

986 1370 1084 1408 leius
1119 1370 1171 1408 ita
1202 1370 1292 1407 alibi
1325 1369 1461 1406 dixerit
1491 1368 1584 1406 Met.
1611 1367 1662 1406 X.
1694 1381 1730 1418 p.
1756 1372 1848 1407 707.

983 1439 1238 1477 mensaque
1259 1427 1428 1477 posita
1450 1425 1616 1477 fercula
1644 1425 1755 1464 iussn
1780 1437 1850 1474 ap-

982 1484 1086 1533 poni
1111 1482 1176 1529 (cf.
1192 1481 1345 1520 Ruhnk.
1367 1481 1465 1519 Diet.
1487 1481 1535 1519 ad
1555 1480 1671 1518 Ovid.
1691 1479 1849 1517 Heroid.

983 1537 1091 1576 XVI.
1103 1542 1194 1578 207.
1205 1538 1251 1575 ad
1264 1538 1491 1576 Snetsaes.
1501 1540 1713 1588 e.!13.p.72.
1723 1535 1851 1573 Buun.

985 1594 1033 1633 ad
1056 1594 1213 1633 Antliol.
1237 1593 1280 1632 T.
1299 1594 1326 1633 l.
1345 1608 1381 1646 p.
1398 1597 1466 1634 66:
1492 1593 1581 1631 hinc
1609 1595 1854 1644 impomenta

984 1652 1034 1689 cf.
1067 1651 1173 1689 Fosi.
1207 1664 1242 1702 p.
1270 1654 1334 1690 80.
1371 1650 1564 1698 Liudem.)
1605 1654 1732 1687 tamen
1769 1660 1854 1685 cuin

987 1707 1087 1745 oud.
1103 1707 1368 1745 auctoritatem
1382 1706 1493 1744 codd.
1508 1705 1621 1755 sequi
1639 1704 1853 1747 maluerim,

986 1763 1049 1813 qui
1083 1764 1143 1800 hic
1170 1764 1312 1814 potius
1344 1762 1590 1813 postulabat
1619 1760 1853 1812 praeferunt.

986 1820 1041 1857 lta
1070 1819 1283 1870 postulare
1313 1818 1494 1857 absolute
1527 1818 1661 1855 dicitur
1686 1816 1781 1855 Met.
1807 1815 1852 1853 ll.

986 1889 1022 1927 p.
1047 1880 1137 1916 166.
1164 1876 1342 1927 {Iamque
1368 1875 1530 1913 bibones
1554 1873 1753 1912 salutm-ia
1778 1872 1855 1911 sibi

983 1931 1253 1983 postulant.
1279 1932 1330 1968 uti
1358 1930 1565 1981 legendum
1583 1942 1677 1967 esse
1696 1928 1855 1971 conieci,

987 1992 1026 2026 et
1061 1988 1112 2025 ita
1147 1987 1307 2038 saepius
1343 1987 1448 2037 apud
1484 1986 1611 2024 Suet.:
1646 1985 1857 2036 postulare.

989 2045 1229 2088 missionem,
1253 2043 1532 2087 abolitionem.
1563 2043 1734 2087 veniam.
1765 2040 1856 2092 {yla-

990 2101 1170 2139 (Παίονες
1194 2100 1244 2137 al.
1295 2099 1535 2151 [Postulare
1559 2098 1621 2136 hic
1646 2111 1714 2149 pro
1741 2096 1857 2139 velle,

989 2169 1131 2207 cupere
1163 2156 1307 2193 dictum
1339 2169 1433 2193 esse
1462 2159 1575 2206 put0‚
1612 2167 1689 2204 qua
1719 2152 1857 2203 signiti-

992 2213 1143 2250 catione
1173 2214 1289 2250 etiam
1317 2225 1486 2263 poscere
1524 2224 1597 2248 nou
1635 2210 1857 2248 inusitatum

991 2273 1053 2306 est
1079 2268 1126 2306 cf.
1156 2270 1269 2306 Gron.
1296 2268 1345 2305 ad
1372 2266 1612 2307 Gen.lv.1.
1638 2265 1858 2304 Ιίι111η1ῑ.ειι1

990 2325 1111 2364 Rutu.
1134 2325 1236 2376 Lup.
1264 2324 1310 2363 ll.
1338 2327 1399 2365 19.
1426 2338 1461 2375 p.
1491 2328 1582 2363 181.
1614 2322 1794 2360 Frotscli.
1821 2324 1860 2358 et

990 2395 1122 2419 mensa
1153 2381 1228 2418 hoc
1262 2380 1346 2418 loco
1379 2394 1450 2432 per
1480 2378 1758 2430 synecdochen
1785 2377 1860 2428 ipsi

992 2438 1064 2476 cibi
1089 2442 1198 2483 sunt:
1236 2437 1284 2475 cl'.
1311 2436 1413 2475 Cori.
1440 2436 1490 2475 ad
1516 2436 1661 2474 Lucan.
1687 2434 1714 2473 1.
1744 2433 1858 2484 163]

1049 2495 1252 2545 quippini.
1302 2492 1425 2545 [Quid
1457 2492 1531 2530 hoc
1563 2492 1648 2530 loco
1674 2490 1861 2540 particula

994 2552 1187 2601 quippi-ni
1215 2551 1290 2588 sibi
1321 2549 1432 2593 velit,
1465 2562 1578 2586 nemo
1610 2548 1861 2598 interpretum

993 2605 1195 2644 intellexit.
1238 2605 1434 2657 Exempla
1458 2605 1558 2642 enini
1585 2604 1617 2641 si
1645 2602 1861 2641 accuratius

993 2662 1202 2700 contuleris
1227 2661 1371 2707 Plauti,
1409 2661 1511 2712 apud
1549 2674 1663 2711 quem
1699 2659 1861 2709 saepius

992 2719 1067 2756 hoc
1081 2718 1217 2768 legitur
1230 2718 1478 2762 vocabulum,
1490 2717 1634 2766 ubique
1648 2715 1863 2762 significare

993 2775 1144 2812 videbis
1173 2775 1337 2826 quidni,
1369 2788 1444 2813 cnr
1466 2786 1549 2811 non
1574 2776 1613 2810 et
1637 2770 1863 2810 adverbium

993 2844 1086 2868 esse
1111 2830 1341 2869 affirmandi.
1367 2831 1419 2866 ita
1432 2828 1607 2879 quidem,
1633 2832 1674 2865 ut
1692 2827 1741 2865 ad
1757 2829 1860 2863 ante-

994 2887 1140 2924 cedens
1172 2886 1366 2936 quoddam
1399 2885 1627 2922 vocabulum
1660 2883 1864 2921 accuratis-

1002 2944 1100 2980 sime
1119 2942 1360 2980 referendum
1375 2943 1437 2985 sit,
1463 2940 1510 2978 cs.
1526 2940 1652 2978 Plaut.
1667 2939 1786 2976 Poen.
1802 2936 1865 2976 ΙΙΙ.

1004 3004 1039 3038 4.
1066 3003 1131 3040 29.
1161 3011 1266 3049 sqq„
1297 2999 1361 3035 ubi
1391 3002 1448 3034 te«-
1478 2996 1626 3046 legitur.
1677 2994 1748 3033 Hic
1773 3007 1864 3031 vero

1003 3055 1037 3091 si
1074 3068 1210 3092 sanam
1247 3053 1401 3092 efficere
1437 3053 1579 3090 debeat
1620 3051 1864 3092 sententiam,

1003 3112 1114 3150 unice
1135 3111 1183 3148 ad
1202 3112 1327 3150 invita
1345 3109 1476 3148 referri
1489 3113 1636 3160 potest3
1661 3108 1765 3148 atita
1778 3120 1863 3145 con-
