2155 3590
587 154 776 197 LIBER
806 153 926 194 vul.
987 150 1117 191 CAP.
1147 147 1269 189 XXI.
1779 138 1861 181 7o9

71 286 111 320 et
132 280 406 332 percontatus,
440 284 608 326 quonam
633 269 709 310 loci
735 282 831 323 puer
858 266 923 307 ille
943 263 1168 314 decidisset,
1196 265 1479 302 monstrantem
1501 255 1622 309 digito
1643 268 1722 294 non
1743 252 1861 306 longe

72 333 233 376 frutices
258 330 439 371 horridos
466 342 598 369 senem
625 327 733 366 illum
759 324 925 379 impigre
951 321 1176 362 comitatur.
1237 319 1299 358 Ac
1324 316 1411 355 dum
1439 313 1579 368 pabulo
1606 317 1744 351 nostro
1770 323 1952 370 διιεῖ-5563

73 403 145 445 que
159 401 252 428 cura
266 386 404 427 refecti
418 384 628 426 sarcinulis
643 382 805 436 quisque
825 378 1011 435 sumlptis
1031 377 1112 418 suis
1126 375 1229 418 viam
1251 377 1484 427 capessunt,
1512 369 1683 409 elamore
1697 366 1987 421 primumu‘zll]

72 444 299 487 nominatim
326 443 473 483 cientes
500 441 605 481 illum
631 440 812 480 iuvenem
838 438 1067 489 frequenter
1090 433 1319 479 inclamant,
1346 442 1442 468 mox
1465 426 1563 466 hora
1587 424 1736 464 diutina
1761 436 1865 462 com-

70 502 166 543 moti
190 501 350 541 mittunt
374 513 394 539 e
429 498 511 538 suis
542 495 817 537 arcessitorem
851 506 993 540 unum,
1033 489 1098 544 qui
1129 486 1358 541 requisitum
1397 482 1578 524 comitem
1611 479 1866 533 tempestivae

71 559 158 599 viae
196 555 546 598 commonefactum
584 553 805 593 reduceret.
872 550 929 589 At
964 547 1028 588 ille
1066 545 1259 586 modicum
1299 545 1563 582 commoratus
1599 537 1725 576 refert
1760 548 1865 585 sese,

72 613 239 656 buxanti
263 613 412 668 pallore
438 610 635 664 trepidus,
663 608 763 648 mira
789 619 907 660 super
931 616 1125 644 conservo
1152 615 1223 642 suo
1248 597 1466 640 renuntiat.
1518 592 1799 646 conspicatum
1825 605 1868 631 se

73 671 234 726 quippe,
268 669 449 723 supinato
479 667 537 707 illi
567 673 606 706 et
636 665 712 705 iam
744 678 798 703 ex
829 661 1000 703 maxima
1033 666 1143 715 parte
1169 661 1398 709 consumpto
1423 653 1632 692 immanem
1659 649 1869 688 draconem

68 811 315 849 percunctatus
329 805 359 838 d.
374 809 412 837 de
424 816 521 837 more.
540 807 790 844 praecantatus
803 803 931 832 vicent.
955 801 998 829 cs.
1012 801 1052 829 atl
1066 802 1142 828 Met.
1156 801 1179 827 Ι.
1194 806 1222 833 p.
1237 798 1288 826 73.
1301 818 1308 832 ,
1335 795 1389 824 ubi
1403 794 1436 822 ln
1449 793 1519 822 ead.
1533 790 1608 820 edit.
1639 789 1872 827 praecantato

68 856 193 894 pretio,
209 862 306 890 quam
318 855 489 883 lectionem
503 860 561 881 nec
575 852 628 880 hic
642 859 700 880 nec
715 850 783 878 illic
798 848 969 876 defendere
983 846 1115 875 debebat
1125 844 1294 873 Pricaeus.
1332 847 1432 878 qnam
1446 837 1556 865 locin.
1605 833 1781 862 cecidisset
1793 834 1828 861 Β.
1842 835 1873 861 et

74 904 143 932 edd.
157 904 234 930 vett.
250 908 351 935 usque
365 901 405 927 ad
420 900 509 928 Colv.
524 898 602 926 oud.
618 897 764 925 emendat
780 891 965 921 recidisset.
1013 891 1235 918 moscraueem.
1249 888 1283 915 G.
1301 888 1331 915 1.
1356 884 1569 912 monstrante
1581 882 1619 909 P.
1632 878 1661 909 δ.
1698 887 1763 907 non
1779 877 1874 915 longe

75 949 191 976 desunt
212 948 248 974 G.
268 948 298 974 2.
319 946 355 973 P.
376 946 414 974 D.
453 943 628 983 fructices
648 943 683 970 G.
705 942 733 969 ¹1.
753 941 784 968 2.
804 940 843 968 D.
892 935 1005 964 oridos
1025 938 1061 964 G.
1084 936 1114 964 1.
1158 934 1254 971 pigre
1274 933 1309 960 G.
1331 933 1361 959 2.
1380 931 1417 959 P.
1435 931 1474 962 D.
1523 925 1617 954 modo
1632 927 1668 955 B.
1681 927 1777 954 habel
1792 926 1875 952 teste

73 994 174 1029 Elm.‚
200 991 254 1019 cui
268 993 440 1019 obsecutus
455 992 503 1018 est
516 988 656 1017 Scriver.
672 986 705 1014 in
720 985 794 1014 edit.
809 991 880 1013 sua.
905 983 949 1011 At
961 983 1026 1010 iam
1039 981 1119 1008 Oud.
1134 980 1167 1008 in
1188 980 1260 1007 coll.
1276 978 1361 1006 Mod.
1380 973 1521 1003 inveniri
1542 973 1693 999 monstro
1713 973 1794 999 bene
1813 969 1874 997 ad·-

75 1041 174 1066 notat.
199 1036 363 1072 [Errorem
381 1035 466 1064 enim
484 1034 530 1062 ita
550 1033 727 1067 profectum
747 1038 821 1059 esse
840 1028 944 1057 video.
977 1028 1080 1062 Quum
1098 1026 1133 1054 in
1153 1027 1241 1053 textu
1260 1025 1390 1057 legatur
1407 1021 1536 1055 nostro,
1560 1018 1696 1052 priorem
1710 1016 1876 1049 syllabam

75 1083 198 1111 lineola
210 1080 395 1110 subnotavit
411 1079 556 1115 modius,
583 1077 745 1106 adiiciens
758 1076 792 1103 in
807 1081 905 1108 marg.
919 1072 1047 1101 variam
1060 1071 1231 1099 lectionem
1250 1067 1301 1096 71ιῦ
1323 1067 1343 1095 i.
1359 1074 1386 1095 e.
1407 1073 1498 1100 mon,
1524 1064 1609 1092 unde
1622 1061 1760 1091 efficitur
1773 1067 1876 1088 voca-

75 1130 186 1156 bulum
206 1128 366 1155 monstro.
391 1127 474 1154 Elm.
494 1131 586 1159 vero,
613 1122 668 1156 qui
689 1122 859 1150 contextus
878 1120 1014 1146 alteram
1034 1118 1197 1150 syllabam
1219 1112 1390 1148 neglexit‚·
1407 1110 1458 1138 ηιδ
1483 1117 1537 1144 pro
1558 1106 1749 1141 compendio
1763 1104 1878 1133 habuit

75 1173 230 1202 vocabuli
249 1169 371 1206 modo]
414 1167 541 1206 pabulo
563 1167 622 1195 via·
642 1168 677 1195 P.
725 1173 810 1192 cura
830 1162 958 1202 defecti
974 1163 1089 1191 Venet.
1102 1162 1134 1189 2.
1182 1156 1366 1187 sarcinulis
1380 1155 1449 1184 suis
1464 1153 1604 1192 quisque
1617 1150 1646 1182 ὃ.
1694 1151 1877 1187 capescunt

77 1220 118 1247 G..
138 1219 165 1247 1.
213 1216 392 1244 clamorem
419 1217 455 1244 G.
477 1216 505 1244 1.
549 1211 696 1250 primum
719 1212 755 1239 F.
778 1212 806 1239 1.
827 1211 857 1237 3.
878 1210 915 1237 G.
937 1209 966 1236 1.
989 1209 1018 1235 ¹2.
1037 1208 1075 1236 D.
1096 1207 1131 1234 0.
1154 1206 1191 1233 P.
1211 1205 1247 1232 1..
1269 1206 1299 1231 et
1318 1203 1388 1231 edd.
1409 1204 1479 1236 post
1495 1200 1585 1229 Colv.
1612 1198 1646 1226 ln
1666 1199 1739 1225 cett.
1754 1195 1877 1233 primo.

77 1262 225 1291 clamore
239 1262 379 1298 proprio
399 1260 607 1288 nominatum
628 1254 657 1285 a.
705 1254 809 1283 ullum
829 1262 883 1288 pro
902 1251 995 1279 illum
1014 1253 1053 1280 D.
1093 1250 1299 1289 frequentes
1320 1247 1462 1276 Scriver.
1482 1245 1620 1274 Amstel.
1667 1239 1756 1269 hora
1785 1241 1820 1269 F.
1847 1242 1878 1268 8.

79 1310 114 1337 G.
137 1309 165 1337 1.
186 1309 221 1336 0.
241 1315 277 1335 π.
300 1303 329 1334 δ.
351 1305 372 1335 s.
392 1307 462 1334 edd.
482 1307 558 1333 vett.
579 1306 654 1332 ante
673 1302 762 1330 Colv.
788 1302 825 1328 ln
844 1301 915 1327 ceu.
934 1302 1043 1325 mora.
1092 1297 1154 1324 Pro
1168 1292 1325 1322 commoti
1337 1293 1486 1326 placebat
1501 1288 1662 1318 Groslolio
1676 1284 1879 1314 commoniti.

76 1353 221 1380 mictum
234 1354 269 1380 G.
286 1353 315 1380 1.
328 1352 360 1379 2.
374 1352 412 1380 D.
460 1357 505 1377 ez·
518 1348 588 1376 suis
603 1345 631 1376 δ.
680 1343 917 1373 arcessitorem
932 1343 968 1371 F.
986 1344 1014 1370 1.
1028 1342 1058 1370 3.
1073 1342 1107 1370 0.
1121 1347 1157 1368 rr.
1172 1337 1200 1369 δ.
1214 1339 1285 1367 edd.
1299 1340 1432 1366 recentt.
1457 1333 1699 1363 accersitorem
1713 1334 1749 1360 G.
1764 1333 1794 1360 2.
1808 1331 1880 1360 edd.

76 1401 153 1427 vett.
179 1401 247 1433 post
273 1398 422 1425 Beroald.
458 1393 679 1422 acersv'torem
707 1394 742 1420 G.
773 1393 800 1419 l.
826 1391 865 1418 1).
903 1386 1123 1416 accesu'corem
1143 1386 1192 1414 ed.
1212 1392 1257 1419 pr.
1276 1383 1405 1412 Vicent.
1425 1382 1540 1410 Venet.
1560 1382 1592 1408 2.
1642 1377 1827 1414 tepestwae
1840 1377 1880 1404 D.

78 1446 207 1471 comtos
227 1441 400 1481 nesae-lum
422 1442 457 1469 G.
480 1441 508 1468 1.
557 1447 598 1466 ac
618 1436 673 1465 ille
693 1434 722 1465 ὃ.
744 1438 782 1464 de
802 1442 898 1463 more.
947 1433 1188 1460 commoratum
1209 1438 1239 1464 p.
1287 1429 1442 1455 naoratus
1462 1427 1498 1455 G.
1520 1426 1549 1453 1.
1570 1426 1600 1453 2.
1620 1424 1656 1452 P.
1675 1424 1714 1452 D.
1734 1423 1769 1451 O.
1791 1418 1820 1449 δ.
1842 1423 1881 1449 ob

78 1489 324 1525 praecedentem
343 1487 478 1515 eandem
498 1486 662 1519 syllabam
681 1483 814 1517 syllaba
833 1487 906 1508 cum
926 1478 1020 1508 elisa.
1070 1474 1269 1504 buz-autin
1285 1475 1313 1502 1.
1328 1475 1359 1502 3.
1374 1474 1410 1501 G.
1428 1472 1455 1499 1.
1470 1473 1501 1500 2.
1514 1472 1553 1498 D.
1568 1470 1603 1499 0.
1620 1470 1655 1497 Ρ.
1670 1467 1692 1497 s.
1708 1476 1738 1502 p.
1753 1475 1788 1495 π.
1803 1463 1832 1495 δ.
1851 1468 1884 1494 et

79 1535 147 1564 edd.
162 1533 272 1563 Colvio
287 1532 491 1567 posteriores.
519 1530 625 1559 Ceteri
645 1528 735 1557 codd.
757 1530 783 1555 el
805 1526 876 1555 edd.
895 1522 1119 1560 buxantn‘que.
1167 1517 1327 1548 bassanu·
1341 1520 1380 1547 D.
1429 1523 1526 1544 servo
1542 1523 1571 1550 p.
1620 1512 1830 1549 remcmpti'ue
1843 1512 1882 1539 D.

79 1579 258 1616 suppinata
280 1579 315 1606 G.
334 1579 364 1606 2.
382 1578 418 1605 Ι).
431 1577 479 1605 ed.
494 1583 542 1610 pr.
557 1575 682 1604 Vicenl.
698 1574 812 1602 Venet.
827 1573 858 1600 2.

81 1626 278 1662 consumpta
292 1624 326 1652 0.

134 1745 295 1799 pabulo
319 1749 460 1784 nostro
486 1755 639 1794 suoque
664 1754 764 1780 cura
789 1739 946 1791 resecti.

84 1801 278 1842 Stewech.
311 1804 432 1840 totum
459 1799 584 1838 locum
615 1797 846 1836 mendosum
883 1794 948 1832 ba-

83 1862 200 1906 bens,
225 1857 375 1908 refingit
390 1856 550 1910 pabulo
569 1869 641 1894 nos
655 1854 863 1904 nostrique
877 1865 951 1890 sua

85 1930 185 1957 cura
209 1915 370 1966 refecti,
395 1913 498 1965 quod
511 1910 695 1950 Floridus
710 1911 745 1948 in
765 1910 951 1959 interpre-

84 1974 229 2011 tatione
243 1971 440 2022 expressit
459 1973 498 2007 et
511 1967 612 2006 Oud.
627 1966 818 2018 probavit,
843 1977 952 2016 prae-

86 2033 195 2068 terea
225 2028 320 2068 (lum
348 2025 506 2079 pabulo
536 2025 606 2063 vix
637 2037 710 2062 nos
747 2022 957 2072 nostrique

89 2100 160 2125 svm
175 2098 275 2124 cura
289 2084 438 2134 refecti
459 2082 687 2126 coniiciens,
713 2078 956 2127 eandemque

88 2141 320 2180 sententiam
353 2139 434 2177 fere
469 2150 604 2176 omnes
631 2135 755 2174 secuti
782 2139 871 2172 sunt
892 2146 957 2184 po-

88 2199 288 2237 steriores.
337 2195 442 2248 [Ego
475 2194 564 2232 licet
594 2193 680 2244 ipse
706 2192 742 2229 in
769 2191 845 2230 hoc
871 2190 956 2227 loco

92 2253 337 2297 offenderim,
362 2256 489 2290 tamen
505 2252 556 2288 ita
570 2249 704 2299 corrigi
721 2261 807 2286 eum
823 2260 958 2298 posse,

91 2312 156 2350 vix
179 2310 271 2348 mibi
295 2308 534 2360 persuadere
560 2318 742 2357 possum,
775 2303 880 2355 quod
913 2316 961 2341 ea

93 2366 313 2406 emendatio
328 2378 440 2416 seqq.
462 2365 565 2404 riam
579 2365 796 2413 capessunt
808 2360 962 2398 minime

93 2422 318 2476 respondet.
373 2420 554 2459 Forsitan
593 2419 703 2456 locus
741 2419 792 2455 ita
828 2419 961 2468 potest

93 2480 295 2532 explicari,
321 2482 362 2517 ut
383 2476 600 2528 zeugmatis
622 2488 746 2525 genus
767 2473 961 2523 quoddam

92 2541 310 2576 statuamus
336 2533 586 2577 insolentius,
613 2535 651 2568 et
676 2531 834 2581 refecti,
860 2529 963 2580 quod

93 2593 249 2647 proprie
273 2591 322 2629 ad
347 2606 420 2631 sua
446 2604 544 2629 cura
571 2588 749 2640 pertinet,
777 2587 891 2623 etiam
914 2585 963 2623 ad

91 2649 250 2702 pabulo
280 2653 421 2687 nostro
458 2660 506 2684 ea
536 2645 730 2683 sententia
759 2641 963 2680 referatur:

94 2706 286 2746 pastores
312 2704 453 2742 diutius
480 2704 513 2741 in
535 2701 666 2739 viretis
688 2699 961 2749 conquievere,

97 2767 135 2801 et
162 2765 368 2814 postquam
389 2774 435 2798 se
455 2771 607 2809 suaque
627 2757 787 2795 vulnera
806 2768 963 2794 curave-

98 2822 182 2856 rant
215 2830 419 2867 novasque
456 2817 557 2854 vires
593 2814 641 2852 ad
687 2812 965 2864 prosectionem

99 2878 337 2918 summam,
364 2877 402 2912 et
426 2886 499 2911 nos
525 2883 682 2923 quoque
707 2871 876 2908 iumenta
900 2881 965 2906 sa-

99 2931 193 2970 tiata
217 2943 382 2976 eramus,
407 2934 449 2968 ut
473 2928 655 2967 adiuvare
679 2928 749 2964 iter
767 2928 966 2977 pastorum

100 2999 330 3039 possemuS‚
377 2988 592 3038 capessunt
639 2986 728 3022 cett.
777 2981 966 3020 Pastores
1020 3006 1021 3010 ,

101 3044 213 3095 igitur
236 3041 379 3095 pabulo
403 3043 657 3080 iumentorum
682 3040 829 3090 refecti
861 3036 966 3089 apel-

102 3099 246 3145 lantur,
289 3100 379 3150 quia
416 3099 469 3138 ita
508 3097 673 3136 celerius
710 3097 745 3134 in
782 3096 845 3132 via
882 3108 966 3146 pro-

103 3156 210 3206 gredi
236 3159 427 3208 poteraut.
451 3155 540 3193 Nisi
553 3154 654 3192 hanc
668 3151 967 3204 explicationem

906 1568 1010 1597 etiam
1031 1576 1087 1604 pro
1106 1565 1221 1595 etiam
1241 1563 1277 1595 F.
1298 1566 1328 1593 3.
1349 1565 1385 1593 G.
1409 1564 1438 1592 1.
1458 1563 1489 1591 2.
1510 1562 1549 1591 Ι).
1592 1560 1789 1596 consumpta
1803 1557 1882 1587 (ΞΛ,

1006 1734 1233 1788 probaveris
1253 1732 1388 1772 nescio
1404 1731 1467 1782 qui
1481 1727 1743 1780 teexpedias.
1778 1724 1883 1763 Alio-

1008 1793 1097 1843 quin
1126 1792 1234 1830 loeus
1258 1803 1326 1841 pro
1354 1790 1532 1838 corrupto
1558 1783 1764 1823 habendus
1791 1795 1886 1820 esse

1007 1849 1099 1888 mihi
1126 1846 1303 1899 videmia]
1483 1884 1491 1888 μ»

1065 1904 1283 1947 sarcinulis
1299 1901 1468 1955 quisque
1487 1899 1657 1950 sumptis
1669 1897 1762 1938 suis.
1783 1894 1887 1943 Oud.

1009 1961 1182 2015 praefert
1208 1959 1413 1998 lectionem
1440 1956 1524 1994 cod.
1556 1952 1731 1993 d‘Orvill.
1756 1952 1887 2004 ¹sar-ci·

1014 2019 1121 2058 ἠιιίίε
1145 2018 1225 2058 suis
1251 2017 1438 2069 quisque,
1465 2013 1554 2064 quia
1573 2012 1608 2049 in
1629 2011 1691 2049 his
1719 2010 1890 2062 quisque

1014 2074 1229 2127 pronomini
1254 2072 1438 2124 postponi
1464 2069 1594 2108 soleat
1620 2067 1708 2117 coll.
1721 2065 1827 2117 dict„
1839 2064 1890 2104 ad

1018 2131 1117 2171 Hist.
1143 2130 1188 2169 B.
1216 2129 1299 2169 Afr.
1329 2142 1362 2167 c.
1390 2131 1454 2168 31.
1481 2140 1553 2166 suo
1579 2125 1752 2178 quisquc
1779 2121 1886 2161 loeo.

1016 2188 1102 2227 Intt.
1135 2187 1183 2225 ad
1216 2185 1300 2224 Liv.
1327 2183 1394 2224 Vl.
1429 2188 1491 2224 13.
1526 2181 1799 2234 defectionem
1827 2178 1890 2218 sui

1019 2247 1190 2298 (litisque
1222 2241 1376 2295 populi
1412 2241 1461 2280 al.
1512 2237 1660 2291 [Quam
1686 2236 1891 2275 temerarie

1018 2301 1118 2340 Oud.
1152 2300 1253 2338 banc
1283 2298 1593 2336 emendationem
1629 2291 1890 2345 proposuerit,

1019 2372 1067 2398 ne
1092 2357 1191 2395 alios
1218 2356 1379 2395 aliorum
1405 2355 1636 2404 scriptorum
1664 2350 1776 2388 locos
1797 2347 1889 2386 affe-

1019 2428 1118 2461 ram,
1156 2426 1209 2452 ex
1239 2412 1396 2464 Apuleii
1428 2412 1502 2448 iam
1535 2407 1728 2459 exemplis
1760 2407 1893 2456 potest

1021 2470 1289 2510 demonstrari.
1311 2468 1359 2507 cl'.
1376 2467 1473 2506 Met.
1488 2466 1557 2505 lV.
1574 2468 1668 2505 255.
1685 2463 1893 2516 quisque

1022 2529 1155 2580 maqis
1179 2540 1290 2566 snae
1322 2524 1445 2564 salutet
1478 2536 1598 2576 quam
1623 2519 1779 2560 domini
1801 2531 1893 2557 σοη-

1022 2585 1178 2624 sulelmt
1203 2582 1359 2634 opibus.
1409 2579 1529 2631 Apol.
1568 2592 1605 2629 p.
1646 2580 1741 2617 561.
1781 2574 1894 2627 quod

1026 2642 1132 2694 quis
1144 2654 1233 2693 que
1252 2641 1294 2678 in
1309 2636 1482 2689 epistola
1496 2650 1596 2679 sna,
1623 2632 1714 2671 licet
1728 2630 1794 2668 ille
1808 2643 1894 2668 sae-

1021 2698 1110 2750 pius
1146 2698 1261 2735 istum
1298 2694 1470 2746 positum
1503 2692 1703 2730 observet.
1753 2686 1893 2725 Emen-

1022 2754 1125 2793 datio
1158 2753 1271 2803 igitur
1303 2753 1365 2789 est
1399 2748 1559 2793 librarii,
1594 2747 1658 2797 qui
1682 2745 1783 2783 hanc
1809 2757 1894 2794 pro-

1023 2811 1186 2849 nominis
1212 2808 1447 2860 positionem
1475 2804 1668 2854 cognitam
1692 2799 1893 2852 habebat]

1079 2866 1315 2906 nominatim
1353 2865 1515 2903 cientes.
1577 2858 1643 2911 [cl'.
1680 2857 1808 2895 Buen.
1846 2855 1897 2895 ad

1023 2923 1136 2962 Lact.
1162 2921 1254 2959 lnst.
1282 2920 1350 2958 lV.
1378 2925 1413 2959 1.
1439 2919 1470 2969 ξ.
1501 2920 1562 2957 10.
1589 2929 1627 2966 p.
1654 2913 1770 2965 422]

1082 2979 1184 3018 liora
1212 2978 1389 3016 diutina.
1423 2973 1582 3026 [Hora.
1609 2970 1711 3022 quod
1738 2969 1896 3007 defendi

1024 3048 1149 3086 posse
1163 3033 1266 3072 Oud.
1283 3035 1412 3084 putat,
1438 3027 1642 3080 explicans
1658 3026 1899 3078 perlongum

1025 3096 1199 3142 tempus,
1245 3089 1427 3140 equidem
1473 3099 1557 3123 cum
1593 3084 1747 3136 optimis
1785 3081 1900 3121 codd.

1024 3148 1180 3193 retinui,
1211 3145 1359 3184 cunctis
1379 3146 1534 3182 recentt.
1555 3139 1826 3193 interpretibus
1847 3139 1898 3176 in-
