2155 3590
721 137 912 179 LIBER
940 137 968 178 1.

84 249 400 307 Aeginensislet
424 250 568 301 audite,
597 264 672 304 quo
697 258 863 304 quaestu
886 265 947 292 me
972 257 1143 291 teneam:
1181 247 1294 288 melle
1323 247 1387 287 vel
1412 260 1526 288 caseo
1553 253 1592 287 et
1615 247 1881 287 huiuscemodi
1906 248 1948 281 25

85 307 362 362 cauponiorum
388 307 582 348 mercibus
607 321 677 361 per
693 306 938 348 Thessaliam
956 306 984 363 Ι,
1011 305 1225 356 Aetoliam,
1253 302 1459 344 Boeotiam
1484 303 1588 344 ultro
1609 303 1783 357 citroque
1804 303 1882 343 dis·
1906 304 1949 339 26

1027 135 1156 177 CAP.
1185 136 1234 176 V.
1826 135 1882 177 29

84 421 148 450 quo
162 415 338 450 quaestum
351 421 438 441 nunc
451 421 523 441 eam
537 414 585 442 ed.
600 422 646 448 pr.
660 414 786 442 vicent.
800 414 914 443 Venet.
929 416 958 442 2.
971 413 1084 442 Aldin.
1099 413 1211 441 Venet.
1226 408 1256 439 4.
1270 411 1343 439 Par.
1357 412 1443 439 lunt.
1458 411 1488 438 2.
1498 407 1688 437 —Ennaeo
1699 411 1784 438 qut.
1799 411 1882 438 2.—

83 466 310 495 cauprmorum
322 459 358 487 F.
372 460 402 487 3.
417 460 453 487 G.
467 460 505 488 D.
519 465 539 487 a
551 467 578 487 s.
592 457 627 494 [a
643 467 682 488 m.
697 467 726 494 p.
742 459 965 495 caponarnm]
987 461 1022 488 L.
1038 459 1113 488 cod.
1128 461 1157 487 et
1170 458 1208 486 Z.
1221 470 1266 476 --
1280 454 1371 484 ultro
1386 455 1540 492 citroque
1552 455 1588 483 F.
1606 456 1633 484 l.
1649 456 1678 483 3.
1694 457 1729 484 G.
1744 456 1779 484 Ο.
1794 456 1829 483 Ρ.
1845 463 1880 483 π.

84 505 122 532 D.
146 505 183 532 In
197 504 313 532 ceteris
328 504 492 539 particula
503 506 606 533 abest.

80 591 218 631 missus
256 591 514 631 Germaniam
542 593 792 644 superiorem
828 596 955 631 trans-

83 648 189 687 latus
235 652 314 694 est,
374 661 424 686 ex
470 648 554 687 cod.
602 647 647 688 P.
701 649 842 700 poterit
889 648 953 686 de-

82 703 216 756 feudi]

136 761 210 799 sed
231 765 277 800 ut
298 762 536 813 prius—et
561 761 690 801 leuius.
724 760 852 813 [Haec
877 773 953 811 quo

79 816 195 856 modo
218 817 335 868 vulgo
363 817 539 869 leguntur
563 822 602 857 et
615 817 718 857 Oud.
745 818 950 856 ordinavit:

82 874 167 913 Sed
190 878 236 912 ut
259 875 381 926 prins
406 888 444 913 η.
479 876 551 928 qui
581 876 652 914 sim
677 879 715 913 et
745 875 893 913 cuiatis
917 878 954 913 et

82 944 162 983 qno
184 935 353 983 quaestu
371 936 536 979 teneam,
563 932 723 971 audite:
755 931 952 984 Aeyinen-

79 987 133 1026 sis
148 987 309 1040 quidem
322 1001 406 1026 snm
421 987 574 1027 Actaeo
595 991 696 1033 cett„
719 1000 953 1038 quamquam

79 1044 180 1081 bene
202 1044 431 1096 procedunt,
463 1045 589 1084 invitis
620 1048 747 1083 tamen
776 1044 952 1082 omnibus

79 1099 181 1138 Mes.
192 1100 454 1139 emendantur.
463 1100 548 1151 Ego
557 1101 658 1140 Mss.
671 1101 834 1151 vestigia
842 1113 952 1138 secu-

79 1161 143 1195 tus
169 1157 220 1196 ita
244 1157 453 1196 constituo:
485 1158 558 1197 secl
582 1162 626 1196 nt
646 1171 712 1209 pr.
738 1171 776 1195 n.
803 1157 950 1195 cuiatis

80 1214 153 1252 sim
185 1215 322 1266 quire.-
348 1228 431 1253 sum
457 1213 698 1265 Aeginensis
729 1218 767 1251 et
796 1213 949 1256 audite,

83 1283 165 1322 quo
192 1275 359 1322 quaestu
383 1283 443 1309 me
468 1275 626 1308 leucam
653 1270 768 1308 melle
800 1269 862 1307 rel
885 1282 951 1307 ca-

78 1339 156 1365 sea.
188 1327 304 1378 quive
329 1326 430 1364 enim
455 1330 495 1364 ut
526 1326 672 1376 legam,
697 1338 760 1363 me
785 1338 951 1363 commo-

78 1386 144 1421 vet
173 1382 436 1421 nonnullorum
470 1382 580 1420 codd.
615 1382 727 1420 lectio
755 1381 857 1434 quid
881 1382 953 1419 sim

79 1438 142 1477 vel
186 1439 300 1492 quod
340 1440 431 1484 sim,
482 1444 688 1492 quaestum
731 1437 874 1476 deiude
917 1438 952 1475 in

82 1501 250 1549 quaestu
279 1509 340 1534 me
372 1497 603 1535 commutavi
633 1500 672 1533 et
704 1495 857 1535 Aetneo
896 1493 956 1532 rel

81 1553 269 1598 Ennaeo,
314 1552 419 1603 quod
448 1552 732 1603 refragantibus
763 1551 863 1589 Mss.
902 1551 954 1588 in-

80 1613 226 1648 trusum
270 1613 354 1654 est,
403 1609 558 1661 expuli,
608 1622 724 1660 quum
767 1609 956 1659 scriptura

81 1664 178 1704 Cod.
208 1665 254 1704 F.
279 1669 316 1706 3.
344 1671 382 1705 et
405 1680 569 1705 aeneam
592 1666 708 1704 melle
744 1669 879 1717 aperte
904 1665 954 1702 in·

81 1723 245 1768 dicetur,
281 1722 385 1761 unde
415 1723 597 1761 mendum
623 1723 825 1774 irrepserit.
874 1719 954 1758 No-

79 1780 233 1818 tissima
256 1783 318 1818 est
342 1780 586 1830 interrogatio
614 1780 703 1832 quis
728 1783 767 1817 et
790 1778 900 1818 uncle
918 1777 953 1815 in

81 1835 248 1874 hominis
262 1835 538 1888 descriptione3
564 1835 613 1874 cf.
631 1835 757 1874 Burin.
774 1835 823 1874 ad
837 1833 954 1872 Ovid.

80 1891 240 1931 Heroid.
265 1891 309 1931 ll.
338 1896 428 1933 106.
454 1892 575 1932 Bach.
597 1892 646 1931 ad
666 1892 762 1930 Met.
777 1890 844 1930 XI.
860 1893 954 1931 279.

81 1947 189 1987 XIV.
219 1952 310 1989 162.
336 1948 453 1988 Jahn.
477 1949 527 1988 ad
540 1947 798 1999 Virg.B11col.
825 1962 861 2000 p.
893 1951 954 1987 17.

82 2005 134 2044 de
159 2006 229 2058 qui
253 2006 302 2044 cf.
326 2005 461 2045 Eckst.
488 2005 536 2045 ad
563 2006 683 2043 Arist.
708 2004 771 2044 III.
796 2019 833 2057 p.
860 2006 952 2044 917.

83 2062 134 2100 de
164 2063 311 2101 cuiatis
341 2062 454 2101 eund.
481 2062 532 2101 ad
556 2062 674 2100 Arist.
701 2060 765 2100 III.
790 2076 826 2114 p.
854 2064 952 2101 940:

82 2123 124 2157 ut
153 2119 439 2157 emendandum
469 2122 564 2170 puto
594 2118 720 2157 locum
751 2118 896 2156 Arnob.
927 2115 954 2154 Ι.

84 2179 149 2216 23.
193 2175 337 2215 Exuto
367 2189 561 2227 corpore,
595 2175 708 2227 quod
733 2175 773 2213 in
798 2175 956 2226 exifflta

84 2233 147 2272 sui
194 2231 510 2285 circmnferebat
547 2236 694 2284 parte,
734 2236 958 2283 postquam

84 2288 216 2327 videri
242 2302 282 2327 se
297 2302 446 2341 passus
464 2293 522 2327 est
545 2289 684 2327 cuias
709 2292 850 2331 esset,
876 2291 959 2326 aut

86 2345 222 2384 cuius
240 2345 605 2398 maynituclinis
629 2345 760 2383 sciri.
786 2343 851 2382 Ad
872 2357 957 2382 coe-

86 2401 164 2440 lum
217 2402 318 2440 enim
372 2401 524 2440 rediens
574 2399 750 2439 Christus
798 2414 958 2452 corpore

87 2461 221 2504 exuto,
258 2458 362 2496 unde
398 2462 508 2496 esset
553 2458 723 2509 stupenti
765 2458 960 2509 persuasit

86 2514 326 2554 multitudini.
365 2516 479 2554 cuias
503 2527 737 2565 quamquam
769 2513 959 2565 exemplis

88 2571 312 2610 destitutum
347 2572 525 2622 agnoscit
560 2569 684 2609 Prisc.
722 2569 809 2609 XII.
849 2574 884 2611 6.
921 2584 959 2623 p.

88 2631 181 2669 556.
205 2627 332 2667 XVII.
358 2642 389 2667 c.
417 2629 453 2666 3.
478 2641 516 2680 p.
545 2630 607 2668 19.
633 2626 789 2679 Krehl.]

147 2683 528 2738 Aeyinensis.‘0ud.
553 2683 725 2736 praefert
753 2684 961 2736 Aeye'ensis

89 2741 138 2779 ab
163 2740 309 2792 Aegio,
333 2741 508 2780 Achaiae
534 2740 584 2780 ad
608 2741 734 2778 sinum
754 2739 961 2779 Corinthia-

90 2810 176 2836 cum
200 2797 343 2836 celebri
358 2798 514 2850 oppido‚
529 2798 639 2835 cuius
659 2797 838 2850 frequens
857 2809 962 2835 men-

88 2854 140 2892 tio
166 2853 206 2892 fit
228 2855 264 2892 in
289 2853 481 2900 Nummis,
506 2853 834 2905 Inscriptionssms,
860 2853 962 2893 Geo-

90 2910 249 2962 graphis
274 2914 314 2949 et
332 2910 536 2950 Historicis
558 2909 625 2962 [cf.
647 2910 788 2949 Strabo
807 2924 845 2962 p.
868 2913 960 2950 385.

89 2964 211 3006 Paus.
235 2966 321 3006 Vll.
348 2971 385 3007 7.
414 2972 447 3007 1.
473 2965 618 3006 XXIII.
645 2971 681 3006 7.
707 2966 791 3019 24]
824 2965 963 3006 Talem

90 3022 211 3061 virum
223 3023 287 3062 hic
298 3023 438 3063 melius
452 3024 696 3069 convenisse,
711 3035 826 3074 quam
839 3024 963 3063 civem

92 3079 287 3129 quendam
318 3093 368 3118 ex
398 3081 527 3120 sterili
558 3083 597 3118 et
626 3080 877 3132 metallifera
902 3081 964 3119 in-

91 3135 182 3176 sula
206 3136 371 3188 Aegina.
397 3136 499 3190 [Sed
522 3137 638 3177 valde
664 3138 801 3175 erravit
823 3136 886 3175 hic
910 3139 965 3178 vir

1013 591 1276 630 doctissimus.
1326 587 1455 635 Quum
1482 588 1580 627 enim
1605 601 1733 626 serino
1759 588 1809 625 sit
1833 587 1884 625 de

1014 649 1276 700 negociatore,
1302 660 1375 684 non
1402 648 1484 683 erat
1508 643 1559 684 ad
1580 644 1684 683 humi
1711 643 1882 682 feracita-

1011 709 1089 743 tem
1102 707 1360 755 segetumque
1380 701 1616 746 felicitatem,
1638 700 1710 738 sed
1725 700 1775 739 ad
1788 714 1882 738 mer-

1011 765 1166 801 caturae
1201 760 1335 798 florem
1369 758 1663 811 respiciendum.
1735 756 1883 795 Merca-

1011 822 1095 857 tura
1124 831 1215 855 vero
1246 817 1463 868 Aeginetas
1495 816 1530 853 in
1556 814 1725 853 Graecia
1756 813 1883 852 excel-

1012 874 1135 913 luisse
1160 877 1324 912 testatur
1349 872 1489 911 Strabo
1513 869 1615 910 VIII.
1642 885 1678 923 p.
1706 874 1800 911 376.
1826 874 1883 921 ἐμ-

1011 928 1162 983 πόρειον
1193 929 1263 983 γὰρ
1286 932 1465 981 γενέσθαι
1490 926 1553 967 διὰ
1577 926 1642 979 τὴν
1667 924 1884 981 λυπρότητα

1010 992 1076 1039 τῆς
1087 984 1211 1040 χώρας
1229 991 1303 1025 τῶν
1323 982 1540 1040 ἀνθρώπῳν
1558 980 1884 1036 θαλαττουργοὺν-

1010 1060 1083 1083 των
1112 1046 1338 1095 ἐμπορικαῖς,
1370 1041 1433 1093 ἀφ’
1463 1041 1507 1081 οὐ
1531 1040 1596 1080 τὸν
1627 1044 1755 1093 ῥῶπον
1778 1041 1884 1092 Λίγι-

1014 1108 1104 1139 refer
1117 1102 1290 1151 ἐμπολεῖν
1302 1101 1494 1150 λέγεσθαι.
1505 1098 1668 1137 Hesiod.
1678 1111 1739 1149 ap.
1750 1096 1883 1136 Schol.

1011 1155 1121 1195 Pind.
1153 1155 1202 1194 N.
1235 1155 1296 1194 ΠΙ.
1329 1160 1394 1196 21.
1439 1155 1662 1207 Tantopere
1698 1155 1797 1192 enim
1832 1155 1885 1192 vi·

1009 1214 1088 1263 guit
1113 1212 1215 1264 apud
1243 1225 1312 1250 eos
1337 1216 1562 1256 mercatura,
1587 1216 1628 1250 ut
1648 1211 1697 1250 ad
1715 1211 1884 1249 minutis-

1009 1271 1109 1308 sima
1133 1281 1259 1318 usque
1284 1269 1491 1320 perflueret
1515 1267 1689 1319 Hesych.
1706 1268 1885 1319 Ae'yz‘roctoe

1009 1324 1056 1364 τὰ
1087 1323 1228 1375 pontu&
1262 1327 1399 1376 φορτία
1441 1327 1504 1363 καὶ
1541 1328 1578 1363 οἱ
1610 1322 1886 1377 πιπράσκοντες

1011 1380 1110 1421 αὐτὰ
1134 1382 1399 1430 Arma-omma
1429 1383 1608 1433 ἐλέγοντο.
1647 1380 1786 1420 Talem
1816 1381 1886 1420 Ai-

1012 1434 1222 1490 γινοπώλην
1254 1438 1375 1476 fuisse
1401 1438 1674 1476 Aristomenen
1700 1439 1885 1476 viatorem

1013 1496 1258 1548 apertissime
1296 1494 1528 1545 intelligitur.
1579 1494 1640 1532 De
1676 1494 1885 1545 Aegineta-

1012 1566 1093 1590 rum
1130 1555 1343 1590 mercatura
1379 1551 1426 1590 cf.
1452 1551 1609 1590 Miiller.
1637 1551 1816 1602 Aegiuct.
1848 1564 1884 1602 p.

1015 1613 1067 1649 77
1092 1608 1200 1661 sqq.]

1071 1679 1368 1717 cauponarum.
1397 1664 1472 1703 (Jur
1496 1678 1696 1717 cauponas
1722 1664 1886 1702 seminas

1013 1722 1177 1773 elegerit
1214 1722 1416 1774 ApuleiuS,
1454 1735 1631 1760 summae
1667 1725 1729 1759 est
1764 1720 1886 1759 offen-

1012 1780 1129 1824 sioni,
1156 1792 1270 1830 quam
1296 1778 1397 1817 Oud.
1412 1780 1631 1817 coniectura
1655 1791 1887 1829 cauponum

1012 1836 1149 1875 tollere
1174 1839 1342 1874 conatur.
1375 1835 1479 1887 [Hoc
1502 1839 1630 1874 tamen
1656 1834 1887 1873 vocabulum

1012 1892 1135 1932 tritius
1151 1896 1224 1935 est,
1240 1906 1355 1942 quam
1370 1892 1473 1943 quod
1489 1893 1524 1930 in
1533 1891 1634 1930 Mss.
1645 1892 1772 1943 possit
1786 1904 1886 1929 com·

1013 1951 1158 1988 mutari.
1202 1948 1288 1999 Ego
1326 1950 1552 1987 coniecerim
1585 1948 1646 1986 vel
1678 1961 1886 2000 caupona-

1013 2007 1119 2045 riam
1145 2005 1194 2044 cf.
1216 2005 1352 2044 Gloss.
1368 2005 1498 2056 Cyrill.
1526 2005 1805 2057 cauponam-ius
1822 2019 1887 2042 κα-

1012 2059 1132 2113 πηλός
1151 2062 1284 2101 Gloss.
1299 2062 1364 2100 Gr.
1378 2061 1466 2100 Lat.
1482 2059 1653 2113 καπηλός
1673 2074 1888 2114 caupona-

1013 2121 1110 2163 rins,
1130 2119 1193 2156 vel
1215 2120 1533 2171 cauponiormn3
1559 2118 1605 2157 cf.
1620 2118 1746 2157 Plaut.
1764 2117 1884 2155 Poeu.

1015 2176 1064 2214 V.
1097 2181 1133 2217 5.
1167 2179 1229 2217 19.
1264 2175 1367 2226 quod
1399 2175 1627 2214 adiectivum
1657 2179 1699 2213 ut
1736 2188 1887 2227 caupo-

1016 2235 1157 2272 narins
1181 2236 1355 2271 naturam
1378 2233 1609 2271 substantivi
1636 2231 1764 2270 induit.
1825 2230 1887 2269 De

1017 2293 1210 2328 contracta
1235 2289 1400 2327 Genitivi
1426 2289 1548 2328 l'orma
1572 2290 1607 2327 in
1632 2303 1708 2334 um,
1735 2301 1812 2338 qua
1835 2288 1887 2326 nil

1016 2346 1186 2398 Apuleio
1222 2346 1420 2390 usitatius,
1456 2350 1497 2385 ut
1528 2346 1725 2390 ανίοἰιὶιη,
1747 2349 1886 2397 pasto-

1015 2402 1205 2454 plzorrim,
1231 2403 1421 2454 inferzim,
1446 2404 1637 2455 supervi-m
1658 2401 1705 2440 cf.
1726 2401 1776 2440 ad
1790 2400 1885 2438 Met.

1017 2457 1084 2497 XI.
1112 2474 1148 2512 p.
1177 2459 1287 2511 762]

1075 2517 1269 2569 ultroque
1305 2517 1500 2569 citroque.
1544 2515 1647 2554 Oud.
1689 2516 1724 2553 in
1766 2517 1889 2552 utram

1018 2577 1167 2626 partem
1189 2572 1355 2618 inclinet,
1370 2576 1504 2625 aperte
1523 2586 1598 2611 non
1618 2571 1769 2610 indicat.
1785 2570 1889 2623 [Ele-

1019 2643 1117 2681 gans
1143 2633 1205 2668 est
1224 2630 1324 2668 enim
1344 2629 1495 2668 dicendi
1515 2630 1622 2673 ratio,
1649 2641 1726 2678 qua
1749 2627 1890 2679 copula

1018 2688 1054 2725 in
1067 2687 1135 2725 tali
1149 2686 1349 2725 verborum
1364 2699 1466 2724 nexu
1484 2686 1672 2724 omittitur.
1700 2684 1781 2722 Sed
1795 2684 1890 2723 mul-

1019 2744 1046 2782 ti
1066 2744 1305 2782 inveniuntur
1330 2742 1416 2787 loci,
1443 2743 1582 2794 quibus
1607 2741 1777 2780 additam
1804 2754 1891 2780 eam

1019 2799 1187 2847 videbis3
1212 2799 1261 2839 cf.
1284 2798 1360 2838 Cic.
1377 2799 1427 2837 de
1440 2797 1532 2837 Nat.
1551 2798 1602 2837 D.
1622 2796 1667 2836 11.
1687 2801 1752 2838 33.
1773 2797 1804 2849 §.
1824 2801 1890 2838 84.

1018 2857 1083 2896 ubi
1096 2861 1225 2896 tamen
1239 2854 1363 2894 Orell.
1382 2856 1494 2895 ultro
1509 2855 1614 2895 citro
1632 2854 1802 2906 praefert
1813 2853 1891 2893 Ho-

1019 2916 1087 2953 rat.
1106 2914 1189 2952 Sat.
1206 2917 1242 2953 1.
1268 2916 1303 2952 1.
1327 2915 1417 2953 107.
1433 2910 1512 2950 Cic.
1525 2925 1594 2964 pro
1617 2910 1739 2951 Rosc.
1759 2911 1891 2949 Amer.

1021 2973 1087 3010 23.
1120 2969 1234 3008 Caes.
1264 2968 1311 3007 Β.
1344 2968 1393 3008 G.
1423 2967 1450 3006 1.
1483 2972 1547 3008 42.
1577 2967 1704 3007 Beier.
1733 2968 1784 3006 ad
1815 2966 1892 3006 Cic.

1021 3026 1071 3064 de
1095 3025 1174 3064 Off.
1189 3025 1215 3064 1.
1245 3029 1307 3065 17.
1333 3025 1365 3076 §.
1391 3027 1456 3065 56.
1484 3028 1523 3063 et
1547 3037 1647 3075 quos
1672 3025 1722 3063 ibi
1748 3023 1893 3069 laudat,

1021 3081 1148 3122 Hand.
1165 3080 1332 3120 Tursell.
1348 3080 1392 3119 II.
1420 3095 1457 3133 p.
1473 3085 1538 3122 88.
1560 3085 1598 3120 et
1611 3080 1765 3120 Ruhnk.
1792 3080 1892 3119 Dict.

1023 3139 1074 3178 ad
1099 3139 1206 3179 Suet.
1231 3151 1270 3192 p.
1296 3137 1408 3190 265]
