2221 3667
206 394 271 427 146

300 146 383 194 128
552 146 599 187 L.
631 146 851 188 APULEll
880 144 1283 191 MADAURENSIS
1312 144 1860 187 METAMORPHOSEON

807 299 843 346 C
903 299 949 345 A
1006 298 1044 343 P
1104 296 1146 342 U
1205 294 1249 341 T
1354 295 1598 343 XXIII.

417 394 520 451 {His
545 396 715 451 cognitis
748 397 921 436 animum
952 409 1079 434 meum
1108 393 1394 444 eon1mascu103
1434 401 1475 434 et
1499 394 1605 434 illico
1631 395 1823 436 accedens
1850 409 2104 450 praeconem:

297 448 498 504 Clamare,
525 452 700 506 inquam,
728 453 805 493 iam
832 452 981 493 desine.
1044 450 1172 490 Adest
1196 456 1330 490 custos
1351 457 1533 504 paratus3
1567 451 1663 492 cedo
1683 452 1914 506 praemium.
1975 450 2104 504 Mille,

294 508 443 562 inquit,
479 523 677 550 nummum
711 510 957 563 deponentur
986 506 1072 546 tibi.
1137 504 1215 546 Sed
1240 506 1338 547 heus
1374 507 1552 559 iuvenis,
1588 521 1685 549 cave
1716 508 1927 563 diligenter
1961 508 2105 564 princi—

295 579 385 619 pum
412 565 583 606 civitatis
610 566 677 606 filii
704 566 873 606 cadaver
897 577 919 603 a
943 562 1058 603 malis
1084 562 1275 618 Harpyiis
1295 563 1415 618 probe
1437 565 1651 605 custodias.
1702 563 1899 620 Ineptias,
1927 565 2103 620 inquam,

293 621 389 662 mihi
413 636 555 663 narras
581 630 621 664 ct
645 635 770 676 nugas
796 634 940 662 meras.
976 619 1125 677 Vidgge
1151 620 1347 660 hominem
1373 621 1547 661 ferreum
1568 628 1608 662 et
1626 621 1862 674 insomnem,
1891 629 1998 663 certe
2017 636 2106 677 per-

293 678 551 733 spicaciorem
582 679 666 734 ipso
696 677 859 732 Lynceo
890 677 954 717 vel
979 676 1094 731 Argo
1126 684 1166 717 et
1190 677 1369 718 oculeum
1395 684 1534 718 totum.
1599 677 1684 720 Vix
1709 678 1906 720 finieram:
1938 687 1978 720 et
2000 679 2105 720 illico

338 772 405 802 His
420 773 652 811 praecognitis
668 773 687 801 f.
736 771 883 799 animum
898 772 1020 799 merito
1039 780 1155 800 comm.
1170 770 1199 801 δ.
1248 781 1321 800 cnm
1341 772 1492 801 masculo
1512 774 1641 802 Vicent.
1655 775 1770 804 Venet.
1786 777 1816 803 2.
1865 772 1957 802 [cedo
1972 782 2105 811 praem.

294 815 324 848 ὃ.
338 821 423 848 unde
437 821 516 849 oud.
531 819 667 847 conieci!
683 816 730 844 ηιῑ
743 824 799 851 pro
813 814 897 844 mim
908 815 997 844 cedo.
1023 816 1126 845 caedo
1146 819 1275 847 Vicent.
1301 820 1416 847 Venet.
1438 821 1467 846 2².
1515 819 1652 856 inquam
1671 822 1756 848 lunt.
1773 822 1802 849 1.
1823 827 1879 855 pro
1898 819 2012 858 inquit
2028 823 2106 849 ante

290 864 468 893 mammam.
515 872 649 892 numum
663 865 715 891 vel
729 870 896 890 ammaum
910 863 946 892 F.
964 865 992 892 1.
1007 865 1037 893 3.
1054 865 1090 892 G.
1108 865 1135 892 1.
1150 864 1234 899 251).
1261 862 1300 898 (a
1314 872 1354 893 ln.
1370 863 1416 900 p.)
1442 866 1477 893 0.
1492 866 1527 893 Ρ.
1543 867 1586 894 Μ.
1611 867 1736 894 Ιηόθῐῐ.
1751 869 1800 894 est
1813 866 1942 894 nummi
1959 870 1991 894 u!
2006 866 2105 895 etiam

289 910 325 938 in
338 911 408 939 edd.
423 913 500 939 vett.
514 913 643 944 praeter
657 910 737 937 [unt.
752 909 782 936 ⁴2.
831 906 1046 945 deponuntur
1059 911 1095 938 G.
1110 911 1140 937 2.
1154 910 1192 938 D.
1209 910 1245 938 P.
1294 907 1474 945 diligenter
1487 909 1697 946 utprz'matis
1711 918 1768 945 pro
1782 909 1962 949 diligenter
1969 911 2103 948 princi-

284 963 366 992 pum
386 958 421 985 G.
439 957 467 984 1.
483 957 511 983 2.
531 956 569 983 D.
585 955 620 982 P.
636 955 672 982 L.
687 955 725 982 R.
737 955 771 982 0.
793 955 848 988 qui
857 951 935 990 filii
952 962 1017 983 non
1031 957 1224 990 agnoscunt.
1249 956 1285 983 In
1301 956 1337 984 G.
1354 957 1382 984 1.
1396 955 1497 984 litura
1517 960 1565 984 est
1580 963 1690 984 vacua
1708 957 1812 985 maior
1831 964 1927 991 quam
1946 965 2004 992 pro
2023 964 2105 986 voce

280 998 364 1036 filii.
389 1009 445 1035 pro
454 999 618 1036 primatis
632 1000 665 1028 in
680 999 702 1027 f.
717 1003 766 1027 est
780 999 945 1036 privatis.
978 1000 1184 1037 prinmpz'um
1198 1001 1313 1029 Venet.
1328 1002 1358 1029 2.
1380 1005 1409 1028 el
1423 1001 1553 1030 Vicent.
1601 1001 1776 1030 emicastis
1799 1003 1838 1031 D.
1853 1010 1927 1031 am.
1947 1011 1978 1037 p.
2003 1000 2105 1030 huius

287 1047 372 1080 quod
385 1042 540 1081 antefilii
550 1045 642 1073 multi
657 1045 806 1073 inserunt
821 1048 913 1074 abest
927 1052 947 1074 a
960 1046 996 1074 F.
1013 1048 1042 1074 1.
1056 1047 1088 1075 3.
1102 1047 1138 1075 Β.
1154 1047 1204 1075 ed.
1218 1054 1266 1081 pr.
1280 1046 1407 1075 Vicent.
1456 1045 1631 1074 cadauera
1644 1045 1744 1075 malis
1757 1049 1792 1076 F.
1802 1048 1970 1077 3.Vicent.
2016 1045 2104 1075 laar-

281 1092 362 1128 pyis
377 1093 411 1120 G.
426 1093 456 1118 2.
472 1091 521 1119 ed.
535 1098 582 1124 pr.
609 1090 739 1120 Vicent.
752 1091 868 1120 Venet.
885 1092 914 1119 2.
939 1093 1024 1120 Iunt.
1042 1093 1070 1120 1.
1086 1094 1118 1120 2.
1136 1093 1213 1120 Ala.
1233 1088 1354 1127 harpis
1373 1092 1412 1120 1).
1427 1099 1448 1120 a
1460 1100 1500 1121 m.
1516 1100 1545 1127 p.
1566 1093 1681 1121 Vener.
1696 1095 1726 1121 4.
1752 1091 1885 1129 harpiis
1899 1093 2006 1122 Paris.
2021 1097 2052 1122 et
2064 1094 2102 1121 D.

287 1144 308 1165 a
320 1144 361 1165 m.
375 1145 401 1165 s.
424 1142 530 1172 arpys
544 1137 579 1164 G.
597 1137 624 1164 1.

674 1135 795 1164 varias
809 1144 865 1171 pro
878 1144 1009 1165 narras
1023 1134 1052 1165 δ.
1100 1139 1135 1165 et
1147 1141 1223 1166 ante
1242 1144 1351 1174 nugas
1367 1140 1458 1166 abest
1480 1145 1498 1166 a
1513 1139 1548 1166 G.
1565 1139 1594 1166 1.

1643 1138 1747 1166 etiam
1760 1139 1824 1166 ins.
1838 1139 1860 1168 s.
1907 1139 2102 1175 insomnem,

286 1184 380 1208 certe
387 1189 501 1217 persp.
515 1183 600 1210 lunt.
614 1183 645 1210 2.
659 1182 787 1211 Vicent.
831 1182 1085 1219 perspicate'ure
1099 1184 1213 1212 Venet.
1228 1184 1259 1212 2.
1296 1182 1368 1219 ipso
1383 1185 1495 1212 exulat
1511 1190 1530 1212 a
1544 1185 1582 1212 R.
1593 1182 1614 1212 f.
1662 1182 1749 1212 Iz’nce
1761 1187 1815 1214 vel
1830 1183 1926 1222 lynce
1939 1186 1974 1213 G.
1986 1185 2102 1214 1.2.D.

286 1228 321 1255 0.
337 1226 358 1255 f.
373 1228 409 1256 P.
423 1228 459 1256 B.
475 1224 504 1255 δ’.
518 1228 555 1256 L.
569 1228 607 1256 R.
633 1225 740 1254 linceo
753 1229 868 1257 Venet.
881 1229 913 1257 2.
926 1230 1011 1257 lunt.
1026 1230 1055 1258 1.
1069 1229 1145 1258 Ala.

285 1302 369 1341 Ecl.
401 1317 438 1355 p.
475 1308 539 1344 13.
576 1303 751 1344 diminui
788 1304 931 1343 docent
967 1318 1049 1343 rem
1087 1305 1162 1343 dici

284 1373 387 1410 quae
413 1361 630 1407 decrescat,
656 1361 831 1401 diminui
857 1374 959 1413 quae
984 1362 1160 1400 dissece-

283 1421 343 1455 tur
368 1418 403 1455 in
430 1422 566 1468 partes
586 1422 625 1455 et
639 1417 872 1457 destruatur.
897 1418 977 1456 Alii
999 1423 1040 1456 nt
1053 1419 1158 1457 Mos.

283 1473 335 1512 ad
361 1472 480 1513 Tusc.
505 1474 532 1512 Ι.
560 1478 625 1515 28.
651 1489 690 1526 p.
716 1478 810 1516 226.
837 1473 881 1514 ll.
909 1479 973 1516 24.
1000 1489 1036 1527 p.
1065 1479 1157 1516 589.

284 1531 441 1569 omnino
468 1535 614 1583 negant
639 1532 859 1572 diminutio
886 1531 1003 1571 latine
1030 1546 1157 1584 posse

282 1587 459 1638 proferri.
485 1587 679 1639 Equidem
693 1588 796 1628 Qud.
809 1590 1045 1628 sententiam
1058 1603 1159 1627 com-

281 1644 425 1695 probo,
464 1659 699 1696 quamquam
739 1645 801 1683 hic
832 1646 1078 1686 diminutam
1107 1647 1161 1684 ita

281 1702 412 1752 possit
435 1701 607 1747 defendi,
631 1706 674 1741 ut
698 1716 773 1741 non
799 1702 850 1741 de
874 1706 956 1741 toto
981 1703 1158 1741 membro

283 1758 389 1807 quod
425 1759 669 1797 desecabant
703 1758 888 1797 mulieres
920 1773 1048 1798 sermo
1082 1760 1159 1804 fiat,

281 1814 358 1852 sed
383 1814 434 1853 de
458 1815 561 1855 facie
585 1815 648 1855 hic
672 1815 752 1854 illic
776 1815 1006 1855 demutilata
1030 1821 1069 1854 et
1094 1816 1159 1854 de-

282 1875 418 1922 cerpta
453 1885 636 1923 quaeque
668 1873 720 1911 ita
750 1873 787 1910 in
821 1873 1001 1912 diversas
1025 1878 1160 1926 partes

282 1927 483 1969 destructa
513 1933 585 1968 est.
648 1929 903 1981 Quantopere
935 1944 1090 1983 compp.
1121 1931 1158 1969 in

283 1984 334 2024 de
360 1989 400 2024 et
426 1985 472 2024 di
496 2000 521 2025 a
544 1985 712 2026 librariis
737 1991 1040 2034 commutentur,
1065 2001 1160 2038 prae

282 2042 423 2080 ceteris
454 2042 665 2082 illustravit
693 2043 761 2082 Dr.
786 2044 838 2082 ad
864 2044 951 2083 Liv.
979 2044 1064 2082 Vll.
1092 2048 1157 2085 23.

282 2098 313 2148 ξ.
343 2103 377 2139 6.
404 2098 542 2139 Heius,
567 2101 618 2139 ad
643 2101 760 2140 eund.
785 2100 848 2141 Ill.
875 2106 940 2142 52.
977 2100 1156 2141 Broukh.

280 2156 333 2194 ad
353 2155 494 2199 Tibull.
516 2156 543 2196 I.
567 2162 603 2197 5.
625 2162 690 2199 40.
712 2158 762 2196 de
781 2171 916 2197 eormn
933 2158 1157 2197 discrimine

280 2217 444 2264 egerunt
474 2213 607 2253 Burin.
639 2215 690 2253 ad
721 2214 836 2253 Ovid.
868 2215 963 2254 Met.
990 2215 1067 2264 1V.j
1091 2220 1157 2256 91.

279 2268 365 2307 Xll.
395 2274 484 2311 108.
523 2270 651 2310 Hand.
684 2271 734 2310 ad
760 2271 879 2310 Gron.
906 2273 1028 2311 Diatr.
1057 2272 1102 2311 T.
1128 2272 1156 2311 I.

280 2340 317 2378 p.
333 2331 414 2367 557
427 2341 518 2378 sqq.
532 2328 664 2366 Garat.
678 2328 729 2367 ad
743 2327 820 2367 Cic.
836 2329 946 2368 Vcrr.
962 2329 1005 2368 11.
1021 2334 1056 2369 7.
1073 2330 1156 2382 20.]

338 2384 511 2424 desecto.
579 2385 732 2424 Sarcire
768 2387 869 2424 enim
908 2387 946 2425 id
981 2388 1157 2425 membro

281 2439 440 2481 desecto
478 2441 529 2480 de
563 2455 638 2480 sua
672 2442 773 2481 facie
810 2446 945 2481 custos
975 2443 1157 2482 debebat.

279 2497 382 2536 Nan]
400 2498 439 2536 id
459 2499 564 2549 quod
585 2513 635 2537 ex
655 2499 816 2538 alterius
836 2499 935 2538 facie
953 2500 1159 2539 desectum

280 2558 361 2601 est,
388 2569 463 2594 non
495 2560 630 2608 potest
660 2557 711 2595 de
735 2570 809 2595 sua
835 2556 933 2595 facie
966 2557 1158 2604 desecari,

279 2612 354 2650 sed
378 2613 520 2651 similia
544 2617 713 2664 possunt
736 2615 921 2653 membra.

339 2668 438 2708 Cn.
463 2668 610 2709 XXIII.
641 2670 752 2710 mille
770 2685 973 2711 nummum.
991 2672 1157 2710 restituit

280 2724 383 2764 Oud.
409 2740 459 2764 ex
483 2727 597 2766 codd.
623 2727 711 2767 coll.
739 2727 856 2767 Gron.
882 2728 932 2766 de
956 2727 1156 2767 Pec.Vet.

280 2782 308 2820 l.
340 2797 371 2821 c.
400 2787 461 2824 10.
493 2782 538 2823 ll.
566 2789 602 2824 4.
633 2799 672 2837 p.
699 2789 763 2825 77.
795 2785 908 2824 eund.
939 2799 963 2823 a
993 2784 1096 2823 Gell.
1129 2784 1156 2824 l.

281 2837 333 2878 lb.
359 2844 398 2878 et
421 2853 496 2880 sna
520 2841 571 2880 ad
592 2841 707 2881 Caes.
734 2841 781 2881 B.
809 2842 850 2881 C.
878 2841 941 2881 111.
967 2845 1033 2882 84.
1060 2841 1158 2882 Met.

280 2894 366 2934 Vll.
392 2909 429 2947 p.
455 2902 549 2938 452.

334 2955 577 3006 principum
607 2957 784 2996 civitatis
811 2957 903 3009 filii.
961 2955 1065 2994 Oud.
1092 2970 1155 2994 vo-

281 3008 352 3048 luit
376 3012 637 3064 principium
667 3013 717 3051 de
750 3027 828 3064 qua
851 3014 1009 3065 genitivi
1036 3013 1157 3051 forma

281 3067 426 3105 excitat
444 3067 511 3106 Dr.
532 3068 582 3107 ad
602 3069 686 3108 Liv.
707 3069 752 3109 Π.
770 3074 833 3111 27.
856 3070 959 3109 Duk.
980 3070 1030 3107 ad
1048 3068 1154 3109 Flor.

282 3123 346 3162 ΙΙΙ.
370 3128 434 3164 21.
461 3125 490 3175 ς’.
507 3129 542 3165 3.
562 3129 601 3163 et
619 3140 692 3165 sua
714 3128 764 3165 ad
779 3126 893 3166 Caes.
907 3127 954 3166 B.
971 3126 1018 3165 G.
1033 3126 1100 3165 lv,
1117 3131 1155 3166 3.

283 3179 349 3231 [cs.
369 3180 503 3220 Eekst.
525 3182 574 3221 ad
593 3183 714 3223 Voss,
733 3184 853 3223 Arist.
869 3183 914 3224 T.
929 3183 973 3222 ll.
989 3198 1025 3236 p.
1042 3184 1152 3236 625]

1278 1320 1413 1358 ‘nassas
1449 1320 1588 1345 meras.
1658 1306 1827 1359 [Nuyae
1862 1310 1954 1345 sunt
1988 1308 2101 1360 inep-

1222 1364 1303 1401 tiae
1355 1367 1394 1400 et
1439 1377 1503 1402 res
1545 1363 1821 1403 incredibiles.
1893 1363 1953 1403 lta
1994 1364 2100 1415 apud

1218 1418 1333 1458 Mart.
1350 1418 1442 1470 Cap.
1459 1418 1485 1458 l.
1501 1420 1531 1470 ς’.
1548 1423 1584 1460 2.
1611 1434 1679 1471 pro
1706 1421 1880 1472 nuyales
1904 1421 2097 1473 ineptias,

1219 1476 1324 1526 quod
1349 1489 1398 1514 ex
1425 1475 1510 1514 cod.
1532 1476 1627 1527 legit
1645 1476 1825 1522 Zinzerl.,
1850 1477 2099 1516 scribendum

1220 1536 1282 1570 est
1312 1546 1447 1585 nayas
1478 1537 1517 1570 et
1546 1534 1729 1585 ineptc'as
1759 1532 1823 1571 vel
1855 1533 1961 1584 quod
1990 1532 2101 1572 multi

1218 1590 1383 1641 probant
1407 1589 1586 1641 ‘tmynlas
1606 1591 1784 1642 inepta33
1810 1590 1857 1629 ef.
1872 1589 1988 1630 Mart.
2004 1588 2098 1642 Cap.

1218 1644 1286 1684 1X.
1313 1645 1512 1698 §.1000.]

1269 1703 1624 1754 perspicaciorem
1648 1704 1741 1755 ipso
1767 1704 1946 1758 Lyncea
2009 1703 2098 1758 [De

1219 1760 1402 1798 acerrimo
1411 1758 1561 1810 Lyncei
1571 1761 1718 1807 obtutu,
1734 1773 1810 1811 quo
1819 1773 1998 1813 quercus,
2010 1774 2097 1800 coe-

1221 1816 1311 1861 lum,
1325 1829 1444 1860 mare,
1459 1816 1521 1855 vel
1535 1818 1663 1869 ipsum
1679 1817 1879 1856 Tartarum
1893 1822 2098 1869 penetrare

1219 1877 1371 1924 poterat
1403 1873 1450 1912 cf.
1482 1873 1674 1925 Apollod.
1707 1873 1771 1913 III.
1807 1878 1870 1916 10.
1903 1879 1968 1916 31.
2000 1874 2094 1915 Fea.

1219 1929 1270 1969 ad
1295 1929 1431 1969 Horat.
1457 1931 1542 1969 Sat.
1566 1930 1593 1970 I.
1620 1935 1656 1971 2.
1684 1934 1748 1972 90.
1775 1935 1815 1970 et
1839 1931 1889 1970 ad
1915 1931 2040 1983 Epist.
2067 1931 2094 1971 Ι.

1222 1993 1258 2027 1,
1284 1991 1349 2028 28.
1381 1986 1486 2038 Hyg.
1518 1987 1596 2026 fab.
1635 1992 1697 2028 14.
1728 2002 1766 2040 p.
1798 1992 1863 2029 46.
1932 1989 2004 2028 Ex
2034 1989 2096 2028 lu‘s

1219 2044 1407 2098 Lynceus
1444 2044 1515 2084 snb
1555 2049 1667 2084 terra
1705 2059 1892 2099 quaeque
1924 2045 2098 2085 latentia

1217 2102 1364 2141 vidisse
1390 2101 1546 2141 dicitnr
1570 2115 1704 2154 neque
1728 2102 1816 2142 ulla
1836 2102 2021 2155 caliyine
2037 2104 2096 2141 in-

1216 2158 1441 2198 hibebatur.
1470 2189 1479 2197 .
1504 2189 1514 2198 .
1569 2159 1608 2197 Is
1632 2172 1723 2198 cam
1747 2159 2033 2205 descendebat,
2059 2164 2098 2198 et

1217 2229 1363 2255 (zeti-nm
1399 2215 1534 2255 subito
1572 2216 1819 2255 ostendebat.
1883 2216 2031 2257 Subito
2061 2230 2094 2255 e.

1218 2271 1399 2310 Scheffer
1435 2286 1509 2310 non
1548 2273 1778 2311 eiiciendum
1816 2277 1888 2312 est.
1962 2273 2096 2312 Sicubi

1217 2330 1318 2367 enim
1344 2328 1412 2367 ille
1430 2330 1504 2368 sub
1518 2333 1658 2367 terram
1672 2329 1943 2369 descendebat
1959 2330 2096 2370 subito

1217 2386 1238 2424 i.
1254 2400 1287 2425 e.
1312 2387 1580 2439 cestiyatione
1601 2401 1684 2425 non
1702 2387 1889 2427 instituta
1909 2391 1948 2426 et
1959 2387 2097 2426 statim

1217 2456 1351 2481 aurum
1376 2443 1543 2482 videbat.
1581 2443 1776 2482 cKBurm.
1802 2444 1866 2495 qui
1892 2444 2021 2481 onmia
2044 2442 2095 2481 de

1218 2499 1285 2537 illo
1331 2504 1501 2538 veterum
1544 2501 1766 2538 testimonia
1800 2500 2095 2539 accuratissime

1218 2556 1376 2607 collegit
1411 2558 1447 2595 in
1480 2556 1656 2607 Catalog.
1687 2557 1835 2607 Argon.
1873 2557 2093 2608 praemisso

1217 2613 1307 2652 val.
1335 2613 1490 2653 Flacco.
1522 2613 1566 2651 Si
1590 2613 1703 2652 codd.
1723 2611 1758 2652 F
1761 2614 1895 2652 lorent.
1921 2614 2094 2664 adstipu-

1215 2670 1394 2715 larentur,
1410 2670 1550 2725 Lynce
1562 2671 1767 2708 retinerem
1775 2683 1824 2708 ex
1831 2671 1971 2709 ceteris
1980 2669 2092 2709 codd.

1216 2727 1271 2766 Ut
1295 2729 1395 2766 enim
1415 2728 1578 2773 Perses,
1606 2727 1787 2767 Achilles
1818 2727 1965 2766 somnae
1988 2727 2094 2779 apud

1218 2783 1388 2836 optimos
1408 2786 1620 2836 scriptores
1645 2785 1898 2830 inveniuntur,
1923 2785 1977 2823 ita
2001 2797 2094 2835 quo-

1218 2854 1295 2893 que
1309 2842 1498 2896 Lynceus
1511 2845 1550 2880 et
1558 2842 1717 2896 Lynces
1731 2841 1967 2889 defenditur3
1987 2840 2034 2879 cf.
2045 2840 2094 2878 de

1217 2898 1293 2937 hac
1323 2900 1591 2938 terminatione
1620 2898 1759 2937 Heius.
1791 2899 1842 2937 ad
1867 2897 1972 2936 Vell.
1994 2896 2020 2936 l.
2055 2899 2094 2938 9.

1215 2955 1248 2994 F
1252 2956 1394 2995 iirtsch.
1421 2957 1471 2995 ad
1497 2955 1616 2995 Voss.
1643 2956 1764 2994 Arist.
1791 2954 1818 2994 l.
1845 2968 1882 3005 p.
1909 2953 2022 3007 427.]

1274 3013 1404 3067 Argo.
1467 3012 1659 3064 [Macrob.
1687 3012 1769 3050 Sat.
1790 3011 1818 3050 l.
1842 3015 1904 3052 19.
1930 3010 2016 3049 lntt.
2042 3010 2093 3049 ad

1215 3070 1331 3110 Ovid.
1364 3070 1498 3109 Amor.
1529 3069 1592 3107 ΙΙΙ.
1624 3074 1660 3109 4.
1698 3072 1759 3108 19.
1794 3068 1908 3107 Ovid.
1939 3067 2035 3106 Met.
2064 3066 2091 3105 Ι.

1216 3132 1309 3168 624.
1335 3128 1440 3179 sqq]

1275 3185 1450 3226 oculeus.
1511 3183 1618 3235 [Vox
1650 3186 1712 3222 est
1736 3181 1919 3224 Plautina.
1950 3181 2091 3221 eodem
