2221 3667
342 164 426 205 434

606 164 653 204 L.
685 164 905 205 APULEII
935 161 1336 204 MADAURENSIS
1366 161 1912 202 METAMORPHOSEON

344 290 543 330 cornuque
569 284 684 318 acuto
710 285 749 318 et
776 279 904 319 fronte
931 290 1054 318 saxea
1081 282 1120 315 et
1145 288 1425 328 nonnunquam
1451 275 1659 330 yenenatis
1685 275 1880 316 morsibus
1911 274 1951 314 in
1977 272 2142 314 exitium

341 333 497 373 saevire
523 334 757 375 mortalium.
784 334 861 375 Sed
877 336 962 374 dum
979 332 1161 372 meridies
1181 331 1276 371 solis
1296 331 1495 372 sedaverit
1519 345 1722 386 vaporem,
1746 330 1962 385 etpecudcz
1983 329 2145 384 spiritus

341 388 508 429 ssuvialis
541 391 753 431 serenitate
787 388 1106 443 conquieverint,
1142 388 1285 441 poteris
1316 387 1388 428 sub
1424 387 1491 428 illa
1522 387 1799 442 procerissima
1831 387 2010 441 platano,
2045 398 2146 440 quae

341 525 447 545 cornu
467 526 530 547 non
550 519 662 548 addita
682 519 844 553 particula
864 524 926 554 que
947 517 981 544 G.
997 517 1033 546 P.
1047 517 1085 546 D.
1101 516 1135 545 0.
1151 516 1173 545 f.
1212 516 1371 555 fontein
1385 517 1526 546 vulcan.
1540 517 1615 545 edit.
1631 517 1661 545 2.
1675 517 1784 550 inepte
1798 515 1931 551 legitur.
1958 515 2042 549 quod
2056 521 2149 548 rene-

341 563 460 592 lierunt
479 565 537 592 Ed.
554 565 630 593 Bas.
646 566 675 592 2.
697 565 787 592 Culv.
807 570 866 590 nec
883 569 1020 590 errorem
1034 561 1249 597 Lindenbrog.
1271 562 1467 590 emendavit.
1508 565 1625 599 sponte
1639 559 1668 591 δ’.
1717 568 1836 589 sussen
1850 562 1886 589 G.
1931 558 2055 596 pecula
2067 560 2104 588 F.
2117 560 2149 587 3.

334 608 482 644 pecuina
496 610 531 637 G.
546 608 628 644 (non
637 608 774 645 pec-uim
793 610 822 634 ut
837 607 917 635 Oud.
932 605 996 640 ait]
1011 607 1050 635 D.
1074 605 1195 642 pec-uia
1210 607 1229 635 f.
1254 607 1296 636 cf.
1311 606 1397 636 infra
1406 615 1434 642 p.
1445 609 1520 635 424.
1535 607 1589 636 ubi
1603 608 1715 635 eadem
1731 606 1894 636 aberratio
1906 606 1939 634 in
1954 606 1988 633 0.
2003 608 2149 639 apparet.

340 653 444 682 Ceteri
463 655 554 683 codd.
574 658 602 681 et
623 654 693 682 edd.
708 659 828 689 pecua.
867 648 1031 689 fluvialis
1051 650 1130 687 ςρέε
1150 648 1196 688 15.,
1224 650 1327 686 (quod
1347 660 1388 680 ex
1400 653 1590 686 compendio
1610 651 1671 688 ⁸17⁸
1692 652 1712 681 i.
1727 661 1754 680 e.
1774 650 1916 688 spiritus
1930 654 2077 678 exortum
2090 652 2150 677 est.

340 698 478 732 saepius
505 702 742 727 commutantur
759 696 904 733 spiritu:
922 701 953 725 et
972 703 1047 733 spes
1067 697 1101 725 in
1122 698 1214 725 codd.
1230 696 1337 726 Bremi
1356 698 1398 726 ad
1411 699 1520 732 Nepet.
1535 698 1629 726 Dion.
1643 700 1675 726 5.
1691 693 1723 737 ξ.
1738 693 1798 736 5.),
1815 693 1949 734 fluvius
1963 695 2106 732 spiritus
2121 702 2150 728 p.

339 743 491 771 serenita
503 745 541 773 D.

341 857 384 888 a,
412 842 516 892 quod
537 842 647 879 bonis
661 839 814 878 Latinis
838 841 983 892 ubique
1004 842 1040 879 in
1060 855 1134 880 usu
1154 845 1217 879 est

341 899 388 936 cf.
414 896 508 938 Met.
526 898 572 935 Υ.
600 911 636 948 p.
653 900 748 937 357.
774 897 826 936 do
851 898 1015 937 luminis
1040 898 1216 937 consilio

338 961 531 995 mutuare.
576 953 686 992 Haec
710 966 804 991 vero
830 955 920 1006 ipsa
943 955 1038 992 ratio
1065 954 1216 992 videtur

339 1011 473 1057 fuisse,
489 1024 554 1048 cur
574 1011 626 1050 (Ie
646 1009 876 1049 inculcatum
890 1011 952 1049 sit.
985 1010 1047 1050 Ab
1063 1010 1214 1048 facilius

337 1070 488 1119 poterat
513 1067 651 1113 omitti,
689 1067 794 1117 quod
832 1067 934 1105 idem
973 1066 1054 1106 fere
1090 1080 1216 1106 sonus

338 1123 589 1174 praecedenti
620 1123 805 1174 syllabae
837 1127 966 1171 esset3
1004 1124 1064 1162 cui
1091 1137 1215 1162 corru-

336 1181 454 1230 ptioni
488 1180 590 1217 latus
623 1193 785 1230 campus
817 1184 936 1232 patet.
986 1179 1091 1226 Quid
1122 1193 1213 1218 vero

336 1238 409 1274 sibi
438 1235 663 1282 velitOud.‚
689 1235 751 1275 hic
777 1250 935 1288 quoque
955 1235 1213 1288 praepositio-

335 1307 424 1331 nem
461 1294 513 1332 de
548 1306 618 1344 pro
655 1307 764 1331 more
794 1293 977 1332 Afrorum
1015 1293 1213 1332 abundare

335 1351 607 1400 pronuntians,
646 1363 790 1401 capere
826 1350 1009 1402 equidem
1047 1364 1212 1402 nequeo.

336 1407 382 1445 cf.
398 1406 448 1445 ad
468 1406 563 1445 Met.
580 1406 644 1444 lV.
661 1420 696 1458 p.
713 1411 809 1447 250.
834 1411 874 1445 et
898 1406 1026 1446 Hand.
1042 1406 1211 1445 Tursell.

336 1462 380 1502 H.
414 1478 450 1516 p.
487 1467 577 1504 191.
611 1464 804 1503 Mutnata
836 1464 924 1502 dein
956 1478 1026 1516 per
1056 1464 1212 1514 generis

337 1520 532 1572 quandam
559 1519 766 1571 enallagen
799 1520 970 1572 explica,
1010 1534 1110 1571 quae
1137 1534 1211 1558 non

336 1578 390 1616 ita
412 1590 497 1616 raro
523 1576 627 1627 apud
652 1575 864 1627 Apuleium
889 1579 1078 1627 reperitur
1103 1576 1216 1615 cfiad

336 1633 432 1672 Met.
448 1632 515 1671 lv,
542 1646 579 1683 p.
606 1636 698 1673 277.
727 1632 784 1671 lta
808 1634 912 1684 apud
939 1633 1046 1683 Virg.
1071 1633 1213 1683 Georg.

336 1689 505 1730 lll.305.
522 1689 671 1740 legitur.
701 1689 820 1728 Haec
893 1721 899 1728 .
915 1690 1068 1728 tuenda
1084 1702 1215 1739 quam-

338 1760 453 1798 quam
468 1745 667 1798 praecedit
681 1759 847 1798 caprae.
873 1745 911 1784 N
915 1760 976 1784 am
991 1747 1126 1783 mirum
1141 1749 1214 1791 est,

338 1803 442 1853 quod
469 1803 598 1854 optimi
626 1803 769 1852 quique
789 1802 902 1841 codd.
923 1803 959 1840 in
980 1816 1027 1840 ea
1050 1802 1216 1841 lectione

337 1863 603 1910 perseverant.
641 1858 743 1897 Hinc
767 1859 898 1905 vides‚
931 1859 981 1897 ad
1012 1860 1214 1910 passivam

336 1916 450 1954 huius
487 1916 597 1953 verbi
635 1915 794 1953 formam
830 1915 1103 1966 refugiendum
1140 1930 1214 1953 non

337 1987 448 2018 esse,
475 1973 525 2011 de
541 1986 617 2023 qua
642 1971 688 2010 cf.
705 1970 789 2010 lntt.
806 1986 906 2022 quos
921 1973 1065 2010 excitat
1078 1969 1214 2010 Eckst.

337 2030 387 2068 ad
412 2029 536 2068 Voss.
563 2027 777 2067 Aristarch.
806 2028 917 2067 Tom.
944 2027 988 2068 11.
1015 2042 1051 2080 p.
1079 2028 1190 2081 769]

394 2088 502 2126 truci
516 2086 631 2125 rabIe
644 2085 776 2125 solent
793 2087 941 2139 efferri.
967 2084 1078 2124 Male
1096 2089 1217 2137 agunt

338 2143 530 2188 editores,
558 2143 622 2193 qui
636 2141 738 2180 hanc
753 2142 957 2180 lectionem
972 2142 1214 2194 proturbant,

336 2215 405 2252 pro
438 2201 575 2254 efferri
604 2199 863 2237 emendantes
895 2200 1078 2253 efferari,
1110 2199 1215 2250 quod

336 2257 470 2296 Barth.
509 2256 675 2295 Advers.
707 2253 884 2294 XXXV.
927 2261 987 2296 14.
1020 2269 1056 2306 p.
1093 2259 1215 2296 1611.

337 2316 373 2353 in
399 2313 668 2352 vetustissima
692 2312 917 2352 membrana
943 2312 1020 2363 legi
1045 2313 1114 2359 ait,
1140 2312 1215 2350 sed

338 2384 439 2422 quae
465 2370 562 2409 fides
587 2371 639 2408 sit
658 2368 817 2408 Bai-thio
844 2369 1039 2416 habenda,
1066 2370 1218 2420 cuique,

338 2428 402 2479 qui
427 2440 516 2466 eum
541 2426 758 2465 accuratius
785 2426 1031 2477 cognoverit,
1057 2439 1218 2477 persua-

337 2497 422 2523 sum
445 2488 517 2522 est.
566 2483 666 2521 Hinc
680 2483 800 2528 enim,
828 2483 932 2534 quod
955 2483 1042 2522 aliis
1058 2482 1218 2535 Apuleii

338 2541 436 2580 locis
445 2541 608 2595 efferari
618 2540 781 2591 legatur,
791 2553 865 2577 non
882 2539 1219 2591 consequitur‚hic

339 2610 494 2649 quoque
507 2596 821 2636 substituendum
843 2610 947 2635 esse.
996 2596 1130 2635 Nihilo
1151 2597 1217 2635 mi-

339 2668 410 2694 nus
436 2653 620 2700 Prieneo,
648 2652 808 2691 Florido
835 2657 874 2691 et
887 2653 1024 2692 wass.
1052 2653 1101 2691 ad
1122 2653 1220 2692 Sall.

338 2712 384 2751 B.
412 2710 437 2750 l.
471 2725 501 2750 c.
531 2713 594 2751 94.
632 2710 887 2761 praeplacuit.
939 2709 1064 2748 Simili
1102 2710 1219 2749 modo

339 2768 479 2819 legitur
488 2766 649 2806 Met.1X
671 2780 706 2818 p.
718 2770 812 2807 595.
826 2766 1027 2805 nonnulla
1042 2762 1222 2806 iumenta

340 2827 418 2865 ium
436 2825 599 2879 efferari
611 2823 731 2862 simili
744 2823 871 2862 rabie.
898 2822 979 2861 Sed
1001 2823 1221 2875 elegantius

340 2885 484 2935 efferre
515 2881 564 2919 de
596 2881 642 2919 iis
669 2880 824 2925 dicitur,
862 2881 926 2931 qui
963 2880 1067 2930 gravi
1106 2881 1221 2918 animi

340 2939 596 2976 commotione
633 2936 867 2982 alliciuntur,
902 2940 941 2974 et
966 2937 1078 2987 quasi
1111 2941 1220 2975 extra

340 3008 386 3031 se
420 2994 608 3036 feruntur.
644 2997 686 3033 ut
717 2991 859 3032 Minue.
893 2992 977 3032 Fel.
1014 2998 1075 3033 14.
1107 2995 1220 3033 utin

341 3053 643 3090 execrationem
680 3055 718 3090 et
749 3051 888 3089 odium
920 3049 1099 3088 homines
1131 3051 1219 3103 ple-

340 3108 459 3158 rique
495 3107 764 3158 simpliciores
802 3109 1094 3159 efferuntur
1132 3107 1218 3156 (ubi

341 3167 470 3202 ‘tamen
498 3162 614 3201 hodie
640 3164 779 3202 melius
806 3167 1028 3217 efferantur
1057 3162 1216 3214 legunt.)

1276 840 1378 879 Dict.
1407 840 1506 879 Cret.
1522 841 1568 879 Β.
1584 840 1630 880 T.
1645 840 1714 879 Vl.
1732 845 1794 881 15.
1823 840 1970 879 dolore
1995 839 2152 878 elatus

1273 897 1420 938 multos
1447 899 1660 937 custodum
1685 898 1881 950 interficit
1905 896 1952 934 ef.
1980 895 2056 934 Cic.
2081 908 2151 947 pro

1276 953 1472 995 Coel.c.9.
1490 954 1614 993 Laese
1629 954 1788 999 dolent,
1816 954 1915 992 irati
1935 954 2151 1004 esserun-

1275 1015 1324 1050 tu
1332 1015 1569 1063 r‚puynaut
1582 1011 1760 1049 lacessiti
1769 1008 1924 1048 Cort.ad
1932 1006 2150 1047 LucanJV.

1277 1062 2152 1116 520.Buenem.adLaet.lnstit.1.c.21.§.17.]

1332 1125 1405 1163 secl
1425 1124 1521 1164 dum
1540 1124 1728 1162 meridies
1747 1123 1845 1162 solis
1862 1122 2063 1162 sedaverit
2087 1135 2152 1160 va-

1270 1194 1426 1233 porem.
1453 1179 1655 1224 Brantius,
1682 1181 1745 1230 qui
1766 1179 1954 1218 meridies
1975 1190 2059 1216 eam
2076 1175 2152 1215 diei

1273 1241 1424 1289 partem
1450 1236 1667 1289 significare
1699 1236 1965 1281 existimabat,
2002 1234 2038 1272 in
2077 1246 2154 1285 qua

1273 1294 1386 1332 ardor
1412 1293 1512 1331 solis
1534 1293 1908 1331 vehementissimus
1928 1294 2051 1337 esset,
2078 1304 2152 1328 non

1274 1351 1379 1389 male
1405 1350 1643 1388 emendavit:
1669 1350 1742 1388 sed
1761 1350 1858 1389 (lum
1875 1348 2038 1387 meridia·
2057 1346 2155 1386 solis

1274 1408 1435 1446 sedavit
1447 1421 1597 1459 vapor,
1623 1410 1664 1444 ut
1676 1406 1821 1445 sedare
1835 1409 2054 1443 neutrorum
2070 1404 2153 1441 vice

1274 1463 1336 1502 hic
1371 1464 1542 1515 positum
1580 1466 1710 1506 esset,
1749 1461 1843 1514 [quo
1880 1462 1916 1500 in
1953 1473 2027 1498 usu
2064 1472 2153 1497 eum

1274 1520 1438 1571 praeivit
1464 1518 1581 1571 Prop.
1604 1519 1666 1558 ΙΙΙ.
1690 1523 1751 1559 17.
1779 1524 1834 1563 5.,
1860 1518 1924 1557 ubi
1951 1516 1999 1555 es.
2023 1516 2152 1555 Burm.

1277 1580 1315 1614 et
1339 1576 1528 1614 Ber-neck.
1545 1576 1595 1614 ad
1616 1575 1748 1614 lustin.
1767 1573 1960 1613 XXXVI.
1977 1572 2032 1626 2.]
2070 1572 2153 1612 Sed

1275 1637 1381 1671 recte
1407 1632 1581 1670 defendit
1595 1632 1697 1670 Oud.
1723 1632 1923 1683 vulgatam
1948 1630 2153 1668 lectionem

1277 1703 1325 1727 ea
1343 1690 1554 1727 sententia:
1583 1687 1802 1739 Postquam
1817 1688 1918 1726 solis
1934 1700 2056 1739 vapor
2074 1699 2154 1724 me-

1275 1746 1370 1784 ridie
1385 1760 1417 1784 s.
1432 1759 1502 1797 per
1516 1750 1555 1783 et
1569 1750 1659 1796 post
1673 1745 1871 1783 meridiem
1885 1757 2006 1795 prono
2020 1743 2155 1782 iubare

1276 1802 1440 1841 sedatus
1454 1807 1546 1841 erat.
1574 1801 1610 1839 N
1614 1815 1659 1840 ec
1672 1802 1774 1840 enim
1788 1801 1961 1845 sedatur,
1979 1800 2053 1838 nisi
2068 1812 2154 1839 cum

1276 1859 1398 1897 adsuit
1422 1859 1615 1898 meridies.
1649 1858 1712 1896 De
1735 1858 2021 1911 significatione
2044 1856 2154 1895 vocis

1274 1916 1464 1955 meridies
1489 1916 1537 1955 cf.
1552 1929 1653 1966 quae
1666 1915 1745 1953 dixi
1760 1915 1809 1952 ad
1824 1913 1996 1953 MetJV.
2012 1927 2048 1965 p.
2059 1916 2152 1954 243.

1328 1974 1509 2024 pecuda.
1550 1971 1626 2024 [lta
1652 1971 1857 2010 emendavi
1883 1984 1932 2009 ex
1958 1970 2043 2009 cod.
2064 1969 2154 2008 Flo-

1275 2033 1368 2067 rent.
1380 2033 1436 2075 3..
1453 2028 1675 2081 quipecula
1691 2028 1823 2072 habet,
1839 2032 1877 2066 et
1890 2027 2039 2078 aliquot
2052 2026 2153 2072 aliis,

1276 2085 1311 2123 in
1329 2086 1469 2135 quibus
1481 2086 1633 2138 pecuia
1646 2084 1708 2122 vel
1722 2086 1902 2137 pecuina
1914 2087 2034 2130 extat,
2050 2082 2155 2134 quod

1275 2155 1299 2180 a
1319 2142 1482 2181 librariis
1503 2141 1645 2180 deinde
1667 2143 1701 2180 in
1720 2155 1859 2194 pecua
1880 2145 2066 2179 mutatum
2081 2143 2155 2178 est.

1276 2198 1323 2238 cf.
1351 2198 1455 2237 Non.
1481 2212 1513 2237 s.
1537 2212 1568 2236 v.
1596 2212 1735 2250 pecua
1759 2202 1800 2236 et
1818 2198 1988 2250 pecuda
2012 2199 2155 2249 p.159.

1276 2257 1339 2306 qui
1354 2256 1454 2295 haec
1468 2255 1581 2293 affert
1600 2256 1800 2306 exempla:
1827 2255 1974 2292 Accius
1988 2253 2154 2291 Medea:

1282 2313 1448 2365 Vaqqant
1457 2326 1617 2363 pavore
1632 2312 1831 2363 pecuda
1852 2312 1893 2349 in
1910 2310 2072 2350 tumulis
2087 2310 2153 2348 de·

1279 2374 1417 2409 serum
1442 2373 1482 2406 et
1497 2367 1573 2407 Cic.
1590 2369 1640 2406 de
1653 2368 1753 2420 Rep.
1770 2367 1836 2405 IV.
1854 2366 1939 2417 (IV.
1957 2372 1993 2406 1.
2007 2380 2044 2418 p.
2061 2370 2153 2406 417.

1278 2426 1452 2474 Moser.)
1493 2439 1615 2478 quum
1652 2425 1852 2464 adhibent
1887 2425 1922 2462 in
1957 2422 2155 2475 pecuda

1273 2488 1475 2534 pastores.
1506 2481 1677 2519 Sisenna
1702 2481 1803 2519 Hist.
1831 2480 1915 2519 1V.:
1953 2480 2153 2525 lumento,

1273 2540 1470 2591 pecuda
1496 2539 1597 2577 locis
1616 2539 1831 2589 trepidare
1845 2535 2152 2589 compluribus]

1334 2596 1504 2647 spiritus
1525 2595 1716 2647 fluvialt's.
1768 2595 1951 2646 Spiritus
1974 2596 2038 2631 est
2062 2604 2156 2631 aura

1280 2652 1331 2691 de
1344 2652 1458 2690 fluvio
1473 2650 1654 2696 veniens,
1681 2651 1730 2689 de
1749 2665 1824 2702 qua
1839 2651 1946 2688 vocis
1965 2648 2154 2700 significa-

1281 2711 1382 2748 tione
1415 2708 1517 2747 Oud.
1557 2715 1756 2759 comparat
1793 2707 1907 2745 Hom.
1941 2706 2091 2756 odyss.
2123 2719 2153 2749 ε,

1281 2770 1374 2806 470.
1409 2759 1504 2818 αὔρη
1537 2762 1625 2804 δ’ἐκ
1656 2767 1852 2814 ποταμοῦ,
1885 2762 1973 2801 dict.
2005 2774 2079 2800 sua
2102 2761 2154 2799 ad

1281 2822 1451 2862 Frontin.
1484 2821 1528 2860 ll.
1563 2825 1598 2861 2.
1633 2825 1668 2861 7.
1708 2820 1947 2859 Volturnum
1978 2831 2153 2857 amnem

1279 2881 1464 2932 inqentes
1495 2892 1619 2917 auras
1646 2877 1895 2929 proflare.
1946 2874 2077 2913 Burm.
2103 2873 2154 2912 ad

1278 2935 1425 2974 Lucan.
1442 2934 1507 2973 Vl.
1534 2937 1627 2975 396.
1654 2937 1694 2971 et
1718 2932 1897 2984 Calpurn.
1925 2931 2010 2971 Ecl.
2032 2930 2098 2970 1V.
2114 2934 2154 2970 4.

1286 2992 1421 3031 Vicini
1455 2993 1662 3043 spiritus
1698 2990 1858 3029 amnis.
1908 2987 2077 3027 Omnino
2103 2986 2153 3025 de

1277 3048 1380 3087 fluvii
1394 3051 1432 3087 et
1445 3049 1561 3087 maris
1574 3048 1709 3099 spiritu
1724 3046 1887 3084 conferri
1903 3046 2010 3084 iubet
2018 3044 2151 3083 Heins.

1278 3106 1328 3144 ad
1355 3106 1460 3156 Vir-g.
1487 3105 1587 3143 Aen.
1607 3102 1658 3141 X.
1675 3106 1768 3143 291.
1796 3102 1916 3142 Solin.
1944 3102 2005 3141 ed.
2027 3100 2150 3140 Salm.

1279 3177 1310 3201 c.
1339 3166 1403 3203 22.
1429 3160 1563 3201 insula
1588 3161 1886 3211 adspt’ratur
1908 3159 2023 3198 mare'.
