2221 3667
320 173 402 215 942
573 168 619 208 L.
650 166 868 208 APULEll
898 165 1299 208 MADAURENSIS
1327 166 1871 211 METAMORPHOSEON

321 291 443 337 paene
468 279 584 320 talem
609 293 874 333 cognoveram
901 277 1086 319 fabulam.
1135 278 1326 319 Maritum
1356 279 1511 330 habuit,
1545 281 1656 320 euius
1686 289 1798 334 pater
1826 296 1990 338 peregre
2022 298 2110 338 pro-

321 338 499 378 ficiscens
535 336 736 375 mandavit
771 335 889 376 uxori
925 348 1041 385 suae,
1081 335 1197 374 matri
1233 335 1405 375 eiusdem
1442 335 1618 384 iuvenis,
1669 338 1790 389 (quod
1821 339 1923 378 enim
1953 340 2110 380 sarcina

320 409 379 448 pr
369 391 615 447 [egnationis
635 398 839 432 oneratam
859 405 944 432 eam
965 391 1227 445 relinquebat)
1254 398 1297 431 ut
1315 391 1349 431 si
1368 405 1491 432 sexus
1517 393 1710 445 sequioris
1735 392 1921 434 edidisset
1948 395 2109 446 foetum,

320 450 498 504 protinus
513 448 614 502 quod
628 455 734 488 esset
747 449 888 488 editum
904 454 1128 488 necaretur.
1178 448 1233 487 At
1247 447 1313 487 illa
1334 461 1426 501 prae
1447 448 1626 488 absentia
1639 448 1785 500 mariti,
1801 456 1931 489 natam
1947 452 2112 504 puellam

319 567 372 596 vir
383 567 514 603 doctus,
539 564 594 599 qui
608 565 703 600 legit:
727 564 797 592 eius
806 571 954 601 poenae,
979 563 1051 592 sive
1071 563 1266 593 adttictionis
1287 566 1326 592 atl
1340 564 1473 593 bestias.
1509 564 1597 593 Nihil
1615 568 1713 595 muta.
1748 566 1878 602 Totam,
1903 570 1995 601 prout
2016 567 2115 596 ferme

320 620 444 647 cognox
448 614 532 646 erat,
558 610 705 652 mulieris
730 610 875 638 fabulam
900 617 958 638 nec
982 612 1105 638 tantum
1132 616 1254 644 poenae
1279 617 1357 638 cau.
1353 617 1429 637 sam
1453 613 1644 640 narraturus
1669 614 1729 639 est.
1798 618 1880 639 snae
1905 614 2014 640 exulat
2040 620 2061 641 a
2084 609 2114 641 δ.

319 656 476 685 iza-‘'emlzs
491 650 545 690 pro
558 649 687 683 aiz-ems
700 656 730 684 V
733 658 814 683 enet.
830 657 859 683 4.
873 656 949 683 Bas.
966 655 995 682 1.
1044 651 1133 691 qnod
1144 653 1175 680 ei
1187 656 1247 682 G.
1232 655 1248 672 ‘³
1255 655 1311 683 ..Ρ
1337 654 1422 681 enim
1436 655 1659 683 desideratur'
1651 663 1684 683 in
1699 656 1734 684 P.
1782 653 1984 683 honeratam
1999 658 2024 685 G
2042 658 2069 684 1.
2083 658 2114 686 2.

318 703 357 731 D.
394 699 598 729 honoratam
620 699 656 730 P
694 704 767 726 eam
782 706 844 727 non
858 699 954 728 estin
971 700 1008 728 1..
1056 697 1270 737 relinquerat
1289 701 1324 728 G
1348 700 1375 728 1.
1395 700 1430 727 0.
1467 698 1658 736 reloquebat
1673 701 1746 730 Vic.
1759 701 1873 730 V.enet
1888 701 1917 729 2.
1967 700 2115 739 equini-is

320 749 357 776 G.
371 749 402 776 2.
415 748 452 776 P.
467 755 498 782 p.
511 743 540 775 ὃ.
556 747 599 774 al.
623 745 787 782 segnioris
800 748 881 773 teste
893 745 973 772 Oud.
1012 743 1135 783 foetus
1149 752 1177 779 p.
1193 747 1221 773 et
1236 746 1305 773 edd.
1320 747 1396 772 vett.
1413 748 1487 773 ante
1501 745 1609 783 Colv.,
1634 748 1669 774 ut
1683 746 1812 774 Martio.
1826 747 1905 775 Var.
1918 748 2005 776 Lect.
2020 748 2044 774 1.
2062 748 2113 776 15.

314 800 404 829 prae
417 789 626 820 abstinentia
639 792 675 819 F.
690 792 720 818 3.
734 792 770 818 G.
784 791 816 818 2.
830 791 867 819 L.
881 791 917 818 P.
931 791 969 818 D.
983 797 1013 824 p.
1029 789 1050 818 f.
1064 790 1135 818 edd.
1149 792 1224 818 vett.
1240 797 1341 823 usque
1357 791 1396 819 ad
1410 790 1498 818 Colv.
1523 792 1561 819 ln
1574 790 1652 819 aliis
1670 794 1751 820 teste
1765 792 1922 820 Beroaldo
1930 799 1994 827 per
2005 790 2114 819 absti-

320 838 469 866 nentiam
479 859 487 874 ,
512 837 595 871 quod
621 835 778 871 praefer13
801 834 836 862 in
856 833 1011 862 absentia
1030 835 1065 863 0.
1080 836 1116 863 G.
1132 836 1161 863 1.
1187 833 1261 869 (qui
1274 835 1307 863 in
1321 835 1466 869 margine
1480 842 1501 863 a
1512 843 1554 864 m.
1567 844 1594 864 s.
1607 838 1701 864 hahet
1716 834 1862 872 velprae
1875 836 2115 872 abstinentia.)

318 883 380 912 Vir
398 884 510 911 doctus
531 882 570 910 ad
591 888 691 916 marg.
712 881 761 909 ed.
774 880 902 908 Vicent.
916 887 1008 908 meae
1022 880 1205 908 emendavit
1220 887 1307 915 prae
1321 879 1487 907 absentia.
1512 882 1550 909 In
1564 884 1709 917 (temper
1722 880 1924 910 absentiam.
1966 880 2115 918 puellam

319 935 382 957 non
397 936 469 957 esse
482 927 516 955 in
529 926 565 955 11¹.
581 927 610 955 1.
625 928 762 955 testatur
772 926 857 954 Elm.
881 925 924 954 At
944 925 1066 954 erravit
1084 925 1157 954 sine
1176 925 1289 963 dubio,
1314 926 1397 959 quod
1416 925 1449 953 in
1469 933 1556 960 seqq.
1576 925 1731 956 omissum
1749 930 1799 956 est
1815 929 2027 965 vocabulum⁷
2052 929 2116 956 huc

319 973 476 1002 referens.

319 1075 449 1110 autem
474 1069 596 1115 Oud.,
623 1070 686 1121 qui
708 1082 848 1108 coram
861 1074 900 1106 et
918 1070 1104 1108 incoram
1123 1070 1186 1107 ab·

319 1126 449 1166 solute
467 1127 630 1178 saepius
643 1125 747 1177 apud
761 1124 971 1177 Apuleium
991 1125 1081 1177 poni
1102 1139 1189 1176 pro-

320 1184 494 1222 nuntiare
508 1183 686 1234 potuerit.
702 1182 892 1221 Incoram
908 1182 1009 1219 enim
1025 1182 1188 1232 saepius

319 1240 451 1278 addito
476 1240 643 1290 genitivo
668 1239 705 1277 in
731 1239 816 1276 eius
842 1238 948 1276 libris
973 1238 1123 1289 legitur,
1148 1241 1191 1277 ut

320 1295 502 1336 absolute
539 1295 682 1334 dictum
725 1307 776 1332 ex
815 1294 998 1345 analogia
1043 1297 1191 1333 tantum

320 1353 509 1405 particula
538 1365 678 1392 coram
707 1350 866 1389 defendi
892 1354 1022 1401 queat.
1092 1350 1194 1390 Hinc

321 1408 548 1461 corrigenda
561 1412 623 1446 est
635 1407 775 1446 Handii
790 1409 995 1452 sententia,
1009 1407 1073 1457 qui
1086 1407 1193 1458 Apu-

323 1466 439 1504 leium
463 1478 617 1516 semper
642 1464 892 1503 coniunxisse
918 1463 1009 1502 dicit
1032 1464 1194 1514 particu-

324 1522 400 1561 lam
437 1534 522 1561 cum
559 1521 730 1571 genitivo
769 1520 1055 1558 substantivum
1098 1533 1191 1558 esse

324 1582 477 1631 putans.
527 1576 615 1623 Quo
648 1577 760 1628 igitur
789 1577 869 1614 iure
893 1576 961 1614 ille
985 1577 1028 1614 in
1052 1590 1191 1615 coram

323 1635 527 1673 seiunctim
557 1633 774 1685 scripserit,
807 1633 947 1671 eadem
972 1633 1023 1670 de
1047 1645 1192 1671 caussa

323 1691 484 1742 intelligi
497 1694 640 1742 potest.
677 1688 735 1727 Ita
748 1690 861 1727 etiam
877 1702 946 1741 pro
956 1689 1190 1740 publicam:

323 1749 515 1787 cubitura
539 1746 616 1796 legi
640 1746 779 1797 possit.
810 1745 897 1784 Res
915 1745 1057 1783 eodem
1080 1744 1192 1791 redit,

322 1807 447 1842 utrum
466 1817 535 1854 pro
555 1803 799 1854 glossemate
818 1815 865 1840 an
886 1800 1103 1853 corruptela
1116 1800 1192 1839 hoc

321 1860 553 1899 vocabulum
579 1858 743 1898 habeas
752 1858 767 1910 ]

380 1918 495 1969 qaod
508 1920 605 1955 esset
617 1916 779 1954 editum.
806 1913 1035 1953 Graecissat
1047 1918 1192 1959 auctor,

321 1973 443 2024 inquit
455 1972 576 2017 Oud.,
602 1972 825 2023 exprimens
842 1968 886 2009 τὸ
905 1969 1050 2023 ‘textis-'mv
1080 1969 1191 2008 Male

322 2029 477 2081 quidam
495 2031 644 2067 mutare
659 2028 785 2066 conati
804 2031 908 2066 sunt.
935 2027 1014 2065 Adi
1035 2025 1189 2065 Terent.

322 2086 444 2124 Andr.
470 2084 499 2125 Ι.
527 2088 563 2125 3.
589 2089 651 2124 14.
684 2084 937 2135 Quicquid
964 2084 1192 2136 peperisset

322 2144 589 2182 decreverunt
598 2141 743 2180 tollere
751 2144 789 2178 et
797 2140 831 2178 A
838 2140 946 2178 lbert.
956 2140 1005 2177 ad
1013 2139 1190 2190 Hesyeh.

321 2200 372 2238 V.
398 2196 572 2247 ἀναιρεῖν.
618 2196 803 2235 Observa
825 2196 942 2234 simul
967 2195 1191 2247 exemplum

317 2255 539 2307 permissae
559 2255 610 2302 (2)
636 2254 744 2291 necis
770 2252 926 2290 infantis
944 2256 1122 2303 tempore
1135 2251 1193 2292 M.

321 2311 516 2350 Antonini.
533 2310 582 2359 (2)
605 2309 706 2347 Vide
719 2309 768 2346 de
781 2322 830 2347 ea
844 2308 1193 2360 reBynkershoek.

321 2371 360 2406 et
384 2366 612 2405 Noodtium.
661 2364 797 2417 [Plura
821 2365 870 2402 de
895 2365 1063 2403 dictione
1087 2365 1196 2404 dabit

320 2424 445 2463 Buen.
470 2422 521 2461 ad
544 2422 657 2461 Lact.
676 2421 725 2459 de
743 2420 881 2472 opific.
895 2435 928 2460 e.
943 2426 980 2462 3.
994 2435 1032 2472 p.
1049 2421 1186 2473 1131]

379 2483 598 2519 oneratam.
647 2477 712 2531 [cf.
739 2477 925 2516 Buenem.
946 2477 997 2516 ad
1009 2477 1120 2516 Lact.
1138 2478 1188 2515 de

321 2536 428 2589 Opis.
453 2549 485 2574 c.
514 2538 576 2575 13.
599 2547 636 2585 p.
666 2534 803 2586 1195]

376 2605 481 2645 prae
504 2591 688 2631 absentia
707 2594 844 2629 natam
858 2590 1054 2641 puellam.
1081 2589 1188 2643 [Cor-

321 2654 433 2701 rupta
469 2651 532 2686 est
567 2647 679 2686 codd.
711 2647 878 2685 omnium
904 2647 1035 2693 lectio,
1074 2660 1187 2698 quae,

322 2705 552 2744 coniecturis
575 2707 723 2742 tantum
747 2704 876 2741 sanari
905 2706 1051 2754 potest.
1108 2702 1190 2741 Pri-

320 2775 424 2800 mum
437 2762 535 2799 enim
545 2773 652 2811 prae
663 2759 919 2806 abstinentia,
939 2759 1045 2811 quod
1058 2760 1190 2811 optimi

321 2820 464 2870 quique
488 2817 573 2855 libri
596 2817 803 2869 praebent,
828 2829 945 2866 quum
970 2829 1020 2853 ex
1043 2830 1119 2855 usu
1137 2816 1191 2854 lo-

322 2875 463 2926 quendi
488 2874 708 2924 neutiquam
733 2872 890 2910 defendi
913 2872 1059 2924 possit,
1085 2876 1191 2911 certe

316 2945 423 2983 prae
458 2931 639 2970 absentia
675 2928 959 2968 emendandum
995 2941 1091 2967 esse
1115 2930 1191 2968 exi-

321 2988 448 3026 stimo.
502 2985 604 3024 Oud.
642 2985 813 3037 explicat
842 2998 922 3036 per
956 2985 1188 3032 absentiam,

322 3043 417 3082 (lum
432 3044 571 3082 absens
583 3047 672 3081 erat
688 3042 861 3087 maritus,
875 3040 1101 3092 particulam
1111 3055 1190 3094 per

322 3099 481 3150 saepius
523 3099 697 3150 speciem
743 3097 932 3150 temporis
973 3098 1191 3149 significare

323 3154 609 3201 demonstrans,
632 3158 674 3193 ut
692 3167 772 3206 per
796 3154 950 3199 oscula,
970 3168 1049 3206 per
1068 3155 1190 3195 lacri-

1246 1083 1346 1115 mas,
1384 1069 1482 1108 conf.
1514 1069 1628 1108 Ovid.
1659 1069 1818 1110 Heroid.
1842 1069 1909 1109 Vl.
1936 1074 2000 1111 71.
2026 1069 2116 1110 ΧΠ.

1248 1129 1314 1165 58.
1362 1125 1473 1164 Fast.
1504 1125 1569 1165 ΙΙΙ.
1601 1130 1695 1167 509.
1744 1127 1873 1165 Burm.
1906 1127 1955 1165 ad
1980 1126 2114 1165 valer.

1246 1181 1380 1220 Flacc.
1406 1182 1433 1220 Ι.
1461 1186 1552 1223 767.
1579 1183 1629 1222 ad
1654 1184 1762 1222 Suet.
1790 1182 1878 1222 Tib.
1897 1187 1956 1230 5.,
1982 1186 2021 1222 et
2043 1196 2116 1222 sua

1247 1238 1337 1278 dict.
1366 1238 1417 1276 ad
1447 1237 1563 1278 Caes.
1593 1239 1639 1277 B.
1668 1239 1714 1278 G.
1739 1239 1804 1278 Vl.
1832 1243 1897 1280 36.
1938 1239 2011 1292 [cs.
2036 1239 2117 1278 De-

1250 1295 1329 1333 der.
1351 1294 1486 1334 Gloss.
1506 1296 1555 1334 ad
1574 1296 1675 1334 Dict.
1697 1295 1798 1335 Cret.
1816 1295 1883 1335 VI.
1899 1300 1935 1338 2.
1955 1309 1994 1348 p.
2009 1300 2115 1343 373„

1249 1352 1314 1389 ubi
1338 1354 1465 1390 tamen
1488 1366 1566 1404 per
1589 1353 1808 1392 absentiam
1838 1353 1992 1405 explico
2012 1367 2116 1405 pro-

1247 1412 1343 1460 pter
1377 1409 1613 1453 absentiam,
1661 1413 1862 1459 totumque
1902 1408 2030 1447 locum
2066 1423 2118 1448 ex

1251 1463 1338 1502 coi.
1363 1464 1465 1504 Gall.
1485 1478 1565 1503 sec.
1579 1464 1646 1502 lx.
1667 1465 1717 1503 ita
1739 1466 1921 1504 emendo:
1950 1467 2020 1517 qui
2037 1479 2117 1518 per

1247 1520 1469 1560 absentiam
1500 1523 1583 1560 eias
1607 1523 1744 1573 infesti
1769 1527 1902 1568 erant,
1940 1522 2116 1561 Oeneum

1246 1577 1496 1616 multimodis
1519 1578 1742 1630 afflictari,
1777 1582 1819 1617 ut
1857 1592 1935 1630 per
1976 1578 2117 1629 signiti-

1248 1637 1311 1671 cet
1346 1646 1550 1678 caussam,
1598 1634 1647 1671 ob
1690 1647 1804 1684 quant
1840 1634 1970 1672 infesti
2009 1639 2116 1673 erant

1248 1687 1406 1737 Oene03
1432 1689 1480 1727 cs.
1496 1689 1586 1728 ibid.
1600 1689 1666 1727 w.
1682 1694 1717 1729 5.
1743 1690 1880 1741 infesti
1895 1690 1945 1728 ob
1959 1690 2115 1729 illatura

1247 1757 1325 1796 per
1361 1758 1448 1784 eum
1481 1746 1572 1798 filio
1606 1746 1775 1799 necem.]
1824 1746 1980 1786 Ruhnk.
2004 1747 2117 1797 igitur

1250 1800 1355 1839 Oud.
1389 1802 1621 1840 sententiam
1658 1807 1818 1841 secutus
1854 1816 1929 1841 non
1966 1803 2116 1841 videtur

1250 1870 1357 1904 esse,
1382 1858 1486 1909 quod
1507 1871 1586 1909 per
1610 1858 1830 1898 absentiam
1857 1860 1995 1899 mariti
2024 1859 2116 1898 duo-

1249 1914 1324 1952 bus
1350 1914 1552 1953 commatis
1579 1915 1895 1967 circumscripsit,
1921 1928 2055 1966 quum,
2080 1918 2115 1954 si

1249 1970 1468 2022 explicatur
1521 1972 1617 2010 (lum
1669 1971 1810 2011 absens
1864 1978 1968 2017 erat,
2027 1985 2113 2011 cum

1246 2039 1361 2078 seqq.
1402 2027 1693 2066 accuratissime
1734 2029 1912 2080 coniungi
1959 2028 2114 2069 debeat.

1249 2083 1349 2121 Tum
1383 2084 1504 2122 verba
1541 2088 1679 2123 natam
1714 2085 1899 2136 puellam
1938 2089 2116 2137 corrupta

1248 2153 1343 2178 esse
1380 2140 1546 2190 quisque
1580 2140 1774 2192 intelligit,
1823 2142 2002 2192 quoniam
2037 2155 2113 2181 non

1248 2196 1410 2242 habent,
1447 2210 1524 2248 quo
1554 2196 1687 2235 referri
1714 2198 1881 2249 possint.
1927 2197 1991 2236 Ne
2019 2211 2112 2236 vero

1248 2253 1312 2291 hic
1335 2253 1385 2291 ad
1408 2253 1597 2303 ingratum
1621 2253 1878 2292 anacoluthon
1904 2254 2114 2306 confugere

1249 2323 1417 2348 necesse
1441 2311 1510 2356 sit,
1544 2309 1733 2349 Pricaeus
1757 2310 2001 2349 scribendum
2028 2324 2112 2350 cen-

1249 2370 1313 2404 set
1346 2371 1444 2405 nata
1468 2367 1613 2418 puella
1649 2367 1672 2405 i.
1701 2380 1735 2405 e.
1766 2380 1852 2406 cum
1891 2367 2115 2418 peperisset

1245 2422 1435 2475 puellam,
1471 2422 1535 2460 vel
1559 2423 1603 2461 in
1626 2427 1764 2462 natam
1784 2424 1967 2476 puellam
1990 2424 2111 2463 insita

1246 2479 1439 2518 matribus
1459 2480 1615 2531 pietate
1638 2478 1663 2517 i.
1679 2493 1712 2518 e.
1733 2484 1926 2519 commota
1938 2484 2111 2519 materno

1246 2547 1379 2573 amore
1414 2548 1508 2586 erga.
1540 2535 1712 2587 puellam
1743 2548 1859 2587 quam
1893 2540 2112 2588 pepererat.

1246 2594 1287 2630 et
1310 2591 1412 2630 Oud.
1444 2591 1642 2630 emendat:
1678 2596 1723 2631 at
1744 2592 1840 2639 illa,
1870 2606 1951 2644 per
1975 2593 2113 2632 absen-

1246 2650 1345 2687 tiam
1368 2649 1504 2688 mariti
1528 2653 1650 2688 nacta
1670 2649 1865 2700 puellam,
1889 2650 2013 2689 insita
2030 2662 2110 2688 ma-

1247 2705 1377 2744 tribus
1394 2706 1551 2756 pietate
1569 2709 1804 2756 praeventa.
1845 2705 1985 2745 Nacta
2009 2705 2111 2743 enim

1248 2760 1363 2799 facile
1387 2761 1494 2799 abire
1517 2761 1694 2812 potuisse
1719 2761 1755 2799 in
1779 2765 1890 2807 nata,
1914 2760 2016 2799 unde
2039 2775 2111 2800 na-

1248 2822 1330 2856 tam
1353 2817 1441 2855 dein
1468 2817 1630 2855 fecerint
1654 2817 1810 2863 librarii,
1847 2818 2040 2868 corrigere
2062 2829 2111 2855 se

1248 2872 1376 2912 locum
1405 2875 1624 2913 credentes
1671 2860 1810 2912 Nacta
1843 2885 1936 2911 vero
1971 2873 2111 2925 signifi-

1249 2942 1338 2968 care
1370 2931 1512 2974 enixa,
1549 2929 1655 2980 quod
1689 2929 1792 2967 idem
1821 2929 1958 2980 corrigi
1993 2930 2110 2968 etiam

1245 2999 1370 3038 posse
1399 2990 1589 3031 autumat,
1627 2986 1715 3036 quia
1743 2984 1900 3023 fortuito
1931 2987 1966 3023 ei
1991 2986 2110 3024 obve-

1246 3043 1326 3080 niat
1359 3042 1453 3090 filia,
1488 3056 1564 3080 non
1599 3041 1712 3080 filius.
1761 3040 1845 3092 [At
1881 3041 2041 3080 offendo
2071 3043 2109 3080 in

1247 3098 1460 3150 asyndeto,
1490 3098 1595 3149 quod
1619 3097 1693 3136 hac
1716 3097 1873 3147 quidem
1897 3099 2110 3137 enuntiato-

1246 3168 1329 3193 rum
1348 3156 1615 3194 coniunctione
1633 3167 1709 3192 non
1730 3156 1809 3193 tam
1827 3153 2013 3207 frequens
2032 3158 2108 3199 est,
