2221 3667
342 119 423 161 818

342 364 460 393 ‹tquem
470 356 564 391 piam
579 358 614 383 U.
632 356 645 383 1
655 377 661 383 .
713 355 882 391 tansisper
895 357 931 385 D.

343 466 459 517 plane
495 465 702 504 adversari.
751 464 957 516 Nusquam
995 466 1117 511 enim,
1155 467 1206 504 vi·

343 523 418 560 deo
437 553 447 567 ‚
509 522 715 560 dictionem
764 521 932 572 Apuleio
980 520 1208 560 familiarem

345 580 451 617 suasi
476 592 526 616 ac
551 578 726 629 denique
749 578 936 628 persuasi
961 577 1009 617 cf.
1035 577 1085 616 ad
1109 577 1209 618 Met.

342 633 409 673 lv.
434 648 471 686 p.
498 638 589 675 262.
616 648 702 671 cum
727 632 923 679 infinitivo,
950 634 1025 672 sed
1053 647 1209 686 semper

343 704 428 728 cum
455 690 640 740 particula
664 694 707 727 ut
728 694 765 726 et
784 690 1024 728 coniunctivo
1044 691 1210 729 iunctam

343 760 454 795 esse;
480 746 526 785 el'.
553 745 747 784 Metvn.
781 759 816 795 p.
842 751 934 786 454.
968 749 1083 798 eique
1106 761 1206 787 sua·

341 805 459 843 sisse
490 818 544 842 ac
575 802 784 854 denique
807 805 1128 853 persuasisse,
1163 808 1209 843 ut

341 873 480 898 mames
516 859 721 897 hebetatas
828 861 1114 909 referret
1139 861 1205 899 bo-

340 929 474 967 noque
505 914 748 953 valetudinis
777 916 1044 964 frueretur,
1090 915 1207 967 Apol.

342 986 377 1022 p.
404 975 495 1011 548.
533 971 664 1009 suasi
701 972 825 1009 uxori
854 985 964 1011 meae
1064 975 1208 1018 suasi,

340 1030 518 1079 inquam,
544 1041 595 1066 ae
618 1026 796 1078 denique
816 1030 1060 1078 persuasi,
1086 1034 1211 1068 ut....

339 1084 581 1122 redderet.
621 1082 798 1120 Ceterum
824 1083 1017 1134 Apuleius
1040 1086 1212 1125 suadere

341 1140 605 1177 diversissima
619 1139 766 1177 ratione
780 1141 976 1179 construit.
1014 1140 1210 1192 Frequen-

338 1198 487 1234 tissima
513 1196 693 1246 iungendi
723 1198 818 1235 ratio
849 1201 911 1234 est
935 1198 1211 1245 coniunctivus,

342 1253 521 1291 adiuncta
551 1251 740 1303 particula
769 1257 833 1297 ut5
868 1252 932 1291 vel
956 1268 1006 1292 ue
1029 1253 1055 1292 l.
1082 1268 1118 1305 p.
1146 1258 1209 1296 79.

340 1326 355 1347 s
367 1309 547 1348 uadens
571 1313 621 1347 ut
647 1309 810 1347 abin-mn.
847 1309 897 1348 V.
928 1323 965 1360 p.
991 1314 1085 1351 369.
1111 1326 1210 1351 sua-

338 1366 469 1404 sistis
495 1370 543 1404 ut
562 1365 812 1415 perimerem.
839 1364 977 1417 V11.p.
993 1372 1083 1408 473.
1110 1382 1210 1407 sua-

337 1422 458 1460 dens
482 1426 533 1460 ut
628 1420 909 1460 discurrerem.
958 1422 1025 1461 IX.
1052 1438 1089 1476 p.
1115 1428 1209 1465 (335.

339 1478 409 1516 uti
437 1478 669 1515 redderet
693 1478 867 1523 suasit3
902 1479 1021 1530 Apol.
1049 1494 1086 1531 p.
1113 1484 1208 1521 421.

337 1535 584 1572 suasisse
618 1537 673 1571 ut
715 1536 1112 1585 contemplarentur3
1159 1537 1208 1575 ‹le

338 1589 483 1627 Mundo
509 1603 545 1638 p.
573 1593 666 1629 374.
693 1591 890 1629 suadeat
911 1605 967 1630 ne
997 1593 1119 1638 desit,-
1157 1593 1207 1631 de

337 1647 478 1697 Dogm.
504 1644 604 1683 Plat.
632 1644 677 1683 ll.
708 1659 746 1696 p.
779 1650 871 1688 256.
908 1650 1208 1688 suadendum

336 1707 386 1741 ut
410 1707 607 1753 augeant,
635 1703 782 1740 omissa
805 1705 997 1753 particula
1023 1705 1207 1745 Motvll.

338 1772 373 1808 p.
389 1762 481 1797 453.
496 1758 639 1796 suadet
654 1789 661 1795 .
674 1788 698 1796 ..
713 1760 973 1799 insisteretur.
992 1759 1043 1799 X.
1058 1775 1095 1813 p.
1112 1765 1205 1801 318.

336 1815 532 1852 redderet
617 1812 772 1853 suadet.
799 1815 917 1865 Apol.
937 1829 974 1867 p.
990 1821 1083 1859 559.
1107 1832 1208 1857 sua-

337 1871 418 1909 det
441 1872 619 1921 referat3
644 1884 729 1908 cum
755 1871 956 1911 infinitivo:
982 1872 1044 1911 111.
1059 1887 1097 1925 p.
1117 1877 1208 1914 193.

333 1931 491 1966 statuas
509 1940 757 1966 reservare
774 1929 969 1968 suadeo.
987 1928 1208 1981 V1.p.419.

335 1983 511 2021 molliter
541 1984 761 2021 assidere
791 1989 829 2023 et
860 1986 1090 2035 prandium
1122 1989 1208 2039 opi-

332 2053 437 2089 pare
449 2039 656 2078 suadeat
677 2053 867 2085 sumere,
882 2055 967 2081 cum
983 2045 1207 2082 accusativo

336 2100 372 2132 et
397 2095 600 2133 infinitivo,-
626 2095 722 2134 Meli.
739 2096 803 2134 Vl.
820 2111 855 2147 p.
871 2102 966 2139 443.
990 2100 1206 2150 puellam

335 2152 468 2191 bestiis
495 2152 643 2191 obiici
667 2153 904 2193 suaderet.
953 2154 1022 2194 IX.
1049 2170 1085 2207 p.
1113 2161 1205 2197 644.

335 2208 592 2252 .‹zcaciebat‚
641 2210 865 2248 mart'tum
909 2213 1037 2264 quieti
1075 2213 1206 2252 deee-

336 2265 462 2302 (lere.
512 2263 586 2301 Hic
611 2264 720 2302 locus
747 2279 794 2301 eo
820 2268 1105 2307 memorabilior
1130 2275 1205 2315 est,

336 2321 440 2371 quod
464 2321 710 2359 accusativus
736 2335 930 2372 personae
960 2325 1024 2363 hic
1053 2323 1205 2377 legitur,

336 2380 528 2427 sequente
565 2379 825 2424 coniunctim,
872 2395 958 2419 cum
989 2383 1025 2420 in
1065 2384 1206 2422 ceteris

339 2434 435 2471 locis
482 2437 676 2483 sequente
730 2437 970 2476 coniunctim
1011 2452 1206 2489 personae

336 2490 507 2535 dativus,
540 2490 605 2527 vel
636 2492 883 2531 accusativus
915 2508 1000 2532 cum
1026 2496 1206 2535 infinitivo

333 2546 479 2596 ubique
515 2550 699 2585 occurrat.
758 2547 859 2586 Fere
890 2551 1029 2589 eadem
1059 2554 1207 2591 ratione

335 2603 428 2640 uicit
463 2601 643 2653 Fulgent.
680 2603 849 2654 Mytlxol.
885 2606 948 2645 llI.
976 2613 1012 2647 6.
1049 2623 1087 2661 p.
1114 2613 1206 2650 719.

339 2673 476 2709 quam
507 2661 796 2710 persuadet,
832 2676 887 2702 ne
922 2678 1034 2703 suam
1056 2668 1209 2717 faciem

338 2716 483 2759 rideat,
509 2715 557 2753 ad
573 2716 828 2766 quemloeum
855 2719 902 2757 cf.
916 2719 1209 2773 Munk.Hygin.

338 2770 413 2809 sab.
452 2771 627 2811 (Jt'Xlx.
664 2785 700 2823 p.
739 2778 831 2814 337.
870 2776 947 2815 Ille
982 2778 1033 2816 ab
1069 2781 1210 2818 aneio-is

338 2828 599 2868 dissuasus.
626 2828 787 2869 Tertull.
814 2832 863 2869 (le
888 2832 1022 2874 flabit.
1045 2834 1145 2873 Mul.
1174 2840 1207 2875 1.

338 2884 398 2922 Ἰἰι
424 2898 480 2929 es,
509 2899 616 2935 gulae
640 2899 736 2925 eum
761 2889 990 2942 suasisti]

394 2945 515 2992 utque
528 2942 637 2981 ultra
652 2943 781 2982 limen.
802 2945 941 2984 Hiulca
955 2960 1072 2996 quum
1087 2949 1206 2988 oratio

337 2993 500 3034 Pricaeo
525 2999 611 3036 visa
639 2999 707 3040 sit.
739 3001 921 3039 reformat
945 3007 1066 3044 totam
1091 3018 1206 3044 enun-

337 3051 534 3091 tiationem
554 3055 740 3094 translato
761 3063 882 3110 atque
901 3061 935 3097 in
950 3060 1065 3099 alium
1080 3060 1206 3100 locum

338 3112 377 3143 et
413 3108 542 3147 addito
579 3111 617 3148 in
661 3112 735 3151 tine
779 3115 1008 3163 diverteret,
1051 3118 1206 3171 legens:

607 119 652 157 l..
685 117 903 157 APULEH
933 116 1335 156 MADAURENSIS
1366 80 1905 160 {tETAMORPHOSEON

254 234 317 266 (343
342 229 529 270 tabernae
550 229 595 267 ad
617 228 835 280 quampiam
858 227 1050 281 tantisper
1069 227 1076 282 l
1099 228 1329 268 familiarem
1350 227 1424 268 sibi
1441 228 1664 280 mulierem.
1692 232 1818 283 quoad
1831 231 1956 285 spatio
1971 231 2131 271 fervens

1265 466 1469 505 secederet
1486 465 1704 517 paululum
1728 466 1839 505 ultra
1865 466 1981 505 limen
2004 468 2132 506 taber-

1265 535 1342 561 nae
1365 526 1487 574 atque
1510 521 1568 561 ad
1595 523 1830 574 quampiam
1854 523 2052 573 tantisper
2066 526 2131 575 fa-

1264 578 1465 618 miliarem
1522 577 1599 617 sibi
1650 578 1855 617 mullerem
1907 578 2130 625 diverteret,

1269 634 1408 686 quoad
1439 638 1546 677 cett„
1576 647 1691 685 quani
1721 633 1928 672 lectionem
1951 633 2133 673 Floridus

1267 691 1582 741 interpretatione
1596 703 1669 728 sua
1683 692 1889 740 expressit.
1913 690 1968 728 At
1980 689 2132 728 Pricaei

1264 746 1379 785 lectio
1394 747 1534 786 nimiae
1547 747 1852 797 interpolationis
1862 751 1924 784 est
1937 751 2132 798 suspecta.

1265 802 1386 848 oud„
1413 804 1475 854 qui
1503 803 1726 854 particulam
1747 807 1871 855 atque
1888 807 1993 841 recte
2013 801 2134 855 expli-

1266 863 1328 898 cat
1352 864 1390 898 et
1416 860 1595 912 quidem,
1620 872 1691 897 eos
1718 860 1956 910 vituperans,
1983 860 2047 910 qui
2065 872 2135 910 pro

1266 917 1410 962 statim,
1437 917 1619 955 celeriter
1632 915 1770 954 dictam
1785 928 1870 953 eam
1885 929 1979 954 esse
1992 915 2136 961 volunt,

1266 972 1490 1024 simpliciter
1521 972 1729 1023 legendum
1765 976 1901 1010 censet
1934 971 2137 1012 secederet

1266 1028 1485 1081 paululum
1502 1030 1662 1081 iretque
1679 1028 1741 1066 vel
1754 1042 1823 1080 pro
1838 1030 2036 1080 tantisper
2048 1041 2135 1066 con-

1270 1085 1347 1123 iicit
1361 1086 1555 1124 latitaret.
1592 1084 1726 1137 Atque
1739 1084 1925 1136 particula
1938 1086 1974 1122 ei
1986 1098 2001 1122 x
2013 1084 2136 1122 idetur

1270 1142 1319 1179 ab
1355 1142 1508 1191 ingenio
1545 1141 1721 1192 profecta
1756 1154 1849 1179 esse
1886 1141 2135 1187 librariorum,

1271 1198 1334 1248 qui
1358 1199 1534 1249 putarint,
1555 1198 1772 1249 paululum
1797 1202 1836 1236 et
1859 1199 2056 1249 tantisper
2079 1210 2137 1234 re-

1270 1255 1420 1305 quirere
1445 1254 1545 1294 hanc
1569 1254 1760 1305 copulam.
1796 1254 1944 1292 Verum
1969 1253 2046 1292 duo
2071 1252 2136 1292 ad-

1267 1311 1401 1348 verbia
1426 1310 1600 1349 eiusdem
1622 1310 1702 1348 sere
1721 1310 1941 1348 sententiae
1960 1310 2009 1348 ab
2028 1309 2135 1361 Apu-

1268 1366 1344 1405 leio
1369 1367 1536 1418 aliisque
1560 1368 1721 1418 saepius
1753 1367 1854 1417 iungi
1887 1370 2019 1404 notum
2043 1379 2138 1404 esse

1268 1423 1356 1462 coll.
1370 1423 1469 1462 Met.
1481 1423 1507 1461 l.
1521 1437 1558 1475 p.
1575 1428 1640 1463 58.
1671 1422 1743 1474 [At
1756 1423 1899 1461 vellem
1915 1423 2136 1473 exemplum

1266 1480 1422 1531 Apuleii
1447 1480 1560 1518 nobis
1584 1479 1814 1530 protulisset
1833 1478 1956 1526 Oud.‚
1981 1479 2047 1517 ubi
2071 1478 2136 1517 ad-

1268 1537 1399 1574 verbia
1435 1536 1611 1574 eiusdem
1649 1535 1732 1573 sere
1772 1535 2064 1585 significationis
2098 1535 2138 1573 in

1267 1593 1406 1630 eadem
1427 1592 1687 1630 enuntiatione
1707 1592 1891 1643 copulata
1909 1605 1984 1630 non
2007 1591 2137 1631 iuncta

1266 1649 1340 1686 sed
1379 1649 1504 1686 divisa
1539 1648 1671 1688 mullis
1706 1648 1915 1688 vocabulis
1945 1646 2136 1698 leguntur,

1265 1718 1498 1756 quamquam
1523 1705 1624 1750 scio,
1649 1704 1753 1754 apud
1770 1705 1870 1742 alios
1896 1704 1972 1742 hoc
1996 1703 2138 1742 sactum

1266 1775 1378 1808 esse3
1403 1761 1449 1798 cs.
1471 1760 1626 1800 Terent.
1652 1759 1748 1799 Eun.
1774 1760 1818 1799 IL
1845 1765 1882 1800 2.
1910 1765 1973 1801 15.
1998 1760 2139 1799 Omnia

1266 1818 1366 1856 enim
1382 1831 1482 1869 quae
1495 1817 1691 1868 adscripta
1703 1821 1792 1856 sunt
1805 1817 1854 1855 ad
1870 1816 1893 1855 l.
1904 1817 1939 1856 d.
1955 1815 2140 1869 exempla

1267 1875 1496 1912 contrarium
1521 1874 1639 1925 plane
1663 1874 1934 1925 comprobant,
1964 1887 2011 1913 ac
2039 1874 2135 1911 ratio

1265 1944 1363 1969 usus
1389 1930 1571 1981 loquendi
1597 1930 1727 1975 docet,
1764 1931 1816 1968 ita
1838 1930 2034 1968 rarissime
2057 1928 2138 1967 fieri

1266 2001 1404 2038 posse,
1437 2000 1510 2025 nec
1539 1988 1611 2025 nisi
1636 1987 1671 2024 in
1697 1999 1878 2025 somnone
1903 1986 2136 2037 quotidiano.

1266 2043 1353 2082 Hoc
1366 2044 1611 2095 comprobat,
1636 2042 1866 2095 particulam
1880 2048 2002 2096 atque
2015 2042 2136 2080 omitti

1266 2114 1340 2138 non
1367 2114 1507 2151 posse,
1540 2100 1630 2150 quia
1654 2100 1728 2138 hac
1752 2100 1900 2138 omissa
1921 2098 2137 2151 paululum

1264 2161 1304 2195 et
1334 2158 1532 2208 tantisper
1556 2158 1696 2194 iustam
1726 2155 2029 2206 explicationem
2061 2168 2135 2193 non

1264 2213 1479 2252 admittunt.
1506 2212 1640 2265 Atque
1653 2212 1755 2250 oud.
1776 2212 1955 2263 intelligit
1967 2211 2028 2250 hic
2041 2224 2138 2250 esse

1265 2276 1302 2309 et
1317 2270 1491 2322 quidem,
1517 2282 1618 2320 quae
1632 2268 1820 2319 particula
1832 2274 2051 2319 usurpatur,
2070 2267 2136 2306 ubi

1264 2326 1398 2365 addita
1422 2325 1498 2365 alia
1523 2327 1679 2364 notione
1705 2339 1769 2372 ea,
1796 2338 1898 2376 quae
1922 2324 2134 2376 praece¹lit‚

1263 2383 1442 2434 pressius
1478 2384 1603 2433 magis
1639 2381 1875 2426 defenditur,
1923 2381 1973 2420 cf.
2007 2379 2134 2419 Hand.

1266 2439 1435 2478 Turseli.
1450 2438 1476 2477 1.
1490 2454 1528 2491 p.
1544 2443 1637 2479 467.
1651 2437 1739 2476 Intt.
1752 2438 1803 2476 ad
1817 2438 1951 2476 Horat.
1965 2436 2090 2490 Epist.
2103 2436 2136 2475 l.

1269 2500 1333 2537 10.
1358 2499 1425 2536 40.
1450 2495 1515 2534 De
1540 2501 1662 2548 atque
1685 2508 1755 2546 pro
1778 2496 1913 2534 statim
1937 2493 2062 2533 dicam
2085 2492 2137 2532 ad

1266 2553 1316 2591 de
1350 2552 1501 2591 Mundo
1537 2565 1574 2603 p.
1601 2555 1694 2592 354.
1732 2550 1780 2590 cf.
1815 2550 1913 2590 Met.
1941 2549 1971 2588 1.
2001 2563 2039 2601 p.
2071 2553 2136 2591 60.

1265 2609 1399 2647 Locus
1418 2610 1527 2658 igitur
1540 2607 1746 2646 vernaculo
1765 2620 1946 2646 sermone
1958 2607 2012 2645 ita
2025 2606 2137 2644 inter-

1266 2666 1480 2718 pretandus
1506 2670 1584 2703 est:
1611 2663 1885 2716 Schweiqend
1906 2662 2045 2702 redete
2067 2662 2136 2702 ’ἰεΙι

1268 2724 1343 2762 (ἵεν
1357 2723 1468 2762 Frau
1482 2737 1526 2761 zu
1540 2722 1626 2761 und
1639 2720 1876 2759 uberredete
1888 2720 1945 2758 sie
1957 2718 2134 2762 endiielz,

1265 2779 1353 2818 sicli
1377 2780 1441 2817 ein
1464 2779 1596 2830 weniq
1615 2792 1661 2816 :u
1680 2780 1903 2828 eutfernen,
1923 2775 2011 2815 und
2029 2789 2135 2814 :war

1267 2839 1401 2888 ‹111st
1421 2835 1545 2886 lanJJe
1563 2832 1799 2873 ausserlzalb
1814 2832 1886 2871 des
1899 2831 2057 2871 Hauses
2071 2831 2134 2869 bei

1265 2893 1374 2930 εἶπεν
1393 2892 1458 2930 ilzr
1489 2889 1777 2941 befreumleten
1804 2889 1935 2934 Frau,
1960 2887 2019 2926 bis
2043 2891 2133 2926 cett.

1268 2948 1402 3000 Atque
1424 2947 1650 2986 omittebant
1670 2947 1693 2984 ii
1707 2945 1864 2991 librarii,
1890 2945 1955 2995 qui
1972 2944 2133 2981 verbum

1264 3006 1454 3056 subsequi
1463 3004 1606 3042 debere
1614 3002 1813 3053 putabant,
1823 3001 2044 3052 quibusque
2052 3003 2133 3037 tota

1265 3059 1488 3103 enuntiatio,
1515 3061 1657 3111 quippe
1682 3060 1758 3096 vim
1782 3056 1995 3109 particulae
2009 3060 2132 3108 atque

1266 3132 1339 3158 non
1347 3116 1662 3172 percipientibus,
1671 3114 1799 3153 hiulca
1807 3114 1998 3154 videretur
2007 3111 2130 3163 esse]
