2155 3590
653 149 839 190 LIBER
864 150 937 191 VI.
996 151 1120 191 CAP.
1152 151 1224 192 IX.
1761 153 1842 195 421

64 262 259 302 salutare?
282 261 347 302 An
372 261 498 315 potius
525 261 726 312 maritum,
755 263 818 315 qui
844 270 909 303 tuo
935 263 1097 304 vulnere
1128 262 1389 317 periclitatur,
1417 263 1652 305 intervisere
1675 265 1845 305 venisti?

62 310 140 365 Sed
164 324 248 358 esto
279 319 436 358 secura!
489 316 569 357 Iam
602 318 704 357 enim
731 319 922 372 excipiam
949 325 1005 369 te,
1040 327 1081 360 ut
1106 320 1245 359 bonam
1273 334 1412 359 nurum
1439 320 1644 370 condecet,
1674 328 1730 360 et:
1767 320 1842 362 Ubi

63 380 173 423 sunt,
206 373 352 426 inquit,
388 373 617 414 Sollicitudo
648 381 763 427 atque
788 374 1006 426 Tn'siities,
1036 377 1200 416 ancillae
1226 377 1358 416 meae?
1406 374 1558 428 Quibus
1584 376 1843 418 introvocatis

61 405 314 483 torquendam
340 430 497 469 tradidit
522 444 621 470 eam.
671 431 728 470 At
751 430 840 470 illae
866 439 1074 485 sequentes
1100 433 1222 472 herile
1247 439 1514 487 praeceptum,
1547 432 1741 487 Psychen]
1773 434 1843 473 mi-

1233 489 1240 505 k

61 566 191 596 tandem
210 572 284 597 ante
304 568 459 596 salutare
479 571 632 604 repetitur
649 570 682 599 in
701 572 738 599 R.
760 571 780 598 s.
801 568 848 607 δῖ,
874 573 955 605 quod
977 576 1164 607 argumento
1184 580 1256 601 esse
1275 575 1394 609 potest,
1421 579 1516 606 quam
1534 579 1621 606 vaga
1641 571 1735 599 fuerit
1750 573 1845 602 sedes

56 614 236 649 particulae
252 613 382 641 eandem
392 616 423 642 in
434 616 523 643 codd.
549 622 679 642 socrum
694 623 787 643 suam
801 617 832 644 in
843 618 890 644 ed.
900 618 980 645 Elin.
990 619 1073 645 male
1083 618 1208 651 legitur.
1236 620 1291 645 tuo
1303 616 1478 645 vulnereF.
1487 619 1518 646 3.
1528 618 1563 645 G.
1573 618 1610 645 D.
1619 625 1648 651 p.
1658 616 1679 644 f.
1688 613 1716 644 δ.
1726 618 1843 646 Iunis-¹.

56 661 93 688 In
106 662 178 687 ceu.
192 660 311 694 legitur
323 658 459 686 vulnere
475 663 541 687 leco.
577 661 795 688 interris-cere
805 664 840 689 G.
850 663 886 690 D.
900 664 981 689 lunt.
992 664 1020 690 2.
1036 662 1160 691 Vicem.
1191 665 1308 690 secuta
1322 670 1442 690 secura
1455 664 1568 691 Venet.
1578 663 1608 690 2.
1645 662 1798 696 creptam
1815 660 1844 691 δ.

56 704 186 740 excipio
200 705 238 732 R.
253 704 274 733 f.
311 703 465 732 concedet
481 707 513 733 Ο.
530 713 549 734 a
562 714 602 734 m.
617 714 644 739 p.
657 708 739 734 lunt.
758 708 784 734 1.
799 707 912 735 Venei.
928 709 956 733 2.
983 705 1138 734 condet-es
1150 709 1226 736 Ald.
1251 706 1408 735 condocet
1420 709 1502 736 lunt.
1515 709 1545 736 2.
1576 705 1633 733 nbi
1644 708 1724 733 suut
1735 706 1848 743 inquit

55 749 91 778 F.
112 750 142 777 1.
160 751 190 778 3.
211 751 246 777 G.
267 751 304 777 D.
323 751 361 778 R.
381 750 403 778 f.
423 747 450 778 δ.
472 759 500 784 p.
526 752 640 779 Incert.
659 753 694 779 P.
719 750 819 785 (leste
839 752 1013 786 Putscliio)
1027 754 1109 780 Elm.
1124 753 1226 781 Scriv.
1240 753 1360 781 Florid.
1385 755 1421 781 In
1435 756 1507 781 cett.
1527 750 1705 789 ubae'ae'nquit
1724 752 1845 779 omisso

54 796 152 822 verbo
165 795 370 822 substantivo
383 798 471 822 sunl.
496 794 553 822 nbi
564 795 611 823 sit
623 796 732 832 inquit
746 799 861 824 hahent
876 801 1029 831 excerpta
1044 797 1079 825 P.
1092 799 1178 830 apud
1192 797 1290 832 Oud.[
1302 799 1358 826 sed
1374 804 1539 832 perperam
1554 800 1585 825 ut
1601 798 1707 825 credo·
1727 797 1846 824 Libra-

54 839 125 867 rius
137 840 223 868 enim
235 842 320 868 male
338 841 415 873 legit
435 841 657 874 compendium
682 841 713 868 s't
737 842 758 870 i.
772 850 798 870 e.
825 841 929 876 sunl]
978 840 1122 869 solitudo
1137 839 1165 869 δ.
1191 841 1349 869 sollr'ludo
1364 851 1393 878 p.
1408 843 1505 871 solita
1519 842 1722 870 aberratione
1746 842 1788 870 cf.
1803 842 1844 869 ad

52 885 129 913 Met.
141 886 195 913 111.
208 892 237 918 p.
251 886 269 912 2
277 886 327 914 10.

51 926 214 966 Psychen.

53 1061 168 1098 quum
176 1062 273 1088 voce
287 1053 557 1103 conquerentis
571 1057 609 1090 et
622 1053 792 1091 iralmndi
805 1067 914 1091 voca-

51 1105 183 1143 bulum
209 1106 374 1146 effertur.
411 1108 474 1146 De
498 1109 777 1159 significatione
801 1111 914 1160 parti-

52 1160 162 1199 culae
187 1176 287 1215 erqo
313 1164 359 1202 cf.
376 1164 502 1202 Burin.
518 1165 567 1202 ad
591 1164 786 1216 Prop.111.
814 1170 849 1204 5.
879 1169 913 1204 1.

52 1216 101 1255 ad
131 1217 290 1258 Anthol.
321 1220 409 1259 Lat.
441 1219 485 1259 Τ.
518 1220 543 1258 l.
575 1235 611 1272 p.
644 1225 737 1261 357.
784 1220 913 1259 Hand.

51 1272 216 1313 Turseli.
244 1275 287 1315 ΙΙ.
313 1290 350 1327 p.
377 1280 468 1317 449.
511 1275 687 1328 Propert.
714 1276 758 1315 ΙΙ.
785 1281 821 1317 8.
849 1280 913 1317 37.

51 1333 90 1368 et
113 1330 254 1369 ibidem
276 1345 309 1371 v.
324 1336 387 1373 79.
413 1334 481 1371 sic
507 1334 663 1385 iyitur
684 1334 819 1384 prima
838 1347 915 1370 mo-

51 1386 154 1426 riere
183 1393 332 1434 aetate,
359 1388 583 1441 Properti?
629 1388 817 1427 Fortasse
842 1388 916 1426 huc

48 1441 180 1481 referri
211 1448 343 1495 potest
365 1445 470 1496 Virg.
505 1445 601 1483 Aen.
628 1444 694 1484 IV.
729 1449 819 1486 660.
857 1446 915 1484 sic

48 1500 107 1538 sic
130 1500 250 1539 iurat.
277 1500 386 1540 Haec
411 1502 553 1550 ironiae
579 1505 618 1539 et
642 1502 914 1552 indignationis

47 1555 107 1593 vis
131 1557 255 1607 magis
281 1571 472 1610 expressa
497 1561 559 1596 est
581 1558 768 1596 vocabulo
790 1559 915 1597 sicine

46 1610 142 1651 Met.
167 1611 230 1651 ΙΙΙ.
255 1627 291 1665 p.
318 1618 412 1655 216.
462 1613 510 1652 cf.
543 1614 611 1652 Sit.
644 1613 728 1652 Ital.
754 1613 821 1652 lX.
847 1615 912 1655 25.

50 1667 230 1715 Sicine,
267 1671 342 1717 sie,
379 1672 525 1723 inquit,
561 1676 702 1723 yrotes
722 1672 913 1723 pretinm.-

50 1738 126 1777 qae
155 1727 357 1777 rependis.
407 1727 517 1773 Erat,
551 1740 665 1778 quum
697 1729 754 1766 sio
780 1729 917 1779 inquit

48 1781 224 1833 coniungi
244 1782 400 1830 vellem,
426 1787 466 1822 ut
492 1785 649 1822 verbum
673 1784 834 1835 primum
863 1783 914 1822 lo-

47 1850 131 1874 cum
157 1838 360 1886 obtineret,
386 1844 427 1878 ut
451 1840 549 1879 infra
566 1854 602 1892 p.
618 1845 711 1881 404.
736 1841 808 1879 sed
821 1854 914 1879 con-

45 1895 162 1933 tortis
173 1897 404 1956 superciliis
417 1897 627 1935 subridens
641 1911 819 1935 amarum
845 1911 862 1935 s
870 1897 884 1933 i
893 1910 914 1935 c

48 1951 229 2003 inquit.-
255 1951 303 1990 cs.
329 1953 378 1991 ad
403 1952 501 1991 Met.
523 1951 548 1991 1.
574 1966 610 2004 p.
629 1957 693 1993 77.
720 1952 914 1991 Sednunc

46 2020 121 2044 non
153 2006 300 2058 placet,
339 2009 429 2059 quia
460 2009 512 2046 ita
542 2009 823 2047 enunciationis
853 2009 914 2046 vis

46 2063 189 2102 ironica
201 2062 318 2115 plane
336 2064 565 2115 infringitur,
591 2065 624 2102 si
639 2064 825 2115 particula
838 2079 912 2103 non

48 2118 178 2165 adest,
205 2133 304 2170 quae
324 2122 479 2171 gravius
494 2124 725 2159 commotum
745 2121 912 2160 animum

47 2175 223 2228 indicat]

102 2255 320 2306 excipiam.
357 2254 577 2307 [Acidalius
602 2255 760 2294 ridicule
783 2257 915 2296 distin-

47 2323 171 2359 ²§ruens
191 2312 288 2349 inter
306 2313 495 2363 accipere
515 2316 554 2350 et
567 2314 774 2364 excipere,
800 2313 916 2351 scribi

43 2366 108 2405 hic
131 2366 213 2405 vult
236 2369 443 2419 excipiam
467 2368 517 2406 ad
541 2367 643 2407 Veli.
672 2367 716 2406 ΙΙ.
743 2373 828 2414 77.,
853 2369 915 2407 ubi

46 2423 97 2462 cf.
127 2422 256 2461 Burm.
287 2423 338 2461 ad
368 2422 527 2464 Petron.
564 2438 596 2464 c,
631 2429 721 2465 100.
759 2439 795 2477 p.
823 2429 915 2467 610.

44 2477 273 2518 Promiscue
290 2480 391 2518 enim
411 2480 510 2520 haec
523 2482 642 2519 verba
662 2495 709 2519 ea
722 2483 917 2520 sententia

44 2540 286 2586 usurpantur.
315 2535 380 2589 [cf.
394 2536 549 2575 Ruhnk.
565 2537 613 2576 ad
629 2537 742 2576 Ovid.
756 2537 914 2577 Heroid.

45 2590 133 2630 Xll.
149 2595 214 2633 29.
229 2606 267 2643 p.
282 2597 346 2633 72.
373 2592 475 2633 Dict.
500 2594 550 2632 ad
576 2594 737 2632 sueton.
762 2608 802 2646 p.
822 2598 914 2635 289.

46 2646 177 2687 Burm.
202 2648 252 2687 ad
276 2649 436 2688 Anthol.
463 2649 549 2688 Lat.
577 2649 622 2689 T.
648 2649 675 2688 Ι.
700 2664 736 2702 p.
764 2651 875 2703 417]

104 2738 358 2779 Sollicitudo
384 2745 506 2793 atque
531 2742 740 2780 Tristities.
773 2740 916 2792 [Accu-

45 2795 162 2832 ratius
183 2794 233 2833 de
251 2794 326 2833 hoc
347 2795 432 2834 loco
453 2798 531 2847 agit
544 2795 728 2847 Bottiger.
748 2797 784 2834 in
801 2797 915 2835 libio:

47 2847 215 2890 Sabina.
231 2849 312 2890 Τ.Ι.
327 2867 364 2904 p.
375 2856 469 2893 310.
478 2828 551 2891 Ued.
572 2866 658 2891 nov.
675 2854 917 2892 cuiusvmba

47 2903 114 2943 hie
151 2919 347 2957 apponere
388 2910 516 2947 iuvat.
566 2909 647 2947 Die
688 2910 917 2948 romischen

50 2959 223 3000 Dichter
247 2965 475 3004 enilelmten
508 2980 583 3004 ron
609 2965 773 3004 solcleen
800 2966 916 3005 Scla-

48 3017 213 3064 vinnen,
239 3019 306 3058 die
325 3035 416 3060 man
431 3021 543 3060 wohl
567 3022 673 3060 auch
692 3021 917 3060 Knnstmei-

48 3073 250 3113 sterinnen
262 3089 417 3116 nennen
429 3079 596 3122 lciinnte,
606 3078 681 3117 das
696 3078 801 3117 132·ch
808 3078 918 3117 ilirer

49 3128 209 3168 Furien.
237 3130 283 3170 In
308 3133 415 3173 ‹liese
433 3134 578 3174 Klasse
601 3135 787 3187 yeltiiren
810 3135 919 3174 auch

377 884 525 912 trz'scz'ces
537 886 664 916 Vicent.
679 887 807 915 vitiose.
854 889 1010 924 sequente
1022 888 1062 916 D.
1109 885 1272 925 Psya-laem
1286 889 1321 917 F.
1338 889 1366 916 1.
1380 889 1410 916 3.
1426 889 1461 916 G.
1475 888 1513 916 D.
1528 888 1565 916 B.
1588 888 1626 916 In
1640 889 1713 916 cett.
1726 885 1846 922 legitur

974 1054 1041 1092 die
1063 1054 1306 1092 Sclacinnen
1334 1054 1571 1093 Triibsinn
1599 1055 1686 1093 und
1709 1054 1844 1094 Kam-

973 1112 1186 1155 merniss,
1214 1110 1341 1148 denen
1363 1112 1405 1148 in
1426 1111 1500 1148 der
1520 1110 1746 1148 belcannten
1769 1111 1844 1150 Fa-

973 1165 1038 1203 bel
1061 1166 1130 1204 des
1151 1165 1347 1216 Apuleius
1373 1166 1439 1203 die
1463 1179 1572 1204 orme
1591 1165 1752 1219 Psyche
1776 1180 1845 1206 :ur

977 1221 1214 1273 Geisselany
1236 1221 1478 1272 iiberliefert
1494 1222 1618 1266 wia-d,
1644 1223 1717 1260 wie
1738 1223 1844 1261 denn

974 1277 1072 1314 ‘tort
1095 1277 1330 1328 iiberleaupt
1354 1278 1422 1315 die
1454 1277 1583 1317 Venus
1614 1278 1749 1329 rolliy
1777 1279 1846 1317 die

975 1333 1100 1372 Rolle
1125 1335 1232 1371 einer
1257 1333 1565 1384 nnqebcrdislen
1597 1334 1846 1373 Ramisi-hen

975 1389 1152 1427 Domina
1178 1389 1314 1440 spielt.
1364 1388 1465 1427 flIan
1493 1389 1604 1427 hatte
1629 1391 1844 1442 unstreitiy

974 1446 1080 1484 ancli
1094 1446 1175 1484 alte
1185 1445 1432 1483 Dent-meilen·
1448 1445 1854 1498 derKunst‚worouf

975 1502 1041 1540 die
1061 1501 1191 1540 Venus
1211 1502 1271 1540 als
1291 1502 1378 1539 eine
1395 1501 1532 1540 solclze
1547 1501 1724 1540 Domina
1746 1503 1845 1540 iiber

974 1558 1041 1596 die
1066 1571 1174 1597 orme
1188 1557 1348 1608 Psyche
1367 1557 1581 1596 selmlteml
1607 1557 1847 1610 claryestellt

971 1628 1068 1653 war.
1119 1615 1178 1653 Za
1199 1616 1307 1654 einer
1324 1613 1497 1665 Gruppe
1517 1614 1592 1653 der
1607 1614 1684 1653 Art
1695 1614 1850 1665 qelzo'rt

974 1671 1042 1710 die
1074 1685 1149 1709 zon
1181 1671 1254 1710 cler
1286 1670 1340 1709 Ve
1321 1684 1416 1709 enus
1447 1670 1653 1723 tersolyie
1688 1670 1846 1724 Psyche

974 1729 1025 1765 im
1056 1728 1193 1766 Besitz
1224 1727 1294 1765 des
1327 1727 1486 1766 Hanses
1517 1727 1745 1779 Borylzese.
1795 1726 1847 1765 cf.

973 1783 1150 1821 Visconti
1178 1783 1324 1822 Stanza
1343 1782 1550 1823 111.tav.4.
1577 1782 1679 1820 Fere
1707 1783 1846 1821 eadem

973 1840 1130 1891 protulit
1155 1839 1200 1878 T.
1225 1839 1273 1878 ll.
1304 1853 1343 1890 p.
1370 1842 1460 1879 198.
1493 1838 1595 1876 Rem
1628 1853 1701 1889 ego
1728 1839 1846 1891 plane

973 1895 1083 1934 aliter
1115 1896 1318 1948 epocans
1345 1895 1540 1932 Venerem
1575 1909 1662 1933 cum
1692 1895 1846 1933 domina

972 1953 1171 2003 impotenti
1197 1952 1259 1990 hic
1284 1966 1357 1989 non
1385 1952 1595 2004 comparo]

1029 2009 1236 2048 condecet.
1298 2007 1461 2060 [Totius
1500 2007 1572 2045 loci
1610 2009 1845 2046 sententiam

972 2065 1215 2103 disturbasse
1229 2063 1415 2102 Pricaeus
1436 2063 1527 2101 mibi
1541 2064 1709 2110 videtur,
1730 2077 1845 2115 quum

972 2120 1022 2160 ad
1063 2133 1193 2159 mores
1236 2121 1455 2172 respexerit
1503 2133 1701 2166 socruum,
1745 2133 1847 2171 quae

972 2178 1130 2216 nuribus
1150 2190 1307 2228 semper
1326 2176 1605 2214 infestissimae
1619 2189 1642 2213 a
1655 2177 1846 2215 Romanis

973 2234 1250 2278 describuntur,
1265 2233 1354 2273 coll.
1369 2232 1523 2272 Terent.
1538 2232 1682 2284 Hecyr.
1697 2232 1742 2271 ll.
1760 2238 1793 2273 1.
1810 2237 1847 2273 4.

973 2305 1054 2329 nno
1068 2291 1202 2329 animo
1219 2303 1350 2329 omnes
1362 2303 1501 2328 socrus
1517 2290 1693 2329 oderunt
1706 2304 1844 2335 nurus,

973 2351 1012 2385 et
1026 2346 1166 2385 Donat.
1182 2345 1304 2384 ale.
1315 2350 1350 2386 3.
1366 2350 1444 2385 11.:
1470 2347 1708 2384 sententiose
1723 2347 1845 2392 dixit,

975 2409 1071 2443 tnnc
1097 2416 1327 2455 conyruere
1347 2407 1385 2441 et
1403 2402 1664 2441 concordare
1683 2403 1788 2441 inter
1807 2417 1847 2441 se

975 2460 1160 2499 mulieres
1180 2473 1321 2510 posse,
1347 2472 1436 2498 cum
1449 2463 1487 2497 et
1498 2458 1573 2497 illa
1588 2472 1667 2497 esse
1681 2459 1848 2497 desierit

976 2529 1116 2555 socrus
1141 2520 1179 2554 et
1203 2516 1279 2554 illa
1303 2529 1449 2554 nurus:
1480 2515 1582 2554 haec
1613 2516 1716 2553 enim
1740 2516 1846 2553 inter

975 2572 1070 2611 illas
1094 2577 1151 2611 est
1176 2571 1441 2610 discordiosa
1463 2573 1712 2610 coniunctio.
1738 2570 1845 2609 Idem

974 2628 1070 2666 dixit
1093 2629 1142 2666 ad
1167 2627 1313 2667 Hecxr.
1338 2626 1382 2666 ΙΙ.
1418 2631 1450 2667 1.
1479 2630 1533 2667 2.
1571 2628 1698 2666 Bono
1722 2641 1845 2680 arqu-

974 2690 1106 2724 mento
1140 2685 1282 2724 utitur.
1333 2684 1510 2723 Laesisti
1545 2697 1707 2729 nurum,
1748 2684 1846 2736 quia

972 2755 1111 2780 socrus
1124 2754 1183 2780 es.-
1197 2746 1236 2779 et
1246 2741 1363 2780 nulla
1379 2753 1519 2778 socrus
1533 2739 1676 2791 (liliyit
1688 2752 1844 2779 nurum.

975 2796 1103 2843 Quum
1118 2798 1217 2835 enim
1233 2797 1375 2834 ironice
1389 2796 1488 2833 haec
1506 2797 1633 2833 omnia
1653 2794 1844 2846 loquatur,

976 2853 1082 2892 bona
1107 2867 1234 2893 nurus
1258 2853 1361 2890 mala
1386 2855 1466 2896 est,
1498 2865 1569 2889 nec
1593 2851 1731 2889 Venus
1757 2851 1845 2889 ideo

976 2909 1132 2961 excepit
1174 2908 1379 2948 crudeliter
1420 2907 1638 2958 Psychem,
1686 2912 1846 2959 propter

973 2967 1160 3004 rationem
1174 2967 1300 3016 ipsam
1315 2964 1529 3010 affinitatis,
1555 2963 1629 3002 sed
1644 2965 1732 3015 quia
1746 2962 1847 3015 Psy-

976 3021 1066 3067 che,
1092 3035 1207 3073 quam
1227 3026 1387 3073 propter
1405 3018 1553 3058 laesam
1578 3020 1742 3058 numinis
1766 3033 1846 3058 ma-

976 3078 1156 3117 iestatem
1194 3077 1388 3116 ferventer
1425 3075 1579 3122 oderat,
1617 3089 1734 3115 nurus
1760 3078 1844 3115 eius

979 3135 1155 3185 quamvis
1180 3134 1435 3172 invitissimae
1461 3132 1564 3171 sacta
1588 3132 1741 3185 suerat]
