2221 3667
221 359 226 364 .
287 328 506 380 aufugere?
551 327 680 379 Tace,
719 328 922 381 respondit
958 324 1062 380 illel

288 158 370 201 126
536 159 586 198 L.
615 158 835 199 APULEII
864 154 1262 198 MADAURENSIS
1292 153 1836 194 METAMORPHOSEON

916 270 1019 324 Quid
1044 269 1132 318 hoc,
1161 267 1335 320 inquam,
1364 267 1607 321 comperior?
1643 266 1771 307 hicine
1795 266 1941 307 mortui
1965 267 2091 307 solent

1127 322 1233 364 Nam
1264 322 1402 377 oppido
1434 337 1531 377 puer
1566 331 1607 363 et
1637 324 1734 364 satis
1770 323 2005 378 peregrinus
2030 337 2089 374 es,

286 383 505 438 meritoque
530 384 693 439 ignoras
717 384 948 425 Thessaliae
975 390 1012 422 te
1038 380 1271 426 consistere,
1301 379 1366 419 ubi
1393 392 1514 434 sagae
1539 380 1725 420 mulieres
1751 393 1822 420 ora
1847 387 2091 420 mortuorum

287 440 431 493 passim
457 441 732 482 demorsitant:
764 454 887 494 eaque
913 445 1005 479 suut
1028 436 1106 476 illis
1132 436 1230 476 artis
1255 435 1433 490 magicae
1459 437 1744 492 supplementa.

288 271 505 324 quempiam
530 271 883 325 praetereuntium:

817 598 1258 647 CAPUT
1350 599 1556 647 XXII.

400 734 551 776 Contra
581 749 675 789 ego:
714 732 768 772 Et
798 745 897 785 quae
926 738 990 782 tu,
1017 731 1200 785 inquam,
1229 731 1289 771 dic
1304 732 1451 796 sodes,
1485 732 1686 773 custodela
1715 732 1783 772 illa
1812 731 1974 773 feralis?
2009 730 2093 772 lam

284 792 472 856 primum,
500 766 701 845 resp0⁰ndit
725 789 811 839 ille,
840 795 1039 843 perpetem
1065 795 1220 828 noctem
1246 788 1392 829 eximie
1417 789 1660 844 vigilandum
1687 796 1762 840 est,
1791 789 1944 830 exertis
1969 795 2009 830 et
2033 788 2092 829 in—

285 849 465 890 connivis
491 847 612 888 oculis
639 859 793 899 semper
816 845 857 885 in
883 845 1054 886 cadaver
1076 844 1262 896 intentis,
1291 859 1363 886 nec
1389 846 1493 886 acies
1520 859 1684 900 usquam
1711 821 1986 887 devertenda
1975 859 2093 886 immo

285 978 421 1012 reliquis
435 976 604 1004 liceretur.
630 973 805 1013 quemdam
817 977 1095 1011 praetereuntem
1111 975 1130 1003 f.
1146 983 1187 1003 ex
1200 977 1322 1011 glossa.
1359 973 1434 1002 heic
1448 983 1504 1010 pro
1518 973 1581 1002 lmc
1594 977 1629 1004 Ο.
1644 973 1707 1004 heu
1722 984 1758 1005 π.
1772 976 1915 1005 Scriver.
1930 976 2027 1005 uncis
2041 975 2093 1004 in-

284 1024 382 1052 clusit
395 1022 631 1057 verbun1‚quod
646 1029 710 1049 non
725 1021 942 1057 desiderares,
956 1021 986 1049 si
999 1021 1113 1055 scripti
1127 1028 1192 1049 non
1205 1024 1431 1056 agnoscerent.
1458 1022 1521 1050 Sed
1535 1029 1622 1050 nunc
1636 1029 1700 1049 non
1714 1025 1762 1050 est
1777 1021 1983 1057 abigendum.
2008 1022 2094 1050 Elli-

283 1069 354 1103 psis
367 1072 415 1096 est
426 1065 506 1104 quid
516 1065 580 1093 Ιιοι·
593 1069 645 1094 est
659 1065 749 1104 quod
759 1064 861 1094 audio
872 1074 883 1093 .·
898 1070 931 1095 ut
944 1073 1064 1101 graece
1077 1063 1109 1094 τί
1120 1064 1224 1095 ’τοῦτο
1239 1061 1361 1094 ἀκούω.
1388 1067 1554 1102 comperio
1569 1068 1605 1095 Ο.
1619 1066 1661 1094 cf.
1676 1069 1754 1095 Met.
1768 1066 1821 1096 XI.
1838 1075 1867 1102 p.
1882 1068 1958 1095 810.
1971 1067 2092 1096 Florid.

282 1115 375 1148 p.56.
400 1111 591 1149 comperiar
604 1111 626 1140 f.
652 1112 747 1140 sanis
756 1119 890 1149 peregr.
905 1113 1061 1141 2.Venet.
1074 1113 1112 1141 L.
1126 1113 1212 1140 unde
1226 1112 1316 1141 c01v.
1331 1113 1491 1140 emendat.
1516 1119 1599 1139 sane
1608 1119 1742 1149 peregr.
1753 1113 1843 1140 Grut.
1858 1113 2003 1147 susp.v.
2018 1119 2045 1141 c.
2061 1113 2091 1140 3.

281 1161 347 1185 aut
370 1165 451 1185 sune
470 1165 607 1195 per-egr.
656 1164 690 1185 es
708 1158 793 1191 quod
812 1158 891 1186 Oud.
911 1158 945 1185 in
965 1159 1001 1185 G.
1017 1159 1047 1186 2.
1070 1160 1188 1185 abesse
1209 1157 1303 1187 dicit.
1331 1157 1376 1185 ibi
1390 1161 1566 1191 comparet.
1614 1158 1676 1186 Pro
1690 1158 1811 1185 merito
1824 1157 1911 1186 Prie.
1926 1158 2091 1186 emendat:

280 1201 452 1240 medioque
465 1203 606 1240 ignoras
622 1206 654 1230 te
671 1201 731 1230 ΤΙι.
745 1204 829 1237 quod
842 1203 984 1238 margini
1003 1203 1114 1231 itidem
1129 1203 1308 1237 adscripsit
1322 1203 1373 1230 vir
1386 1204 1500 1231 doctus
1514 1207 1543 1231 et
1558 1205 1673 1238 probat
1687 1203 1792 1231 d⁷0rv.
1807 1204 1849 1231 ad
1863 1203 1985 1232 charit.
1999 1204 2023 1231 1.
2041 1204 2092 1231 12.

279 1258 310 1285 p.
327 1250 377 1278 17.
393 1249 530 1277 Guielm.
558 1249 691 1277 coniicit
710 1248 745 1276 in
764 1247 929 1285 editaque.
953 1249 1054 1277 Alius
1073 1248 1203 1282 quidam
1223 1246 1333 1275 media
1351 1248 1417 1285 ign.
1438 1250 1469 1275 te
1489 1246 1678 1276 Thessalia.

533 1296 679 1331 satagae
692 1292 849 1322 mulieres
862 1295 900 1322 D.
915 1301 935 1323 a
954 1302 984 1328 p.
1004 1302 1045 1323 m.
1094 1292 1323 1322 ‹lemorsicant
1342 1293 1474 1330 passim
1498 1295 1536 1323 R.
1559 1294 1578 1323 f.
1627 1292 1857 1322 demorsa-ant
1875 1296 1999 1323 liabent
2016 1294 2091 1323 libri

279 1294 384 1322 silere
403 1296 440 1323 G.
456 1296 485 1322 1.

278 1343 309 1367 et
323 1340 393 1368 edd.
406 1339 447 1368 cf.
462 1348 493 1374 p.
511 1341 584 1368 113.

324 1383 502 1422 respondet
521 1386 580 1414 Ed.
601 1385 704 1414 Scriv.

1730 1246 1997 1285 Thessaliaeque
2010 1255 2093 1276 eon-

751 1387 882 1413 noctem
903 1387 994 1414 abest
1014 1393 1034 1413 a
1053 1382 1083 1412 «5.
1130 1384 1327 1422 eserti'sque
1347 1387 1381 1411 et
1399 1385 1434 1413 B.
1472 1384 1681 1413 inconversis
1694 1386 1730 1414 B.
1751 1388 1781 1413 et
1795 1392 1908 1413 omnes
1928 1385 1999 1413 edd.
2014 1387 2090 1413 vett.

277 1435 407 1465 praeter
423 1432 507 1459 lunt.
522 1432 552 1459 2.
574 1438 658 1465 quae
677 1431 709 1459 in
726 1435 813 1459 textu
833 1433 929 1460 habet
949 1429 1147 1467 inconnivis,
1164 1431 1220 1459 sed
1235 1438 1340 1458 errore
1355 1431 1589 1465 typographico
1604 1434 1636 1458 ut
1657 1431 1690 1459 in
1704 1430 1813 1458 indice
1827 1431 2017 1459 adnotatum
2029 1434 2090 1465 est,

277 1476 334 1505 ubi
352 1478 491 1512 vulgata
508 1477 604 1504 lectio
625 1477 816 1505 restituitur.
864 1484 924 1503 nec
943 1475 978 1504 (ἠ
998 1476 1090 1505 acies
1110 1477 1145 1504 G.
1164 1478 1192 1505 1.

275 1522 397 1550 Florid.
442 1521 542 1549 immo
555 1529 615 1550 nec
629 1524 664 1551 G.
681 1523 709 1550 1.
724 1526 764 1550 et.
778 1522 901 1551 Florid.

277 1633 352 1671 bus
371 1631 473 1671 Mss.
495 1632 715 1671 defenditur
734 1634 786 1672 de
801 1634 942 1684 pretio
961 1633 1154 1672 liceretur

278 1688 341 1726 vel
351 1689 502 1729 liceret.
515 1688 679 1741 Proprie
689 1691 789 1727 enim
798 1689 914 1728 liceri
924 1689 1059 1727 dicitur
1074 1688 1152 1733 ille,

279 1747 343 1797 qui
358 1746 499 1784 indicat
512 1747 735 1797 pecuniam,
763 1750 908 1797 quanta
926 1759 1007 1784 reni
1022 1758 1152 1783 emere

277 1802 340 1840 vel
357 1803 575 1841 conducere
590 1803 696 1849 velit,
717 1803 819 1841 unde
834 1807 873 1840 et
887 1801 1153 1854 liceripretio

277 1874 362 1899 asse
386 1860 536 1910 ponitur
560 1874 629 1911 pro
656 1861 819 1899 tantiem
834 1873 908 1898 ere.
935 1858 1038 1897 Rem
1057 1872 1150 1896 vero

273 1917 416 1969 pretio
442 1916 559 1955 liceri
590 1916 743 1963 dicitur,
770 1929 872 1967 quae
900 1917 996 1954 tanti
1020 1915 1154 1954 vendi-

276 1978 336 2011 tur
359 1972 424 2011 vel
450 1973 675 2012 collocatur.
704 1973 788 2012 Sed
814 1971 1153 2024 quan10ud.pro-

276 2031 409 2082 posuit
434 2030 657 2069 coniectura
682 2031 734 2069 de
746 2031 890 2083 pretio
911 2030 1069 2069 diceret
1094 2028 1153 2067 fri-

277 2086 481 2137 gidissima
514 2092 586 2126 est.
646 2086 720 2125 Hic
752 2088 854 2125 enim
891 2087 942 2125 de
972 2086 1154 2138 pactione

276 2144 390 2194 pretii
410 2145 506 2181 inter
524 2157 755 2195 praeconem
776 2148 816 2182 et
830 2142 1153 2195 Thelyphronem

276 2214 406 2239 sermo
431 2214 526 2239 esse
551 2202 703 2251 nequit,
735 2214 822 2239 cum
849 2200 914 2239 ille
939 2202 1069 2239 statim
1096 2200 1149 2238 di-

277 2261 340 2296 cat
357 2271 394 2308 p.
414 2261 504 2298 146.
529 2257 649 2297 Mille
667 2259 868 2297 nummum
888 2259 1151 2310 deponentur

276 2314 374 2360 tibi,
417 2319 458 2352 ut
495 2314 643 2366 pacisci
679 2329 765 2353 cum
803 2328 849 2352 eo
889 2329 964 2352 non
1003 2314 1147 2353 liceret.

275 2370 508 2422 Legendum
538 2375 618 2417 est,
658 2371 763 2423 quod
799 2372 835 2409 in
868 2376 975 2410 textu
1001 2385 1148 2422 ponere

275 2441 352 2466 non
383 2428 573 2473 dubitavi,
610 2442 650 2467 se
676 2429 816 2479 pretio
848 2428 1024 2473 locaret,
1062 2429 1082 2466 i.
1110 2442 1143 2466 e.

276 2486 504 2524 custodiam
540 2486 684 2537 pretio
728 2485 844 2537 quod
876 2486 1144 2537 proponitur,

275 2542 504 2581 custodiam
524 2541 835 2593 polliceretur]

333 2600 578 2650 comperior.
611 2597 691 2650 [De
706 2598 779 2637 hac
799 2598 922 2636 soi-ma
948 2598 995 2637 cs.
1010 2599 1079 2637 Dr.
1095 2598 1145 2636 ad

273 2654 360 2693 Liv.
385 2654 559 2694 XXXV.
585 2660 650 2695 44.
682 2654 712 2705 Q.
739 2659 776 2697 6.
808 2659 847 2693 et
877 2669 978 2706 quos
1009 2654 1145 2694 Eckst.

274 2712 325 2750 ad
355 2712 477 2751 Voss.
507 2711 721 2751 Aristarch.
755 2710 865 2751 Tom.
898 2711 942 2750 II.
979 2726 1016 2763 p.
1049 2716 1142 2753 867.

273 2766 382 2819 larga
404 2783 520 2808 manu
544 2767 689 2822 affert]

325 2840 434 2878 puer
458 2831 497 2865 et
519 2828 618 2865 satis
637 2827 898 2879 percyrinus.
925 2825 1057 2878 [Puer
1082 2826 1144 2864 hic

273 2886 336 2920 est
365 2883 521 2923 stultus.
557 2883 606 2921 cf.
632 2882 796 2922 Taubm.
822 2882 985 2921 Mei-eat.
1013 2888 1049 2923 4.
1079 2888 1141 2923 15.

273 2939 324 2977 de
343 2941 571 2991 pereyrlizo
602 2939 650 2979 cs.
676 2953 777 2991 quae
802 2939 971 2991 explicat
995 2939 1141 2978 D‘Orv.

271 2995 323 3034 ad
349 2995 489 3034 charit.
515 2996 540 3034 1.
571 3001 633 3037 12.
659 3010 695 3048 p.
718 3001 811 3038 275.
838 2997 898 3035 ed.
924 2995 1055 3049 Lips]
1082 3011 1141 3036 sa-

272 3054 324 3091 te's
343 3051 443 3091 Oud.
464 3057 569 3091 recte
595 3054 754 3104 exponit
778 3054 915 3101 valde-3
941 3053 988 3091 cf.
1003 3053 1140 3091 Munk.

269 3110 321 3147 ad
345 3109 488 3160 Hygin.
510 3110 679 3161 Mythol.
700 3110 726 3148 l.
749 3114 813 3151 26.
841 3110 941 3149 Coi-t.
968 3109 1018 3147 ad
1041 3109 1139 3148 Ptin.

271 3165 396 3218 Epist.
411 3170 549 3218 p.l149.
565 3166 735 3206 Broukh.
750 3167 800 3207 ad
810 3166 1006 3208 Tibutl.lt.
1025 3171 1059 3208 6.
1076 3170 1141 3207 53.

1241 1474 1445 1503 decet-tendo
1465 1478 1504 1504 D.
1524 1484 1545 1505 a
1562 1484 1603 1504 in.
1617 1484 1647 1511 p.
1673 1473 1873 1503 da‘oertenda
1885 1477 1921 1505 B.
1935 1475 2040 1505 scriv.
2061 1479 2090 1503 et

1270 1632 1501 1672 Thessaliae
1537 1637 1574 1670 te
1610 1632 1839 1670 consistere.
1905 1631 2090 1670 Dativum

1212 1688 1314 1727 Oud.
1341 1692 1451 1740 putat
1475 1688 1620 1726 (lictum
1641 1701 1735 1727 esse
1754 1702 1842 1739 pro:
1868 1689 1911 1727 in
1926 1688 2090 1728 Thessa-

1213 1745 1284 1790 lia,
1304 1750 1345 1783 ut
1368 1759 1507 1783 nomen
1529 1746 1699 1797 regionis
1713 1745 1863 1783 urbium
1888 1745 2010 1783 instar
2035 1744 2088 1782 es-

1212 1801 1364 1840 feratur.
1398 1802 1444 1841 cf.
1461 1802 1583 1840 eiusd.
1599 1802 1687 1841 dict.
1702 1801 1753 1840 ad
1768 1800 1882 1840 Caes.
1898 1801 1944 1840 B.
1961 1801 2008 1841 G.
2023 1800 2087 1840 111.

1213 1863 1249 1899 7.
1276 1859 1383 1897 Suet.
1413 1858 1541 1897 Tiber.
1578 1873 1609 1898 c.
1637 1863 1701 1899 72.
1734 1858 1786 1896 ad
1809 1857 1956 1897 Lucan.
1984 1856 2087 1897 vm.

1217 1920 1308 1956 108.
1334 1916 1402 1954 Dr.
1428 1916 1479 1954 ad
1503 1915 1589 1954 Liv.
1604 1914 1910 1967 Epist.XLV11.
1927 1919 1967 1953 et
1979 1913 2086 1953 LIX.

1213 1972 1323 2011 Fest.
1350 1987 1382 2011 S.
1409 1986 1443 2012 v.
1471 1974 1599 2012 Troia
1622 1987 1658 2025 p.
1683 1976 1774 2013 156.
1805 1971 1919 2011 Lind.
1943 1972 2084 2017 Troia,

1214 2029 1329 2069 locus
1354 2031 1395 2068 c'u
1427 2044 1534 2083 {tyro
1561 2026 1771 2070 Laurente
1805 2043 1888 2082 quo
1906 2029 2087 2081 primum

1214 2087 1363 2126 ltaliae
1388 2086 1545 2126 Aeneas
1570 2087 1764 2126 constitit.
1791 2085 1900 2138 [Sed
1921 2085 1984 2124 hic
2003 2085 2085 2124 Ita-

1215 2144 1296 2183 liae
1320 2157 1394 2182 non
1416 2143 1467 2182 ad
1487 2144 1705 2183 consistere
1724 2142 1984 2189 referendum,
2009 2141 2082 2179 sed

1209 2201 1402 2252 genitivus
1440 2204 1525 2247 est,
1571 2200 1634 2251 qui
1678 2213 1700 2237 e
1737 2199 1966 2250 pronomine
2002 2212 2086 2251 qao

1209 2261 1325 2309 aptus
1357 2261 1435 2296 est:
1472 2256 1576 2296 unde
1605 2256 1813 2295 temeraria
1841 2259 1905 2294 est
1936 2255 2081 2306 Scalig.

1209 2315 1430 2353 coniectura
1455 2315 1497 2353 in
1523 2313 1682 2366 Italia]

1268 2386 1343 2410 ora
1352 2376 1601 2411 mortuorum
1607 2385 1650 2422 p.
1662 2371 1691 2409 d
1693 2371 1837 2409 emorsi
1841 2374 1941 2409 tant.
1957 2367 2081 2421 [Idem

1205 2428 1255 2466 de
1281 2428 1453 2466 venetica
1478 2431 1610 2466 narrat
1632 2426 1781 2466 Lucan.
1794 2425 1860 2465 VI.
1875 2429 1958 2467 564
1971 2423 2079 2478 sqq.]

1263 2484 1350 2524 Cn».
1376 2484 1504 2523 XXII.
1537 2488 1751 2536 perpetem
1775 2488 1944 2522 noctem.
1983 2481 2079 2535 [Ad-

1204 2543 1384 2580 iectivum
1419 2555 1593 2593 perpes,
1644 2540 1749 2591 quod
1797 2539 2079 2590 antiquissimis

1205 2600 1332 2650 poetis
1371 2602 1450 2636 erat
1484 2597 1700 2649 proprium,
1742 2596 1829 2634 Asri
1863 2599 2007 2648 postea
2043 2596 2077 2633 in

1204 2669 1318 2694 suum
1348 2668 1461 2694 usum
1494 2668 1586 2706 prae
1616 2653 1756 2692 ceteris
1787 2653 2078 2697 convertebant,

1205 2726 1276 2751 nec
1300 2726 1384 2751 raro
1410 2712 1597 2749 invenitur
1620 2709 1723 2761 apud
1749 2709 1868 2762 Apul.
1894 2708 1990 2748 Met.
2013 2707 2076 2747 III.

1203 2784 1241 2821 p.
1257 2771 1349 2809 179.
1370 2767 1439 2807 [X.
1459 2782 1496 2820 p.
1512 2771 1604 2809 613.
1627 2767 1676 2805 de
1695 2766 1784 2805 Deo
1800 2766 1907 2805 Socr.
1929 2779 1967 2817 p.
1985 2770 2075 2806 117.

1202 2825 1348 2864 Florid.
1382 2839 1417 2877 p.
1440 2829 1503 2866 78.
1531 2823 1692 2863 Tertull.
1718 2822 1834 2874 Apol.
1861 2838 1892 2862 c.
1911 2826 1975 2863 18.
2001 2821 2074 2860 Mi-

1202 2897 1288 2921 nuc.
1315 2882 1398 2921 Fet.
1419 2880 1532 2921 c.XI.
1560 2882 1590 2933 Q.
1606 2885 1641 2921 4.
1667 2881 1731 2918 ubi
1747 2877 2074 2919 cf.Daves.Mar-

1202 2941 1290 2978 tian.
1319 2938 1468 2990 capell.
1496 2937 1563 2977 IX.
1590 2937 1619 2988 Q.
1647 2940 1739 2977 912.
1767 2940 1805 2974 et
1830 2936 1856 2975 l.
1882 2936 1915 2986 ᾧ.
1941 2935 2031 2988 33.]

1259 2998 1434 3035 intcntae's.
1485 2994 1566 3047 [De
1596 3008 1679 3033 voc.
1712 2993 1992 3043 significatione
2023 2991 2071 3030 cf.

1202 3067 1304 3104 quae
1336 3053 1451 3091 docte
1483 3051 1668 3102 exposuit
1697 3049 1835 3088 Heins.
1861 3049 1912 3087 ad
1936 3048 2069 3087 valer.

1201 3110 1333 3149 Flauo.
1360 3109 1444 3147 ΥΠ.
1475 3113 1564 3149 114.
1590 3107 1675 3145 Intt.
1701 3107 1751 3145 ad
1775 3105 1938 3158 P1·0p.1.
1954 3107 2069 3147 3.19.

1202 3166 1359 3218 Forbig.
1386 3166 1435 3205 ad
1460 3166 1565 3217 Virg.
1592 3164 1691 3204 Aen.
1719 3162 1781 3203 III.
1809 3163 1920 3215 716.]
