2155 3590
635 199 823 245 LIBER
854 206 950 246 vll.

1012 210 1139 250 CAP.
1172 215 1292 255 VIII.
1797 231 1879 273 545

97 299 294 352 residem,
326 316 397 357 per
425 306 572 349 medias
603 311 708 352 acies
737 314 871 356 infesti
903 319 1036 361 militis
1067 325 1296 367 transabivi.
1342 327 1446 369 Nam
1471 334 1671 377 mulierem
1696 347 1878 393 putantes

97 355 330 408 asinariam,
369 364 635 406 concedebant
668 368 814 411 liberos
851 373 998 471 abigis:
1022 377 1029 433 Ι
1049 393 1099 473 q'u

956 445 999 472 ec
1029 447 1051 473 a

95 423 219 463 genae
242 413 345 456 laevi
368 419 534 470 pueritia
560 422 862 475 splendicarent.

91 524 227 563 medyas
239 530 278 558 D.
326 532 434 561 octies
447 536 483 564 G.
500 537 527 565 1.

90 574 121 599 et
139 574 285 602 omnibus
304 577 373 606 edd.
392 582 467 608 vett.
483 582 661 612 transabit:

87 705 314 736 concedebant
325 712 360 739 G.
375 714 407 741 ,2.
432 715 615 745 conc-ebant
626 720 666 747 D.

1107 436 1176 477 illa
1203 444 1334 480 tamen
1365 449 1528 495 palerna
1553 447 1679 500 gloria
1702 452 1766 492 vel
1790 468 1877 494 mea

577 540 770 570 transiciF.
787 545 815 572 1.
830 546 911 574 Elm.
925 548 1044 578 Florid.
1072 553 1265 582 transabici
1274 556 1309 585 F.
1324 558 1354 586 3.
1369 559 1405 587 G.
1421 560 1487 589 1.2.
1502 561 1538 590 Ρ.
1553 563 1586 591 Ο.
1605 563 1624 592 f.
1649 566 1684 593 In
1699 571 1770 596 cett.
1786 571 1874 600 codd.

713 584 822 615 Unam
836 590 1004 619 mulierem
1019 603 1074 629 pro
1086 605 1164 625 mem
1178 599 1348 628 mulierem
1361 603 1398 631 B.
1417 607 1447 633 et
1466 607 1537 634 edd.
1550 614 1659 637 omnes
1673 615 1748 640 anie
1761 614 1876 642 u'ow.

702 719 817 749 aditus
829 724 864 751 F.
877 726 903 752 1.
919 728 953 755 G.
970 730 997 756 2.
1012 730 1049 756 D.
1064 731 1098 759 0.
1113 728 1141 760 δ’.
1156 733 1178 761 f.
1192 735 1229 762 R.
1243 737 1287 763 M.
1301 735 1333 772 β.
1347 738 1383 766 Β.
1397 742 1427 766 et
1440 740 1509 769 edd.
1523 745 1598 770 ante
1610 744 1712 772 Bas-il.
1738 725 1874 776 abditus:

86 744 207 787 (neque
219 761 295 782 vero
308 754 438 795 aditus,
464 763 499 788 ut
516 761 551 789 in
570 766 732 799 excerptis
752 769 831 795 oud.
850 767 937 809 erat)
961 774 1057 802 habet
1070 778 1105 804 G.
1122 778 1152 805 1.

1198 779 1316 816 quippe
1329 789 1401 809 eum
1415 785 1450 813 G.
1466 786 1495 813 1.
1520 786 1638 823 quippe
1652 789 1737 816 enim
1751 792 1785 819 Ο.
1799 799 1872 825 pro-

83 796 181 825 bante
194 799 322 828 omnino
334 802 480 833 Pricaeo.
528 806 630 834 etiam
649 817 737 838 nunc
755 812 815 840 Vir
833 814 945 843 doctus
964 819 1005 846 ad
1023 827 1123 855 marg.
1137 823 1196 851 Ed.
1213 825 1298 854 Iuni.
1313 827 1342 854 2.
1361 828 1509 858 coniecit.
1556 829 1717 867 clepet-iles
1737 837 1773 864 G.
1788 837 1817 864 2.
1831 838 1870 866 D.

83 837 203 869 debiles
217 844 265 871 ed.
279 845 384 875 Paris.
421 846 490 876 lem·
500 851 536 878 G.
551 853 581 880 2.
612 855 760 888 pueritie
775 857 795 884 f.
805 879 813 893 ,
839 857 937 892 [quod
951 865 1093 895 probavit
1108 867 1324 904 Kulenkamp.
1339 871 1390 899 vir
1403 874 1513 902 doctus
1527 876 1568 904 ad
1581 877 1753 908 editionem
1766 888 1870 910 meam

80 884 217 915 Floridi.
241 890 304 918 Sed
317 890 556 928 nisipuericies
569 899 810 930 substantivum
824 909 975 943 ponatur,
1000 910 1110 937 nescio
1124 914 1279 944 quomodo
1293 915 1419 945 defendi
1439 920 1550 952 possit.
1575 922 1619 950 At
1636 923 1800 958 puerities
1818 928 1870 955 le·-

81 929 167 963 gitur
186 934 273 966 apud
290 935 475 967 Ausonium
486 940 666 972 Professor.
680 946 718 974 X.
735 947 786 975 17.
810 945 903 976 Huic
919 959 994 979 mea
1006 953 1176 992 principio
1196 957 1328 987 credita
1341 962 1516 996 puerities.
1542 967 1643 1000 Quam
1654 969 1826 1000 lectionem
1839 971 1868 1000 si

77 1026 273 1078 Apuleius
304 1046 441 1073 sexum
471 1037 710 1088 femininum,
759 1046 849 1095 quia
879 1048 944 1086 de-

76 1083 204 1130 terior,
228 1088 336 1137 peior
358 1094 573 1133 masculino
598 1102 676 1145 est,
701 1100 804 1138 unde
829 1104 943 1142 etiam

75 1138 300 1181 seminarum
325 1147 498 1186 condicio
524 1153 628 1202 apud
646 1159 800 1195 veteres
819 1159 939 1198 multo

74 1195 242 1235 deterior
255 1203 295 1237 et
312 1202 496 1242 abiectior
515 1212 608 1247 erat.
655 1210 730 1249 Hic
748 1225 794 1249 eo
812 1216 938 1265 magis

73 1250 173 1290 hanc
195 1259 427 1296 sententiam
445 1262 601 1309 retinet,
628 1267 717 1315 quia
732 1266 827 1306 latro
840 1272 938 1309 satis

70 1307 255 1348 robustus
279 1316 319 1349 et
341 1313 452 1353 ferox
481 1318 546 1355 vili
571 1323 697 1359 tamen
723 1327 763 1361 et
786 1326 937 1365 abiecta

69 1361 245 1402 mullebri
268 1366 389 1407 forma
412 1384 550 1411 manus
574 1375 734 1416 militum
765 1393 811 1417 se
843 1382 935 1421 effu-

69 1419 179 1469 gisse
203 1421 295 1461 dicit
323 1429 363 1463 et
384 1424 436 1465 X.
457 1440 494 1478 p.
512 1434 602 1470 722.
623 1433 713 1482 quia
730 1438 932 1476 masculini

67 1477 223 1524 generis
253 1478 398 1519 foetum
428 1483 626 1524 meliorem
660 1488 832 1530 habebat
854 1507 932 1532 ma-

65 1531 174 1577 ritus,
198 1533 339 1575 nullius
353 1550 444 1577 vero
470 1543 582 1592 pretii
606 1543 841 1594 femininum,
865 1563 929 1588 vo-

65 1583 136 1625 luit
166 1601 252 1627 enm
283 1595 447 1648 necari]

120 1644 309 1687 incertus.
357 1650 470 1691 Hanc
501 1657 668 1696 omnium
700 1661 931 1710 optimorum

63 1699 176 1738 codd.
213 1701 418 1744 lectionem
454 1722 476 1746 e
511 1714 620 1751 textu
659 1716 818 1755 reiicere
855 1733 929 1758 non

63 1768 185 1794 ausus
231 1771 338 1807 sum,
391 1762 483 1804 licet
533 1768 700 1818 ingenue
736 1775 928 1821 confitear,

63 1812 216 1852 omnino
229 1827 316 1854 eam
330 1818 549 1870 displicere.
573 1824 675 1864 Nam
693 1832 736 1865 ut
752 1830 929 1871 incertus

61 1870 102 1905 et
134 1861 273 1920 ἄδηλος
307 1874 382 1912 dici
418 1883 536 1928 queat
570 1881 621 1926 is,
659 1885 722 1933 qui
752 1886 826 1923 visi
851 1901 926 1926 non

58 1927 208 1974 potest,
244 1928 411 1977 invisus,
448 1934 603 1984 qualem
632 1938 827 1990 Apuleius
863 1957 928 1981 no-

57 1979 195 2027 minat,
229 1987 361 2023 tamen
398 1994 634 2030 constructio
672 1996 850 2037 incertus
884 2001 926 2037 in

57 2038 282 2087 sequiorem
304 2055 444 2082 sexum
466 2046 573 2086 nulla
600 2051 747 2088 ratione
770 2052 927 2093 defendi

55 2095 207 2141 potest,
244 2109 316 2134 nec
338 2097 409 2144 ita,
445 2105 487 2138 ut
519 2115 790 2157 quamcunque
820 2109 929 2149 lubet

54 2146 225 2197 Apuleio
261 2150 455 2193 licentiam
489 2158 649 2199 tribuas.
696 2162 838 2203 Melior
861 2171 926 2205 est

55 2200 170 2242 lectio
189 2204 337 2257 aliquot
355 2210 467 2250 codd.
491 2215 674 2262 insertus,
700 2219 806 2268 quod
823 2220 921 2260 Pric.

53 2258 156 2297 bene
180 2265 364 2313 exposuit
385 2267 604 2316 insitleins,·
629 2272 678 2311 cf.
692 2274 800 2314 Suet.
816 2277 920 2328 Aug.

54 2327 89 2353 e.
113 2320 179 2356 42.
209 2323 468 2362 manumissos
496 2327 746 2381 insertosque
775 2333 920 2374 cir-ium

53 2384 229 2412 numero.
256 2374 362 2426 [Quo
387 2380 555 2426 accedit,
582 2385 687 2432 quod
712 2385 918 2428 litterarum

53 2440 76 2466 c
95 2431 137 2465 et
152 2442 171 2467 s
189 2434 488 2473 commutatione
507 2437 544 2474 in
558 2438 659 2478 Mss.
673 2441 726 2478 nil
745 2442 921 2495 frequen-

51 2483 129 2521 tius
146 2497 315 2536 unquam
327 2492 524 2540 reperitur.
548 2495 596 2533 cf.
610 2495 679 2534 Dr.
693 2497 744 2535 ad
756 2498 840 2537 Liv.
855 2500 918 2541 ΙΙΙ.

51 2542 116 2579 23.
130 2539 162 2590 §.
175 2545 213 2581 3.
238 2541 296 2581 lta
314 2546 396 2584 eibi
409 2551 448 2584 et
458 2549 546 2595 sibi,
567 2552 712 2591 cedens
730 2558 769 2592 et
780 2557 920 2597 sedens

48 2593 136 2634 Liv.
161 2595 226 2637 ΙΙΙ.
251 2602 316 2639 21.
341 2600 374 2650 §.
394 2606 432 2642 2.
457 2618 650 2647 censuras
673 2613 713 2646 et
735 2624 919 2653 sensui-ns

47 2649 98 2689 V.
113 2655 178 2692 20.
191 2653 224 2702 §.
239 2658 276 2694 6.
288 2655 395 2709 alia]
419 2659 498 2697 Vel
516 2661 615 2700 haec
635 2663 723 2715 ipsa
737 2667 914 2707 confusio

49 2709 262 2760 conspicua
286 2716 350 2751 est
371 2713 468 2753 Met.
482 2715 549 2755 IV.
564 2731 604 2768 p.
619 2723 712 2760 295.
737 2721 858 2763 rudis
877 2731 915 2764 et

47 2762 256 2805 incertis
289 2772 568 2818 mucronibus,
600 2775 664 2813 ubi
702 2778 799 2817 vide.
847 2780 912 2818 De

47 2822 240 2860 sententia
261 2823 363 2862 bene
387 2834 585 2878 comparat
606 2829 794 2872 Pricaeus
809 2835 913 2876 Gen.

47 2871 99 2910 X.
114 2877 159 2914 6.·
175 2875 226 2914 de
249 2877 426 2921 Euclide.
442 2885 597 2924 Tunica
624 2887 752 2940 (onya
776 2892 912 2931 mulie-

48 2927 113 2967 bri
134 2931 319 2981 indutus,
345 2942 384 2975 et
402 2940 538 2989 pallio
558 2944 802 2984 versicolore
819 2950 914 2987 αηιί-

48 2988 152 3031 ctus,
177 2993 217 3026 et
238 2998 367 3041 eaput
388 2999 428 3032 et
453 3010 525 3034 ora
552 2998 719 3044 velatas,
746 3015 766 3039 e
791 3003 913 3043 domo

44 3052 119 3079 sua
159 3042 345 3096 Illeyarae's
381 3051 559 3090 Athenas
602 3055 661 3092 ml
701 3057 912 3098 Socratem

46 3100 305 3139 commeabat.
363 3102 548 3146 Pluribus
584 3112 777 3163 exemplis
813 3114 912 3155 banc

46 3150 250 3196 lectionem
274 3157 450 3199 defendit
478 3163 611 3203 Rau-ib.
636 3167 737 3206 Adv.
762 3168 909 3210 XLVI.

1005 1055 1068 1093 16.
1086 1068 1125 1105 p.
1141 1058 1281 1103 2161.,
1305 1059 1370 1097 ubi
1394 1074 1466 1100 non
1491 1063 1619 1104 solum
1644 1080 1756 1106 suam
1780 1083 1867 1107 con-

1000 1108 1182 1148 iecturam
1207 1115 1336 1153 teett‘li
1359 1130 1430 1154 non
1456 1122 1614 1170 repetit,
1651 1124 1725 1162 sed
1750 1125 1867 1164 etiam

998 1164 1222 1215 simpliciter
1245 1170 1347 1208 abiit
1368 1171 1503 1220 habet,
1527 1178 1630 1215 unde
1654 1181 1819 1233 nescio]

1053 1224 1283 1262 transabiei.
1334 1226 1511 1278 [Legitur
1536 1231 1610 1271 hoc
1632 1236 1865 1275 vocabulum

995 1273 1102 1326 Virg.
1128 1278 1229 1316 Aen.
1255 1279 1323 1318 IX.
1349 1287 1443 1324 432.
1481 1286 1581 1327 Stat.
1608 1288 1730 1329 Theb.
1756 1291 1799 1330 ll.
1827 1297 1862 1334 9.

993 1329 1059 1368 VI.
1086 1337 1178 1372 507.
1204 1334 1273 1373 ΙΧ.
1302 1341 1393 1378 126.
1418 1341 1506 1380 val.
1535 1343 1746 1386 Placc.1V.
1767 1352 1861 1389 510.

994 1386 1062 1424 Sil.
1090 1387 1176 1428 XII.
1200 1395 1293 1431 264.
1320 1394 1437 1445 Apul.
1463 1396 1676 1439 Met.vlll.
1701 1415 1741 1452 p.
1767 1407 1861 1446 516.

993 1443 1155 1483 calcata
1170 1448 1316 1486 retiola
1332 1455 1498 1491 transt(
1509 1454 1606 1493 biit.
1622 1456 1711 1495 ibid.
1725 1463 1860 1509 p.550.

991 1498 1262 1551 difficultates
1285 1505 1381 1544 illas
1405 1512 1421 1545 t
1434 1522 1454 1545 r
1467 1523 1491 1547 α
1505 1523 1598 1550 nsa
1615 1512 1696 1550 bc‘r
1709 1527 1778 1553 em
1793 1531 1818 1555 u
1831 1531 1859 1555 s.

988 1552 1119 1594 Burni.
1143 1557 1193 1595 ad
1218 1557 1357 1599 Boeth.
1374 1561 1436 1601 III.
1464 1563 1579 1604 Cons.
1594 1566 1807 1610 Phil.Met.
1823 1576 1859 1611 8.

989 1611 1231 1663 stelliferum
1271 1620 1539 1660 transabiit
1575 1624 1731 1674 polum.
1796 1627 1860 1666 De

989 1665 1113 1706 forma
1138 1672 1358 1710 transabivz·
1382 1688 1417 1714 v.
1436 1677 1487 1714 ad
1510 1691 1547 1728 p.
1575 1680 1687 1733 458]

1046 1724 1188 1764 abitus.
1228 1726 1410 1778 [Scriver.
1434 1734 1616 1783 praetulit
1634 1736 1856 1788 explicatio-

987 1791 1074 1816 nem
1100 1782 1237 1821 aditus
1265 1797 1334 1834 pro
1370 1801 1532 1828 accessu
1567 1792 1626 1830 ad
1660 1807 1715 1837 se,
1752 1796 1856 1845 quod

985 1838 1115 1873 tamen
1153 1850 1203 1875 ne
1238 1841 1440 1889 probetur,
1483 1846 1602 1884 verba
1643 1848 1856 1900 impediunt

987 1892 1128 1930 mediis
1153 1893 1256 1933 Orci
1276 1899 1474 1947 faucibus
1497 1901 1556 1939 nd
1584 1902 1692 1943 bunc
1724 1909 1855 1946 evasi

985 1948 1159 1986 modum.
1184 1948 1304 1988 Latro
1329 1954 1429 1991 enim
1449 1968 1564 2005 quum
1578 1960 1854 2014 semitrepidus

984 2001 1092 2041 iuxta
1112 2016 1317 2045 mucrones
1342 2008 1507 2049 Martios
1532 2016 1763 2055 constitutus
1786 2033 1852 2056 un-

985 2057 1103 2107 dique
1128 2074 1151 2098 a
1174 2061 1359 2102 militibus
1385 2066 1533 2106 cinctus
1559 2075 1679 2116 esset,
1704 2073 1752 2111 iis
1777 2088 1851 2113 non

985 2113 1309 2167 adpropinquavit
1326 2134 1399 2159 nec
1417 2135 1511 2161 sese
1536 2126 1752 2176 immiscuit,
1778 2132 1849 2169 sed

983 2169 1104 2207 libere
1129 2176 1169 2209 et
1198 2173 1414 2215 inoffensus
1445 2181 1552 2218 acies
1577 2195 1708 2221 eorum
1733 2198 1849 2236 pene-

979 2226 1110 2271 travit,
1141 2230 1287 2280 quippe
1317 2245 1434 2283 quem
1461 2237 1663 2276 mulierem
1695 2241 1756 2279 isti
1781 2257 1848 2294 pu-

978 2283 1137 2334 tarent]

1036 2340 1192 2390 quippe
1216 2356 1305 2382 cum
1329 2346 1437 2384 mihi.
1481 2349 1650 2401 Quippe
1673 2355 1776 2392 enim
1799 2368 1847 2393 ex

977 2393 1061 2432 cod.
1088 2395 1262 2437 d'Orvill.
1275 2412 1479 2453 perperam
1493 2407 1645 2444 omnino
1660 2407 1847 2449 Pricaeus

977 2450 1172 2500 probavit,
1208 2467 1284 2493 non
1309 2457 1545 2507 adtendens,
1581 2466 1671 2502 tunc
1701 2464 1846 2504 debere

977 2506 1090 2556 sequi
1119 2508 1383 2560 indicativum,
1422 2528 1538 2565 quem
1568 2519 1699 2557 solent
1729 2523 1844 2559 etiam

978 2563 1135 2613 quippe
1159 2567 1229 2617 qui
1253 2567 1418 2607 Romani
1444 2572 1612 2623 iungere.
1655 2575 1728 2614 Hic
1752 2591 1843 2616 vero

974 2617 1150 2657 subditur
1189 2622 1511 2673 splendicarent.
1559 2631 1662 2668 unde
1709 2639 1845 2683 aperte

972 2674 1155 2713 evincitur
1181 2679 1337 2730 quippe
1361 2696 1450 2721 cnm
1474 2697 1523 2721 ex
1549 2688 1702 2737 optimis
1728 2690 1839 2728 codd.

972 2741 1066 2766 esse
1095 2732 1350 2775 retinendum.
1400 2738 1568 2790 Quippe
1593 2744 1664 2793 qui
1692 2748 1732 2781 et
1755 2758 1840 2782 cum

972 2785 1213 2826 subiunctivo
1239 2794 1279 2828 et
1308 2804 1393 2829 cuin
1425 2795 1629 2835 indicativo
1649 2799 1751 2849 iungi
1776 2801 1840 2838 de-

970 2846 1161 2881 monstrat
1184 2844 1286 2884 Oud.
1312 2860 1363 2885 ex
1393 2849 1480 2887 dict.
1512 2850 1580 2890 Dr.
1607 2853 1656 2891 ad
1681 2854 1767 2893 Liv.
1794 2856 1838 2894 Π.

972 2899 1036 2935 37.
1061 2897 1092 2945 ᾧ.
1107 2902 1143 2938 5.
1167 2899 1376 2941 XXXVII.
1393 2908 1428 2943 7.
1455 2905 1486 2953 ξ.
1503 2910 1537 2945 5.
1565 2910 1723 2958 (quibus
1736 2912 1839 2950 adde

971 2951 1021 2988 ad
1046 2951 1197 2994 XXVI.
1224 2961 1291 2996 41.
1317 2957 1347 3006 §.
1373 2963 1409 2998 8.
1435 2960 1626 3001 XXXIX.
1655 2969 1716 3006 12.
1743 2967 1774 3017 §.
1801 2973 1837 3008 7.

971 3006 1142 3049 Ellendt.
1166 3012 1217 3049 ad
1242 3011 1318 3051 Cic.
1342 3013 1533 3057 Brut.36.
1549 3019 1579 3069 §.
1599 3024 1687 3061 138.
1713 3022 1834 3062 Kritz.

970 3063 1019 3100 ad
1046 3066 1142 3103 Sall.
1170 3066 1253 3106 (s'at.
1278 3068 1459 3109 XLVIII.
1484 3073 1514 3123 ᾧ.
1543 3075 1598 3127 2.]

1027 3119 1141 3159 laevi.
1191 3122 1360 3173 [Laeros
1384 3127 1545 3168 iuvenes
1576 3131 1751 3173 dicuntur
1773 3138 1833 3175 vel

969 3173 1122 3214 omnino
1159 3178 1371 3227 imberbes,
1414 3184 1475 3221 vel
1511 3199 1672 3236 quorum
1709 3205 1834 3242 genae

1540 3253 1593 3294 35

1101 379 1186 434 ippe
1223 397 1310 423 cum
1339 386 1433 425 mihi
1466 389 1581 430 etiam
1614 399 1706 434 tunc
1731 397 1877 450 depiles
1901 407 1961 439 461
