2155 3590
664 177 846 217 LIBER
868 177 918 216 X.
979 173 1106 215 cAP.
1137 173 1280 214 XXII.
1784 166 1866 211 939

87 292 169 333 illa.
230 289 284 331 Et
306 290 347 330 in
371 303 542 331 summat
569 289 706 330 Teneo
730 296 790 340 te,
817 287 964 341 inquit,
991 294 1129 336 teneo,
1156 298 1282 325 meum
1308 282 1590 338 palumbulum‚
1623 293 1751 321 meum
1780 292 1868 333 pas-

88 362 231 393 serem.
295 345 347 386 Et
380 360 466 386 cum
503 346 605 386 dicto
642 358 787 386 vacuas
823 344 945 384 fuisse
976 341 1234 396 cogitationes
1264 353 1371 380 meas
1399 339 1648 392 ineptumque
1677 341 1871 376 monstrat

87 411 244 444 metum.
302 402 516 443 Artissime
552 415 718 454 namque
753 400 959 454 complexa
994 405 1119 438 totum
1149 411 1210 437 me
1241 409 1424 450 prorsus,
1462 395 1530 434 sed
1561 399 1683 433 totum
1709 391 1869 445 recepit.

88 458 162 500 Illa
184 472 302 509 vero,
335 458 515 511 quotiens
541 458 577 497 ei
607 471 772 511 parcens
797 463 908 496 nates
933 454 1187 503 recellebam‚
1220 451 1409 491 accedens
1433 450 1578 490 totiens
1603 448 1691 489 nisu
1716 447 1869 499 rabido,

89 522 131 556 et
154 515 301 569 spinam
328 514 571 568 prehendens
596 527 721 554 meam
746 512 956 567 appliciore
979 524 1087 551 nexu
1111 507 1358 557 inhaerebat,
1386 513 1428 546 ut
1452 506 1629 546 hercules
1660 504 1775 545 etiam
1807 504 1872 543 de·
1895 505 1958 540 721

91 631 193 659 etiam
208 638 253 665 p..
274 630 359 658 unde
372 630 450 658 Oud.
465 630 611 658 emendat
625 631 661 656 et
672 628 751 657 iam.
784 625 943 664 pabulam
958 626 979 656 f.
1010 632 1189 662 passorem
1198 622 1234 653 F.
1249 624 1280 652 3.
1315 617 1875 650 vacuasF.1.3.c5.Elm.Florid.1n

91 680 164 705 cett.
178 682 286 703 vanas
300 674 342 703 cf.
352 676 392 703 ad
400 675 536 703 MetJX.
546 676 658 709 p.621.
695 680 758 710 que
770 676 840 708 post
854 673 999 708 ineptum
1014 667 1138 699 deestd.
1175 667 1386 704 complex-alo
1402 669 1469 693 enm
1482 673 1533 692 me
1541 672 1685 701 prorsus
1699 662 1757 692 sed
1770 667 1876 691 totum

90 721 128 749 F.
137 723 167 749 3.
182 718 358 755 complexa
372 722 477 746 totam
491 726 541 746 me
550 725 693 755 prorsas
706 716 765 746 sed
778 720 882 746 totum
889 718 925 746 F.
934 718 948 745 1
957 739 964 745 .
1000 713 1176 751 complent
1191 716 1296 741 totum
1309 719 1358 739 me
1365 717 1510 748 prorsus
1523 717 1557 737 se
1571 712 1676 737 totum
1686 711 1721 738 G.
1732 711 1760 738 1.
1785 716 1876 736 com-

88 763 234 802 plez-ato
257 764 295 792 ἰᾶ
311 771 361 791 me
369 770 513 800 prorsus
527 762 586 791 sed
598 766 702 791 tolum
717 765 753 791 G.
766 764 797 792 2.
811 763 850 791 D.
876 759 1088 798 complexata
1102 767 1152 786 me
1163 760 1258 787 habet
1272 758 1368 786 etiam
1382 757 1417 784 P.
1432 756 1465 784 in
1479 755 1640 789 excerptis
1659 755 1699 783 ad
1712 761 1811 789 marg.
1827 754 1877 782 ed.

93 810 184 839 Colv.
199 808 411 846 complexata
427 811 495 836 tum
509 815 710 845 meprorsns
722 810 754 835 et
770 810 874 835 totum
882 808 918 836 L.
932 803 1108 841 complexa
1123 806 1190 831 tum
1204 810 1254 829 me
1264 807 1406 839 prorsus
1419 799 1479 828 sed
1491 802 1595 827 lotum
1605 800 1759 827 eddxett.
1774 806 1877 832 usque

93 856 136 883 ad
149 856 312 890 w'ower„
337 854 392 888 qui
414 854 537 888 primus
558 854 655 882 tacite
675 856 742 881 tum
761 852 856 881 eiecit
875 856 903 880 et
917 851 1003 879 Prie.
1021 849 1131 878 edidit.
1155 850 1238 877 Elm.
1252 848 1335 876 1101111
1351 847 1383 875 111
1397 849 1549 874 contextu
1568 842 1815 880 complex-atum
1829 850 1879 869 me

95 901 203 926 totum
217 905 363 935 prorsus
381 897 440 926 sed
459 901 574 928 totum.
598 898 738 927 Scriver.
756 905 832 926 vero
851 900 881 925 et
898 896 1019 925 Floria.
1043 892 1292 930 complexatum
1315 899 1366 918 me
1385 893 1492 918 tutum
1515 888 1574 917 sed
1591 895 1735 926 prorsus
1762 890 1879 916 totum.

93 945 282 973 Debuerant
299 946 417 972 saltem
435 943 485 972 1111
503 946 584 972 Mss.
604 944 735 971 ductum
756 945 928 976 sequentes
945 948 1017 968 011111
1030 939 1229 968 Senikerado
1243 937 1380 972 legisse:
1406 933 1654 972 complex-atum
1667 940 1717 960 me
1725 938 1880 969 prorsus.

95 997 147 1016 me
162 991 267 1016 totum
282 987 491 1024 sedprorsns
506 990 610 1016 totum
625 988 720 1016 etiam
733 988 769 1015 B.
784 989 877 1015 habet
892 986 924 1014 111
938 986 1021 1013 Mod.
1035 986 1143 1012 collat.
1178 981 1306 1018 recepit
1316 983 1352 1010 F.
1369 983 1397 1010 1.
1411 982 1441 1009 3.
1456 982 1492 1009 G.
1511 981 1537 1008 1.
1552 982 1582 1008 2.
1596 980 1632 1008 P.
1652 977 1705 1013 (in
1719 977 1880 1012 excerptis

96 1035 137 1063 ad
151 1041 252 1069 marg.
265 1035 314 1062 ed.
328 1032 438 1068 Colv.)
452 1034 489 1061 D.
514 1034 587 1061 Urs.
602 1033 670 1061 cod.
682 1034 766 1061 Iunt.
781 1033 863 1060 Elm.
878 1030 1016 1058 seris-er.
1029 1029 1168 1063 Floria..
1193 1029 1276 1062 quod
1296 1026 1458 1061 praesenti
1475 1028 1617 1059 tempore
1629 1024 1681 1052 1110
1694 1026 1741 1051 est
1756 1022 1882 1058 signifi-

96 1079 238 1107 cantius.
262 1080 299 1107 In
313 1082 385 1107 0011.
400 1076 531 1113 recipit.
564 1076 644 1104 illas
658 1086 688 1112 p.
731 1084 760 1117 J]
774 1078 863 1103 ornes
879 1083 932 1110 pro
946 1075 1131 1110 eiparcens
1139 1075 1176 1101 Ι..
1212 1075 1324 1100 nalem
1333 1068 1362 1100 ὃ.
1398 1069 1583 1098 recolebam
1597 1069 1619 1097 f.
1644 1066 1837 1096 retollebam
1852 1063 1882 1095 ὃ.

97 1125 242 1158 eglossa
265 1123 308 1151 cf.
321 1124 363 1151 ad
375 1124 533 1152 Met-VII.
551 1130 581 1157 p.
595 1123 670 1150 493.
707 1124 813 1149 totum
833 1120 984 1156 corporis
1002 1117 1130 1155 pondus
1148 1117 1182 1145 in
1198 1120 1386 1154 postremos
1400 1114 1546 1152 poplites
1570 1112 1734 1142 recello.
1784 1111 1884 1139 toties

96 1176 163 1197 non
176 1172 337 1202 comparet
351 1168 384 1195 in
399 1169 434 1196 G.
452 1168 480 1196 1.
493 1168 523 1195 2.
539 1169 573 1196 Ο.
587 1168 623 1195 Ρ.
643 1162 758 1204 (etiam
771 1167 804 1195 in
818 1165 979 1199 excerptis
994 1165 1034 1192 ad
1047 1170 1148 1198 marg.
1163 1163 1211 1191 ed.
1227 1162 1335 1197 Colv.)
1354 1161 1376 1190 f.
1391 1162 1471 1190 Coll.
1485 1161 1581 1189 voss.
1628 1158 1713 1186 nisu
1726 1158 1839 1186 venet.
1853 1157 1884 1185 4.

97 1215 182 1242 lunt.
194 1214 221 1242 1.
231 1214 260 1242 2.
274 1213 349 1241 Am.
363 1212 466 1240 Colin.
506 1210 625 1248 rapido
640 1213 676 1240 G.
686 1213 752 1240 1.2.
765 1212 799 1240 Ο.
813 1212 850 1240 D.
866 1212 902 1240 P.
916 1210 951 1239 Β.
966 1209 989 1237 f.
1003 1210 1039 1238 L.

98 1256 260 1285 inherbat
281 1254 311 1286 δ.
348 1252 422 1296 (pro
444 1252 621 1292 suffibat.)

157 1359 272 1393 teneo
296 1359 345 1393 te.
383 1353 556 1406 [Tenere
579 1353 630 1392 de
650 1353 881 1398 amantibus,
903 1352 968 1404 qui

99 1411 241 1448 mutuis
272 1410 518 1461 amplexibus
550 1409 740 1456 fruuntur,
776 1422 899 1460 saepe
930 1409 966 1446 in

101 1480 176 1505 usu
205 1470 268 1504 est
302 1465 349 1504 cf.
372 1466 468 1504 Met.
492 1465 541 1503 V.
566 1479 602 1517 p.
629 1469 723 1506 346.
761 1469 901 1503 teneo
931 1469 969 1502 te

102 1536 227 1562 meum
242 1522 383 1568 lamen,
393 1522 456 1560 ubi
472 1521 662 1571 quaedam
675 1520 827 1572 protuli.
852 1520 970 1558 Adde

105 1591 156 1616 ex
171 1577 268 1617 Prie.
284 1577 431 1616 adnot:
456 1577 569 1616 ovid.
584 1577 741 1615 Heroid.
755 1576 863 1614 XVI.
874 1581 969 1616 225.

105 1638 145 1672 et
168 1634 256 1672 ibid.
283 1637 377 1674 214.
402 1632 618 1673 cf.Ruhnk.
644 1633 693 1671 ad
716 1631 859 1670 XVIII.
878 1636 967 1673 183.

105 1689 163 1728 lta
183 1690 330 1729 habere
343 1689 389 1727 cf.
404 1689 587 1727 Wernsd.
601 1689 650 1727 ad
666 1689 839 1737 Sergian.
855 1688 968 1738 Eleg.

106 1746 157 1784 de
180 1744 303 1784 Punc.
318 1749 384 1787 37.
407 1746 443 1783 in
467 1743 578 1783 Poet.
599 1744 692 1783 Min.
720 1744 765 1784 T.
781 1744 844 1782 Vl.
870 1743 917 1784 P.
935 1749 968 1783 1.

106 1815 144 1854 p.
160 1805 253 1842 387.
277 1801 420 1840 D'Orv.
435 1801 485 1840 ad
499 1800 640 1840 Charit.
653 1799 755 1839 UH.
774 1804 806 1840 1.
823 1814 858 1850 p.
875 1804 967 1842 600.

108 1857 171 1897 ed.
185 1857 312 1909 Lips.]

166 1914 400 1965 complexa,
441 1917 568 1953 totam
604 1925 666 1951 me
696 1925 868 1965 prorsas
902 1913 973 1951 sed

110 1975 236 2009 totam
259 1971 427 2021 recepit.
464 1968 511 2007 cf.
537 1969 589 2007 ad
612 1968 710 2007 Met.
723 1967 808 2007 Vll.
826 1981 863 2019 p.
879 1971 971 2009 469.

110 2027 250 2066 cuncti
265 2026 440 2077 denique
451 2026 521 2064 sed
529 2038 701 2076 prorsas
715 2038 857 2070 omnes.
871 2024 973 2062 unde

110 2081 216 2120 Oud.
239 2080 443 2132 proclivior
468 2084 530 2118 est
547 2081 597 2119 ad
617 2080 822 2118 lectionem
847 2085 974 2120 totum

111 2150 173 2177 me
184 2137 256 2176 sed
265 2150 436 2189 prorsas
449 2141 584 2176 totam.
601 2138 653 2174 At
663 2135 761 2174 Met.
770 2135 820 2174 X.
833 2149 870 2187 p.
881 2140 972 2176 7311.

114 2194 243 2231 iuncta
278 2192 454 2243 leguntur
489 2197 637 2232 totam
672 2205 882 2244 prorsus
915 2205 974 2230 ve-

112 2250 208 2288 neni
229 2249 437 2302 pyxidem,
463 2261 577 2300 quem
602 2248 728 2286 locum
753 2247 854 2286 Oud.
870 2248 973 2293 citat,

113 2305 151 2343 in
178 2318 225 2343 eo
249 2309 378 2343 tamen
403 2318 549 2351 errans,
574 2304 677 2356 quod
701 2304 974 2356 interpungen-

112 2361 203 2400 dum
229 2373 322 2398 esse
345 2365 438 2412 post
462 2365 587 2400 totum
609 2362 839 2412 pronuntiat.
887 2359 973 2411 Ego

108 2430 285 2469 prorsus
307 2417 357 2455 ad
380 2429 653 2467 praegressum
684 2421 809 2456 totum
838 2416 976 2454 refero.

112 2473 268 2512 Deinde
296 2473 367 2512 secl
395 2473 656 2524 postpositum
685 2472 749 2510 hic
784 2472 977 2524 displicet.

114 2529 180 2568 De
192 2533 299 2569 totas
312 2542 493 2581 compara
506 2528 589 2567 Intt.
603 2528 653 2566 ad
671 2527 827 2566 Petron.
842 2542 873 2566 0.
887 2532 976 2569 131.

114 2599 153 2636 p.
179 2589 274 2625 810.
297 2584 428 2624 Burm.
481 2584 543 2623 De
567 2585 759 2623 sententia
782 2589 980 2635 comparat

114 2640 215 2679 Prie.
231 2640 369 2679 catull.
388 2639 538 2679 XXIX.
556 2645 617 2681 10.
645 2640 682 2679 O
701 2640 863 2679 Memmi
882 2641 978 2679 bene

116 2711 176 2736 me
199 2710 250 2736 ac
274 2698 348 2737 clia
370 2698 600 2748 supinatum
625 2698 729 2737 Tota
758 2697 835 2735 ista
865 2697 980 2735 trabe

117 2753 246 2793 lentas
275 2754 493 2793 irramasti.
539 2752 668 2803 Priap.
698 2752 747 2790 V.
774 2756 811 2792 5.
841 2756 980 2791 totam-

118 2822 197 2861 que
219 2809 327 2850 lmnc
345 2811 429 2848 sine
445 2809 600 2859 fraude
620 2808 981 2861 quantulacunque

116 2869 192 2910 est,
228 2866 444 2904 Tormenta
475 2865 636 2905 cithara
671 2865 882 2903 tensior-em
912 2863 982 2904 Ad

117 2925 269 2959 costam
292 2921 366 2959 tibi
389 2923 594 2972 septimam
618 2919 868 2971 recondam]

174 2976 338 3015 rabido.
403 2978 565 3029 Aliquot
600 2976 711 3015 codd.
742 2975 888 3014 habent
914 2988 980 3014 ra·

112 3032 234 3084 pido.
271 3032 353 3070 Sed
377 3033 494 3072 male.
531 3033 684 3073 Rabies
707 3031 908 3083 eleganter
932 3031 982 3069 de

119 3087 235 3126 nimio
259 3101 428 3127 venereo
453 3090 628 3141 appetitu
652 3088 825 3133 sumitur,
849 3086 981 3126 111Ηο-

135 3147 186 3184 at.
212 3143 337 3196 Epod.
363 3149 429 3186 12.
452 3149 489 3187 9.
520 3145 759 3185 indomitam
777 3147 984 3197 properat

1086 1206 1282 1245 amplice'ore
1296 1208 1331 1236 G.
1348 1208 1377 1236 1.
1390 1207 1425 1235 Ο.
1451 1204 1603 1243 appliore
1615 1201 1645 1233 δ.
1671 1201 1833 1240 ampliore
1845 1202 1885 1230 D.

1024 1351 1207 1390 rabiem
1230 1351 1384 1390 sedare.
1435 1347 1591 1387 Terent.
1617 1346 1713 1386 Eun.
1738 1344 1783 1384 II.
1799 1349 1835 1386 3.
1850 1348 1888 1385 9.

1020 1412 1174 1459 praeut
1198 1406 1314 1445 leuius
1337 1405 1498 1444 rabies
1523 1417 1628 1457 qaae
1652 1402 1785 1447 (labit,
1824 1400 1888 1438 ubi

1027 1463 1115 1500 vide
1143 1466 1297 1513 praeter
1332 1461 1431 1499 alios
1462 1460 1624 1504 Donat.,
1661 1460 1753 1496 item
1789 1456 1892 1496 Plin.

1028 1517 1129 1556 VIII.
1156 1522 1220 1558 32.
1252 1516 1302 1555 X.
1330 1521 1394 1557 63.
1432 1515 1552 1554 Solin.
1585 1529 1618 1554 0.
1653 1517 1714 1554 19.
1752 1513 1892 1552 rabie

1028 1574 1213 1614 libidinis
1226 1574 1400 1626 efferatig
1428 1571 1527 1610 Plin.
1544 1570 1646 1609 VIII.
1664 1574 1726 1610 18.
1740 1569 1894 1608 rabiem

1030 1634 1104 1675 (se.
1123 1630 1304 1677 coeundi)
1331 1634 1371 1668 et
1392 1630 1505 1681 ipsae
1529 1628 1724 1669 sentiant,-
1747 1626 1893 1663 Arnob.

1027 1686 1090 1725 111.
1120 1691 1182 1727 10.
1213 1685 1516 1737 Cupiditatibas
1538 1683 1731 1722 rabidis
1760 1682 1821 1720 ire
1851 1682 1895 1719 in

1027 1747 1184 1782 mutuas
1209 1742 1534 1794 complexiones3
1558 1738 1721 1779 Nemes.
1746 1736 1829 1776 Ecl.
1849 1735 1894 1774 ll.

1029 1802 1093 1839 28.
1130 1799 1284 1837 z‘nterea
1320 1802 1524 1849 tamquam
1558 1796 1689 1834 nostri
1718 1794 1895 1833 solamen

1031 1856 1198 1900 amoris,
1237 1855 1334 1893 Hoc
1361 1853 1477 1902 foret
1504 1856 1576 1891 aut
1600 1855 1739 1903 posset
1766 1849 1896 1888 rabi-

1032 1910 1120 1949 dos
1143 1910 1346 1949 medicare
1366 1911 1551 1960 furores,
1577 1906 1624 1946 cf.
1649 1905 1819 1945 Broukh.
1846 1904 1898 1942 ad

1030 1964 1207 2017 Propert.
1223 1965 1284 2004 III.
1298 1968 1435 2005 17.10.
1461 1963 1609 2002 Eodem
1623 1976 1745 2001 sensu
1757 1974 1899 2013 graece

1031 2020 1156 2061 λύσσα
1175 2021 1221 2060 cf.
1238 2019 1558 2071 Τ11000111.Ι11)ἸΙ.
1575 2019 1639 2059 III.
1653 2024 1718 2060 47.
1743 2018 1897 2057 Aelian.

1030 2078 1161 2117 Anim.
1186 2077 1212 2116 I.
1242 2082 1303 2118 12.
1342 2076 1400 2116 Cf.
1425 2076 1475 2114 de
1501 2076 1727 2114 confusione
1750 2073 1898 2119 verbb..

1034 2147 1135 2184 quae
1160 2134 1238 2172 dixi
1264 2133 1314 2171 ad
1337 2132 1434 2172 Met.
1460 2132 1563 2170 VIII.
1590 2145 1626 2183 p.
1653 2135 1746 2172 553.

1089 2191 1324 2242 appliciore
1353 2203 1473 2229 nexa.
1535 2187 1651 2228 Putat
1680 2185 1901 2226 Beroaldus

1032 2250 1075 2284 ut
1110 2247 1164 2285 ait
1195 2245 1304 2285 Colv.
1334 2244 1581 2283 scribendum
1611 2244 1900 2297 applicatwre.

1033 2302 1120 2341 Hoc
1143 2303 1283 2353 probat
1305 2303 1419 2340 etiam
1433 2300 1532 2340 Prie.
1555 2305 1595 2339 et
1617 2305 1812 2352 tamquam
1825 2298 1903 2336 Be·

1033 2358 1157 2396 roaldi
1182 2359 1437 2397 coniecturam
1458 2357 1711 2408 amplectitur.
1753 2355 1901 2392 Verum

1035 2429 1111 2453 non
1126 2413 1389 2460 estBeroald.‚
1403 2413 1476 2451 sed
1491 2414 1548 2452 ed.
1559 2413 1651 2452 Bas.
1664 2418 1696 2453 1.
1717 2409 1900 2451 Beroald.

1036 2470 1262 2522 simpliciter
1280 2470 1481 2521 explicuit:
1512 2471 1644 2523 mayis
1669 2469 1727 2507 ad
1752 2478 1902 2518 corpus

1036 2527 1244 2578 adplicito
1253 2526 1578 2578 etaclylutz'nato.
1592 2525 1810 2563 Nectamen
1820 2522 1902 2572 pla·

1037 2587 1100 2622 cet
1112 2582 1213 2622 Oud.
1229 2582 1331 2621 istud
1344 2582 1471 2620 fictum
1485 2582 1715 2620 adiectivum
1730 2578 1899 2630 adplex,

1036 2638 1128 2678 licet
1157 2639 1331 2677 eiusdem
1363 2638 1509 2676 formae
1543 2637 1672 2689 possit
1706 2648 1818 2680 esse,
1855 2646 1901 2671 ae

1036 2695 1221 2747 simplex,
1234 2694 1424 2747 supplex.
1461 2692 1575 2740 Quod
1601 2706 1693 2731 vero
1718 2693 1752 2730 in
1772 2690 1899 2728 Oxon.

1038 2750 1188 2801 legatur
1211 2750 1453 2802 amplia-iore
1476 2750 1512 2788 in
1538 2748 1670 2787 d'Orv.
1695 2747 1900 2800 appllere,

1038 2810 1227 2852 autumat,
1252 2807 1350 2844 duas
1375 2805 1567 2845 librarium
1592 2804 1693 2843 hunc
1718 2802 1904 2840 omisisse

1037 2862 1232 2914 syllabaS,
1252 2875 1338 2900 cum
1357 2860 1420 2899 alii
1445 2874 1559 2900 unam
1578 2865 1724 2899 tantum
1745 2859 1794 2896 ob
1814 2857 1902 2895 soni

1039 2916 1274 2956 vicinitatem
1298 2918 1550 2968 neglexerint.
1599 2916 1774 2955 Dedisse
1799 2914 1902 2951 enim

1039 2978 1236 3014 auctorem
1270 2974 1547 3025 applicitiore.
1609 2971 1731 3010 Simili
1773 2981 1903 3008 errore

1038 3030 1201 3081 saepius
1226 3030 1381 3068 inveniri
1406 3030 1568 3068 caercio
1597 3041 1666 3079 pro
1693 3026 1901 3071 coercitio,

1039 3086 1172 3125 tristia
1201 3099 1270 3136 pro
1300 3086 1487 3131 tristitia3
1523 3084 1610 3122 coll.
1642 3083 1709 3121 Dr.
1741 3082 1791 3120 ad
1814 3081 1900 3121 Liv.

1038 3141 1189 3182 XXVI.
1225 3145 1289 3183 36.
1328 3142 1362 3189 ᾗ.
1397 3145 1460 3182 12.
1508 3139 1646 3192 [Haec
1681 3137 1900 3178 emendatio
