<?xml version="1.0" encoding="UTF-8"?>
<!DOCTYPE html PUBLIC "-//W3C//DTD XHTML 1.0 Transitional//EN"
    "http://www.w3.org/TR/xhtml1/DTD/xhtml1-transitional.dtd">
<html xmlns="http://www.w3.org/1999/xhtml" xml:lang="en" lang="en">
 <head>
  <title>
</title>
<meta http-equiv="Content-Type" content="text/html;charset=utf-8" />
  <meta name='ocr-system' content='tesseract 3.04.00' />
  <meta name='ocr-capabilities' content='ocr_page ocr_carea ocr_par ocr_line ocrx_word'/>
</head>
<body>
  <div class='ocr_page' id='page_1' title='image "./operaomnia01apuluoft/operaomnia01apuluoft_1051.png"; bbox 0 0 2155 3590; ppageno 0'>
   <div class='ocr_carea' id='block_1_1' title="bbox 642 129 926 171">
    <p class='ocr_par' dir='ltr' id='par_1_1' title="bbox 642 129 926 171">
     <span class='ocr_line' id='line_1_1' title="bbox 642 129 926 171; baseline 0 -1"><span class='ocrx_word' id='word_1_1' title='bbox 642 129 827 170; x_wconf 88' lang='lat' dir='ltr'>LIBER</span> <span class='ocrx_word' id='word_1_2' title='bbox 851 129 926 171; x_wconf 78' lang='lat' dir='ltr'>lx,</span> 
     </span>
    </p>
   </div>
   <div class='ocr_carea' id='block_1_2' title="bbox 80 240 1071 296">
    <p class='ocr_par' dir='ltr' id='par_1_2' title="bbox 80 240 1071 296">
     <span class='ocr_line' id='line_1_2' title="bbox 80 240 1071 296; baseline -0.002 -13"><span class='ocrx_word' id='word_1_3' title='bbox 80 241 167 283; x_wconf 76' lang='lat' dir='ltr'>cavi</span> <span class='ocrx_word' id='word_1_4' title='bbox 199 241 380 295; x_wconf 84' lang='lat' dir='ltr'>tegminis</span> <span class='ocrx_word' id='word_1_5' title='bbox 419 240 711 294; x_wconf 80' lang='lat' dir='ltr'><strong>prominebant,</strong></span> <span class='ocrx_word' id='word_1_6' title='bbox 752 242 949 296; x_wconf 85' lang='lat' dir='ltr'>obliquata</span> <span class='ocrx_word' id='word_1_7' title='bbox 978 249 1071 295; x_wconf 82' lang='lat' dir='ltr'>atqu</span> 
     </span>
    </p>
   </div>
   <div class='ocr_carea' id='block_1_3' title="bbox 975 128 1322 171">
    <p class='ocr_par' dir='ltr' id='par_1_3' title="bbox 975 128 1322 171">
     <span class='ocr_line' id='line_1_3' title="bbox 975 128 1322 171; baseline -0.009 0"><span class='ocrx_word' id='word_1_8' title='bbox 975 128 1102 171; x_wconf 70' lang='lat' dir='ltr'>CAP.</span> <span class='ocrx_word' id='word_1_9' title='bbox 1134 130 1322 169; x_wconf 71' lang='lat' dir='ltr'>XXVII.</span> 
     </span>
    </p>
   </div>
   <div class='ocr_carea' id='block_1_4' title="bbox 1777 125 1859 170">
    <p class='ocr_par' dir='ltr' id='par_1_4' title="bbox 1777 125 1859 170">
     <span class='ocr_line' id='line_1_4' title="bbox 1777 125 1859 170; baseline -0.024 0"><span class='ocrx_word' id='word_1_10' title='bbox 1777 125 1859 170; x_wconf 79' lang='lat'>823</span> 
     </span>
    </p>
   </div>
   <div class='ocr_carea' id='block_1_5' title="bbox 1073 239 1858 293">
    <p class='ocr_par' dir='ltr' id='par_1_5' title="bbox 1073 239 1858 293">
     <span class='ocr_line' id='line_1_5' title="bbox 1073 239 1858 293; baseline -0.005 -12"><span class='ocrx_word' id='word_1_11' title='bbox 1073 256 1095 282; x_wconf 85' lang='lat' dir='ltr'>e</span> <span class='ocrx_word' id='word_1_12' title='bbox 1122 241 1266 282; x_wconf 85' lang='lat' dir='ltr'>infesta</span> <span class='ocrx_word' id='word_1_13' title='bbox 1296 239 1442 292; x_wconf 82' lang='lat' dir='ltr'>ungula</span> <span class='ocrx_word' id='word_1_14' title='bbox 1466 252 1710 293; x_wconf 85' lang='lat' dir='ltr'>compressos</span> <span class='ocrx_word' id='word_1_15' title='bbox 1737 252 1858 291; x_wconf 85' lang='lat' dir='ltr'>usque</span> 
     </span>
    </p>
   </div>
   <div class='ocr_carea' id='block_1_6' title="bbox 80 294 1859 464">
    <p class='ocr_par' dir='ltr' id='par_1_6' title="bbox 80 294 1859 464">
     <span class='ocr_line' id='line_1_6' title="bbox 81 294 1858 348; baseline -0.002 -11"><span class='ocrx_word' id='word_1_16' title='bbox 81 299 128 338; x_wconf 84' lang='lat' dir='ltr'>ad</span> <span class='ocrx_word' id='word_1_17' title='bbox 164 311 353 337; x_wconf 89' lang='lat' dir='ltr'>summam</span> <span class='ocrx_word' id='word_1_18' title='bbox 387 297 587 337; x_wconf 77' lang='lat' dir='ltr'>minutiem</span> <span class='ocrx_word' id='word_1_19' title='bbox 624 306 807 348; x_wconf 81' lang='lat' dir='ltr'>contero,</span> <span class='ocrx_word' id='word_1_20' title='bbox 846 299 968 338; x_wconf 91' lang='lat' dir='ltr'>donec</span> <span class='ocrx_word' id='word_1_21' title='bbox 993 297 1229 338; x_wconf 80' lang='lat' dir='ltr'>intolerabili</span> <span class='ocrx_word' id='word_1_22' title='bbox 1260 296 1393 337; x_wconf 89' lang='lat' dir='ltr'>dolore</span> <span class='ocrx_word' id='word_1_23' title='bbox 1431 302 1666 345; x_wconf 75' lang='lat' dir='ltr'>conmotus,</span> <span class='ocrx_word' id='word_1_24' title='bbox 1705 294 1858 334; x_wconf 78' lang='lat' dir='ltr'>sublato</span> 
     </span>
     <span class='ocr_line' id='line_1_7' title="bbox 81 352 1859 407; baseline -0.002 -14"><span class='ocrx_word' id='word_1_25' title='bbox 81 353 197 394; x_wconf 83' lang='lat' dir='ltr'>flebili</span> <span class='ocrx_word' id='word_1_26' title='bbox 222 354 412 404; x_wconf 86' lang='lat' dir='ltr'>clamore,</span> <span class='ocrx_word' id='word_1_27' title='bbox 439 353 672 407; x_wconf 87' lang='lat' dir='ltr'>repulsoque</span> <span class='ocrx_word' id='word_1_28' title='bbox 690 362 730 395; x_wconf 89' lang='lat' dir='ltr'>et</span> <span class='ocrx_word' id='word_1_29' title='bbox 748 355 899 395; x_wconf 90' lang='lat' dir='ltr'>abiecto</span> <span class='ocrx_word' id='word_1_30' title='bbox 917 354 1053 404; x_wconf 80' lang='lat' dir='ltr'>alveo,</span> <span class='ocrx_word' id='word_1_31' title='bbox 1081 352 1305 406; x_wconf 85' lang='lat' dir='ltr'>conspectui</span> <span class='ocrx_word' id='word_1_32' title='bbox 1324 352 1488 405; x_wconf 88' lang='lat' dir='ltr'>profano</span> <span class='ocrx_word' id='word_1_33' title='bbox 1507 352 1681 392; x_wconf 84' lang='lat' dir='ltr'>redditus</span> <span class='ocrx_word' id='word_1_34' title='bbox 1701 364 1859 390; x_wconf 81' lang='lat' dir='ltr'>scenam</span> 
     </span>
     <span class='ocr_line' id='line_1_8' title="bbox 80 407 1858 464; baseline -0.002 -15"><span class='ocrx_word' id='word_1_35' title='bbox 80 410 335 463; x_wconf 84' lang='lat' dir='ltr'>propudiosae</span> <span class='ocrx_word' id='word_1_36' title='bbox 359 409 532 450; x_wconf 91' lang='lat' dir='ltr'>mulieris</span> <span class='ocrx_word' id='word_1_37' title='bbox 557 411 751 464; x_wconf 79' lang='lat' dir='ltr'><strong>patefecit.</strong></span> <span class='ocrx_word' id='word_1_38' title='bbox 796 409 884 450; x_wconf 89' lang='lat' dir='ltr'>Nec</span> <span class='ocrx_word' id='word_1_39' title='bbox 907 417 1039 450; x_wconf 84' lang='lat' dir='ltr'>tamen</span> <span class='ocrx_word' id='word_1_40' title='bbox 1064 410 1186 463; x_wconf 89' lang='lat' dir='ltr'>pistor</span> <span class='ocrx_word' id='word_1_41' title='bbox 1211 409 1350 448; x_wconf 87' lang='lat' dir='ltr'>damno</span> <span class='ocrx_word' id='word_1_42' title='bbox 1381 407 1588 461; x_wconf 85' lang='lat' dir='ltr'>pudicitiae</span> <span class='ocrx_word' id='word_1_43' title='bbox 1621 420 1858 460; x_wconf 82' lang='lat' dir='ltr'>magnopere</span> 
     </span>
    </p>
   </div>
   <div class='ocr_carea' id='block_1_7' title="bbox 81 462 1947 523">
    <p class='ocr_par' dir='ltr' id='par_1_7' title="bbox 81 462 1947 523">
     <span class='ocr_line' id='line_1_9' title="bbox 81 462 1947 523; baseline -0.002 -18"><span class='ocrx_word' id='word_1_44' title='bbox 81 473 315 515; x_wconf 89' lang='lat' dir='ltr'>commotus,</span> <span class='ocrx_word' id='word_1_45' title='bbox 343 464 350 520; x_wconf 76' lang='grc' dir='ltr'>Ι</span> <span class='ocrx_word' id='word_1_46' title='bbox 377 467 574 520; x_wconf 83' lang='lat' dir='ltr'>exsangui</span> <span class='ocrx_word' id='word_1_47' title='bbox 604 466 750 519; x_wconf 79' lang='lat' dir='ltr'>pallore</span> <span class='ocrx_word' id='word_1_48' title='bbox 775 467 1030 520; x_wconf 82' lang='lat' dir='ltr'>trepidantem</span> <span class='ocrx_word' id='word_1_49' title='bbox 1057 479 1217 519; x_wconf 88' lang='lat' dir='ltr'>puerum</span> <span class='ocrx_word' id='word_1_50' title='bbox 1251 477 1393 504; x_wconf 86' lang='lat' dir='ltr'>serena</span> <span class='ocrx_word' id='word_1_51' title='bbox 1425 464 1553 503; x_wconf 84' lang='lat' dir='ltr'>fronte</span> <span class='ocrx_word' id='word_1_52' title='bbox 1586 470 1625 503; x_wconf 83' lang='lat' dir='ltr'>et</span> <span class='ocrx_word' id='word_1_53' title='bbox 1650 462 1859 523; x_wconf 77' lang='lat' dir='ltr'>propitiata</span> <span class='ocrx_word' id='word_1_54' title='bbox 1883 470 1947 502; x_wconf 69' lang='lat' dir='ltr'>fias»</span> 
     </span>
    </p>
   </div>
   <div class='ocr_carea' id='block_1_8' title="bbox 77 518 1862 800">
    <p class='ocr_par' dir='ltr' id='par_1_8' title="bbox 77 518 1862 800">
     <span class='ocr_line' id='line_1_10' title="bbox 80 518 1859 576; baseline -0.002 -15"><span class='ocrx_word' id='word_1_55' title='bbox 80 521 179 562; x_wconf 86' lang='lat' dir='ltr'>facie</span> <span class='ocrx_word' id='word_1_56' title='bbox 215 521 497 571; x_wconf 76' lang='lat' dir='ltr'>commulcens,</span> <span class='ocrx_word' id='word_1_57' title='bbox 536 523 690 576; x_wconf 81' lang='lat' dir='ltr'>incipit:</span> <span class='ocrx_word' id='word_1_58' title='bbox 728 521 838 563; x_wconf 81' lang='lat' dir='ltr'>Nihil</span> <span class='ocrx_word' id='word_1_59' title='bbox 874 523 985 562; x_wconf 88' lang='lat' dir='ltr'>triste</span> <span class='ocrx_word' id='word_1_60' title='bbox 1022 523 1067 560; x_wconf 88' lang='lat' dir='ltr'>de</span> <span class='ocrx_word' id='word_1_61' title='bbox 1093 535 1153 560; x_wconf 89' lang='lat' dir='ltr'>me</span> <span class='ocrx_word' id='word_1_62' title='bbox 1189 520 1280 570; x_wconf 82' lang='lat' dir='ltr'>tibi,</span> <span class='ocrx_word' id='word_1_63' title='bbox 1320 519 1393 567; x_wconf 81' lang='lat' dir='ltr'>iili,</span> <span class='ocrx_word' id='word_1_64' title='bbox 1433 526 1600 558; x_wconf 79' lang='lat' dir='ltr'>metuas.</span> <span class='ocrx_word' id='word_1_65' title='bbox 1649 518 1742 558; x_wconf 51' lang='grc' dir='ltr'>λου</span> <span class='ocrx_word' id='word_1_66' title='bbox 1773 532 1859 558; x_wconf 88' lang='lat' dir='ltr'>sum</span> 
     </span>
     <span class='ocr_line' id='line_1_11' title="bbox 78 574 1859 631; baseline -0.003 -14"><span class='ocrx_word' id='word_1_67' title='bbox 78 577 290 627; x_wconf 87' lang='lat' dir='ltr'>barbarus,</span> <span class='ocrx_word' id='word_1_68' title='bbox 329 591 400 618; x_wconf 89' lang='lat' dir='ltr'>nec</span> <span class='ocrx_word' id='word_1_69' title='bbox 432 579 580 630; x_wconf 75' lang='lat' dir='ltr'>agresti</span> <span class='ocrx_word' id='word_1_70' title='bbox 612 593 761 618; x_wconf 91' lang='lat' dir='ltr'>morum</span> <span class='ocrx_word' id='word_1_71' title='bbox 788 578 969 631; x_wconf 82' lang='lat' dir='ltr'>squalore</span> <span class='ocrx_word' id='word_1_72' title='bbox 995 577 1213 630; x_wconf 83' lang='lat' dir='ltr'>praeditus,</span> <span class='ocrx_word' id='word_1_73' title='bbox 1248 589 1320 615; x_wconf 88' lang='lat' dir='ltr'>nec</span> <span class='ocrx_word' id='word_1_74' title='bbox 1351 575 1397 614; x_wconf 84' lang='lat' dir='ltr'>nd</span> <span class='ocrx_word' id='word_1_75' title='bbox 1423 575 1642 628; x_wconf 80' lang='lat' dir='ltr'>exemplum</span> <span class='ocrx_word' id='word_1_76' title='bbox 1671 574 1859 613; x_wconf 81' lang='lat' dir='ltr'>naccinae</span> 
     </span>
     <span class='ocr_line' id='line_1_12' title="bbox 79 630 1860 684; baseline -0.003 -11"><span class='ocrx_word' id='word_1_77' title='bbox 79 634 338 674; x_wconf 81' lang='lat' dir='ltr'>truculentiae</span> <span class='ocrx_word' id='word_1_78' title='bbox 368 634 530 674; x_wconf 78' lang='lat' dir='ltr'>sulfuris</span> <span class='ocrx_word' id='word_1_79' title='bbox 563 642 600 674; x_wconf 85' lang='lat' dir='ltr'>te</span> <span class='ocrx_word' id='word_1_80' title='bbox 625 635 730 675; x_wconf 87' lang='lat' dir='ltr'>letali</span> <span class='ocrx_word' id='word_1_81' title='bbox 756 635 860 674; x_wconf 90' lang='lat' dir='ltr'>fumo</span> <span class='ocrx_word' id='word_1_82' title='bbox 886 633 1055 683; x_wconf 86' lang='lat' dir='ltr'>necabo,</span> <span class='ocrx_word' id='word_1_83' title='bbox 1090 647 1136 672; x_wconf 88' lang='lat' dir='ltr'>ac</span> <span class='ocrx_word' id='word_1_84' title='bbox 1161 646 1209 672; x_wconf 88' lang='lat' dir='ltr'>ne</span> <span class='ocrx_word' id='word_1_85' title='bbox 1233 631 1331 671; x_wconf 91' lang='lat' dir='ltr'>iuris</span> <span class='ocrx_word' id='word_1_86' title='bbox 1357 631 1508 684; x_wconf 89' lang='lat' dir='ltr'>quidem</span> <span class='ocrx_word' id='word_1_87' title='bbox 1535 630 1747 670; x_wconf 76' lang='lat' dir='ltr'>severitate</span> <span class='ocrx_word' id='word_1_88' title='bbox 1773 630 1860 683; x_wconf 87' lang='lat' dir='ltr'>lege</span> 
     </span>
     <span class='ocr_line' id='line_1_13' title="bbox 79 685 1856 743; baseline -0.003 -14"><span class='ocrx_word' id='word_1_89' title='bbox 79 690 125 730; x_wconf 90' lang='lat' dir='ltr'>de</span> <span class='ocrx_word' id='word_1_90' title='bbox 160 689 361 730; x_wconf 86' lang='lat' dir='ltr'>adulteriis</span> <span class='ocrx_word' id='word_1_91' title='bbox 398 691 443 730; x_wconf 87' lang='lat' dir='ltr'>ad</span> <span class='ocrx_word' id='word_1_92' title='bbox 482 691 689 730; x_wconf 86' lang='lat' dir='ltr'>discrimen</span> <span class='ocrx_word' id='word_1_93' title='bbox 725 688 874 730; x_wconf 84' lang='lat' dir='ltr'>vocabo</span> <span class='ocrx_word' id='word_1_94' title='bbox 911 689 1046 743; x_wconf 87' lang='lat' dir='ltr'>capitis</span> <span class='ocrx_word' id='word_1_95' title='bbox 1085 695 1163 728; x_wconf 78' lang='lat' dir='ltr'>tam</span> <span class='ocrx_word' id='word_1_96' title='bbox 1198 694 1406 728; x_wconf 79' lang='lat' dir='ltr'>venustum</span> <span class='ocrx_word' id='word_1_97' title='bbox 1439 693 1594 739; x_wconf 83' lang='lat' dir='ltr'>tamque</span> <span class='ocrx_word' id='word_1_98' title='bbox 1624 685 1856 738; x_wconf 90' lang='lat' dir='ltr'>pulchellum</span> 
     </span>
     <span class='ocr_line' id='line_1_14' title="bbox 77 741 1862 800; baseline -0.003 -14"><span class='ocrx_word' id='word_1_99' title='bbox 77 745 266 800; x_wconf 82' lang='lat' dir='ltr'>puellum,</span> <span class='ocrx_word' id='word_1_100' title='bbox 300 746 369 786; x_wconf 90' lang='lat' dir='ltr'>sed</span> <span class='ocrx_word' id='word_1_101' title='bbox 399 747 512 800; x_wconf 88' lang='lat' dir='ltr'>plane</span> <span class='ocrx_word' id='word_1_102' title='bbox 543 760 629 787; x_wconf 88' lang='lat' dir='ltr'>cum</span> <span class='ocrx_word' id='word_1_103' title='bbox 658 760 787 787; x_wconf 77' lang='lat' dir='ltr'>uxore</span> <span class='ocrx_word' id='word_1_104' title='bbox 816 759 903 786; x_wconf 89' lang='lat' dir='ltr'>mea</span> <span class='ocrx_word' id='word_1_105' title='bbox 926 744 1114 800; x_wconf 87' lang='lat' dir='ltr'>partiario</span> <span class='ocrx_word' id='word_1_106' title='bbox 1146 744 1338 785; x_wconf 81' lang='lat' dir='ltr'>tractabo.</span> <span class='ocrx_word' id='word_1_107' title='bbox 1387 741 1474 784; x_wconf 77' lang='lat' dir='ltr'>Nec</span> <span class='ocrx_word' id='word_1_108' title='bbox 1499 741 1779 782; x_wconf 84' lang='lat' dir='ltr'>herciscundae</span> <span class='ocrx_word' id='word_1_109' title='bbox 1806 741 1862 780; x_wconf 85' lang='lat' dir='ltr'>sa-</span> 
     </span>
    </p>
   </div>
   <div class='ocr_carea' id='block_1_9' title="bbox 80 868 1861 921">
    <p class='ocr_par' dir='ltr' id='par_1_9' title="bbox 80 868 1861 921">
     <span class='ocr_line' id='line_1_15' title="bbox 80 868 1861 921; baseline -0.004 -9"><span class='ocrx_word' id='word_1_110' title='bbox 80 885 154 912; x_wconf 77' lang='lat' dir='ltr'>turi</span> <span class='ocrx_word' id='word_1_111' title='bbox 164 887 240 913; x_wconf 76' lang='lat' dir='ltr'>G.2.</span> <span class='ocrx_word' id='word_1_112' title='bbox 255 886 291 914; x_wconf 86' lang='lat' dir='ltr'>P.</span> <span class='ocrx_word' id='word_1_113' title='bbox 317 882 464 914; x_wconf 78' lang='lat' dir='ltr'>cbam&#39;G.</span> <span class='ocrx_word' id='word_1_114' title='bbox 478 887 503 913; x_wconf 81' lang='lat' dir='ltr'>l.</span> <span class='ocrx_word' id='word_1_115' title='bbox 519 885 602 920; x_wconf 86' lang='lat' dir='ltr'>(non</span> <span class='ocrx_word' id='word_1_116' title='bbox 613 884 712 921; x_wconf 68' lang='grc' dir='ltr'>Ιιηιτί,</span> <span class='ocrx_word' id='word_1_117' title='bbox 737 889 769 914; x_wconf 81' lang='lat' dir='ltr'>ut</span> <span class='ocrx_word' id='word_1_118' title='bbox 791 885 823 914; x_wconf 90' lang='lat' dir='ltr'>in</span> <span class='ocrx_word' id='word_1_119' title='bbox 841 868 920 913; x_wconf 62' lang='lat' dir='ltr'>(iud.</span> <span class='ocrx_word' id='word_1_120' title='bbox 939 885 1100 918; x_wconf 79' lang='lat' dir='ltr'>excerptis</span> <span class='ocrx_word' id='word_1_121' title='bbox 1121 883 1220 920; x_wconf 79' lang='lat' dir='ltr'>erat.)</span> <span class='ocrx_word' id='word_1_122' title='bbox 1267 889 1442 920; x_wconf 78' lang='lat' dir='ltr'>oppressos</span> <span class='ocrx_word' id='word_1_123' title='bbox 1462 882 1652 911; x_wconf 77' lang='lat' dir='ltr'>Coll.Voss.</span> <span class='ocrx_word' id='word_1_124' title='bbox 1701 888 1861 908; x_wconf 75' lang='lat' dir='ltr'>summam</span> 
     </span>
    </p>
   </div>
   <div class='ocr_carea' id='block_1_10' title="bbox 77 929 525 1010">
    <p class='ocr_par' dir='ltr' id='par_1_10' title="bbox 77 929 525 1010">
     <span class='ocr_line' id='line_1_16' title="bbox 78 929 522 959; baseline 0.005 -2"><span class='ocrx_word' id='word_1_125' title='bbox 78 931 161 958; x_wconf 75' lang='lat' dir='ltr'>delet</span> <span class='ocrx_word' id='word_1_126' title='bbox 174 931 209 958; x_wconf 86' lang='lat' dir='ltr'>B.</span> <span class='ocrx_word' id='word_1_127' title='bbox 257 929 426 957; x_wconf 73' lang='lat' dir='ltr'>mum‘tt&#39;em</span> <span class='ocrx_word' id='word_1_128' title='bbox 442 932 476 959; x_wconf 89' lang='lat' dir='ltr'>G.</span> <span class='ocrx_word' id='word_1_129' title='bbox 495 933 522 959; x_wconf 82' lang='lat' dir='ltr'>l.</span> 
     </span>
     <span class='ocr_line' id='line_1_17' title="bbox 77 977 525 1010; baseline 0.004 -8"><span class='ocrx_word' id='word_1_130' title='bbox 77 982 141 1002; x_wconf 87' lang='lat' dir='ltr'>non</span> <span class='ocrx_word' id='word_1_131' title='bbox 155 978 332 1010; x_wconf 74' lang='lat' dir='ltr'>agnoscunt</span> <span class='ocrx_word' id='word_1_132' title='bbox 348 977 383 1004; x_wconf 82' lang='lat' dir='ltr'>G.</span> <span class='ocrx_word' id='word_1_133' title='bbox 401 977 428 1003; x_wconf 88' lang='lat'>1.</span> <span class='ocrx_word' id='word_1_134' title='bbox 444 977 473 1003; x_wconf 79' lang='lat'>2.</span> <span class='ocrx_word' id='word_1_135' title='bbox 486 977 525 1004; x_wconf 90' lang='lat' dir='ltr'>D.</span> 
     </span>
    </p>
   </div>
   <div class='ocr_carea' id='block_1_11' title="bbox 77 1016 1747 1099">
    <p class='ocr_par' dir='ltr' id='par_1_11' title="bbox 77 1016 1747 1099">
     <span class='ocr_line' id='line_1_18' title="bbox 77 1016 1684 1058; baseline -0.002 -11"><span class='ocrx_word' id='word_1_136' title='bbox 77 1020 162 1047; x_wconf 84' lang='lat' dir='ltr'>enim</span> <span class='ocrx_word' id='word_1_137' title='bbox 175 1022 322 1055; x_wconf 79' lang='lat' dir='ltr'>alveum,</span> <span class='ocrx_word' id='word_1_138' title='bbox 348 1021 403 1054; x_wconf 84' lang='lat' dir='ltr'>qui</span> <span class='ocrx_word' id='word_1_139' title='bbox 415 1021 479 1048; x_wconf 77' lang='lat' dir='ltr'>sibi</span> <span class='ocrx_word' id='word_1_140' title='bbox 494 1021 596 1049; x_wconf 81' lang='lat' dir='ltr'>fuerat</span> <span class='ocrx_word' id='word_1_141' title='bbox 609 1021 764 1049; x_wconf 75' lang='lat' dir='ltr'>obiectus.</span> <span class='ocrx_word' id='word_1_142' title='bbox 811 1019 970 1058; x_wconf 74' lang='lat' dir='ltr'>prosario</span> <span class='ocrx_word' id='word_1_143' title='bbox 989 1016 1017 1046; x_wconf 84' lang='grc' dir='ltr'>δ.</span> <span class='ocrx_word' id='word_1_144' title='bbox 1048 1019 1226 1054; x_wconf 77' lang='lat' dir='ltr'>proscenio</span> <span class='ocrx_word' id='word_1_145' title='bbox 1245 1023 1299 1047; x_wconf 83' lang='lat' dir='ltr'>aut</span> <span class='ocrx_word' id='word_1_146' title='bbox 1318 1017 1352 1044; x_wconf 79' lang='lat' dir='ltr'>r&#39;u</span> <span class='ocrx_word' id='word_1_147' title='bbox 1367 1017 1544 1053; x_wconf 70' lang='lat' dir='ltr'>proscenio</span> <span class='ocrx_word' id='word_1_148' title='bbox 1564 1016 1684 1044; x_wconf 82' lang='lat' dir='ltr'>Florid.</span> 
     </span>
     <span class='ocr_line' id='line_1_19' title="bbox 78 1062 1747 1099; baseline -0.003 -5"><span class='ocrx_word' id='word_1_149' title='bbox 78 1065 114 1092; x_wconf 86' lang='lat' dir='ltr'>G.</span> <span class='ocrx_word' id='word_1_150' title='bbox 130 1066 159 1092; x_wconf 90' lang='grc'>1.</span> <span class='ocrx_word' id='word_1_151' title='bbox 195 1072 332 1092; x_wconf 74' lang='lat' dir='ltr'>coenam</span> <span class='ocrx_word' id='word_1_152' title='bbox 351 1067 399 1094; x_wconf 81' lang='lat' dir='ltr'>ed.</span> <span class='ocrx_word' id='word_1_153' title='bbox 419 1073 465 1099; x_wconf 82' lang='lat' dir='ltr'>pr.</span> <span class='ocrx_word' id='word_1_154' title='bbox 478 1066 606 1094; x_wconf 61' lang='lat' dir='ltr'>vicent.</span> <span class='ocrx_word' id='word_1_155' title='bbox 620 1067 732 1094; x_wconf 78' lang='lat' dir='ltr'>Venet.</span> <span class='ocrx_word' id='word_1_156' title='bbox 747 1067 778 1093; x_wconf 77' lang='lat'>2.</span> <span class='ocrx_word' id='word_1_157' title='bbox 791 1066 822 1093; x_wconf 85' lang='lat'>4.</span> <span class='ocrx_word' id='word_1_158' title='bbox 843 1072 948 1093; x_wconf 84' lang='lat' dir='ltr'>errore</span> <span class='ocrx_word' id='word_1_159' title='bbox 967 1064 1049 1092; x_wconf 79' lang='lat' dir='ltr'>satis</span> <span class='ocrx_word' id='word_1_160' title='bbox 1070 1063 1251 1097; x_wconf 78' lang='lat' dir='ltr'>frequenter</span> <span class='ocrx_word' id='word_1_161' title='bbox 1270 1063 1375 1091; x_wconf 80' lang='lat' dir='ltr'>obvio.</span> <span class='ocrx_word' id='word_1_162' title='bbox 1421 1070 1540 1098; x_wconf 75' lang='lat' dir='ltr'>magno</span> <span class='ocrx_word' id='word_1_163' title='bbox 1555 1068 1653 1097; x_wconf 80' lang='lat' dir='ltr'>opere</span> <span class='ocrx_word' id='word_1_164' title='bbox 1667 1062 1702 1089; x_wconf 85' lang='lat' dir='ltr'>G.</span> <span class='ocrx_word' id='word_1_165' title='bbox 1721 1062 1747 1089; x_wconf 90' lang='lat'>1.</span> 
     </span>
    </p>
   </div>
   <div class='ocr_carea' id='block_1_12' title="bbox 78 1108 898 1144">
    <p class='ocr_par' dir='ltr' id='par_1_12' title="bbox 78 1108 898 1144">
     <span class='ocr_line' id='line_1_20' title="bbox 78 1108 898 1144; baseline 0 -8"><span class='ocrx_word' id='word_1_166' title='bbox 78 1116 210 1136; x_wconf 85' lang='lat' dir='ltr'>macens</span> <span class='ocrx_word' id='word_1_167' title='bbox 225 1118 281 1144; x_wconf 81' lang='lat' dir='ltr'>pro</span> <span class='ocrx_word' id='word_1_168' title='bbox 293 1109 512 1137; x_wconf 75' lang='lat' dir='ltr'>commulcens</span> <span class='ocrx_word' id='word_1_169' title='bbox 527 1111 562 1138; x_wconf 88' lang='lat' dir='ltr'>G.</span> <span class='ocrx_word' id='word_1_170' title='bbox 577 1111 607 1138; x_wconf 81' lang='lat'>2.</span> <span class='ocrx_word' id='word_1_171' title='bbox 622 1112 657 1138; x_wconf 84' lang='lat' dir='ltr'>P.</span> <span class='ocrx_word' id='word_1_172' title='bbox 671 1111 709 1138; x_wconf 85' lang='lat' dir='ltr'>D.</span> <span class='ocrx_word' id='word_1_173' title='bbox 757 1108 807 1136; x_wconf 77' lang='lat' dir='ltr'>nil</span> <span class='ocrx_word' id='word_1_174' title='bbox 817 1110 853 1138; x_wconf 84' lang='lat' dir='ltr'>F.</span> <span class='ocrx_word' id='word_1_175' title='bbox 872 1111 898 1137; x_wconf 91' lang='lat' dir='ltr'>l.</span> 
     </span>
    </p>
   </div>
   <div class='ocr_carea' id='block_1_13' title="bbox 77 1151 1864 1227">
    <p class='ocr_par' dir='ltr' id='par_1_13' title="bbox 77 1151 1864 1227">
     <span class='ocr_line' id='line_1_21' title="bbox 77 1151 1486 1189; baseline 0 -9"><span class='ocrx_word' id='word_1_176' title='bbox 77 1151 257 1182; x_wconf 68' lang='lat' dir='ltr'>Barbarus</span> <span class='ocrx_word' id='word_1_177' title='bbox 276 1156 372 1189; x_wconf 83' lang='lat' dir='ltr'>quasi</span> <span class='ocrx_word' id='word_1_178' title='bbox 392 1163 506 1183; x_wconf 87' lang='lat' dir='ltr'>nomen</span> <span class='ocrx_word' id='word_1_179' title='bbox 526 1154 687 1189; x_wconf 75' lang='lat' dir='ltr'>proprium</span> <span class='ocrx_word' id='word_1_180' title='bbox 713 1155 869 1189; x_wconf 83' lang='lat' dir='ltr'>scriptum</span> <span class='ocrx_word' id='word_1_181' title='bbox 896 1157 941 1181; x_wconf 68' lang='lat' dir='ltr'>nst</span> <span class='ocrx_word' id='word_1_182' title='bbox 968 1154 1000 1181; x_wconf 89' lang='lat' dir='ltr'>in</span> <span class='ocrx_word' id='word_1_183' title='bbox 1020 1155 1101 1181; x_wconf 83' lang='lat' dir='ltr'>lunt.</span> <span class='ocrx_word' id='word_1_184' title='bbox 1126 1155 1153 1180; x_wconf 89' lang='lat' dir='ltr'>l.</span> <span class='ocrx_word' id='word_1_185' title='bbox 1173 1155 1202 1181; x_wconf 69' lang='lat'>2.</span> <span class='ocrx_word' id='word_1_186' title='bbox 1225 1154 1301 1181; x_wconf 80' lang='lat' dir='ltr'>Ald.</span> <span class='ocrx_word' id='word_1_187' title='bbox 1321 1153 1435 1181; x_wconf 72' lang='lat' dir='ltr'>Venet.</span> <span class='ocrx_word' id='word_1_188' title='bbox 1457 1153 1486 1180; x_wconf 76' lang='lat'>2.</span> 
     </span>
     <span class='ocr_line' id='line_1_22' title="bbox 782 1194 1864 1227; baseline -0.003 -2"><span class='ocrx_word' id='word_1_189' title='bbox 782 1198 946 1225; x_wconf 78' lang='lat' dir='ltr'>naccinae</span> <span class='ocrx_word' id='word_1_190' title='bbox 961 1197 1187 1225; x_wconf 73' lang='lat' dir='ltr'>truculentiae</span> <span class='ocrx_word' id='word_1_191' title='bbox 1200 1199 1235 1226; x_wconf 83' lang='lat' dir='ltr'>F.</span> <span class='ocrx_word' id='word_1_192' title='bbox 1252 1200 1278 1227; x_wconf 81' lang='lat'>1.</span> <span class='ocrx_word' id='word_1_193' title='bbox 1293 1198 1323 1225; x_wconf 82' lang='grc'>3.</span> <span class='ocrx_word' id='word_1_194' title='bbox 1361 1197 1501 1223; x_wconf 64' lang='lat' dir='ltr'>&#39;merim‘</span> <span class='ocrx_word' id='word_1_195' title='bbox 1521 1194 1712 1223; x_wconf 74' lang='lat' dir='ltr'>truculente</span> <span class='ocrx_word' id='word_1_196' title='bbox 1731 1197 1767 1223; x_wconf 89' lang='lat' dir='ltr'>G.</span> <span class='ocrx_word' id='word_1_197' title='bbox 1783 1196 1812 1223; x_wconf 81' lang='lat'>2.</span> <span class='ocrx_word' id='word_1_198' title='bbox 1827 1196 1864 1222; x_wconf 69' lang='lat'>1).</span> 
     </span>
    </p>
   </div>
   <div class='ocr_carea' id='block_1_14' title="bbox 76 1197 735 1235">
    <p class='ocr_par' dir='ltr' id='par_1_14' title="bbox 76 1197 735 1235">
     <span class='ocr_line' id='line_1_23' title="bbox 76 1197 735 1235; baseline 0.002 -9"><span class='ocrx_word' id='word_1_199' title='bbox 76 1199 172 1227; x_wconf 80' lang='lat' dir='ltr'>dante</span> <span class='ocrx_word' id='word_1_200' title='bbox 181 1197 347 1235; x_wconf 77' lang='lat' dir='ltr'>perditus.</span> <span class='ocrx_word' id='word_1_201' title='bbox 392 1202 430 1226; x_wconf 81' lang='lat' dir='ltr'>ul</span> <span class='ocrx_word' id='word_1_202' title='bbox 444 1198 490 1226; x_wconf 84' lang='lat' dir='ltr'>ad</span> <span class='ocrx_word' id='word_1_203' title='bbox 500 1197 684 1235; x_wconf 64' lang='lat' dir='ltr'>exemplum</span> <span class='ocrx_word' id='word_1_204' title='bbox 699 1201 735 1227; x_wconf 85' lang='lat' dir='ltr'>L.</span> 
     </span>
    </p>
   </div>
   <div class='ocr_carea' id='block_1_15' title="bbox 569 929 1863 1012">
    <p class='ocr_par' dir='ltr' id='par_1_15' title="bbox 569 929 1863 1012">
     <span class='ocr_line' id='line_1_24' title="bbox 569 929 1549 961; baseline -0.002 -6"><span class='ocrx_word' id='word_1_205' title='bbox 569 934 721 957; x_wconf 75' lang='lat' dir='ltr'>contecto</span> <span class='ocrx_word' id='word_1_206' title='bbox 741 932 776 958; x_wconf 82' lang='lat' dir='ltr'>G,</span> <span class='ocrx_word' id='word_1_207' title='bbox 795 931 867 959; x_wconf 72' lang='lat'>1,2,</span> <span class='ocrx_word' id='word_1_208' title='bbox 887 931 926 959; x_wconf 78' lang='lat' dir='ltr'>D,</span> <span class='ocrx_word' id='word_1_209' title='bbox 973 931 1127 956; x_wconf 75' lang='lat' dir='ltr'>concerto</span> <span class='ocrx_word' id='word_1_210' title='bbox 1141 930 1177 958; x_wconf 91' lang='lat' dir='ltr'>P.</span> <span class='ocrx_word' id='word_1_211' title='bbox 1214 931 1369 956; x_wconf 73' lang='lat' dir='ltr'>contorto</span> <span class='ocrx_word' id='word_1_212' title='bbox 1384 929 1418 956; x_wconf 88' lang='grc'>0.</span> <span class='ocrx_word' id='word_1_213' title='bbox 1433 935 1453 956; x_wconf 85' lang='lat' dir='ltr'>a</span> <span class='ocrx_word' id='word_1_214' title='bbox 1466 935 1506 955; x_wconf 89' lang='lat' dir='ltr'>m.</span> <span class='ocrx_word' id='word_1_215' title='bbox 1522 936 1549 961; x_wconf 74' lang='lat' dir='ltr'>p.</span> 
     </span>
     <span class='ocr_line' id='line_1_25' title="bbox 574 971 1863 1012; baseline -0.005 -9"><span class='ocrx_word' id='word_1_216' title='bbox 574 975 772 1012; x_wconf 71' lang='lat' dir='ltr'>repulsoque</span> <span class='ocrx_word' id='word_1_217' title='bbox 785 974 910 1002; x_wconf 69' lang='lat' dir='ltr'>obiecto</span> <span class='ocrx_word' id='word_1_218' title='bbox 925 973 1019 1001; x_wconf 68' lang='lat' dir='ltr'>alre-0</span> <span class='ocrx_word' id='word_1_219' title='bbox 1035 975 1070 1002; x_wconf 88' lang='lat' dir='ltr'>P.</span> <span class='ocrx_word' id='word_1_220' title='bbox 1093 975 1127 1002; x_wconf 84' lang='grc' dir='ltr'>Ο.</span> <span class='ocrx_word' id='word_1_221' title='bbox 1147 971 1177 1001; x_wconf 81' lang='grc' dir='ltr'>δ.</span> <span class='ocrx_word' id='word_1_222' title='bbox 1197 981 1256 1002; x_wconf 88' lang='lat' dir='ltr'>nec</span> <span class='ocrx_word' id='word_1_223' title='bbox 1274 975 1359 1001; x_wconf 85' lang='lat' dir='ltr'>male</span> <span class='ocrx_word' id='word_1_224' title='bbox 1379 974 1416 1001; x_wconf 87' lang='lat' dir='ltr'>de</span> <span class='ocrx_word' id='word_1_225' title='bbox 1436 974 1514 1000; x_wconf 82' lang='lat' dir='ltr'>Oud.</span> <span class='ocrx_word' id='word_1_226' title='bbox 1534 972 1705 999; x_wconf 81' lang='lat' dir='ltr'>sententia.</span> <span class='ocrx_word' id='word_1_227' title='bbox 1731 971 1863 1004; x_wconf 80' lang='lat' dir='ltr'>Repulit</span> 
     </span>
    </p>
   </div>
   <div class='ocr_carea' id='block_1_16' title="bbox 1598 923 1862 954">
    <p class='ocr_par' dir='ltr' id='par_1_16' title="bbox 1598 923 1862 954">
     <span class='ocr_line' id='line_1_26' title="bbox 1598 923 1862 954; baseline -0.004 -2"><span class='ocrx_word' id='word_1_228' title='bbox 1598 929 1632 953; x_wconf 81' lang='lat' dir='ltr'>et</span> <span class='ocrx_word' id='word_1_229' title='bbox 1644 929 1718 954; x_wconf 79' lang='lat' dir='ltr'>ante</span> <span class='ocrx_word' id='word_1_230' title='bbox 1732 923 1862 952; x_wconf 78' lang='lat' dir='ltr'>abiecto</span> 
     </span>
    </p>
   </div>
   <div class='ocr_carea' id='block_1_17' title="bbox 1732 1022 1865 1086">
    <p class='ocr_par' dir='ltr' id='par_1_17' title="bbox 1732 1022 1865 1086">
     <span class='ocr_line' id='line_1_27' title="bbox 1732 1022 1862 1043; baseline -0.023 0"><span class='ocrx_word' id='word_1_231' title='bbox 1732 1022 1862 1043; x_wconf 68' lang='lat' dir='ltr'>scevam</span> 
     </span>
     <span class='ocr_line' id='line_1_28' title="bbox 1795 1059 1865 1086; baseline 0 0"><span class='ocrx_word' id='word_1_232' title='bbox 1795 1059 1865 1086; x_wconf 85' lang='lat' dir='ltr'>col-</span> 
     </span>
    </p>
   </div>
   <div class='ocr_carea' id='block_1_18' title="bbox 948 1105 1863 1142">
    <p class='ocr_par' dir='ltr' id='par_1_18' title="bbox 948 1105 1863 1142">
     <span class='ocr_line' id='line_1_29' title="bbox 948 1105 1863 1142; baseline -0.003 -6"><span class='ocrx_word' id='word_1_233' title='bbox 948 1107 1008 1136; x_wconf 70' lang='lat' dir='ltr'>lita·</span> <span class='ocrx_word' id='word_1_234' title='bbox 1020 1116 1082 1136; x_wconf 88' lang='lat' dir='ltr'>non</span> <span class='ocrx_word' id='word_1_235' title='bbox 1097 1111 1258 1142; x_wconf 83' lang='lat' dir='ltr'>comparet</span> <span class='ocrx_word' id='word_1_236' title='bbox 1271 1109 1305 1136; x_wconf 86' lang='lat' dir='ltr'>in</span> <span class='ocrx_word' id='word_1_237' title='bbox 1319 1105 1347 1136; x_wconf 79' lang='grc' dir='ltr'>ὃ.</span> <span class='ocrx_word' id='word_1_238' title='bbox 1394 1115 1454 1134; x_wconf 78' lang='lat' dir='ltr'>nec</span> <span class='ocrx_word' id='word_1_239' title='bbox 1467 1114 1537 1134; x_wconf 84' lang='lat' dir='ltr'>sum</span> <span class='ocrx_word' id='word_1_240' title='bbox 1552 1105 1720 1134; x_wconf 79' lang='lat' dir='ltr'>barbarus</span> <span class='ocrx_word' id='word_1_241' title='bbox 1735 1107 1770 1134; x_wconf 88' lang='lat' dir='ltr'>G.</span> <span class='ocrx_word' id='word_1_242' title='bbox 1786 1106 1814 1133; x_wconf 85' lang='lat'>1.</span> <span class='ocrx_word' id='word_1_243' title='bbox 1829 1106 1863 1133; x_wconf 89' lang='grc' dir='ltr'>Ο.</span> 
     </span>
    </p>
   </div>
   <div class='ocr_carea' id='block_1_19' title="bbox 1534 1153 1864 1183">
    <p class='ocr_par' dir='ltr' id='par_1_19' title="bbox 1534 1153 1864 1183">
     <span class='ocr_line' id='line_1_30' title="bbox 1534 1153 1864 1183; baseline -0.009 -5"><span class='ocrx_word' id='word_1_244' title='bbox 1534 1158 1662 1178; x_wconf 83' lang='lat' dir='ltr'>morum</span> <span class='ocrx_word' id='word_1_245' title='bbox 1681 1153 1773 1179; x_wconf 77' lang='lat' dir='ltr'>abest</span> <span class='ocrx_word' id='word_1_246' title='bbox 1794 1157 1814 1178; x_wconf 77' lang='lat' dir='ltr'>a</span> <span class='ocrx_word' id='word_1_247' title='bbox 1835 1158 1864 1183; x_wconf 84' lang='lat' dir='ltr'>p.</span> 
     </span>
    </p>
   </div>
   <div class='ocr_carea' id='block_1_20' title="bbox 75 1240 1866 1369">
    <p class='ocr_par' dir='ltr' id='par_1_20' title="bbox 75 1240 1866 1369">
     <span class='ocr_line' id='line_1_31' title="bbox 75 1240 1865 1277; baseline -0.002 -7"><span class='ocrx_word' id='word_1_248' title='bbox 75 1244 214 1271; x_wconf 66' lang='grc' dir='ltr'>παρα-ἐπε.</span> <span class='ocrx_word' id='word_1_249' title='bbox 234 1243 423 1272; x_wconf 74' lang='lat' dir='ltr'>eurculente</span> <span class='ocrx_word' id='word_1_250' title='bbox 442 1245 478 1273; x_wconf 85' lang='lat' dir='ltr'>G.</span> <span class='ocrx_word' id='word_1_251' title='bbox 501 1246 528 1272; x_wconf 85' lang='lat'>1.</span> <span class='ocrx_word' id='word_1_252' title='bbox 553 1245 596 1272; x_wconf 71' lang='lat' dir='ltr'>A(</span> <span class='ocrx_word' id='word_1_253' title='bbox 618 1245 708 1277; x_wconf 83' lang='lat' dir='ltr'>prius</span> <span class='ocrx_word' id='word_1_254' title='bbox 728 1245 919 1271; x_wconf 79' lang='lat' dir='ltr'>vocabulum</span> <span class='ocrx_word' id='word_1_255' title='bbox 939 1243 971 1271; x_wconf 89' lang='lat' dir='ltr'>in</span> <span class='ocrx_word' id='word_1_256' title='bbox 991 1250 1091 1273; x_wconf 67' lang='lat' dir='ltr'>mare.</span> <span class='ocrx_word' id='word_1_257' title='bbox 1112 1250 1133 1270; x_wconf 85' lang='lat' dir='ltr'>a</span> <span class='ocrx_word' id='word_1_258' title='bbox 1150 1251 1191 1271; x_wconf 93' lang='lat' dir='ltr'>m.</span> <span class='ocrx_word' id='word_1_259' title='bbox 1210 1250 1276 1270; x_wconf 80' lang='lat' dir='ltr'>sec.</span> <span class='ocrx_word' id='word_1_260' title='bbox 1296 1243 1451 1276; x_wconf 77' lang='lat' dir='ltr'>scriptum</span> <span class='ocrx_word' id='word_1_261' title='bbox 1466 1245 1530 1274; x_wconf 58' lang='lat' dir='ltr'>esu</span> <span class='ocrx_word' id='word_1_262' title='bbox 1555 1242 1587 1268; x_wconf 88' lang='lat' dir='ltr'>in</span> <span class='ocrx_word' id='word_1_263' title='bbox 1604 1244 1753 1268; x_wconf 76' lang='lat' dir='ltr'>contextu</span> <span class='ocrx_word' id='word_1_264' title='bbox 1767 1240 1865 1267; x_wconf 81' lang='lat' dir='ltr'>litura</span> 
     </span>
     <span class='ocr_line' id='line_1_32' title="bbox 75 1284 1866 1322; baseline -0.002 -7"><span class='ocrx_word' id='word_1_265' title='bbox 75 1291 155 1317; x_wconf 78' lang='lat' dir='ltr'>erat.</span> <span class='ocrx_word' id='word_1_266' title='bbox 179 1289 340 1316; x_wconf 78' lang='lat' dir='ltr'>nactinae</span> <span class='ocrx_word' id='word_1_267' title='bbox 353 1299 386 1322; x_wconf 77' lang='grc' dir='ltr'>φ.</span> <span class='ocrx_word' id='word_1_268' title='bbox 412 1291 591 1316; x_wconf 78' lang='lat' dir='ltr'>nmtrmme</span> <span class='ocrx_word' id='word_1_269' title='bbox 605 1286 634 1317; x_wconf 81' lang='grc' dir='ltr'>δ.</span> <span class='ocrx_word' id='word_1_270' title='bbox 660 1287 770 1315; x_wconf 68' lang='lat' dir='ltr'>volito</span> <span class='ocrx_word' id='word_1_271' title='bbox 784 1289 821 1316; x_wconf 86' lang='lat' dir='ltr'>B.</span> <span class='ocrx_word' id='word_1_272' title='bbox 837 1291 918 1316; x_wconf 77' lang='lat' dir='ltr'>teste</span> <span class='ocrx_word' id='word_1_273' title='bbox 931 1288 1092 1322; x_wconf 82' lang='lat' dir='ltr'>Scioppio.</span> <span class='ocrx_word' id='word_1_274' title='bbox 1119 1288 1180 1316; x_wconf 83' lang='lat' dir='ltr'>Sed</span> <span class='ocrx_word' id='word_1_275' title='bbox 1194 1287 1226 1314; x_wconf 86' lang='lat' dir='ltr'>in</span> <span class='ocrx_word' id='word_1_276' title='bbox 1241 1289 1313 1315; x_wconf 83' lang='lat' dir='ltr'>coll.</span> <span class='ocrx_word' id='word_1_277' title='bbox 1328 1288 1412 1314; x_wconf 77' lang='lat' dir='ltr'>Mod.</span> <span class='ocrx_word' id='word_1_278' title='bbox 1428 1290 1475 1314; x_wconf 66' lang='lat' dir='ltr'>est</span> <span class='ocrx_word' id='word_1_279' title='bbox 1491 1287 1614 1312; x_wconf 73' lang='lat' dir='ltr'>entim.</span> <span class='ocrx_word' id='word_1_280' title='bbox 1639 1284 1817 1312; x_wconf 69' lang='lat' dir='ltr'>machinae</span> <span class='ocrx_word' id='word_1_281' title='bbox 1831 1285 1866 1312; x_wconf 89' lang='lat' dir='ltr'>P.</span> 
     </span>
     <span class='ocr_line' id='line_1_33' title="bbox 77 1329 1866 1369; baseline -0.002 -10"><span class='ocrx_word' id='word_1_282' title='bbox 77 1337 156 1361; x_wconf 68' lang='lat' dir='ltr'>teste</span> <span class='ocrx_word' id='word_1_283' title='bbox 168 1335 249 1362; x_wconf 75' lang='lat' dir='ltr'>Etru.</span> <span class='ocrx_word' id='word_1_284' title='bbox 264 1338 293 1362; x_wconf 79' lang='lat' dir='ltr'>et</span> <span class='ocrx_word' id='word_1_285' title='bbox 307 1335 377 1362; x_wconf 78' lang='lat' dir='ltr'>edd.</span> <span class='ocrx_word' id='word_1_286' title='bbox 389 1337 465 1362; x_wconf 79' lang='lat' dir='ltr'>vett.</span> <span class='ocrx_word' id='word_1_287' title='bbox 480 1334 570 1362; x_wconf 80' lang='lat' dir='ltr'>Colv.</span> <span class='ocrx_word' id='word_1_288' title='bbox 597 1332 758 1369; x_wconf 74' lang='lat' dir='ltr'>naptv&#39;nae</span> <span class='ocrx_word' id='word_1_289' title='bbox 768 1333 803 1360; x_wconf 90' lang='grc'>0.</span> <span class='ocrx_word' id='word_1_290' title='bbox 827 1332 1070 1361; x_wconf 73' lang='lat' dir='ltr'>uocneP.1es1e</span> <span class='ocrx_word' id='word_1_291' title='bbox 1079 1333 1157 1360; x_wconf 85' lang='lat' dir='ltr'>Oud.</span> <span class='ocrx_word' id='word_1_292' title='bbox 1185 1332 1387 1359; x_wconf 73' lang='lat' dir='ltr'>cm-citer.</span> <span class='ocrx_word' id='word_1_293' title='bbox 1400 1340 1429 1365; x_wconf 83' lang='lat' dir='ltr'>p.</span> <span class='ocrx_word' id='word_1_294' title='bbox 1456 1329 1713 1358; x_wconf 70' lang='lat' dir='ltr'>moechuevmc.</span> <span class='ocrx_word' id='word_1_295' title='bbox 1724 1330 1866 1358; x_wconf 82' lang='lat' dir='ltr'>Scriver.</span> 
     </span>
    </p>
   </div>
   <div class='ocr_carea' id='block_1_21' title="bbox 75 1377 642 1502">
    <p class='ocr_par' dir='ltr' id='par_1_21' title="bbox 75 1377 642 1502">
     <span class='ocr_line' id='line_1_34' title="bbox 75 1377 632 1414; baseline 0 -8"><span class='ocrx_word' id='word_1_296' title='bbox 75 1377 161 1406; x_wconf 80' lang='lat' dir='ltr'>Prie.</span> <span class='ocrx_word' id='word_1_297' title='bbox 173 1386 213 1406; x_wconf 83' lang='lat' dir='ltr'>ex</span> <span class='ocrx_word' id='word_1_298' title='bbox 225 1379 384 1414; x_wconf 79' lang='lat' dir='ltr'>scaligeri</span> <span class='ocrx_word' id='word_1_299' title='bbox 399 1379 632 1407; x_wconf 74' lang='lat' dir='ltr'>emendatione.</span> 
     </span>
     <span class='ocr_line' id='line_1_35' title="bbox 77 1422 642 1461; baseline 0.002 -12"><span class='ocrx_word' id='word_1_300' title='bbox 77 1425 110 1449; x_wconf 77' lang='lat' dir='ltr'>te</span> <span class='ocrx_word' id='word_1_301' title='bbox 127 1425 219 1451; x_wconf 81' lang='lat' dir='ltr'>abest</span> <span class='ocrx_word' id='word_1_302' title='bbox 238 1430 259 1452; x_wconf 84' lang='lat' dir='ltr'>a</span> <span class='ocrx_word' id='word_1_303' title='bbox 280 1423 299 1452; x_wconf 79' lang='lat' dir='ltr'>f.</span> <span class='ocrx_word' id='word_1_304' title='bbox 338 1422 494 1461; x_wconf 74' lang='lat' dir='ltr'>fulsuris</span> <span class='ocrx_word' id='word_1_305' title='bbox 509 1425 545 1451; x_wconf 88' lang='lat' dir='ltr'>G.</span> <span class='ocrx_word' id='word_1_306' title='bbox 560 1426 589 1450; x_wconf 84' lang='lat'>2.</span> <span class='ocrx_word' id='word_1_307' title='bbox 605 1424 642 1450; x_wconf 88' lang='lat' dir='ltr'>D.</span> 
     </span>
     <span class='ocr_line' id='line_1_36' title="bbox 76 1466 401 1502; baseline 0.006 -8"><span class='ocrx_word' id='word_1_308' title='bbox 76 1466 143 1494; x_wconf 72' lang='lat' dir='ltr'>riri</span> <span class='ocrx_word' id='word_1_309' title='bbox 153 1475 208 1502; x_wconf 82' lang='lat' dir='ltr'>pro</span> <span class='ocrx_word' id='word_1_310' title='bbox 221 1468 306 1495; x_wconf 73' lang='lat' dir='ltr'>iuris</span> <span class='ocrx_word' id='word_1_311' title='bbox 321 1470 356 1497; x_wconf 88' lang='lat' dir='ltr'>G.</span> <span class='ocrx_word' id='word_1_312' title='bbox 376 1470 401 1496; x_wconf 80' lang='lat'>1.</span> 
     </span>
    </p>
   </div>
   <div class='ocr_carea' id='block_1_22' title="bbox 449 1374 1866 1503">
    <p class='ocr_par' dir='ltr' id='par_1_22' title="bbox 449 1374 1866 1503">
     <span class='ocr_line' id='line_1_37' title="bbox 683 1374 1866 1409; baseline -0.002 -5"><span class='ocrx_word' id='word_1_313' title='bbox 683 1376 898 1404; x_wconf 59' lang='lat' dir='ltr'>truculentae</span> <span class='ocrx_word' id='word_1_314' title='bbox 911 1385 937 1405; x_wconf 83' lang='lat' dir='ltr'>s</span> <span class='ocrx_word' id='word_1_315' title='bbox 955 1375 1143 1404; x_wconf 69' lang='lat' dir='ltr'>truculente</span> <span class='ocrx_word' id='word_1_316' title='bbox 1157 1385 1266 1404; x_wconf 63' lang='lat' dir='ltr'>omne&gt;-</span> <span class='ocrx_word' id='word_1_317' title='bbox 1281 1378 1370 1404; x_wconf 80' lang='lat' dir='ltr'>codd.</span> <span class='ocrx_word' id='word_1_318' title='bbox 1392 1380 1517 1409; x_wconf 68' lang='lat' dir='ltr'>praeter</span> <span class='ocrx_word' id='word_1_319' title='bbox 1536 1376 1571 1403; x_wconf 77' lang='lat' dir='ltr'>F.</span> <span class='ocrx_word' id='word_1_320' title='bbox 1596 1377 1622 1402; x_wconf 86' lang='lat'>1.</span> <span class='ocrx_word' id='word_1_321' title='bbox 1643 1376 1672 1402; x_wconf 91' lang='lat'>3.</span> <span class='ocrx_word' id='word_1_322' title='bbox 1695 1383 1725 1408; x_wconf 81' lang='lat' dir='ltr'>p.</span> <span class='ocrx_word' id='word_1_323' title='bbox 1746 1378 1775 1402; x_wconf 83' lang='lat' dir='ltr'>et</span> <span class='ocrx_word' id='word_1_324' title='bbox 1796 1374 1866 1402; x_wconf 79' lang='lat' dir='ltr'>edd.</span> 
     </span>
     <span class='ocr_line' id='line_1_38' title="bbox 690 1422 1341 1450; baseline 0 -1"><span class='ocrx_word' id='word_1_325' title='bbox 690 1422 810 1449; x_wconf 69' lang='lat' dir='ltr'>lctami</span> <span class='ocrx_word' id='word_1_326' title='bbox 833 1424 868 1450; x_wconf 78' lang='lat' dir='ltr'>G.</span> <span class='ocrx_word' id='word_1_327' title='bbox 884 1424 914 1449; x_wconf 76' lang='lat'>2.</span> <span class='ocrx_word' id='word_1_328' title='bbox 929 1422 964 1450; x_wconf 85' lang='lat' dir='ltr'>P.</span> <span class='ocrx_word' id='word_1_329' title='bbox 1012 1423 1227 1448; x_wconf 59' lang='lat' dir='ltr'>secer-natam</span> <span class='ocrx_word' id='word_1_330' title='bbox 1252 1422 1286 1449; x_wconf 70' lang='lat'>1³.</span> <span class='ocrx_word' id='word_1_331' title='bbox 1311 1422 1341 1449; x_wconf 86' lang='grc'>3.</span> 
     </span>
     <span class='ocr_line' id='line_1_39' title="bbox 449 1465 1030 1503; baseline 0 -8"><span class='ocrx_word' id='word_1_332' title='bbox 449 1468 583 1503; x_wconf 74' lang='lat' dir='ltr'>eapitis.</span> <span class='ocrx_word' id='word_1_333' title='bbox 611 1465 695 1494; x_wconf 69' lang='lat' dir='ltr'>Nam</span> <span class='ocrx_word' id='word_1_334' title='bbox 711 1470 882 1494; x_wconf 66' lang='lat' dir='ltr'>venustum</span> <span class='ocrx_word' id='word_1_335' title='bbox 898 1468 934 1494; x_wconf 82' lang='lat' dir='ltr'>G.</span> <span class='ocrx_word' id='word_1_336' title='bbox 949 1468 979 1494; x_wconf 78' lang='lat'>2.</span> <span class='ocrx_word' id='word_1_337' title='bbox 992 1469 1030 1495; x_wconf 86' lang='lat' dir='ltr'>D.</span> 
     </span>
    </p>
   </div>
   <div class='ocr_carea' id='block_1_23' title="bbox 1391 1416 1867 1454">
    <p class='ocr_par' dir='ltr' id='par_1_23' title="bbox 1391 1416 1867 1454">
     <span class='ocr_line' id='line_1_40' title="bbox 1391 1416 1867 1454; baseline -0.004 -7"><span class='ocrx_word' id='word_1_338' title='bbox 1391 1419 1514 1447; x_wconf 76' lang='lat' dir='ltr'>curabo</span> <span class='ocrx_word' id='word_1_339' title='bbox 1540 1427 1596 1454; x_wconf 78' lang='lat' dir='ltr'>pro</span> <span class='ocrx_word' id='word_1_340' title='bbox 1627 1418 1751 1445; x_wconf 66' lang='lat' dir='ltr'>act-alm</span> <span class='ocrx_word' id='word_1_341' title='bbox 1778 1416 1819 1446; x_wconf 57' lang='lat' dir='ltr'>G(</span> <span class='ocrx_word' id='word_1_342' title='bbox 1838 1420 1867 1445; x_wconf 80' lang='lat'>1.</span> 
     </span>
    </p>
   </div>
   <div class='ocr_carea' id='block_1_24' title="bbox 1080 1462 1868 1501">
    <p class='ocr_par' dir='ltr' id='par_1_24' title="bbox 1080 1462 1868 1501">
     <span class='ocr_line' id='line_1_41' title="bbox 1080 1462 1868 1501; baseline -0.003 -8"><span class='ocrx_word' id='word_1_343' title='bbox 1080 1469 1246 1493; x_wconf 75' lang='lat' dir='ltr'>reluslum</span> <span class='ocrx_word' id='word_1_344' title='bbox 1261 1468 1296 1494; x_wconf 84' lang='lat' dir='ltr'>G.</span> <span class='ocrx_word' id='word_1_345' title='bbox 1316 1467 1341 1494; x_wconf 89' lang='lat' dir='ltr'>l.</span> <span class='ocrx_word' id='word_1_346' title='bbox 1390 1468 1493 1501; x_wconf 73' lang='lat' dir='ltr'>alque</span> <span class='ocrx_word' id='word_1_347' title='bbox 1504 1462 1682 1500; x_wconf 73' lang='lat' dir='ltr'>pulc-ellum</span> <span class='ocrx_word' id='word_1_348' title='bbox 1695 1464 1730 1492; x_wconf 80' lang='lat' dir='ltr'>F.</span> <span class='ocrx_word' id='word_1_349' title='bbox 1748 1465 1776 1491; x_wconf 85' lang='lat'>1.</span> <span class='ocrx_word' id='word_1_350' title='bbox 1797 1464 1868 1491; x_wconf 74' lang='lat' dir='ltr'>edd.</span> 
     </span>
    </p>
   </div>
   <div class='ocr_carea' id='block_1_25' title="bbox 71 1508 1871 1727">
    <p class='ocr_par' dir='ltr' id='par_1_25' title="bbox 71 1508 1871 1727">
     <span class='ocr_line' id='line_1_42' title="bbox 77 1508 1867 1548; baseline -0.002 -9"><span class='ocrx_word' id='word_1_351' title='bbox 77 1516 151 1540; x_wconf 81' lang='lat' dir='ltr'>vett.</span> <span class='ocrx_word' id='word_1_352' title='bbox 173 1521 274 1546; x_wconf 85' lang='lat' dir='ltr'>usque</span> <span class='ocrx_word' id='word_1_353' title='bbox 292 1514 332 1542; x_wconf 87' lang='lat' dir='ltr'>ad</span> <span class='ocrx_word' id='word_1_354' title='bbox 352 1514 568 1541; x_wconf 69' lang='lat' dir='ltr'>Wowerium.</span> <span class='ocrx_word' id='word_1_355' title='bbox 594 1514 628 1540; x_wconf 84' lang='lat' dir='ltr'>ln</span> <span class='ocrx_word' id='word_1_356' title='bbox 650 1516 722 1541; x_wconf 80' lang='lat' dir='ltr'>cett.</span> <span class='ocrx_word' id='word_1_357' title='bbox 746 1515 897 1548; x_wconf 64' lang='lat' dir='ltr'>tamque.</span> <span class='ocrx_word' id='word_1_358' title='bbox 925 1513 1006 1545; x_wconf 81' lang='lat' dir='ltr'>quod</span> <span class='ocrx_word' id='word_1_359' title='bbox 1027 1513 1122 1539; x_wconf 78' lang='lat' dir='ltr'>etiam</span> <span class='ocrx_word' id='word_1_360' title='bbox 1144 1514 1179 1539; x_wconf 79' lang='lat' dir='ltr'>G.</span> <span class='ocrx_word' id='word_1_361' title='bbox 1204 1512 1229 1538; x_wconf 73' lang='lat'>1.</span> <span class='ocrx_word' id='word_1_362' title='bbox 1251 1512 1281 1538; x_wconf 76' lang='lat'>2.</span> <span class='ocrx_word' id='word_1_363' title='bbox 1303 1513 1437 1545; x_wconf 72' lang='lat' dir='ltr'>habent,</span> <span class='ocrx_word' id='word_1_364' title='bbox 1463 1517 1598 1543; x_wconf 86' lang='lat' dir='ltr'>quorum</span> <span class='ocrx_word' id='word_1_365' title='bbox 1617 1512 1770 1542; x_wconf 79' lang='lat' dir='ltr'>excerpta</span> <span class='ocrx_word' id='word_1_366' title='bbox 1788 1508 1867 1536; x_wconf 84' lang='lat' dir='ltr'>Oud.</span> 
     </span>
     <span class='ocr_line' id='line_1_43' title="bbox 74 1553 1869 1595; baseline -0.003 -9"><span class='ocrx_word' id='word_1_367' title='bbox 74 1560 185 1592; x_wconf 78' lang='lat' dir='ltr'>legunt</span> <span class='ocrx_word' id='word_1_368' title='bbox 199 1560 312 1595; x_wconf 76' lang='lat' dir='ltr'>atqur.</span> <span class='ocrx_word' id='word_1_369' title='bbox 356 1557 502 1594; x_wconf 79' lang='lat' dir='ltr'>puellum</span> <span class='ocrx_word' id='word_1_370' title='bbox 518 1560 633 1585; x_wconf 68' lang='lat' dir='ltr'>abesse</span> <span class='ocrx_word' id='word_1_371' title='bbox 647 1560 687 1586; x_wconf 77' lang='lat' dir='ltr'>ab</span> <span class='ocrx_word' id='word_1_372' title='bbox 703 1559 739 1585; x_wconf 90' lang='lat' dir='ltr'>B.</span> <span class='ocrx_word' id='word_1_373' title='bbox 754 1558 829 1586; x_wconf 74' lang='lat' dir='ltr'>dicit</span> <span class='ocrx_word' id='word_1_374' title='bbox 846 1559 926 1585; x_wconf 75' lang='lat' dir='ltr'>Elin.</span> <span class='ocrx_word' id='word_1_375' title='bbox 954 1556 1031 1589; x_wconf 75' lang='lat' dir='ltr'>ised</span> <span class='ocrx_word' id='word_1_376' title='bbox 1046 1557 1078 1584; x_wconf 84' lang='lat' dir='ltr'>in</span> <span class='ocrx_word' id='word_1_377' title='bbox 1092 1558 1164 1583; x_wconf 70' lang='lat' dir='ltr'>coll.</span> <span class='ocrx_word' id='word_1_378' title='bbox 1181 1556 1264 1584; x_wconf 72' lang='lat' dir='ltr'>Mod.</span> <span class='ocrx_word' id='word_1_379' title='bbox 1285 1555 1330 1583; x_wconf 85' lang='lat' dir='ltr'>nil</span> <span class='ocrx_word' id='word_1_380' title='bbox 1351 1556 1540 1583; x_wconf 81' lang='lat' dir='ltr'>adnotatum</span> <span class='ocrx_word' id='word_1_381' title='bbox 1559 1558 1617 1582; x_wconf 72' lang='lat' dir='ltr'>est.</span> <span class='ocrx_word' id='word_1_382' title='bbox 1643 1555 1686 1582; x_wconf 75' lang='lat' dir='ltr'>At</span> <span class='ocrx_word' id='word_1_383' title='bbox 1707 1553 1815 1587; x_wconf 77' lang='lat' dir='ltr'>potius</span> <span class='ocrx_word' id='word_1_384' title='bbox 1835 1553 1869 1580; x_wconf 80' lang='lat' dir='ltr'>in</span> 
     </span>
     <span class='ocr_line' id='line_1_44' title="bbox 75 1597 1870 1639; baseline -0.003 -9"><span class='ocrx_word' id='word_1_385' title='bbox 75 1603 284 1636; x_wconf 62' lang='lat' dir='ltr'>sequentibus</span> <span class='ocrx_word' id='word_1_386' title='bbox 296 1611 436 1639; x_wconf 76' lang='lat' dir='ltr'>puerum</span> <span class='ocrx_word' id='word_1_387' title='bbox 452 1604 533 1631; x_wconf 74' lang='lat' dir='ltr'>delet</span> <span class='ocrx_word' id='word_1_388' title='bbox 551 1602 602 1637; x_wconf 73' lang='lat'>13]</span> <span class='ocrx_word' id='word_1_389' title='bbox 646 1602 827 1638; x_wconf 71' lang='lat' dir='ltr'>partiaria</span> <span class='ocrx_word' id='word_1_390' title='bbox 846 1603 883 1630; x_wconf 81' lang='lat' dir='ltr'>R.</span> <span class='ocrx_word' id='word_1_391' title='bbox 905 1601 923 1628; x_wconf 81' lang='lat' dir='ltr'>t.</span> <span class='ocrx_word' id='word_1_392' title='bbox 950 1603 1038 1629; x_wconf 68' lang='lat' dir='ltr'>Male·</span> <span class='ocrx_word' id='word_1_393' title='bbox 1053 1602 1087 1629; x_wconf 63' lang='lat'>1..</span> <span class='ocrx_word' id='word_1_394' title='bbox 1110 1602 1276 1628; x_wconf 67' lang='lat' dir='ltr'>‹tort-›ans</span> <span class='ocrx_word' id='word_1_395' title='bbox 1297 1601 1337 1627; x_wconf 83' lang='lat' dir='ltr'>ad</span> <span class='ocrx_word' id='word_1_396' title='bbox 1351 1600 1452 1628; x_wconf 66' lang='lat' dir='ltr'>Tairit.</span> <span class='ocrx_word' id='word_1_397' title='bbox 1468 1600 1553 1627; x_wconf 77' lang='lat' dir='ltr'>Ann.</span> <span class='ocrx_word' id='word_1_398' title='bbox 1566 1600 1636 1627; x_wconf 85' lang='lat' dir='ltr'>XII.</span> <span class='ocrx_word' id='word_1_399' title='bbox 1651 1607 1681 1633; x_wconf 84' lang='lat' dir='ltr'>p.</span> <span class='ocrx_word' id='word_1_400' title='bbox 1697 1599 1772 1625; x_wconf 78' lang='lat'>652.</span> <span class='ocrx_word' id='word_1_401' title='bbox 1792 1597 1870 1631; x_wconf 82' lang='lat' dir='ltr'>legit</span> 
     </span>
     <span class='ocr_line' id='line_1_45' title="bbox 71 1640 1871 1683; baseline -0.003 -9"><span class='ocrx_word' id='word_1_402' title='bbox 71 1647 247 1683; x_wconf 73' lang='lat' dir='ltr'>partiario</span> <span class='ocrx_word' id='word_1_403' title='bbox 267 1649 350 1677; x_wconf 81' lang='lat' dir='ltr'>iure.</span> <span class='ocrx_word' id='word_1_404' title='bbox 375 1648 416 1677; x_wconf 85' lang='lat' dir='ltr'>cf.</span> <span class='ocrx_word' id='word_1_405' title='bbox 435 1650 474 1677; x_wconf 79' lang='lat' dir='ltr'>ad</span> <span class='ocrx_word' id='word_1_406' title='bbox 497 1651 572 1677; x_wconf 79' lang='lat' dir='ltr'>Mel.</span> <span class='ocrx_word' id='word_1_407' title='bbox 586 1649 670 1675; x_wconf 74' lang='lat' dir='ltr'>vlu.</span> <span class='ocrx_word' id='word_1_408' title='bbox 690 1656 718 1681; x_wconf 79' lang='grc' dir='ltr'>ιι.</span> <span class='ocrx_word' id='word_1_409' title='bbox 733 1649 809 1675; x_wconf 83' lang='grc'><strong>578.</strong></span> <span class='ocrx_word' id='word_1_410' title='bbox 845 1644 1082 1673; x_wconf 61' lang='grc' dir='ltr'>Ιυϊιηζυνιητίαν</span> <span class='ocrx_word' id='word_1_411' title='bbox 1103 1647 1135 1673; x_wconf 85' lang='grc'>1-“.</span> <span class='ocrx_word' id='word_1_412' title='bbox 1152 1648 1180 1672; x_wconf 71' lang='lat'>3.</span> <span class='ocrx_word' id='word_1_413' title='bbox 1195 1648 1230 1673; x_wconf 78' lang='lat' dir='ltr'>G.</span> <span class='ocrx_word' id='word_1_414' title='bbox 1250 1646 1276 1672; x_wconf 82' lang='lat'>1.</span> <span class='ocrx_word' id='word_1_415' title='bbox 1291 1642 1320 1673; x_wconf 71' lang='grc' dir='ltr'>δ’.</span> <span class='ocrx_word' id='word_1_416' title='bbox 1356 1641 1601 1682; x_wconf 70' lang='lat' dir='ltr'>liyrciscundae</span> <span class='ocrx_word' id='word_1_417' title='bbox 1620 1645 1657 1671; x_wconf 87' lang='lat' dir='ltr'>G.</span> <span class='ocrx_word' id='word_1_418' title='bbox 1673 1644 1701 1671; x_wconf 70' lang='lat'>2.</span> <span class='ocrx_word' id='word_1_419' title='bbox 1716 1644 1755 1671; x_wconf 89' lang='lat' dir='ltr'>D.</span> <span class='ocrx_word' id='word_1_420' title='bbox 1791 1640 1871 1669; x_wconf 73' lang='lat' dir='ltr'>laer-</span> 
     </span>
     <span class='ocr_line' id='line_1_46' title="bbox 75 1691 1240 1727; baseline -0.002 -8"><span class='ocrx_word' id='word_1_421' title='bbox 75 1691 255 1720; x_wconf 73' lang='lat' dir='ltr'>ci&#39;scundae</span> <span class='ocrx_word' id='word_1_422' title='bbox 273 1694 344 1722; x_wconf 82' lang='lat' dir='ltr'>edd.</span> <span class='ocrx_word' id='word_1_423' title='bbox 363 1696 438 1722; x_wconf 76' lang='lat' dir='ltr'>vett.</span> <span class='ocrx_word' id='word_1_424' title='bbox 459 1701 531 1721; x_wconf 86' lang='lat' dir='ltr'>cum</span> <span class='ocrx_word' id='word_1_425' title='bbox 551 1694 713 1727; x_wconf 75' lang='lat' dir='ltr'>plerisque</span> <span class='ocrx_word' id='word_1_426' title='bbox 732 1696 813 1721; x_wconf 69' lang='lat' dir='ltr'>mss.</span> <span class='ocrx_word' id='word_1_427' title='bbox 838 1692 879 1720; x_wconf 83' lang='lat' dir='ltr'>cf.</span> <span class='ocrx_word' id='word_1_428' title='bbox 900 1692 941 1719; x_wconf 79' lang='lat' dir='ltr'>ad</span> <span class='ocrx_word' id='word_1_429' title='bbox 957 1694 1032 1719; x_wconf 75' lang='lat' dir='ltr'>Met.</span> <span class='ocrx_word' id='word_1_430' title='bbox 1048 1693 1100 1719; x_wconf 73' lang='lat' dir='ltr'>vl.</span> <span class='ocrx_word' id='word_1_431' title='bbox 1121 1699 1149 1724; x_wconf 80' lang='lat' dir='ltr'>n.</span> <span class='ocrx_word' id='word_1_432' title='bbox 1165 1692 1240 1718; x_wconf 72' lang='lat'>441.</span> 
     </span>
    </p>
   </div>
   <div class='ocr_carea' id='block_1_26' title="bbox 75 1811 954 3157">
    <p class='ocr_par' dir='ltr' id='par_1_26' title="bbox 75 1811 946 2313">
     <span class='ocr_line' id='line_1_47' title="bbox 133 1811 943 1865; baseline -0.002 -13"><span class='ocrx_word' id='word_1_433' title='bbox 133 1814 370 1864; x_wconf 71' lang='lat' dir='ltr'>conspectui</span> <span class='ocrx_word' id='word_1_434' title='bbox 388 1816 586 1865; x_wconf 79' lang='lat' dir='ltr'>profano.</span> <span class='ocrx_word' id='word_1_435' title='bbox 634 1811 818 1850; x_wconf 82' lang='lat' dir='ltr'>Floridus</span> <span class='ocrx_word' id='word_1_436' title='bbox 844 1812 943 1850; x_wconf 84' lang='lat' dir='ltr'>haee</span> 
     </span>
     <span class='ocr_line' id='line_1_48' title="bbox 76 1868 944 1921; baseline -0.001 -14"><span class='ocrx_word' id='word_1_437' title='bbox 76 1869 252 1907; x_wconf 80' lang='lat' dir='ltr'>adnotat:</span> <span class='ocrx_word' id='word_1_438' title='bbox 278 1869 432 1921; x_wconf 85' lang='lat' dir='ltr'>Lepide</span> <span class='ocrx_word' id='word_1_439' title='bbox 457 1869 619 1915; x_wconf 87' lang='lat' dir='ltr'>dictum,</span> <span class='ocrx_word' id='word_1_440' title='bbox 654 1869 764 1919; x_wconf 84' lang='lat' dir='ltr'>quasi</span> <span class='ocrx_word' id='word_1_441' title='bbox 792 1868 944 1907; x_wconf 83' lang='lat' dir='ltr'>adulter</span> 
     </span>
     <span class='ocr_line' id='line_1_49' title="bbox 77 1924 943 1976; baseline 0 -14"><span class='ocrx_word' id='word_1_442' title='bbox 77 1924 143 1962; x_wconf 83' lang='lat' dir='ltr'>ille</span> <span class='ocrx_word' id='word_1_443' title='bbox 177 1938 331 1963; x_wconf 87' lang='lat' dir='ltr'>sacrum</span> <span class='ocrx_word' id='word_1_444' title='bbox 367 1925 460 1976; x_wconf 88' lang='lat' dir='ltr'>quid</span> <span class='ocrx_word' id='word_1_445' title='bbox 499 1925 658 1971; x_wconf 78' lang='lat' dir='ltr'>suisset,</span> <span class='ocrx_word' id='word_1_446' title='bbox 689 1924 794 1975; x_wconf 86' lang='lat' dir='ltr'>quod</span> <span class='ocrx_word' id='word_1_447' title='bbox 819 1924 943 1962; x_wconf 86' lang='lat' dir='ltr'>oculis</span> 
     </span>
     <span class='ocr_line' id='line_1_50' title="bbox 75 1981 945 2033; baseline -0.001 -14"><span class='ocrx_word' id='word_1_448' title='bbox 75 1981 272 2019; x_wconf 84' lang='lat' dir='ltr'>hominum</span> <span class='ocrx_word' id='word_1_449' title='bbox 297 1995 344 2020; x_wconf 84' lang='lat' dir='ltr'>ac</span> <span class='ocrx_word' id='word_1_450' title='bbox 373 1982 602 2033; x_wconf 88' lang='lat' dir='ltr'>praesertim</span> <span class='ocrx_word' id='word_1_451' title='bbox 632 1981 774 2026; x_wconf 88' lang='lat' dir='ltr'>mariti,</span> <span class='ocrx_word' id='word_1_452' title='bbox 809 1984 945 2031; x_wconf 84' lang='lat' dir='ltr'>utpote</span> 
     </span>
     <span class='ocr_line' id='line_1_51' title="bbox 77 2036 946 2088; baseline 0.001 -14"><span class='ocrx_word' id='word_1_453' title='bbox 77 2037 268 2088; x_wconf 75' lang='lat' dir='ltr'>profanis,</span> <span class='ocrx_word' id='word_1_454' title='bbox 294 2037 406 2076; x_wconf 86' lang='lat' dir='ltr'>nefas</span> <span class='ocrx_word' id='word_1_455' title='bbox 431 2041 541 2075; x_wconf 81' lang='lat' dir='ltr'>esset</span> <span class='ocrx_word' id='word_1_456' title='bbox 565 2037 762 2076; x_wconf 78' lang='lat' dir='ltr'>adhibere.</span> <span class='ocrx_word' id='word_1_457' title='bbox 793 2036 946 2075; x_wconf 82' lang='lat' dir='ltr'>Alludit</span> 
     </span>
     <span class='ocr_line' id='line_1_52' title="bbox 76 2092 946 2144; baseline 0 -14"><span class='ocrx_word' id='word_1_458' title='bbox 76 2093 127 2130; x_wconf 88' lang='lat' dir='ltr'>ad</span> <span class='ocrx_word' id='word_1_459' title='bbox 151 2092 272 2144; x_wconf 86' lang='lat' dir='ltr'>Orgia</span> <span class='ocrx_word' id='word_1_460' title='bbox 290 2093 436 2132; x_wconf 88' lang='lat' dir='ltr'>Bacchi</span> <span class='ocrx_word' id='word_1_461' title='bbox 461 2098 500 2131; x_wconf 90' lang='lat' dir='ltr'>et</span> <span class='ocrx_word' id='word_1_462' title='bbox 523 2094 711 2144; x_wconf 81' lang='lat' dir='ltr'>mysteria</span> <span class='ocrx_word' id='word_1_463' title='bbox 735 2093 946 2131; x_wconf 81' lang='lat' dir='ltr'>Eleusinae</span> 
     </span>
     <span class='ocr_line' id='line_1_53' title="bbox 78 2148 945 2200; baseline -0.001 -13"><span class='ocrx_word' id='word_1_464' title='bbox 78 2148 247 2196; x_wconf 85' lang='lat' dir='ltr'>Cereris,</span> <span class='ocrx_word' id='word_1_465' title='bbox 286 2162 388 2200; x_wconf 83' lang='lat' dir='ltr'>quae</span> <span class='ocrx_word' id='word_1_466' title='bbox 420 2150 529 2187; x_wconf 82' lang='lat' dir='ltr'>cistis</span> <span class='ocrx_word' id='word_1_467' title='bbox 560 2149 713 2188; x_wconf 85' lang='lat' dir='ltr'>condita</span> <span class='ocrx_word' id='word_1_468' title='bbox 743 2149 945 2187; x_wconf 85' lang='lat' dir='ltr'>subtrahe-</span> 
     </span>
     <span class='ocr_line' id='line_1_54' title="bbox 75 2205 945 2258; baseline -0.001 -15"><span class='ocrx_word' id='word_1_469' title='bbox 75 2206 212 2243; x_wconf 84' lang='lat' dir='ltr'>bantur</span> <span class='ocrx_word' id='word_1_470' title='bbox 225 2205 470 2256; x_wconf 81' lang='lat' dir='ltr'>profanorum</span> <span class='ocrx_word' id='word_1_471' title='bbox 484 2206 727 2258; x_wconf 83' lang='lat' dir='ltr'>conspectui,</span> <span class='ocrx_word' id='word_1_472' title='bbox 752 2219 800 2243; x_wconf 90' lang='lat' dir='ltr'>ne</span> <span class='ocrx_word' id='word_1_473' title='bbox 815 2218 945 2243; x_wconf 89' lang='lat' dir='ltr'>eorum</span> 
     </span>
     <span class='ocr_line' id='line_1_55' title="bbox 80 2261 465 2313; baseline 0.003 -15"><span class='ocrx_word' id='word_1_474' title='bbox 80 2261 164 2299; x_wconf 84' lang='lat' dir='ltr'>visu</span> <span class='ocrx_word' id='word_1_475' title='bbox 186 2261 465 2313; x_wconf 82' lang='lat' dir='ltr'>polluerentur.</span> 
     </span>
    </p>

    <p class='ocr_par' dir='ltr' id='par_1_27' title="bbox 77 2317 954 3157">
     <span class='ocr_line' id='line_1_56' title="bbox 134 2317 945 2357; baseline -0.001 -1"><span class='ocrx_word' id='word_1_476' title='bbox 134 2319 335 2357; x_wconf 78' lang='lat' dir='ltr'>naccinae</span> <span class='ocrx_word' id='word_1_477' title='bbox 347 2318 632 2357; x_wconf 75' lang='lat' dir='ltr'>truculentiae.</span> <span class='ocrx_word' id='word_1_478' title='bbox 663 2318 783 2356; x_wconf 83' lang='lat' dir='ltr'>Varie</span> <span class='ocrx_word' id='word_1_479' title='bbox 802 2318 851 2356; x_wconf 86' lang='lat' dir='ltr'>de</span> <span class='ocrx_word' id='word_1_480' title='bbox 869 2317 945 2355; x_wconf 90' lang='lat' dir='ltr'>hoc</span> 
     </span>
     <span class='ocr_line' id='line_1_57' title="bbox 78 2373 949 2424; baseline -0.001 -13"><span class='ocrx_word' id='word_1_481' title='bbox 78 2373 166 2412; x_wconf 87' lang='lat' dir='ltr'>loco</span> <span class='ocrx_word' id='word_1_482' title='bbox 190 2375 363 2412; x_wconf 82' lang='lat' dir='ltr'>sentiunt</span> <span class='ocrx_word' id='word_1_483' title='bbox 387 2375 630 2424; x_wconf 84' lang='lat' dir='ltr'>interpretes.</span> <span class='ocrx_word' id='word_1_484' title='bbox 676 2373 882 2418; x_wconf 79' lang='lat' dir='ltr'>Nonnulli,</span> <span class='ocrx_word' id='word_1_485' title='bbox 906 2377 949 2411; x_wconf 89' lang='lat' dir='ltr'>ut</span> 
     </span>
     <span class='ocr_line' id='line_1_58' title="bbox 79 2428 948 2476; baseline 0.001 -8"><span class='ocrx_word' id='word_1_486' title='bbox 79 2428 256 2476; x_wconf 86' lang='lat' dir='ltr'>Colvius,</span> <span class='ocrx_word' id='word_1_487' title='bbox 286 2430 402 2468; x_wconf 85' lang='lat' dir='ltr'>scribi</span> <span class='ocrx_word' id='word_1_488' title='bbox 435 2430 567 2468; x_wconf 79' lang='lat' dir='ltr'>volunt</span> <span class='ocrx_word' id='word_1_489' title='bbox 598 2430 789 2470; x_wconf 78' lang='lat' dir='ltr'>moechae</span> <span class='ocrx_word' id='word_1_490' title='bbox 812 2435 948 2469; x_wconf 85' lang='lat' dir='ltr'>trucu-</span> 
     </span>
     <span class='ocr_line' id='line_1_59' title="bbox 79 2485 949 2538; baseline -0.001 -14"><span class='ocrx_word' id='word_1_491' title='bbox 79 2485 229 2533; x_wconf 75' lang='lat' dir='ltr'>lentae,</span> <span class='ocrx_word' id='word_1_492' title='bbox 263 2491 306 2524; x_wconf 90' lang='lat' dir='ltr'>ut</span> <span class='ocrx_word' id='word_1_493' title='bbox 341 2487 392 2524; x_wconf 86' lang='lat' dir='ltr'>de</span> <span class='ocrx_word' id='word_1_494' title='bbox 421 2499 495 2525; x_wconf 86' lang='lat' dir='ltr'>sua</span> <span class='ocrx_word' id='word_1_495' title='bbox 524 2487 649 2538; x_wconf 85' lang='lat' dir='ltr'>ipsius</span> <span class='ocrx_word' id='word_1_496' title='bbox 679 2499 798 2524; x_wconf 83' lang='lat' dir='ltr'>uxore</span> <span class='ocrx_word' id='word_1_497' title='bbox 822 2486 949 2537; x_wconf 84' lang='lat' dir='ltr'>pistor</span> 
     </span>
     <span class='ocr_line' id='line_1_60' title="bbox 77 2540 949 2594; baseline 0.001 -15"><span class='ocrx_word' id='word_1_498' title='bbox 77 2540 285 2594; x_wconf 83' lang='lat' dir='ltr'>intelligat,</span> <span class='ocrx_word' id='word_1_499' title='bbox 322 2555 424 2593; x_wconf 87' lang='lat' dir='ltr'>quae</span> <span class='ocrx_word' id='word_1_500' title='bbox 454 2547 584 2581; x_wconf 87' lang='lat' dir='ltr'>tamen</span> <span class='ocrx_word' id='word_1_501' title='bbox 617 2542 825 2594; x_wconf 84' lang='lat' dir='ltr'>explicatio</span> <span class='ocrx_word' id='word_1_502' title='bbox 863 2542 949 2580; x_wconf 81' lang='lat' dir='ltr'>ferri</span> 
     </span>
     <span class='ocr_line' id='line_1_61' title="bbox 78 2597 950 2650; baseline -0.001 -14"><span class='ocrx_word' id='word_1_503' title='bbox 78 2611 154 2636; x_wconf 88' lang='lat' dir='ltr'>non</span> <span class='ocrx_word' id='word_1_504' title='bbox 177 2602 327 2649; x_wconf 83' lang='lat' dir='ltr'>potest,</span> <span class='ocrx_word' id='word_1_505' title='bbox 353 2612 469 2650; x_wconf 88' lang='lat' dir='ltr'>quum</span> <span class='ocrx_word' id='word_1_506' title='bbox 485 2599 550 2638; x_wconf 86' lang='lat' dir='ltr'>illa</span> <span class='ocrx_word' id='word_1_507' title='bbox 569 2599 724 2636; x_wconf 88' lang='lat' dir='ltr'>minime</span> <span class='ocrx_word' id='word_1_508' title='bbox 743 2597 950 2636; x_wconf 86' lang='lat' dir='ltr'>crudeliter</span> 
     </span>
     <span class='ocr_line' id='line_1_62' title="bbox 80 2654 952 2701; baseline -0.001 -9"><span class='ocrx_word' id='word_1_509' title='bbox 80 2654 317 2693; x_wconf 77' lang='lat' dir='ltr'>consuluerit</span> <span class='ocrx_word' id='word_1_510' title='bbox 347 2656 382 2693; x_wconf 92' lang='lat' dir='ltr'>in</span> <span class='ocrx_word' id='word_1_511' title='bbox 415 2654 650 2701; x_wconf 85' lang='lat' dir='ltr'>adulterum,</span> <span class='ocrx_word' id='word_1_512' title='bbox 688 2658 728 2693; x_wconf 89' lang='lat' dir='ltr'>et</span> <span class='ocrx_word' id='word_1_513' title='bbox 757 2654 952 2693; x_wconf 86' lang='lat' dir='ltr'>vocabula</span> 
     </span>
     <span class='ocr_line' id='line_1_63' title="bbox 80 2709 951 2763; baseline -0.001 -15"><span class='ocrx_word' id='word_1_514' title='bbox 80 2709 138 2749; x_wconf 80' lang='lat' dir='ltr'>ad</span> <span class='ocrx_word' id='word_1_515' title='bbox 160 2711 391 2763; x_wconf 76' lang='lat' dir='ltr'>exemplum</span> <span class='ocrx_word' id='word_1_516' title='bbox 420 2712 608 2756; x_wconf 87' lang='lat' dir='ltr'>indicent,</span> <span class='ocrx_word' id='word_1_517' title='bbox 634 2711 684 2749; x_wconf 87' lang='lat' dir='ltr'>ad</span> <span class='ocrx_word' id='word_1_518' title='bbox 708 2712 874 2762; x_wconf 81' lang='lat' dir='ltr'>priorem</span> <span class='ocrx_word' id='word_1_519' title='bbox 901 2710 951 2748; x_wconf 88' lang='lat' dir='ltr'>de</span> 
     </span>
     <span class='ocr_line' id='line_1_64' title="bbox 78 2764 952 2806; baseline 0 -3"><span class='ocrx_word' id='word_1_520' title='bbox 78 2764 228 2804; x_wconf 78' lang='lat' dir='ltr'>sunone</span> <span class='ocrx_word' id='word_1_521' title='bbox 262 2768 521 2806; x_wconf 84' lang='lat' dir='ltr'>narrationem</span> <span class='ocrx_word' id='word_1_522' title='bbox 558 2767 659 2806; x_wconf 89' lang='lat' dir='ltr'>haec</span> <span class='ocrx_word' id='word_1_523' title='bbox 693 2768 813 2805; x_wconf 84' lang='lat' dir='ltr'>verba</span> <span class='ocrx_word' id='word_1_524' title='bbox 854 2766 952 2804; x_wconf 86' lang='lat' dir='ltr'>refe-</span> 
     </span>
     <span class='ocr_line' id='line_1_65' title="bbox 78 2821 954 2876; baseline 0.002 -17"><span class='ocrx_word' id='word_1_525' title='bbox 78 2821 201 2860; x_wconf 81' lang='lat' dir='ltr'>renda</span> <span class='ocrx_word' id='word_1_526' title='bbox 223 2835 327 2862; x_wconf 82' lang='lat' dir='ltr'>esse.</span> <span class='ocrx_word' id='word_1_527' title='bbox 373 2822 490 2870; x_wconf 86' lang='lat' dir='ltr'>Quod</span> <span class='ocrx_word' id='word_1_528' title='bbox 515 2824 756 2876; x_wconf 77' lang='lat' dir='ltr'>perspiciens</span> <span class='ocrx_word' id='word_1_529' title='bbox 781 2823 954 2861; x_wconf 72' lang='lat' dir='ltr'>VVower.</span> 
     </span>
     <span class='ocr_line' id='line_1_66' title="bbox 82 2878 952 2929; baseline 0.002 -15"><span class='ocrx_word' id='word_1_530' title='bbox 82 2878 304 2918; x_wconf 78' lang='lat' dir='ltr'>emendavit</span> <span class='ocrx_word' id='word_1_531' title='bbox 331 2893 485 2919; x_wconf 80' lang='lat' dir='ltr'>naccae</span> <span class='ocrx_word' id='word_1_532' title='bbox 516 2878 577 2918; x_wconf 90' lang='lat' dir='ltr'>vel</span> <span class='ocrx_word' id='word_1_533' title='bbox 606 2881 817 2925; x_wconf 76' lang='lat' dir='ltr'>nactinae,</span> <span class='ocrx_word' id='word_1_534' title='bbox 848 2878 952 2929; x_wconf 89' lang='lat' dir='ltr'>quod</span> 
     </span>
     <span class='ocr_line' id='line_1_67' title="bbox 82 2935 954 2988; baseline 0 -16"><span class='ocrx_word' id='word_1_535' title='bbox 82 2946 154 2984; x_wconf 86' lang='lat' dir='ltr'>pro</span> <span class='ocrx_word' id='word_1_536' title='bbox 176 2947 321 2973; x_wconf 81' lang='lat' dir='ltr'>naccae</span> <span class='ocrx_word' id='word_1_537' title='bbox 339 2949 462 2974; x_wconf 85' lang='lat' dir='ltr'>uxore</span> <span class='ocrx_word' id='word_1_538' title='bbox 482 2936 556 2975; x_wconf 90' lang='lat' dir='ltr'>dici</span> <span class='ocrx_word' id='word_1_539' title='bbox 580 2936 759 2988; x_wconf 83' lang='lat' dir='ltr'>potuisse</span> <span class='ocrx_word' id='word_1_540' title='bbox 772 2935 954 2973; x_wconf 86' lang='lat' dir='ltr'>iudicavit</span> 
     </span>
     <span class='ocr_line' id='line_1_68' title="bbox 81 2987 953 3042; baseline 0.003 -16"><span class='ocrx_word' id='word_1_541' title='bbox 81 2987 146 3027; x_wconf 88' lang='lat' dir='ltr'>vel</span> <span class='ocrx_word' id='word_1_542' title='bbox 169 2991 370 3038; x_wconf 71' lang='lat' dir='ltr'>moechae,</span> <span class='ocrx_word' id='word_1_543' title='bbox 396 2993 502 3042; x_wconf 90' lang='lat' dir='ltr'>quod</span> <span class='ocrx_word' id='word_1_544' title='bbox 532 2992 582 3032; x_wconf 86' lang='lat' dir='ltr'>ad</span> <span class='ocrx_word' id='word_1_545' title='bbox 605 3005 768 3030; x_wconf 82' lang='lat' dir='ltr'>uxorem</span> <span class='ocrx_word' id='word_1_546' title='bbox 794 2990 953 3030; x_wconf 84' lang='lat' dir='ltr'>fullonis</span> 
     </span>
     <span class='ocr_line' id='line_1_69' title="bbox 81 3043 952 3098; baseline 0.001 -15"><span class='ocrx_word' id='word_1_547' title='bbox 81 3043 226 3092; x_wconf 81' lang='lat' dir='ltr'>retulit,</span> <span class='ocrx_word' id='word_1_548' title='bbox 250 3059 367 3098; x_wconf 87' lang='lat' dir='ltr'>quam</span> <span class='ocrx_word' id='word_1_549' title='bbox 385 3052 513 3087; x_wconf 89' lang='lat' dir='ltr'>tamen</span> <span class='ocrx_word' id='word_1_550' title='bbox 533 3052 640 3087; x_wconf 83' lang='lat' dir='ltr'>recte</span> <span class='ocrx_word' id='word_1_551' title='bbox 658 3048 785 3087; x_wconf 86' lang='lat' dir='ltr'>sensit</span> <span class='ocrx_word' id='word_1_552' title='bbox 797 3047 952 3086; x_wconf 88' lang='lat' dir='ltr'>invitam</span> 
     </span>
     <span class='ocr_line' id='line_1_70' title="bbox 82 3102 953 3157; baseline 0 -17"><span class='ocrx_word' id='word_1_553' title='bbox 82 3114 251 3141; x_wconf 77' lang='lat' dir='ltr'>necasse</span> <span class='ocrx_word' id='word_1_554' title='bbox 263 3102 616 3157; x_wconf 85' lang='lat' dir='ltr'>adulterum,quum</span> <span class='ocrx_word' id='word_1_555' title='bbox 629 3104 806 3144; x_wconf 87' lang='lat' dir='ltr'>machina</span> <span class='ocrx_word' id='word_1_556' title='bbox 821 3103 953 3157; x_wconf 85' lang='lat' dir='ltr'>potius</span> 
     </span>
    </p>
   </div>
   <div class='ocr_carea' id='block_1_27' title="bbox 1002 1808 1882 3153">
    <p class='ocr_par' dir='ltr' id='par_1_28' title="bbox 1002 1808 1882 3153">
     <span class='ocr_line' id='line_1_71' title="bbox 1002 1808 1869 1849; baseline -0.001 -1"><span class='ocrx_word' id='word_1_557' title='bbox 1002 1825 1088 1848; x_wconf 84' lang='lat' dir='ltr'>eum</span> <span class='ocrx_word' id='word_1_558' title='bbox 1121 1811 1331 1849; x_wconf 80' lang='lat' dir='ltr'>occidisset</span> <span class='ocrx_word' id='word_1_559' title='bbox 1362 1810 1528 1848; x_wconf 87' lang='lat' dir='ltr'>viminea</span> <span class='ocrx_word' id='word_1_560' title='bbox 1556 1808 1707 1847; x_wconf 81' lang='lat' dir='ltr'>scilicet</span> <span class='ocrx_word' id='word_1_561' title='bbox 1737 1821 1869 1847; x_wconf 83' lang='lat' dir='ltr'>cavea.</span> 
     </span>
     <span class='ocr_line' id='line_1_72' title="bbox 1002 1866 1872 1918; baseline -0.003 -13"><span class='ocrx_word' id='word_1_562' title='bbox 1002 1868 1211 1918; x_wconf 81' lang='lat' dir='ltr'>Scioppius</span> <span class='ocrx_word' id='word_1_563' title='bbox 1223 1881 1294 1917; x_wconf 87' lang='lat' dir='ltr'>per</span> <span class='ocrx_word' id='word_1_564' title='bbox 1303 1880 1383 1904; x_wconf 81' lang='lat' dir='ltr'>voc.</span> <span class='ocrx_word' id='word_1_565' title='bbox 1393 1867 1563 1905; x_wconf 77' lang='lat' dir='ltr'>nactina</span> <span class='ocrx_word' id='word_1_566' title='bbox 1571 1878 1729 1903; x_wconf 86' lang='lat' dir='ltr'>naccam</span> <span class='ocrx_word' id='word_1_567' title='bbox 1744 1866 1872 1915; x_wconf 86' lang='lat' dir='ltr'>ipsum</span> 
     </span>
     <span class='ocr_line' id='line_1_73' title="bbox 1002 1919 1871 1970; baseline -0.005 -9"><span class='ocrx_word' id='word_1_568' title='bbox 1002 1923 1213 1970; x_wconf 78' lang='lat' dir='ltr'>intellexit3</span> <span class='ocrx_word' id='word_1_569' title='bbox 1250 1922 1459 1961; x_wconf 73' lang='lat' dir='ltr'>‹l&#39;Orleans</span> <span class='ocrx_word' id='word_1_570' title='bbox 1490 1921 1539 1961; x_wconf 86' lang='lat' dir='ltr'>ad</span> <span class='ocrx_word' id='word_1_571' title='bbox 1572 1921 1668 1960; x_wconf 85' lang='lat' dir='ltr'>Tac.</span> <span class='ocrx_word' id='word_1_572' title='bbox 1698 1921 1799 1959; x_wconf 84' lang='lat' dir='ltr'>Ann.</span> <span class='ocrx_word' id='word_1_573' title='bbox 1825 1919 1871 1958; x_wconf 86' lang='lat' dir='ltr'>ll.</span> 
     </span>
     <span class='ocr_line' id='line_1_74' title="bbox 1003 1977 1872 2031; baseline -0.005 -14"><span class='ocrx_word' id='word_1_574' title='bbox 1003 1994 1039 2031; x_wconf 92' lang='lat' dir='ltr'>p.</span> <span class='ocrx_word' id='word_1_575' title='bbox 1056 1984 1150 2020; x_wconf 82' lang='lat'>258.</span> <span class='ocrx_word' id='word_1_576' title='bbox 1174 1980 1218 2017; x_wconf 82' lang='lat' dir='ltr'>in</span> <span class='ocrx_word' id='word_1_577' title='bbox 1236 1979 1426 2018; x_wconf 77' lang='lat' dir='ltr'>machina</span> <span class='ocrx_word' id='word_1_578' title='bbox 1446 1977 1677 2018; x_wconf 77' lang='lat' dir='ltr'>truculenta</span> <span class='ocrx_word' id='word_1_579' title='bbox 1698 1977 1872 2022; x_wconf 79' lang='lat' dir='ltr'>coniecit,</span> 
     </span>
     <span class='ocr_line' id='line_1_75' title="bbox 1004 2034 1874 2085; baseline -0.006 -10"><span class='ocrx_word' id='word_1_580' title='bbox 1004 2036 1243 2085; x_wconf 74' lang='lat' dir='ltr'>Schoetgen.</span> <span class='ocrx_word' id='word_1_581' title='bbox 1269 2048 1303 2085; x_wconf 89' lang='lat' dir='ltr'>p.</span> <span class='ocrx_word' id='word_1_582' title='bbox 1332 2039 1368 2075; x_wconf 88' lang='lat'>3.</span> <span class='ocrx_word' id='word_1_583' title='bbox 1396 2034 1445 2072; x_wconf 89' lang='lat' dir='ltr'>de</span> <span class='ocrx_word' id='word_1_584' title='bbox 1471 2034 1634 2072; x_wconf 84' lang='lat' dir='ltr'>fullonia</span> <span class='ocrx_word' id='word_1_585' title='bbox 1660 2034 1874 2072; x_wconf 80' lang='lat' dir='ltr'>naccinam</span> 
     </span>
     <span class='ocr_line' id='line_1_76' title="bbox 1003 2088 1874 2143; baseline -0.005 -13"><span class='ocrx_word' id='word_1_586' title='bbox 1003 2105 1035 2130; x_wconf 88' lang='lat' dir='ltr'>s.</span> <span class='ocrx_word' id='word_1_587' title='bbox 1060 2093 1195 2143; x_wconf 85' lang='lat' dir='ltr'>potius</span> <span class='ocrx_word' id='word_1_588' title='bbox 1225 2093 1433 2130; x_wconf 77' lang='lat' dir='ltr'>nactinam</span> <span class='ocrx_word' id='word_1_589' title='bbox 1463 2089 1730 2128; x_wconf 88' lang='lat' dir='ltr'>truculentiam</span> <span class='ocrx_word' id='word_1_590' title='bbox 1755 2088 1874 2140; x_wconf 86' lang='lat' dir='ltr'>expli-</span> 
     </span>
     <span class='ocr_line' id='line_1_77' title="bbox 1004 2145 1874 2197; baseline -0.003 -11"><span class='ocrx_word' id='word_1_591' title='bbox 1004 2150 1105 2187; x_wconf 86' lang='lat' dir='ltr'>cavit</span> <span class='ocrx_word' id='word_1_592' title='bbox 1133 2148 1272 2193; x_wconf 83' lang='lat' dir='ltr'>tatem,</span> <span class='ocrx_word' id='word_1_593' title='bbox 1303 2147 1407 2197; x_wconf 88' lang='lat' dir='ltr'>quali</span> <span class='ocrx_word' id='word_1_594' title='bbox 1439 2145 1534 2185; x_wconf 85' lang='lat' dir='ltr'>fullo</span> <span class='ocrx_word' id='word_1_595' title='bbox 1565 2149 1700 2185; x_wconf 83' lang='lat' dir='ltr'>tractat</span> <span class='ocrx_word' id='word_1_596' title='bbox 1725 2158 1874 2196; x_wconf 68' lang='lat' dir='ltr'>pannos¹</span> 
     </span>
     <span class='ocr_line' id='line_1_78' title="bbox 1003 2202 1876 2252; baseline -0.005 -9"><span class='ocrx_word' id='word_1_597' title='bbox 1003 2218 1118 2249; x_wconf 83' lang='lat' dir='ltr'>suos,</span> <span class='ocrx_word' id='word_1_598' title='bbox 1144 2217 1229 2242; x_wconf 90' lang='lat' dir='ltr'>cum</span> <span class='ocrx_word' id='word_1_599' title='bbox 1256 2208 1359 2241; x_wconf 88' lang='lat' dir='ltr'>certo</span> <span class='ocrx_word' id='word_1_600' title='bbox 1381 2204 1522 2241; x_wconf 86' lang='lat' dir='ltr'>certius</span> <span class='ocrx_word' id='word_1_601' title='bbox 1540 2202 1724 2252; x_wconf 85' lang='lat' dir='ltr'>respiciat</span> <span class='ocrx_word' id='word_1_602' title='bbox 1743 2205 1876 2240; x_wconf 83' lang='lat' dir='ltr'>auctor</span> 
     </span>
     <span class='ocr_line' id='line_1_79' title="bbox 1004 2258 1875 2311; baseline -0.006 -12"><span class='ocrx_word' id='word_1_603' title='bbox 1004 2261 1051 2300; x_wconf 87' lang='lat' dir='ltr'>ad</span> <span class='ocrx_word' id='word_1_604' title='bbox 1078 2260 1301 2305; x_wconf 88' lang='lat' dir='ltr'>moechum,</span> <span class='ocrx_word' id='word_1_605' title='bbox 1326 2272 1396 2311; x_wconf 87' lang='lat' dir='ltr'>per</span> <span class='ocrx_word' id='word_1_606' title='bbox 1419 2271 1563 2298; x_wconf 85' lang='lat' dir='ltr'>naccae</span> <span class='ocrx_word' id='word_1_607' title='bbox 1582 2271 1740 2297; x_wconf 83' lang='lat' dir='ltr'>uxorem</span> <span class='ocrx_word' id='word_1_608' title='bbox 1761 2258 1875 2295; x_wconf 83' lang='lat' dir='ltr'>alveo</span> 
     </span>
     <span class='ocr_line' id='line_1_80' title="bbox 1003 2313 1875 2365; baseline -0.005 -10"><span class='ocrx_word' id='word_1_609' title='bbox 1003 2316 1192 2355; x_wconf 81' lang='lat' dir='ltr'>sulfurato</span> <span class='ocrx_word' id='word_1_610' title='bbox 1216 2315 1498 2354; x_wconf 83' lang='lat' dir='ltr'>absconditum.</span> <span class='ocrx_word' id='word_1_611' title='bbox 1537 2314 1665 2361; x_wconf 84' lang='lat' dir='ltr'>Quum</span> <span class='ocrx_word' id='word_1_612' title='bbox 1680 2327 1771 2352; x_wconf 89' lang='lat' dir='ltr'>vero</span> <span class='ocrx_word' id='word_1_613' title='bbox 1790 2313 1875 2365; x_wconf 89' lang='lat' dir='ltr'>plu-</span> 
     </span>
     <span class='ocr_line' id='line_1_81' title="bbox 1005 2372 1876 2412; baseline -0.005 -1"><span class='ocrx_word' id='word_1_614' title='bbox 1005 2373 1086 2411; x_wconf 89' lang='lat' dir='ltr'>rimi</span> <span class='ocrx_word' id='word_1_615' title='bbox 1097 2373 1208 2412; x_wconf 88' lang='lat' dir='ltr'>codd.</span> <span class='ocrx_word' id='word_1_616' title='bbox 1220 2372 1255 2410; x_wconf 89' lang='lat' dir='ltr'>in</span> <span class='ocrx_word' id='word_1_617' title='bbox 1266 2372 1698 2411; x_wconf 79' lang='lat' dir='ltr'>lectionetruculentae</span> <span class='ocrx_word' id='word_1_618' title='bbox 1712 2382 1876 2408; x_wconf 82' lang='lat' dir='ltr'>consen-</span> 
     </span>
     <span class='ocr_line' id='line_1_82' title="bbox 1005 2425 1880 2478; baseline -0.005 -11"><span class='ocrx_word' id='word_1_619' title='bbox 1005 2431 1099 2467; x_wconf 86' lang='lat' dir='ltr'>tiant</span> <span class='ocrx_word' id='word_1_620' title='bbox 1118 2434 1158 2467; x_wconf 87' lang='lat' dir='ltr'>et</span> <span class='ocrx_word' id='word_1_621' title='bbox 1179 2428 1337 2466; x_wconf 84' lang='lat' dir='ltr'>fullonis</span> <span class='ocrx_word' id='word_1_622' title='bbox 1359 2429 1468 2466; x_wconf 84' lang='lat' dir='ltr'>uxori</span> <span class='ocrx_word' id='word_1_623' title='bbox 1482 2428 1607 2478; x_wconf 83' lang='lat' dir='ltr'>magis</span> <span class='ocrx_word' id='word_1_624' title='bbox 1622 2425 1880 2465; x_wconf 84' lang='lat' dir='ltr'>adscribenda.</span> 
     </span>
     <span class='ocr_line' id='line_1_83' title="bbox 1006 2481 1878 2533; baseline -0.003 -12"><span class='ocrx_word' id='word_1_625' title='bbox 1006 2486 1057 2522; x_wconf 74' lang='lat' dir='ltr'>sit</span> <span class='ocrx_word' id='word_1_626' title='bbox 1081 2485 1183 2523; x_wconf 91' lang='lat' dir='ltr'>illius</span> <span class='ocrx_word' id='word_1_627' title='bbox 1207 2484 1360 2523; x_wconf 86' lang='lat' dir='ltr'>moechi</span> <span class='ocrx_word' id='word_1_628' title='bbox 1383 2497 1488 2522; x_wconf 88' lang='lat' dir='ltr'>mors</span> <span class='ocrx_word' id='word_1_629' title='bbox 1508 2496 1623 2533; x_wconf 86' lang='lat' dir='ltr'>quam</span> <span class='ocrx_word' id='word_1_630' title='bbox 1642 2483 1715 2533; x_wconf 84' lang='lat' dir='ltr'>ipsi</span> <span class='ocrx_word' id='word_1_631' title='bbox 1730 2481 1878 2525; x_wconf 82' lang='lat' dir='ltr'>fulloni,</span> 
     </span>
     <span class='ocr_line' id='line_1_84' title="bbox 1007 2535 1880 2592; baseline -0.005 -12"><span class='ocrx_word' id='word_1_632' title='bbox 1007 2540 1106 2580; x_wconf 86' lang='lat' dir='ltr'>Oud.</span> <span class='ocrx_word' id='word_1_633' title='bbox 1131 2556 1205 2580; x_wconf 92' lang='lat' dir='ltr'>non</span> <span class='ocrx_word' id='word_1_634' title='bbox 1227 2541 1375 2580; x_wconf 85' lang='lat' dir='ltr'>alienus</span> <span class='ocrx_word' id='word_1_635' title='bbox 1392 2545 1459 2592; x_wconf 73' lang='lat' dir='ltr'>est</span> <span class='ocrx_word' id='word_1_636' title='bbox 1473 2554 1497 2578; x_wconf 90' lang='lat' dir='ltr'>a</span> <span class='ocrx_word' id='word_1_637' title='bbox 1512 2535 1676 2578; x_wconf 79' lang='lat' dir='ltr'>lectione</span> <span class='ocrx_word' id='word_1_638' title='bbox 1690 2539 1880 2577; x_wconf 75' lang='lat' dir='ltr'>miotinae</span> 
     </span>
     <span class='ocr_line' id='line_1_85' title="bbox 1007 2594 1877 2644; baseline -0.007 -8"><span class='ocrx_word' id='word_1_639' title='bbox 1007 2598 1262 2637; x_wconf 78' lang='lat' dir='ltr'>truculentae</span> <span class='ocrx_word' id='word_1_640' title='bbox 1298 2610 1383 2635; x_wconf 89' lang='lat' dir='ltr'>cum</span> <span class='ocrx_word' id='word_1_641' title='bbox 1420 2596 1592 2634; x_wconf 82' lang='lat' dir='ltr'>Wower.</span> <span class='ocrx_word' id='word_1_642' title='bbox 1630 2600 1670 2633; x_wconf 83' lang='lat' dir='ltr'>et</span> <span class='ocrx_word' id='word_1_643' title='bbox 1699 2594 1877 2644; x_wconf 88' lang='lat' dir='ltr'>Sciopp.,</span> 
     </span>
     <span class='ocr_line' id='line_1_86' title="bbox 1008 2649 1879 2704; baseline -0.005 -13"><span class='ocrx_word' id='word_1_644' title='bbox 1008 2667 1123 2704; x_wconf 88' lang='lat' dir='ltr'>quem</span> <span class='ocrx_word' id='word_1_645' title='bbox 1148 2654 1236 2692; x_wconf 85' lang='lat' dir='ltr'>vide</span> <span class='ocrx_word' id='word_1_646' title='bbox 1260 2654 1295 2691; x_wconf 90' lang='lat' dir='ltr'>iu</span> <span class='ocrx_word' id='word_1_647' title='bbox 1323 2652 1448 2704; x_wconf 82' lang='lat' dir='ltr'>Epist.</span> <span class='ocrx_word' id='word_1_648' title='bbox 1475 2651 1589 2703; x_wconf 90' lang='lat' dir='ltr'>Corp.</span> <span class='ocrx_word' id='word_1_649' title='bbox 1616 2650 1663 2690; x_wconf 85' lang='lat' dir='ltr'>T.</span> <span class='ocrx_word' id='word_1_650' title='bbox 1687 2649 1732 2688; x_wconf 88' lang='lat' dir='ltr'>ll.</span> <span class='ocrx_word' id='word_1_651' title='bbox 1758 2663 1795 2700; x_wconf 92' lang='lat' dir='ltr'>p.</span> <span class='ocrx_word' id='word_1_652' title='bbox 1810 2653 1879 2690; x_wconf 84' lang='lat'>52.</span> 
     </span>
     <span class='ocr_line' id='line_1_87' title="bbox 1009 2709 1880 2758; baseline -0.005 -11"><span class='ocrx_word' id='word_1_653' title='bbox 1009 2714 1048 2748; x_wconf 88' lang='lat' dir='ltr'>et</span> <span class='ocrx_word' id='word_1_654' title='bbox 1062 2710 1208 2748; x_wconf 88' lang='lat' dir='ltr'>Ferrar.</span> <span class='ocrx_word' id='word_1_655' title='bbox 1227 2709 1290 2747; x_wconf 83' lang='lat' dir='ltr'>Ll.</span> <span class='ocrx_word' id='word_1_656' title='bbox 1305 2723 1338 2747; x_wconf 91' lang='lat' dir='ltr'>c.</span> <span class='ocrx_word' id='word_1_657' title='bbox 1358 2714 1419 2749; x_wconf 85' lang='lat'>15.</span> <span class='ocrx_word' id='word_1_658' title='bbox 1443 2709 1630 2746; x_wconf 85' lang='lat' dir='ltr'>Attamen</span> <span class='ocrx_word' id='word_1_659' title='bbox 1649 2709 1735 2758; x_wconf 82' lang='lat' dir='ltr'>ipse</span> <span class='ocrx_word' id='word_1_660' title='bbox 1749 2709 1880 2744; x_wconf 82' lang='lat' dir='ltr'>servat</span> 
     </span>
     <span class='ocr_line' id='line_1_88' title="bbox 1009 2762 1878 2815; baseline -0.007 -10"><span class='ocrx_word' id='word_1_661' title='bbox 1009 2767 1209 2805; x_wconf 77' lang='lat' dir='ltr'>naccinae</span> <span class='ocrx_word' id='word_1_662' title='bbox 1244 2765 1516 2804; x_wconf 79' lang='lat' dir='ltr'>truculentiae</span> <span class='ocrx_word' id='word_1_663' title='bbox 1550 2778 1620 2815; x_wconf 88' lang='lat' dir='ltr'>pro</span> <span class='ocrx_word' id='word_1_664' title='bbox 1657 2762 1878 2807; x_wconf 78' lang='lat' dir='ltr'>fullonicae.</span> 
     </span>
     <span class='ocr_line' id='line_1_89' title="bbox 1011 2819 1881 2872; baseline -0.006 -12"><span class='ocrx_word' id='word_1_665' title='bbox 1011 2821 1098 2860; x_wconf 76' lang='lat' dir='ltr'>sive</span> <span class='ocrx_word' id='word_1_666' title='bbox 1135 2821 1240 2872; x_wconf 90' lang='lat' dir='ltr'>quod</span> <span class='ocrx_word' id='word_1_667' title='bbox 1276 2820 1372 2858; x_wconf 84' lang='lat' dir='ltr'>fullo</span> <span class='ocrx_word' id='word_1_668' title='bbox 1408 2819 1614 2858; x_wconf 89' lang='lat' dir='ltr'>moechum</span> <span class='ocrx_word' id='word_1_669' title='bbox 1650 2820 1707 2858; x_wconf 86' lang='lat' dir='ltr'>sic</span> <span class='ocrx_word' id='word_1_670' title='bbox 1745 2819 1881 2856; x_wconf 77' lang='lat' dir='ltr'>siverit</span> 
     </span>
     <span class='ocr_line' id='line_1_90' title="bbox 1012 2875 1881 2929; baseline -0.005 -13"><span class='ocrx_word' id='word_1_671' title='bbox 1012 2879 1137 2929; x_wconf 83' lang='lat' dir='ltr'>perire</span> <span class='ocrx_word' id='word_1_672' title='bbox 1158 2878 1243 2915; x_wconf 70' lang='lat' dir='ltr'>sive</span> <span class='ocrx_word' id='word_1_673' title='bbox 1263 2877 1367 2928; x_wconf 88' lang='lat' dir='ltr'>quod</span> <span class='ocrx_word' id='word_1_674' title='bbox 1387 2877 1472 2914; x_wconf 89' lang='lat' dir='ltr'>eius</span> <span class='ocrx_word' id='word_1_675' title='bbox 1493 2876 1528 2914; x_wconf 88' lang='lat' dir='ltr'>in</span> <span class='ocrx_word' id='word_1_676' title='bbox 1549 2875 1664 2913; x_wconf 88' lang='lat' dir='ltr'>domo</span> <span class='ocrx_word' id='word_1_677' title='bbox 1683 2888 1747 2913; x_wconf 86' lang='lat' dir='ltr'>res</span> <span class='ocrx_word' id='word_1_678' title='bbox 1767 2877 1881 2925; x_wconf 85' lang='lat' dir='ltr'>gesta</span> 
     </span>
     <span class='ocr_line' id='line_1_91' title="bbox 1012 2930 1880 2982; baseline -0.002 -12"><span class='ocrx_word' id='word_1_679' title='bbox 1012 2936 1072 2972; x_wconf 71' lang='lat' dir='ltr'>sit.</span> <span class='ocrx_word' id='word_1_680' title='bbox 1098 2933 1338 2978; x_wconf 66' lang='lat' dir='ltr'>IVIaclzinae,</span> <span class='ocrx_word' id='word_1_681' title='bbox 1364 2932 1468 2982; x_wconf 86' lang='lat' dir='ltr'>quod</span> <span class='ocrx_word' id='word_1_682' title='bbox 1483 2932 1627 2970; x_wconf 86' lang='lat' dir='ltr'>habent</span> <span class='ocrx_word' id='word_1_683' title='bbox 1641 2944 1777 2969; x_wconf 78' lang='lat' dir='ltr'>omnes</span> <span class='ocrx_word' id='word_1_684' title='bbox 1791 2930 1880 2968; x_wconf 88' lang='lat' dir='ltr'>edd.</span> 
     </span>
     <span class='ocr_line' id='line_1_92' title="bbox 1011 2988 1881 3036; baseline -0.002 -8"><span class='ocrx_word' id='word_1_685' title='bbox 1011 2993 1122 3036; x_wconf 59' lang='lat' dir='ltr'>vett„</span> <span class='ocrx_word' id='word_1_686' title='bbox 1146 2988 1290 3027; x_wconf 90' lang='lat' dir='ltr'>nullius</span> <span class='ocrx_word' id='word_1_687' title='bbox 1312 2989 1417 3027; x_wconf 86' lang='lat' dir='ltr'>assis</span> <span class='ocrx_word' id='word_1_688' title='bbox 1437 2992 1517 3034; x_wconf 84' lang='lat' dir='ltr'>est,</span> <span class='ocrx_word' id='word_1_689' title='bbox 1543 2988 1731 3028; x_wconf 79' lang='lat' dir='ltr'>moechae</span> <span class='ocrx_word' id='word_1_690' title='bbox 1750 2991 1790 3025; x_wconf 90' lang='lat' dir='ltr'>et</span> <span class='ocrx_word' id='word_1_691' title='bbox 1802 3000 1881 3026; x_wconf 86' lang='lat' dir='ltr'>ma-</span> 
     </span>
     <span class='ocr_line' id='line_1_93' title="bbox 1012 3043 1882 3097; baseline -0.006 -12"><span class='ocrx_word' id='word_1_692' title='bbox 1012 3052 1157 3085; x_wconf 82' lang='lat' dir='ltr'>tronae</span> <span class='ocrx_word' id='word_1_693' title='bbox 1187 3044 1379 3083; x_wconf 85' lang='lat' dir='ltr'>lectiones</span> <span class='ocrx_word' id='word_1_694' title='bbox 1410 3048 1545 3097; x_wconf 85' lang='lat' dir='ltr'>aperte</span> <span class='ocrx_word' id='word_1_695' title='bbox 1576 3043 1812 3083; x_wconf 79' lang='lat' dir='ltr'>librariorum</span> <span class='ocrx_word' id='word_1_696' title='bbox 1843 3045 1882 3080; x_wconf 85' lang='lat' dir='ltr'>et</span> 
     </span>
     <span class='ocr_line' id='line_1_94' title="bbox 1012 3101 1412 3153; baseline -0.005 -12"><span class='ocrx_word' id='word_1_697' title='bbox 1012 3102 1102 3149; x_wconf 83' lang='lat' dir='ltr'>edd.</span> <span class='ocrx_word' id='word_1_698' title='bbox 1128 3101 1288 3153; x_wconf 81' lang='lat' dir='ltr'>glossae</span> <span class='ocrx_word' id='word_1_699' title='bbox 1312 3105 1412 3140; x_wconf 79' lang='lat' dir='ltr'>sunt.</span> 
     </span>
    </p>
   </div>
  </div>
 </body>
</html>
