2221 3667
293 481 370 520 omi

262 526 369 569 mu}

382 171 463 214 768

952 325 1395 387 CAPUT

646 169 694 207 h.
723 164 939 206 APULEll
970 163 1370 219 M-ADAURENSIS
1398 164 1939 220 METAMORPHOSEON

1493 326 1596 373 IX.

494 437 571 480 Sed
607 436 776 478 assiduis
813 433 1192 488 interrogationibus
1230 435 1452 488 argumenti
1487 436 1668 477 satietate
1705 436 1780 476 iam
1817 437 1980 489 defecti,
2012 452 2166 480 rursum

390 496 465 553 {ad
501 495 604 537 viam
641 492 850 548 prodeunt,
887 491 991 532 viam
1016 496 1160 539 totam,
1199 505 1312 544 quam
1350 498 1465 532 nocte
1491 492 1807 544 confeceramus,
1837 493 1954 547 longe
1979 495 2165 548 peiorem.

469 598 651 638 argentz'B.
667 602 694 628 et
709 599 779 628 edd.
794 600 868 626 vett.
884 605 994 626 omues
1008 598 1133 630 praeter
1144 597 1226 624 lunt.
1242 597 1272 624 2.
1299 596 1393 625 Codd.
1408 604 1518 625 omnes
1533 597 1733 635 argumenti.

1781 598 1911 626 satiate
1926 598 1963 635 f.‚
1978 600 2168 633 quaelectio

379 648 511 676 nimium
531 650 684 681 quantum
707 644 823 672 arridet
844 643 974 672 noant..
1000 642 1086 675 quia
1101 648 1178 668 voce
1198 641 1310 668 salias
1329 642 1459 677 repetit,
1485 642 1664 676 anitiquinis
1679 643 1811 677 saepius
1824 643 1931 672 obvia.
1957 645 2035 672 oud.
2049 652 2084 673 se
2097 652 2168 673 eam

378 700 537 727 nusquam
552 692 674 720 vidisse
689 689 836 717 affirmat.

366 737 522 772 ,scioppii
548 737 716 771 praebent,
743 733 802 762 alii
826 731 988 771 refer-cti,
1015 733 1096 765 quod
1123 735 1228 760 tamen
1252 732 1331 760 oud.
1357 732 1491 760 dubitat.

376 781 405 813 ὃ.
420 791 449 818 p.
463 782 483 812 f.
507 784 545 811 In
559 785 629 810 cett.
644 779 699 807 via
713 781 800 807 tuta.
841 776 1012 814 perforent
1026 778 1062 805 G.
1077 776 1107 805 1.

435 869 522 908 Cap.
548 866 618 906 lx.
665 864 894 919 arymnentt'
925 864 1119 904 satietate.
1170 861 1244 902 Ar·

376 928 491 979 flenti
513 926 714 967 satIetate‚
747 922 850 972 quod
881 921 945 960 alii
969 920 1071 958 male
1097 920 1244 970 praese-

375 987 477 1027 rnnt,
504 986 543 1019 et
565 978 804 1018 Beroaldus:
829 977 1127 1017 succumbentes
1152 977 1243 1015 viri-

377 1040 447 1078 lms
471 1039 513 1076 in
539 1040 713 1088 arqento
741 1034 917 1085 ferendo
948 1033 1136 1083 explicat,
1166 1046 1242 1071 non

374 1095 503 1134 solum
523 1107 547 1132 a
565 1092 639 1131 fide
653 1091 777 1137 mss..
803 1090 876 1129 sed
895 1103 918 1127 a
935 1089 1130 1127 sententia
1150 1102 1243 1139 quo-

376 1165 451 1203 que
476 1149 633 1189 defendi
657 1147 806 1198 nequit,
839 1147 927 1198 quia
959 1159 1033 1184 non
1058 1147 1242 1184 satietate

375 1209 539 1260 arycnli
564 1209 672 1244 erant
696 1204 864 1249 defessi,
890 1206 979 1240 tunc
1004 1203 1102 1240 enim
1132 1201 1241 1239 furati

373 1278 447 1302 non
464 1264 629 1302 fuissent
643 1273 799 1300 aureum
821 1259 1061 1305 cantharum,
1087 1261 1127 1296 ut
1147 1258 1243 1297 infra

374 1321 513 1371 liquet,
538 1319 611 1357 sed
637 1318 764 1369 potius
790 1317 1035 1368 armamenti,
1067 1316 1090 1353 i.
1113 1328 1146 1352 e.
1178 1314 1242 1353 ‹le-

372 1377 494 1415 stituti
519 1380 558 1414 et
582 1374 760 1412 exhausti
784 1386 854 1425 per
883 1371 1063 1410 assiduas
1088 1371 1242 1409 interro·
1281 1421 1284 1424 ἢ

374 1435 569 1482 gationes,
597 1431 685 1481 quia
711 1428 923 1481 argumenti
949 1429 1033 1466 sive
1064 1427 1238 1465 eiusdem

372 1491 489 1527 sortis
525 1488 690 1527 satietas
732 1487 805 1523 iam
849 1487 1008 1536 ceperat
1047 1483 1238 1529 homines,

373 1545 514 1596 quibus
527 1545 564 1583 id
578 1556 670 1596 prae
686 1542 796 1581 nimis
811 1541 998 1592 frequenti
1012 1542 1239 1591 repetitione

373 1602 617 1650 fastidiosum
649 1603 687 1638 et
720 1598 793 1637 vile
825 1601 914 1636 erat.
968 1595 1180 1635 Praeterea
1204 1597 1238 1634 si

373 1659 536 1711 aryenii
572 1657 728 1707 legitur,
765 1653 971 1693 inserenda
1007 1657 1069 1691 est
1099 1653 1239 1704 copula

372 1720 427 1758 ct,
452 1721 493 1752 ut
512 1715 612 1752 bene
626 1712 718 1749 vidit
732 1710 930 1752 Floridns,
951 1723 1035 1747 cnm
1051 1709 1236 1760 Scioppio

371 1771 459 1808 hinc
489 1770 606 1809 etiam
641 1769 806 1817 legente.
867 1767 934 1804 Sic
958 1770 1237 1818 argumentum

371 1830 434 1867 est
458 1839 611 1865 carmen
637 1824 733 1862 Met.
748 1822 815 1861 XI.
841 1836 877 1874 p.
899 1826 990 1862 772.
1020 1822 1237 1867 Ediaferat,

372 1884 485 1937 qaod
509 1897 597 1935 ary
609 1885 838 1921 amentum
863 1878 1068 1929 referebat
1080 1878 1238 1916 interim

369 1941 570 1979 maiorum
622 1942 714 1976 ante
762 1935 995 1975 cantamina
1045 1939 1237 1973 votorum.

368 1996 486 2034 Plura
521 1995 667 2033 dalmat
703 1991 894 2031 Seheffer.
927 1995 966 2029 et
990 1990 1160 2028 Gronov.
1186 1990 1236 2028 ad

368 2052 536 2091 Pliaedr.
562 2050 638 2089 fab.
660 2053 724 2090 38.
752 2049 848 2087 Hoc
873 2051 1155 2099 [tr-:sumente
1181 2051 1235 2084 est

369 2114 457 2149 {ula
471 2109 671 2146 hominum
687 2106 870 2145 tenuitas.
897 2104 986 2143 Duo
1001 2103 1114 2141 iuneti
1130 2102 1234 2140 abla-

368 2167 432 2204 tivi
458 2165 620 2215 saepius
649 2165 867 2207 occurrunt,
905 2164 944 2199 et
979 2160 1166 2210 defectus
1202 2161 1234 2197 is

369 2222 520 2266 dicitur,
552 2220 615 2271 qui
646 2233 720 2257 non
751 2217 893 2256 suflicit
917 2216 1083 2268 amplius
1109 2216 1144 2253 ei
1169 2216 1235 2254 rei.

368 2291 483 2329 qnam
507 2277 582 2315 huc
605 2288 733 2326 usque
757 2275 835 2324 egit
859 2274 920 2311 vel
946 2272 1136 2323 agendam
1162 2273 1234 2310 sibi

367 2335 522 2378 sumsit,
548 2345 642 2384 prae
655 2330 1092 2382 quovisimpedimento.
1119 2329 1167 2367 cs.
1187 2329 1236 2367 ad

367 2389 535 2429 Metxl.
573 2403 609 2441 p.
637 2392 728 2429 383.
776 2387 839 2426 De
877 2387 1042 2425 lectione
1077 2387 1234 2431 satiate.

369 2443 703 2486 et'.1)r.adSil.Vl.
719 2448 807 2485 100.
830 2443 930 2495 [lntt.
941 2442 989 2480 ad
1001 2442 1074 2480 Cic.
1086 2442 1135 2479 de
1145 2441 1235 2480 Nat.

368 2504 486 2543 Deor.
500 2500 563 2541 ΙΙΙ.
575 2506 638 2542 38.
654 2502 685 2552 §.
697 2505 760 2542 90.
775 2500 876 2538 Ded.
891 2499 939 2538 ad
948 2499 1050 2537 Dirt.
1061 2498 1158 2536 fret.
1169 2497 1232 2535 Ill.

370 2565 433 2601 25.
450 2557 651 2598 Foertsch.
662 2558 710 2596 ad
724 2558 843 2595 voss.
855 2557 972 2594 Arist.
983 2553 1027 2593 T.
1038 2554 1063 2593 Ι.
1074 2568 1109 2605 p.
1121 2555 1232 2604 527]

427 2618 529 2656 riam
564 2620 699 2654 totam.
727 2613 841 2666 [snm
872 2612 1034 2650 Pricaeo
1070 2611 1232 2662 praetuli

367 2674 468 2712 hanc
498 2672 725 2723 scripturam
757 2670 865 2707 alteri
897 2670 960 2707 via
993 2672 1095 2714 totu,
1133 2681 1234 2718 quae

369 2729 518 2769 facilior
537 2732 635 2773 erat,
661 2740 775 2777 quam
796 2730 835 2765 ut
853 2740 875 2764 a
894 2725 1055 2763 librariis
1069 2725 1102 2761 in
1120 2724 1235 2774 longe

367 2787 547 2825 rariorem
579 2783 785 2835 permutari
810 2783 1016 2834 potuisset.
1047 2779 1234 2819 Pricaeus

368 2844 468 2882 bene
482 2840 651 2893 explicat
664 2853 733 2892 per
746 2839 899 2890 ellipsin
920 2837 1154 2889 pronominis
1175 2850 1234 2880 ea,

369 2912 484 2951 quam
507 2901 635 2936 tamen
654 2909 740 2936 cum
755 2895 856 2934 Oud.
875 2894 1016 2932 millies
1037 2893 1237 2931 observari

368 2968 491 3006 posse
521 2954 597 2992 hoc
627 2956 732 2991 certe
760 2965 883 2990 rerum
915 2964 1015 2988 nexu
1045 2964 1120 2987 non
1147 2963 1234 2987 con-

368 3011 566 3048 tenderim.
585 3009 686 3048 Oud.
703 3008 918 3059 elegantius
933 3010 1041 3058 putat
1055 3006 1233 3057 Lipsium

369 3080 391 3104 e
405 3081 475 3105 suo
490 3067 572 3105 eod.
587 3067 813 3116 scripsisse:
829 3065 887 3103 acl
901 3065 1001 3102 riam
1013 3063 1232 3114 prodeunt,

368 3124 489 3167 rium,
515 3128 599 3161 lota
627 3136 743 3174 qnam
768 3126 886 3160 noete
910 3121 1230 3169 confesti-amm,

372 3178 493 3230 lonyc
499 3180 691 3230 peiorem,
706 3191 775 3230 per
794 3176 997 3229 epizeuxin
1018 3175 1230 3226 explicans,

1275 1765 1364 1803 'snit
1397 1765 1433 1803 la
1464 1766 1541 1803 nuit
1570 1767 1815 1817 precedente.

883 686 1076 724 argumenti
1088 686 1154 713 ium
1169 686 1335 713 satietate
1350 687 1468 715 Florio.
1491 687 1687 714 satiantem
1703 689 1737 716 0.
1782 688 1907 726 refecti
1918 689 2066 717 nonnulli
2079 691 2168 718 codd.

1539 731 1626 760 ciam
1647 735 1754 760 totam
1769 731 1805 763 F.
1824 735 1855 762 3.
1875 735 1910 762 G.
1928 735 1956 762 1.
1969 735 2001 762 2.
2026 735 2062 763 Ρ.
2081 734 2117 762 0.
2130 736 2168 763 D.

1304 861 1471 915 Apuleio
1503 878 1586 902 cum
1618 865 1747 915 poetis
1780 868 1818 903 et
1849 865 2062 904 oratoribus
2097 864 2168 903 fre-

1303 921 1594 971 quentissimam
1620 921 1707 959 coll.
1733 921 1783 959 ad
1807 921 1902 960 Met.
1927 920 1997 960 XI.
2022 935 2058 972 p.
2075 926 2166 963 776.

1301 976 1542 1028 sequebatur
1567 977 1657 1022 bos,
1683 979 1724 1016 in
1749 983 1921 1017 erectum
1946 979 2077 1017 let-ala
2089 983 2166 1017 sta-

1301 1038 1401 1078 tum,
1434 1032 1503 1071 bos
1534 1035 1641 1071 omni
1667 1035 1853 1085 parentis
1883 1035 1984 1073 deae
2007 1035 2165 1073 simula-

1302 1103 1424 1128 crum.
1471 1089 1552 1127 Sed
1585 1090 1771 1141 quidquid
1802 1094 1880 1136 est,
1915 1090 2028 1129 lectio
2054 1090 2165 1129 codd.

1298 1145 1509 1191 retinenda,
1525 1159 1625 1196 quae
1644 1146 1804 1184 multum
1820 1146 2035 1196 elegantiae
2049 1149 2088 1185 et
2100 1146 2167 1184 im-

1300 1201 1648 1253 pedimentiliabet,
1659 1203 1759 1240 unde
1769 1204 1882 1242 etiam
1897 1203 2035 1242 librarii
2051 1202 2166 1242 facile

1300 1259 1365 1297 ¹ria
1398 1263 1483 1297 tola
1509 1259 1784 1305 emendabant,
1815 1264 1856 1298 ut
1881 1260 2164 1311 comparativus

1299 1314 1476 1359 liaberet,
1503 1328 1578 1366 quo
1603 1315 1732 1353 referri
1757 1320 1906 1367 posset.
1953 1315 2166 1355 Praeterea

1299 1376 1427 1409 tamen
1453 1372 1486 1408 in
1503 1371 1728 1409 difficultate
1742 1371 1898 1418 haereo,
1913 1373 2033 1419 cuius,
2049 1386 2165 1423 quan-

1296 1435 1375 1466 tum
1396 1427 1528 1472 video,
1555 1441 1666 1466 nemo
1689 1428 1937 1480 interpretum
1955 1429 2163 1467 admonuit.

1298 1483 1409 1530 Quae
1429 1483 1528 1521 enim
1550 1484 1624 1522 ista
1638 1485 1699 1522 via
1714 1489 1794 1531 est,
1816 1499 1930 1536 quam
1945 1491 2062 1524 nocte
2076 1499 2163 1522 con-

1296 1540 1443 1579 fecerat
1474 1541 1607 1578 asinus
1646 1555 1730 1579 cnm
1764 1541 1920 1580 Gallis?
1966 1540 2162 1592 Interpres

1297 1596 1486 1647 Franeog.
1517 1596 1554 1634 id
1590 1597 1769 1635 sensisse
1804 1598 1953 1636 videtur
1990 1602 2162 1636 vertens:

1296 1653 1345 1690 ils
1361 1653 1623 1691 continuere-nt
1639 1654 1718 1691 leur
1732 1657 1842 1692 route
1855 1667 1924 1704 par
1942 1668 1990 1692 un
2012 1654 2162 1692 chemin

1295 1709 1385 1761 plus
1400 1709 1573 1747 mauvais
1589 1724 1663 1761 que
1678 1710 1776 1747 celui
1787 1742 1796 1756 ,
1823 1724 1898 1761 que
1913 1724 2009 1748 nous
2023 1711 2161 1748 avions

1869 1766 2021 1805 Rodius
2051 1781 2161 1805 vero:

1295 1821 1383 1860 Der
1400 1822 1516 1873 Wey,
1535 1822 1614 1861 den
1628 1824 1700 1861 wir
1714 1823 1914 1863 machten.
1938 1837 2024 1862 war
2037 1828 2162 1875 fir-qm·

1295 1879 1358 1917 als
1389 1878 1512 1924 alles,
1544 1893 1626 1917 uras
1662 1879 1728 1918 ’ἱοΙι
1759 1879 1827 1918 dle
1857 1879 1997 1918 lvaclm
2027 1879 2162 1919 durch.

1295 1935 1595 1985 ‹msyeslanden
1610 1935 1736 1982 hat-Ie,
1762 1936 1825 1986 qui
1840 1935 1986 1986 legisse
2002 1936 2160 1979 videtur,

1294 1993 1415 2035 rimu„
1442 2004 1561 2042 qnam
1586 1992 1906 2041 confeceramus,
1932 1997 2019 2031 tota
2044 1997 2162 2031 not-tc

1289 2049 1484 2099 peiorem..
1533 2047 1614 2085 Sed.
1640 2047 1731 2097 quid
1756 2062 1903 2099 quaeso
1928 2050 2061 2087 asinus
2093 2062 2161 2099 per

1295 2108 1446 2142 noctem
1472 2116 1687 2155 perpessus
1714 2108 1811 2149 erat,
1842 2107 1881 2142 et
1913 2105 1999 2155 quis
2030 2106 2079 2144 ita
2105 2105 2158 2142 ‹li—

1293 2161 1391 2198 xerit
1422 2165 1547 2198 totam.
1578 2165 1733 2199 noelem
1764 2174 1831 2211 pro
1867 2161 2065 2199 laboribus
2092 2175 2160 2213 per

1295 2221 1448 2255 noctem
1463 2216 1661 2254 toleratis-'3
1687 2216 1827 2267 Neque
1843 2221 1970 2263 ncctu,
1983 2218 2056 2255 sed
2073 2217 2159 2255 luce

1295 2273 1429 2318 dubia,
1461 2276 1502 2310 ut
1533 2286 1555 2310 e
1585 2287 1696 2324 seqq.
1723 2277 1850 2325 patet,
1881 2273 2158 2325 prosectionem

1293 2329 1523 2367 sacerdotes
1561 2330 1723 2380 ingressi
1760 2334 1880 2369 erant.
1949 2329 2161 2369 Praeterea

1293 2386 1382 2424 (lum
1397 2386 1530 2424 asinus
1543 2386 1646 2437 apud
1662 2386 1802 2424 Gallos
1822 2392 1901 2432 est,
1926 2387 1974 2424 ab
1988 2386 2158 2438 Apuleio

1293 2442 1437 2480 nullum
1475 2446 1792 2480 commemoratur
1828 2443 1898 2481 iter
1934 2447 2158 2482 nocturnum

1292 2499 1409 2549 idque
1444 2498 1780 2539 molestissimum.
1830 2499 1876 2539 cf.
1914 2503 2007 2540 586.
2044 2503 2156 2540 580..

1293 2568 1526 2605 quamquam
1573 2554 1733 2607 pluralis
1781 2557 2085 2606 confeceramus
2120 2556 2157 2593 id

1291 2616 1427 2663 aperte
1440 2613 1595 2649 innuere
1609 2611 1793 2650 videatur.
1840 2611 1928 2650 Nisi
1942 2612 1989 2650 ad
2004 2616 2157 2664 tempus

1293 2668 1426 2706 referri
1451 2669 1595 2719 possit,
1622 2681 1696 2719 quo
1712 2667 1857 2706 Lucius
1871 2669 1967 2707 inter
1985 2668 2157 2707 latrones

1292 2728 1409 2775 atque
1427 2725 1595 2762 rusticos
1614 2725 1855 2769 versabatur,
1882 2724 2075 2776 quomodo
2096 2738 2157 2762 me

1293 2781 1487 2831 explicem
1519 2781 1669 2826 nescio,
1702 2779 1791 2818 licet
1820 2795 1893 2819 non
1919 2780 2048 2819 solum
2073 2781 2156 2832 plu-

1293 2837 1384 2876 ralis
1399 2837 1546 2884 obstet,
1571 2837 1645 2875 sed
1663 2837 1900 2888 pronominis
1914 2836 1988 2876 illa
2003 2836 2063 2875 vel
2078 2839 2154 2877 ista

1292 2893 1355 2932 vel
1375 2894 1468 2932 certi
1487 2892 1684 2932 cuiusdam
1709 2892 1960 2931 additamenti
1979 2894 2155 2939 omissio,

1293 2964 1368 3001 quo
1394 2950 1433 2988 id
1457 2953 1612 3001 tempus
1637 2949 1839 2999 significari
1863 2950 2079 2988 accuratius
2103 2951 2156 2988 in-

1291 3007 1492 3045 dicaretur.
1514 3005 1663 3044 Multas
1683 3018 1831 3056 easque
1846 3019 1985 3058 graves
2000 3020 2046 3044 eo
2062 3009 2154 3044 tem-

1290 3076 1384 3114 pore
1401 3063 1482 3100 vias
1496 3066 1608 3100 noctu
1623 3063 1818 3112 superavit
1832 3062 1984 3109 asinus3
1999 3061 2153 3101 onmes.

1289 3118 1350 3157 ΙΙΙ.
1378 3133 1414 3170 p.
1430 3122 1523 3159 230.
1543 3130 1634 3170 prae
1649 3119 1789 3156 ceteris
1805 3117 1868 3157 Vl.
1890 3132 1925 3170 p.
1948 3122 2041 3159 430.
2060 3117 2153 3156 For-

1288 3176 1386 3214 sitan
1414 3174 1552 3212 vulnus
1575 3173 1691 3212 altius
1716 3172 1814 3227 est]
