2155 3590
688 134 874 176 LIBER
903 135 954 176 X.
1003 135 1127 176 CAP.
1158 135 1280 176 XIV.
1792 135 1874 178 909

96 247 259 287 fratrum
285 245 444 300 pupugit
469 247 633 287 animos.
677 247 730 287 Et
754 262 981 302 quamquam
1008 248 1053 288 de
1078 261 1138 287 me
1164 247 1257 287 nihil
1283 247 1398 287 etiam
1424 253 1504 287 tum
1538 246 1614 287 tale
1652 248 1872 297 crederent,

95 310 223 343 tamen
238 302 451 356 quotidiani
468 303 596 343 damni
615 304 787 344 studiose
802 305 1052 358 vestigabant
1065 318 1195 344 reum:
1223 303 1277 342 illi
1292 318 1387 343 vero
1403 310 1598 357 postremo
1612 303 1729 343 etiam
1744 311 1875 344 mutuo

93 372 180 400 sese
204 359 365 412 rapinae
390 359 635 412 turpissimae
660 360 982 401 criminabantur.
1033 358 1190 413 Iamque
1216 373 1349 399 curam
1374 359 1658 413 diligentiorem
1686 367 1725 400 et
1749 360 1875 400 aerio-

93 429 176 455 rem
201 414 436 454 custodelam
463 422 503 455 et
526 415 874 456 dinumerationem
899 416 1134 456 adhibebant
1157 415 1338 469 partium.
1381 415 1556 455 Tandem
1578 415 1742 469 denique
1761 423 1874 470 rupta

92 471 326 510 verecundia
364 470 420 510 εἰ(
440 469 445 522 Ι
469 471 568 510 alter
593 472 756 511 alterum
794 473 1018 525 compellat:
1052 472 1107 511 At
1142 471 1242 510 istud
1280 471 1355 509 iam
1388 485 1512 524 neque
1549 485 1714 524 aequum
1751 485 1795 511 ac
1826 486 1874 512 ne
1898 470 1965 504 704

95 526 301 566 humanum
329 527 502 579 quidem,
532 528 701 581 quotidie
726 542 771 569 ac
796 535 926 582 partes
952 528 1157 568 electiores
1188 527 1404 580 surripere,
1436 535 1551 580 atque
1583 527 1641 567 bis
1668 528 1730 567 div
1734 529 1874 569 cuditis

84 653 241 693 fratrem
255 655 325 682 edd.
339 662 388 688 pp.
432 654 568 690 pepuge'l
584 655 707 684 Vicent.
722 656 833 684 Venet.
848 658 879 684 2.
928 655 1038 683 animo
1052 656 1146 683 Vulc.
1160 656 1192 683 2.
1241 654 1342 681 etiam
1359 656 1426 681 lum
1441 654 1476 682 F.
1489 655 1519 682 3.
1534 656 1570 683 G.
1587 656 1614 683 1.
1629 663 1658 689 p.
1673 652 1701 683 δ.
1716 657 1785 684 edd.
1800 660 1875 685 velt.

93 704 168 728 ante
181 699 271 728 colv.
298 699 399 725 etiam
415 708 485 726 cum
502 700 520 728 s.
547 703 577 726 el
594 702 671 727 [nnc
685 702 720 728 G.
736 703 764 728 2.
785 702 821 728 111
836 705 908 729 cett.
922 701 1023 727 etiam
1039 703 1126 728 Ιιιηο.
1169 698 1273 736 (Ιιῳηῐ
1285 696 1419 735 ((ίᾶρηι)
1434 698 1467 736 p'.
1481 702 1524 727 M.
1571 699 1827 728 cominahanmr
1841 702 1876 729 Ο.

93 752 111 772 a
121 752 160 772 m.
170 752 198 778 p.
235 742 444 771 custodeham
458 745 529 772 Vie.
539 746 650 773 Vener.
660 747 689 774 2.
726 753 810 772 cura
824 744 1034 781 diligentiore
1047 748 1081 772 et
1094 743 1228 772 acriore
1241 742 1473 772 custodiebant
1481 747 1525 774 Μ.
1551 743 1773 772 custodiebam
1793 747 1831 773 V.
1841 746 1876 774 C.

93 793 174 817 teste
187 791 323 818 Groslot.
348 787 534 816 custodiam
549 792 650 824 marg.
666 792 740 818 Bas.
757 792 785 818 1.
811 791 851 818 cf.
867 791 907 818 ad
922 793 995 819 Met.
1009 791 1062 818 ΙΧ.
1085 798 1112 823 p.
1132 792 1206 817 625.
1242 787 1500 817 custodelam
1525 787 1678 816 dmm'nae
1691 795 1718 818 61
1734 791 1877 824 saepius.

92 833 266 860 daffnnmmca
269 841 341 860 nem
355 838 406 862 (ex
420 835 606 868 compendio
617 832 829 865 mutationem)
845 837 919 862 Bas.
938 837 964 863 1.
996 835 1148 870 partium
1164 843 1224 863 non
1239 838 1400 868 comparet
1414 835 1446 862 in
1460 836 1497 863 R.
1513 834 1533 862 f.
1571 833 1662 861 aller
1673 833 1721 860 ml
1731 834 1878 862 allr’rum

93 877 268 914 compellat
291 877 319 907 δ.
367 877 413 906 acl
431 878 522 906 1stud
540 881 574 907 1⁴.
595 880 625 906 3.
644 882 679 907 G.
701 881 727 908 1.
772 881 836 908 .1).
852 881 886 908 P.
901 877 929 908 δ.
943 881 1013 908 edd.
1028 883 1103 908 1611.
1117 884 1192 908 ante
1204 880 1293 908 Colv.
1307 885 1432 913 praeter
1446 881 1529 908 lunt.
1546 881 1574 908 1.
1588 881 1706 908 2.A1.«1
1721 881 1749 908 V
1752 884 1832 908 enet.
1846 881 1876 908 4.

93 925 168 952 Bas.
189 925 216 952 1.
240 925 274 951 In
289 927 360 952 6611.
375 927 413 950 at
426 923 525 951 1'slnd.
552 921 656 959 fidem
671 932 828 959 mamere,
843 926 924 958 quod
940 929 1040 958 post
1021 923 1200 951 lunianum
1215 925 1336 958 aliquot
1350 925 1436 953 codd.
1452 928 1479 952 61
1495 925 1564 953 edd.
1578 932 1688 953 omnes
1703 925 1878 961 intrudunt,

91 977 154 997 11011
168 969 286 1003 legitur
298 969 330 996 in
345 970 379 997 F.
396 970 423 997 1.
439 970 468 996 3.
484 970 519 997 G.
537 971 564 997 1.
579 971 608 996 2.
623 970 656 996 0.
672 971 706 997 Β.
721 971 759 998 D.
774 978 809 997 π.
825 967 853 997 δ.
869 970 888 997 f.
902 970 1036 1002 florid..
1051 971 1134 997 Elm-
1146 974 1174 998 61
1189 969 1294 998 δοτίν.
1311 970 1474 998 uncinulis
1487 970 1698 998 innius-erum.

1722 971 1880 998 Pricaeus

92 1016 173 1042 liaeo
192 1017 291 1042 verna
308 1014 384 1041 olim
403 1015 541 1042 delenda
559 1014 702 1049 censuit,
728 1015 785 1042 sed
805 1014 837 1042 in
857 1015 937 1043 Add.
958 1014 1151 1042 sententiam
1170 1014 1314 1042 inritavit.
1342 1012 1447 1049 fidem
1461 1017 1596 1043 exulare
1610 1015 1778 1043 (1161101111.
1794 1015 1826 1043 in
1840 1016 1877 1043 P.

91 1059 255 1087 Petrarch.
276 1063 304 1087 et
324 1059 360 1086 L.
371 1081 378 1094 ‚

94 1149 190 1177 tacite
203 1152 403 1183 receperunt.

93 1261 134 1295 ut
162 1257 253 1295 mihi
286 1256 439 1307 quidem
474 1256 630 1294 videtur.
686 1255 784 1295 Puto
817 1257 958 1296 dulcia

94 1314 193 1351 bene
208 1313 383 1362 coniungi
398 1325 479 1349 cum
495 1311 759 1357 iucundiora,
787 1314 821 1350 si
840 1313 956 1350 modo

93 1369 336 1407 substantive
379 1381 446 1419 pro
490 1367 670 1404 dulciolis
712 1368 957 1419 accipiantur,

97 1425 143 1463 cf.
169 1424 304 1462 Isidor.
331 1423 467 1474 Origg.
491 1422 581 1461 XX.
614 1427 650 1463 2.
687 1428 748 1463 18.
786 1424 956 1463 dulcia

95 1486 188 1521 sunt
208 1494 362 1533 yenera
381 1480 552 1531 pistorii
577 1480 720 1530 operis.
775 1479 875 1518 Hinc
899 1481 955 1519 iu-

94 1537 296 1577 cundiora
328 1536 468 1575 dulcia
497 1539 587 1573 sunt
612 1548 634 1572 e
665 1535 846 1574 dulciolis
871 1549 958 1574 sua-

92 1594 200 1631 viora
219 1597 258 1631 et
277 1593 441 1640 gratiora
460 1592 588 1635 asino,
616 1593 678 1641 qui
698 1593 796 1630 inter
813 1596 958 1630 tantam

93 1649 242 1700 copiam
278 1648 508 1686 liberrimam
551 1649 744 1698 optionem
785 1648 957 1686 haberet.

94 1705 360 1750 Iommdiora,
375 1703 478 1755 quod
493 1703 662 1741 nonnulli
676 1704 786 1742 codd.
803 1704 956 1751 habent,

93 1760 287 1800 scribendi
316 1760 412 1798 ratio
445 1763 506 1797 est
538 1761 572 1798 in
599 1760 684 1798 aliis
713 1761 817 1798 libris
843 1765 881 1799 et
906 1760 956 1798 la-

45 1828 53 1841 ¹
92 1817 247 1870 pidibus
261 1817 358 1868 ipsis
378 1816 604 1866 conspicua,
630 1820 670 1854 ut
689 1816 792 1867 apud
808 1818 955 1856 Gruter.

94 1878 189 1916 331,
215 1878 238 1914 7
265 1877 304 1911 et
329 1876 422 1917 871,
451 1877 488 1917 2,
520 1873 673 1909 minime
698 1876 824 1911 tamen
853 1886 956 1910 com-

92 1929 302 1982 probanda.
349 1928 610 1980 Abli'fflzrrt're
637 1942 706 1967 nec
731 1929 958 1981 (tblt'yure're

94 1985 206 2024 scribi
244 1985 406 2030 debere,
449 1985 577 2034 optimi
624 1985 765 2035 quique
801 1985 957 2023 codices

93 2041 258 2092 probant
284 2039 330 2079 cf.
358 2038 498 2078 Cellar.
525 2039 574 2077 de
599 2039 779 2090 Orthogr.
806 2054 842 2091 p.
867 2045 957 2086 157,

94 2109 325 2148 quamquam
354 2096 588 2136 vcontrarium
632 2096 773 2134 docere
810 2096 959 2135 videtur

93 2153 236 2192 Donat.
252 2152 300 2191 ad
315 2151 404 2189 Ter.
419 2151 516 2190 Eun.
531 2151 577 2189 V.
599 2156 634 2191 4.
654 2156 733 2197 12„
761 2153 957 2204 liyurrire

93 2206 170 2248 ἀπὸ
184 2209 251 2247 τοῦ
264 2208 421 2259 λιγωροῦ
438 2211 634 2258 repetens.
683 2209 736 2246 At
755 2207 803 2247 cs.
825 2207 955 2247 Horat.

95 2265 176 2304 Sat.
196 2263 242 2305 ll.
266 2270 302 2305 4.
324 2267 387 2304 79.
415 2262 490 2302 Cic.
506 2263 629 2314 Epist.
651 2264 701 2302 ad
715 2263 867 2303 Divers.
888 2263 956 2303 Xl.

94 2325 161 2362 21.
185 2324 225 2358 et
248 2321 301 2359 ita
326 2333 462 2357 ornnes
487 2319 597 2358 codd.
625 2323 663 2357 et
694 2321 843 2371 priscae
869 2321 958 2359 edd.

93 2377 268 2416 scribunt
292 2376 409 2427 Apol.
436 2390 472 2427 p.
499 2379 591 2416 526.
619 2375 666 2415 cs.
692 2376 741 2414 ad
767 2376 862 2415 Met.
889 2376 957 2416 lv,

93 2447 130 2485 p.
146 2437 238 2474 247.
263 2432 491 2471 Lectioneru
517 2432 762 2471 rancidior-a
786 2433 958 2485 seli-qens

92 2489 231 2541 probat
255 2489 368 2527 etiam
389 2487 555 2526 Forcell.
578 2488 612 2524 in
633 2487 731 2526 Lex.
757 2502 789 2526 s.
805 2502 838 2527 v.
863 2503 956 2528 ran·

87 2545 229 2592 cidus,
266 2545 330 2583 ubi
370 2557 439 2595 per
474 2543 761 2595 typothetarum
793 2558 957 2583 errorem

93 2601 276 2652 scriptum
302 2605 364 2639 est
387 2600 574 2652 reliyetzs.
624 2599 808 2652 Sellyevzs
831 2615 958 2640 emen-

93 2657 197 2696 datio
229 2661 290 2695 est
319 2658 584 2707 interpretum,
623 2656 685 2706 qui
715 2657 957 2697 rancidiora

92 2713 318 2765 probabant.
323 2713 337 2765 ]

145 2768 607 2822 papuqit.[P1c7zyeve
633 2772 673 2807 ut
697 2768 881 2809 mordere
905 2769 955 2808 de

92 2824 249 2871 iniuriis,
277 2838 376 2875 quae
401 2825 515 2863 altius
542 2825 707 2862 animum
732 2824 954 2873 dilacerant,

82 2877 241 2920 dicitur.
288 2880 957 2931 61.11111111(.ει(11ῗ111σ611111625.

93 2935 179 2975 11111.
205 2936 253 2974 ad
279 2936 412 2976 Horat.
439 2937 562 2988 Epist.
589 2935 614 2974 I.
645 2940 708 2977 16.
733 2940 800 2976 38.
838 2937 957 2976 Wolf.

92 2991 959 3045 (1111111130611.67.11.35.Π5161.Ἰ(1Ρ111161611

82 3045 311 3088 'defensoh
326 3062 363 3099 p.
374 3054 409 3089 6.
425 3049 583 3101 Hcylor.
592 3049 640 3087 ad
655 3047 784 3087 Iulian.
799 3063 836 3100 p.
849 3050 955 3103 457.]

148 3109 192 3144 at
220 3105 341 3145 istud.
390 3105 484 3158 [Est
516 3107 576 3158 qui
609 3106 684 3150 ad,
717 3110 957 3145 constantem

405 1059 458 1092 qui
479 1062 646 1092 praeterea
663 1061 773 1087 habet:
799 1067 840 1086 tec
860 1066 900 1086 ne
918 1057 1099 1086 humanum.
1119 1057 1247 1096 quidem
1267 1059 1414 1087 minnere
1433 1058 1589 1096 quotidie.
1627 1057 1732 1095 fidem
1749 1058 1878 1096 quidem

93 1111 155 1132 11011
169 1104 276 1131 addito
295 1102 442 1130 minuere
462 1111 489 1136 p.
537 1101 658 1130 cotidie
679 1111 734 1137 pro
753 1111 839 1132 more
858 1105 893 1132 F.
908 1105 938 1131 3.
953 1105 989 1132 G.
1008 1105 1033 1132 1.

448 1147 489 1175 iis
506 1156 560 1182 pro
573 1146 626 1176 lais
639 1149 675 1176 F.
692 1150 720 1176 1.
735 1151 867 1177 notante
880 1149 1095 1183 Lindennrog.
1142 1147 1319 1176 dividentis
1333 1151 1368 1178 L.

1082 1112 1138 1139 pro
1151 1112 1193 1130 ac
1207 1104 1240 1132 in
1253 1102 1288 1132 F.
1307 1105 1333 1133 1.
1349 1108 1395 1133 est
1411 1107 1460 1141 te,
1485 1106 1568 1139 quod
1587 1106 1671 1133 Elm.
1686 1112 1724 1133 ac
1739 1105 1878 1134 Scriver.

1016 1259 1242 1308 optimorum
1258 1258 1369 1296 codd
1386 1257 1591 1297 lectionem
1611 1258 1814 1305 defendat,
1838 1264 1880 1298 ut

1015 1314 1220 1363 significet,
1249 1315 1362 1365 quod
1385 1316 1527 1354 attinet
1551 1315 1620 1355 ad.
1646 1314 1692 1354 cf.
1719 1314 1804 1355 11111.
1829 1316 1879 1354 ad

1015 1368 1151 1408 Horat.
1182 1369 1306 1420 Epist.
1339 1369 1363 1408 Ι.
1399 1375 1459 1411 10.
1493 1375 1530 1411 3.
1587 1371 1721 1409 Minus
1751 1375 1877 1409 tamen

1014 1428 1105 1475 apte
1130 1425 1181 1463 ita
1206 1426 1371 1464 dixisset
1392 1430 1535 1472 auctor,
1561 1427 1650 1478 quia
1673 1427 1878 1466 infinitivus

1015 1495 1087 1519 non
1119 1481 1297 1527 haberet,
1326 1483 1428 1520 unde
1458 1482 1655 1534 penderet.
1714 1482 1815 1522 Hinc
1837 1489 1881 1523 at

1014 1537 1180 1590 retinui.]

1071 1607 1120 1632 116
1157 1594 1371 1633 lmmamcm
1409 1595 1571 1646 quidem
1609 1596 1795 1648 qnotidie
1830 1611 1881 1635 ac

1012 1655 1165 1702 partes.
1184 1650 1284 1688 Fere
1299 1664 1434 1689 omnes
1445 1650 1542 1689 Edd.
1559 1655 1598 1689 61
1611 1652 1720 1690 codd.
1736 1652 1882 1703 aliquot

1015 1710 1103 1744 ante
1131 1707 1291 1758 quidem
1316 1707 1487 1745 inserunt
1511 1709 1645 1747 verba:
1667 1709 1789 1761 fidem
1814 1710 1880 1746 11ιί-

1014 1776 1147 1808 nuere,
1174 1762 1235 1800 alii
1252 1763 1386 1815 fidem,
1412 1763 1474 1801 alii
1496 1765 1672 1803 adnuere
1692 1765 1880 1809 omittunt,

1014 1817 1116 1855 unde
1147 1818 1248 1856 ond.
1280 1820 1497 1865 arbitratur,
1526 1820 1647 1872 fidem
1671 1821 1817 1858 abiisse
1843 1821 1878 1858 in

1017 1874 1195 1926 quidem,
1227 1878 1342 1924 atque
1373 1876 1461 1914 ideo
1494 1876 1542 1914 ab
1569 1875 1654 1914 aliis
1678 1881 1881 1928 utrumque

1016 1930 1242 1976 admissum,
1257 1932 1305 1968 ab
1319 1932 1405 1969 aliis
1421 1936 1551 1971 contra
1566 1933 1678 1970 etiam
1694 1932 1879 1978 deletum,

1017 1990 1053 2024 te
1072 1999 1139 2036 pro
1161 2001 1211 2025 ac
1230 1988 1453 2038 supposito,
1480 2002 1563 2026 cum
1587 1989 1775 2040 Apuleius
1789 1990 1880 2027 scri-

1017 2042 1154 2092 pserit:
1180 2056 1230 2081 uc
1255 2057 1302 2081 ue
1327 2044 1541 2083 humanum
1560 2046 1681 2096 fidem
1706 2046 1881 2084 mimoere

1018 2099 1201 2150 qnotidie
1215 2113 1265 2138 ac
1279 2105 1433 2151 partes.
1469 2099 1611 2139 Fraudi
1636 2101 1734 2139 enim
1757 2101 1880 2140 fuisse

1017 2154 1178 2192 librariis
1209 2168 1257 2193 116
1287 2156 1511 2207 simpliciter
1542 2158 1708 2208 positum
1740 2172 1807 2209 pro
1832 2172 1880 2196 ne

1019 2210 1178 2261 qzte'dcm
1203 2211 1252 2250 cf.
1276 2212 1325 2250 ad
1351 2212 1446 2251 Met.
1474 2211 1500 2252 1.
1525 2226 1560 2263 p.
1578 2217 1640 2254 70.
1667 2215 1782 2254 mdla
1805 2228 1879 2252 ses-

1015 2266 1147 2304 sibula
1167 2280 1218 2305 ac
1241 2281 1290 2306 ‘ne
1308 2270 1572 2320 sufficientem
1591 2270 1880 2320 supellectilem

1015 2322 1130 2360 uobis
1155 2337 1397 2375 comparare
1421 2325 1522 2364 licet.
1596 2325 1698 2377 [Ego
1732 2326 1781 2364 de
1807 2326 1880 2363 hoc

1016 2378 1101 2416 loco
1126 2379 1238 2417 aliter
1262 2380 1377 2430 plane
1402 2383 1538 2420 sentio.
1587 2380 1648 2419 Ex
1675 2395 1773 2432 vaga
1799 2396 1879 2420 ver-

1013 2435 1147 2472 borum
1183 2437 1359 2476 adnuere
1392 2438 1513 2489 fidem
1549 2438 1664 2484 sede,
1697 2439 1880 2489 quodque

1015 2490 1236 2529 alterutrum
1257 2493 1292 2530 in
1313 2494 1507 2532 nonnullis
1521 2494 1652 2539 codd,
1678 2499 1879 2544 utrumque

1015 2547 1050 2584 111
1067 2546 1238 2597 plurimis
1253 2550 1439 2587 omissum
1454 2554 1527 2596 est,
1548 2549 1650 2589 Oud.
1664 2550 1879 2601 intelligere

1016 2607 1182 2653 poterat,
1214 2617 1237 2641 a
1267 2618 1379 2643 manu
1411 2605 1569 2658 Apuleii
1600 2606 1698 2645 baec
1728 2607 1879 2644 minime

1013 2659 1189 2710 profecta
1203 2673 1306 2698 esse.
1351 2662 1498 2700 Fidem
1510 2663 1685 2703 minuere
1699 2663 1878 2713 equidem

1013 2715 1112 2754 duco
1132 2729 1223 2754 esse
1244 2717 1476 2756 librariorum
1490 2719 1878 2769 interpretamentum,

1011 2771 1075 2822 qui
1107 2786 1157 2811 ac
1186 2786 1236 2811 ne
1267 2773 1480 2813 Ιιιιηιαπηιη
1507 2775 1668 2826 quidam
1695 2775 1879 2827 quotidie

1011 2842 1063 2867 ac
1091 2833 1229 2879 partes
1258 2829 1467 2868 electiores
1491 2832 1698 2883 surr-[pem
1729 2845 1800 2868 non
1828 2831 1879 2869 in-

1016 2882 1260 2933 telligebant,
1298 2885 1441 2936 quippe
1478 2886 1552 2922 vim
1589 2886 1799 2937 particulae
1829 2902 1881 2927 ac

1018 2939 1240 2989 ignorantes
1267 2940 1434 2991 ideoque
1465 2941 1650 2979 omissum
1683 2956 1777 2980 osse
1802 2944 1879 2982 infi-

1016 2996 1170 3032 uitivuni
1186 3009 1386 3046 perperam
1401 3001 1594 3048 putantes,
1611 2999 1671 3037 Ac
1686 2999 1746 3037 1116
1760 2998 1881 3039 habet

1016 3057 1079 3088 aut
1102 3052 1368 3102 explicativam
1395 3066 1509 3104 quam
1535 3053 1664 3092 dicunt
1689 3055 1878 3106 significa-

1014 3107 1157 3146 tionem
1171 3111 1209 3146 et
1223 3122 1291 3161 pro
1312 3114 1350 3150 et
1367 3132 1420 3138 —-
1442 3109 1598 3164 quidem
1617 3111 1783 3165 positum
1804 3117 1866 3153 est
