2155 3590
652 140 840 181 LIBER
871 141 944 181 lv,
1006 140 1132 180 CAP.
1164 138 1283 177 XVI.

1759 135 1843 179 255

64 254 275 297 tubernalis
301 261 516 309 opportuna
540 253 775 294 liberalitate
800 254 988 304 laetatus,
1017 253 1125 293 iubet
1149 251 1260 291 nobis
1287 248 1464 304 protinus
1491 248 1623 303 gaudii
1648 248 1707 289 sui
1733 263 1849 303 geru-

60 313 108 353 lis
134 313 265 352 decem
290 324 432 351 aureos
456 311 520 366 (ut
543 310 625 364 ipse
650 310 867 364 habebat‚)
892 324 912 350 e
938 310 1019 350 suis
1044 308 1182 350 loculis
1208 305 1472 347 adnumerari.

59 369 162 409 vitas
198 365 446 423 consuelvit,
485 367 532 406 ad
568 366 793 420 repentinas
829 367 1004 406 visiones
1040 366 1191 406 animos
1217 363 1414 403 hominum
1442 361 1606 416 pellere,
1645 362 1755 401 multi
1780 376 1850 401 nu-

61 439 168 465 mero
193 424 414 464 mirabundi
443 422 606 463 bestiam
639 423 903 463 confluebant:
937 437 1100 476 quorum
1133 421 1229 462 satis
1256 419 1445 460 callenter
1469 418 1646 458 curiosos
1672 425 1852 472 aspectus

60 480 308 536 Thrasyleon
346 486 482 520 noster
517 479 659 533 impetu
698 479 841 518 minaci
877 480 1108 532 frequenter
1142 476 1357 517 inhibebat.
1409 473 1672 527 Consonaque
1709 474 1852 514 civium

59 551 155 577 voce
181 536 276 577 satis
302 536 400 576 felix
425 549 470 576 ac
494 535 632 576 beatus
658 534 927 575 Demochares
953 535 1018 575 ille
1043 548 1159 588 saepe
1185 533 1425 582 celebratus,
1461 531 1562 584 quod
1593 537 1681 584 post
1705 537 1852 570 tantam

60 593 205 634 cladem
232 593 404 633 ferarum
430 606 532 633 novo
559 598 750 646 proventu
775 592 1045 645 quoquomodo
1071 591 1254 631 fortunae
1284 588 1505 629 resisteret.
1557 585 1671 627 Iubet
1701 586 1852 627 novali-

59 650 130 690 bus
155 649 236 690 suis
257 648 264 705 Ι
285 648 492 689 confestim
516 648 680 688 bestiam
705 648 785 700 ire3
813 648 921 688 iubet
945 661 1095 688 summa
1119 661 1204 687 cum
1232 644 1434 699 diligentia
1458 643 1669 698 reportari.

57 775 190 816 gaudiis
206 780 240 806 G.
257 780 286 806 1.
301 785 321 806 a
335 786 413 812 μω.
427 777 581 807 hahuisse
595 778 735 812 videtur,
750 778 806 805 sed
821 785 907 805 nunc
923 777 1127 805 obliteratum
1140 778 1199 804 est.
1226 777 1265 802 ut
1277 774 1346 810 ι’μεε
1359 771 1504 801 habebat
1518 774 1632 802 desunt
1647 772 1680 800 in
1691 772 1725 800 G.
1739 773 1806 801 1.2.
1816 772 1854 799 D.

61 819 150 862 (etP.
161 826 291 852 notante
299 824 410 851 W‘ow.
419 846 427 861 7
442 823 488 851 ibi
497 824 616 858 legitur
623 821 771 850 habebat
782 824 887 850 solum
903 825 983 849 leste
992 820 1370 849 E1111.sedW0w.1naior
1384 819 1461 847 fides
1474 819 1624 847 habenda
1633 820 1692 852 est,
1702 817 1779 850 quia
1791 820 1855 844 lota

59 869 244 897 enunciatio
258 869 355 896 etiam
369 869 402 896 in
418 870 452 896 G.
467 870 498 896 2.
514 875 576 896 non
590 867 784 902 comparet).
823 874 839 893 e
853 867 922 894 suis
939 869 1028 895 abest
1044 873 1064 894 a
1079 865 1099 894 f.
1113 867 1151 894 R.
1177 872 1222 892 ex
1236 864 1305 892 suis
1321 865 1356 893 G.
1372 866 1402 892 2.
1416 865 1454 893 D.
1493 861 1733 891 adnumeraret
1749 870 1778 896 p.
1817 864 1857 888 ut

60 916 171 942 exulat
185 915 247 941 aG.
259 915 328 942 1.2.
339 914 374 942 P.
384 914 460 941 etD.
477 912 528 947 [in
544 913 637 941 cuius
650 920 750 947 marg.
765 920 785 941 a
797 920 837 940 m.
854 921 880 940 S.
895 913 1077 945 suppletum
1092 910 1171 945 est.)
1196 908 1353 946 pellicere
1366 910 1441 937 Ald.
1468 907 1570 936 militi
1580 915 1635 943 pro
1651 905 1758 941 mulli,
1773 907 1854 941 quod

59 959 92 987 in
107 966 206 994 marg.
221 965 241 986 a
254 966 293 986 m.
309 967 334 987 s.
350 962 527 986 correctum
542 962 608 994 est,
622 959 660 985 D.
675 965 695 986 a
709 965 748 985 m.
764 965 793 991 p.
827 955 883 990 ad,
900 958 983 990 quod
997 960 1071 984 ante
1085 955 1225 982 bestiam
1241 955 1389 983 nonnulli
1403 955 1492 982 codd.
1508 958 1535 982 et
1550 954 1619 982 edd.
1633 956 1710 981 vett.
1725 954 1855 987 habent,

58 1011 123 1032 non
142 1006 229 1032 extat
249 1004 282 1031 in
301 1004 337 1031 F.
353 1005 382 1032 1.
396 1004 426 1031 3.
442 1004 477 1031 G.
494 1004 522 1030 1.
536 1005 565 1031 2.
581 1004 618 1030 D.
633 1004 668 1031 0.
683 1004 717 1030 Β.
732 1004 770 1030 R.
785 1001 806 1030 f.
823 1011 851 1036 p.
866 999 895 1030 (ἲ.
944 1000 1096 1028 caleneer
1109 1001 1143 1028 Ο.
1159 1004 1187 1028 et
1202 1002 1237 1028 G.
1254 1001 1282 1028 1.
1297 1007 1317 1028 a
1330 1008 1359 1034 p.
1374 1007 1414 1027 m.
1439 1000 1587 1027 Alterum
1607 998 1692 1027 enim
1712 996 1726 1024 l
1743 1004 1763 1026 a
1776 1004 1815 1025 m.
1830 1005 1857 1024 s.

59 1049 189 1077 videtur
206 1056 297 1084 esse⁷
323 1051 352 1076 et
372 1056 445 1076 cum
463 1048 611 1082 sequenti
629 1048 740 1076 littera
759 1054 775 1073 e
790 1051 887 1074 tolum
908 1047 1074 1075 coalescit.
1123 1044 1275 1072 curiosus
1296 1046 1330 1072 G.
1350 1046 1377 1072 1.
1429 1042 1597 1072 thrasium
1612 1045 1647 1071 G.
1663 1044 1693 1070 2.
1708 1043 1746 1070 Ι).
1794 1043 1858 1070 Pro

60 1101 160 1129 saepe
173 1092 362 1120 celebratus
376 1094 456 1122 Oud.
470 1093 658 1127 maluitlegi
674 1092 781 1127 caepit
795 1094 849 1119 vel
864 1094 999 1127 coeptus
1013 1093 1066 1117 est
1084 1089 1260 1118 celebrari.
1303 1092 1467 1126 provectu
1488 1099 1519 1123 φ.
1567 1086 1756 1116 πουαῖῖίὂιιε
1777 1089 1811 1116 G.
1828 1087 1856 1115 1.

60 1139 122 1166 Pro
135 1137 308 1166 novalibus
323 1138 357 1166 in
371 1138 539 1166 nonnullis
553 1138 643 1165 codd.
659 1137 722 1169 legi
738 1136 878 1164 vicariis
891 1140 990 1164 testes
1004 1139 1090 1163 sunt.
1104 1136 1217 1163 lVow.
1233 1138 1263 1162 et
1276 1134 1396 1163 Floria.
1418 1135 1480 1162 Sed
1494 1142 1591 1168 quum
1605 1141 1713 1162 eorum
1727 1132 1859 1161 nomina

59 1190 123 1211 non
136 1184 287 1219 afferant,
303 1191 355 1211 res
370 1183 476 1217 potius
491 1183 564 1210 ficta
577 1183 705 1210 videtur
718 1189 801 1210 esse.
850 1180 920 1208 iret
933 1189 960 1215 p.
1008 1179 1098 1207 iubet
1112 1186 1242 1206 summa
1254 1183 1373 1208 absunt
1386 1186 1406 1207 a
1420 1186 1455 1206 π.
1480 1180 1589 1208 Verba
1597 1186 1727 1206 summa
1740 1184 1860 1213 repor-

62 1226 135 1255 tari
147 1231 280 1256 exulant
295 1237 312 1256 e
326 1227 347 1256 f.
361 1229 399 1256 R.
434 1235 564 1255 summa
578 1235 605 1254 c.
619 1225 675 1256 dil.
687 1226 777 1254 iubet
791 1234 860 1263 rep.
875 1227 909 1254 G.
929 1227 954 1254 l.
971 1227 999 1254 ⁸2.
1014 1227 1052 1253 D.
1068 1226 1104 1254 P.
1142 1225 1275 1252 recturi
1285 1232 1339 1258 pro
1354 1223 1530 1260 reportari
1542 1225 1581 1253 D.
1600 1222 1782 1258 (vectari.)
1803 1230 1858 1250 re-

54 1273 212 1310 pon-laris
225 1274 339 1302 Venet.
354 1274 383 1302 2.

59 1382 116 1434 ad}
127 1381 235 1420 Lact.
249 1382 408 1432 Argum.
431 1381 505 1419 fab.
520 1380 570 1419 X.
586 1381 700 1419 Ovid.
715 1380 811 1418 Met.
827 1378 927 1417 Vlll.

60 1452 96 1490 p.
112 1442 203 1479 612.
230 1438 290 1476 ed.
312 1438 440 1476 Burm.
468 1441 506 1475 et
530 1437 633 1488 apud
648 1437 757 1475 Stav.
782 1449 821 1487 p.
836 1436 928 1476 849.

60 1496 241 1534 Attamen
268 1507 291 1532 a
315 1494 427 1533 codd.
452 1493 634 1532 recedere
659 1491 792 1545 nolui]

116 1556 163 1590 ut
174 1552 260 1603 ipse
273 1550 458 1590 habebat.
500 1549 606 1588 Sane
621 1549 825 1588 offensioni
841 1552 931 1587 sunt

61 1607 159 1646 haec
189 1608 323 1652 verba,
356 1619 515 1657 quorum
547 1605 753 1644 difficultas
781 1606 931 1644 insulsa

63 1663 186 1702 Colvii
205 1664 426 1702 coniectura
445 1660 581 1702 aiebat
597 1663 753 1701 minime
771 1662 927 1707 tollitur,

63 1719 234 1759 Gronov.
269 1720 318 1758 de
342 1719 435 1758 Pec.
462 1719 554 1758 Vet.
578 1733 614 1770 p.
651 1723 740 1760 180.
774 1720 928 1756 iunctim

62 1776 200 1828 legens
209 1778 405 1828 protinus
414 1781 459 1815 ut
471 1777 556 1827 ipse
564 1776 740 1814 habebat
752 1773 802 1822 ὡς
815 1773 930 1820 αὐτὸς

62 1831 152 1886 εἶχεν
175 1835 197 1872 i.
223 1847 256 1871 e.
282 1834 389 1872 sicut
417 1837 506 1871 erat
530 1833 812 1882 interpretatur:
851 1845 929 1869 om-

63 1903 133 1928 nes
164 1889 279 1929 {dedit
314 1902 476 1934 aureos,
511 1890 575 1939 qui
611 1891 689 1926 tum
721 1889 756 1926 in
790 1887 928 1925 loculis

63 1950 183 1984 erant.
234 1945 381 1984 Gruter.
408 1944 558 1983 solidos
584 1957 725 1983 aureos
750 1958 823 1982 nec
848 1957 931 1995 pre-

63 2005 156 2041 tium
168 2015 300 2040 eorum
314 2001 504 2051 intelligit,
519 2000 655 2039 Heius.
670 2001 836 2051 denique
845 2014 932 2037 con-

64 2060 168 2098 iecit:
200 2063 245 2098 ut
267 2059 302 2096 is
321 2071 361 2096 se
380 2057 556 2096 habebat
573 2058 657 2095 sive
678 2060 719 2095 ut
737 2057 933 2107 ingenium

66 2117 149 2153 eius
174 2118 258 2152 erat
283 2114 452 2152 liberale.
502 2113 600 2165 [Sed
625 2113 744 2165 plane
764 2112 935 2151 absurda

64 2171 156 2210 mihi
166 2170 314 2208 videtur
328 2183 420 2208 esse
436 2169 587 2208 Gruteri
597 2170 803 2213 sententia,
818 2182 934 2219 quum

66 2241 140 2266 non
172 2227 265 2265 tanti
297 2228 366 2271 sit,
389 2230 514 2264 utrum
545 2226 697 2263 solidos
721 2239 861 2263 aureos
888 2239 934 2263 an

66 2284 228 2335 pretium
264 2296 397 2321 eorum
435 2282 646 2320 latronibus
679 2281 936 2320 Democharis

68 2339 237 2378 solverit.
286 2338 373 2389 Ego
399 2352 469 2377 eos
494 2352 651 2388 sequor,
677 2339 741 2388 qui
765 2351 850 2377 cum
871 2337 937 2376 ali-

66 2400 161 2447 quot
174 2396 284 2434 codd.
298 2399 418 2433 totam
432 2395 736 2432 enunciationem
750 2408 818 2445 pro
832 2394 937 2445 glos-

67 2456 219 2491 semate
239 2452 402 2490 eiiciunt.
462 2450 651 2489 Fortasse
673 2451 878 2501 legendum
893 2455 939 2489 ut

67 2510 155 2560 ipse
173 2508 390 2561 yauclebat
409 2509 430 2546 i.
452 2521 486 2546 e.
511 2510 623 2558 prout
648 2507 830 2557 gaudium
855 2506 940 2544 eius

69 2569 150 2603 erat
174 2565 270 2603 satis
295 2563 505 2615 magnum]

124 2621 359 2660 mirabundi
390 2621 555 2660 bestiam.
586 2619 651 2671 [cf.
684 2619 733 2657 ad
764 2618 860 2657 Met.
892 2618 938 2657 ΙΙ.

70 2691 106 2729 p.
129 2680 192 2717 95.
243 2676 319 2722 Qui
345 2677 444 2715 enim
471 2676 611 2714 librarii
636 2689 710 2714 non
737 2675 939 2713 intellexe-

71 2737 165 2779 rant,
204 2733 370 2772 bestiam
399 2737 531 2784 aptum
563 2745 655 2770 esse
686 2745 708 2769 a
738 2732 941 2771 mirabun-

73 2789 167 2835 dus,
197 2789 256 2827 ad
285 2789 534 2834 adiiciebant,
565 2792 606 2826 ut
638 2790 841 2841 confluere
865 2789 941 2826 usi-

71 2848 153 2883 tata
175 2846 322 2883 ratione
347 2843 596 2896 iungeretur]

127 2901 350 2941 novalibus.
401 2901 589 2953 [Magnas
614 2900 704 2938 mihi
729 2900 804 2939 hoc
829 2914 941 2939 voca-

74 2956 205 2995 bulum
235 2959 383 2996 creavit
413 2957 634 3002 molestias,
667 2970 738 2994 nec
763 2960 838 2994 tam
866 2957 941 2995 levi

77 3025 166 3050 cura
177 3015 349 3052 omittere
363 3014 457 3052 illud
472 3013 641 3051 debebat
655 3012 757 3051 Oud.
767 3044 776 3059 ,
792 3014 855 3063 qui
868 3027 940 3052 uo»

77 3068 186 3108 valia
202 3074 312 3122 putat
330 3071 458 3109 vocari
476 3082 598 3121 posse
619 3070 779 3120 quaevis
799 3070 943 3107 rustica

77 3124 231 3175 praedia
261 3126 350 3165 coll.
382 3126 490 3177 Virg.
523 3125 609 3165 Ecl.
639 3125 667 3164 l.
694 3130 758 3165 71.
788 3125 940 3164 Auson.

989 1379 1149 1417 Mosell.
1177 1383 1270 1419 332.
1330 1378 1439 1416 Haec
1469 1379 1531 1416 vix
1563 1378 1648 1416 ferri
1680 1382 1859 1430 possunt.

989 1435 1089 1472 Nam
1113 1439 1155 1473 ut
1178 1435 1337 1474 novalis
1362 1434 1438 1472 hoc
1462 1435 1671 1485 significet,
1699 1447 1774 1485 qua
1804 1439 1859 1472 ta-

988 1504 1074 1529 men
1101 1492 1248 1530 ratione
1276 1491 1384 1529 locus
1410 1490 1534 1529 afferri
1561 1492 1682 1542 potuit
1708 1491 1858 1529 Auson.

989 1548 1040 1586 (le
1066 1562 1141 1598 quo
1166 1549 1296 1586 statim
1322 1561 1446 1598 agam.
1497 1546 1595 1585 Tum
1621 1547 1670 1585 de
1691 1547 1860 1598 praediis

989 1604 1195 1643 rusticanis
1220 1617 1348 1642 sermo
1374 1617 1467 1642 esse
1492 1604 1643 1654 nequit,
1677 1604 1859 1655 quoniam

988 1660 1259 1699 Demochares
1280 1661 1316 1698 in
1337 1662 1425 1711 ipsa
1442 1661 1538 1698 urbe
1557 1661 1796 1705 versabatur,
1823 1663 1863 1697 et

988 1719 1024 1755 in
1046 1718 1130 1755 eius
1150 1717 1265 1755 domo
1285 1730 1414 1755 ursam
1434 1717 1575 1755 includi
1597 1718 1861 1755 necessarium

989 1778 1081 1818 erat,
1102 1774 1137 1811 si
1158 1774 1313 1824 quidem
1329 1772 1576 1824 Thrasyleon
1592 1773 1755 1811 aedibus
1771 1785 1860 1824 ape-

987 1830 1132 1868 riendis
1165 1834 1248 1867 erat
1278 1829 1439 1868 electus.
1489 1830 1532 1867 Si
1558 1831 1592 1868 in
1619 1830 1779 1881 praedia
1804 1843 1860 1867 ru-

988 1887 1086 1925 stica
1104 1886 1170 1923 ille
1188 1886 1373 1937 religatus
1394 1889 1514 1931 esset,
1540 1887 1631 1936 quid
1651 1886 1739 1924 inde
1760 1898 1861 1923 com-

991 1944 1095 1981 modi
1113 1942 1328 1980 redundare
1345 1943 1469 1994 potuit
1487 1942 1538 1980 ad
1564 1942 1744 1981 latrones.
1802 1941 1838 1981 V
1835 1943 1863 1979 ἱ-

991 2001 1108 2038 varia
1122 1999 1293 2036 denotari
1308 1998 1484 2044 ferarum,
1505 1999 1626 2050 primo
1648 2000 1776 2037 statim
1796 1998 1862 2036 ad-

992 2059 1131 2106 spectu
1156 2055 1395 2106 intelligitur:
1422 2055 1615 2106 quomodo
1642 2068 1690 2093 ea
1708 2056 1863 2107 possint

993 2112 1208 2163 significare
1244 2112 1425 2157 uocales,
1464 2125 1564 2150 nunc
1600 2111 1864 2162 quaerendum

994 2172 1067 2207 est.
1115 2168 1154 2206 A
1179 2167 1296 2206 Gellii
1328 2167 1415 2207 loco
1452 2168 1675 2221 proficiscor
1708 2167 1752 2206 ll.
1785 2171 1864 2208 20..

997 2225 1059 2275 qui
1075 2224 1166 2262 talia
1179 2223 1343 2275 profert:
1376 2226 1542 2270 vivaria,
1565 2239 1670 2277 quae
1684 2239 1791 2264 nunc
1806 2225 1864 2263 cli-

996 2285 1144 2320 cuutur
1168 2285 1281 2332 septa
1304 2282 1506 2333 quaedam
1525 2281 1631 2328 loca,
1657 2283 1699 2320 in
1720 2281 1864 2334 quibus

992 2340 1111 2389 ferae
1142 2338 1251 2376 vivae
1274 2343 1504 2389 pascuntur
1534 2341 1573 2375 et
1597 2341 1739 2388 postea
1762 2339 1863 2376 viva-

996 2394 1060 2432 ria
1087 2407 1186 2445 quos
1210 2396 1520 2446 παραδείσους
1546 2394 1696 2434 Graeci
1721 2394 1863 2446 appel-

997 2450 1103 2494 lant;
1139 2453 1228 2488 sunt
1252 2450 1363 2501 igitur
1387 2451 1543 2490 vivaria
1567 2450 1666 2489 horti
1691 2449 1865 2488 conclusi

999 2519 1022 2543 a
1046 2506 1293 2544 similitudine
1323 2507 1376 2545 ita
1408 2507 1606 2553 nominati,
1638 2507 1728 2558 quia
1751 2510 1866 2557 septa

999 2566 1106 2600 erant
1140 2566 1181 2600 ut
1216 2563 1461 2616 ζωστροφεῑοε.
1528 2563 1717 2601 Videmus
1755 2563 1866 2613 igitur

997 2618 1097 2657 haec
1122 2620 1263 2657 vivaria
1287 2633 1410 2671 saepe
1434 2620 1565 2658 hortos
1592 2619 1728 2665 fuisse,
1755 2619 1864 2656 lucos

998 2675 1188 2721 consitos,
1214 2680 1253 2713 et
1276 2676 1486 2720 herbosos,
1511 2677 1574 2714 ubi
1600 2676 1704 2714 serae
1728 2675 1866 2713 nutrie-

997 2731 1145 2770 bantur.
1205 2733 1375 2772 Nocalis
1401 2746 1490 2770 vero
1515 2733 1606 2770 item
1632 2732 1758 2770 locum
1782 2731 1865 2770 her-

999 2788 1156 2834 bosum,
1188 2789 1326 2826 silvam
1363 2789 1553 2840 significat
1576 2788 1680 2840 apud
1716 2787 1864 2826 Colum.

998 2844 1123 2896 praef.
1154 2844 1216 2883 lib.
1230 2844 1296 2882 Vl.
1317 2844 1346 2894 ς’.
1365 2850 1399 2885 1.
1422 2850 1567 2897 pastor
1590 2845 1747 2897 quatiet
1774 2844 1866 2883 loco

999 2902 1137 2940 novali
1155 2906 1196 2940 et
1210 2904 1446 2953 mammosa
1465 2905 1505 2938 et
1524 2914 1756 2952 quamquam
1776 2900 1866 2939 inde

998 2958 1075 2995 iam
1106 2957 1235 3007 colligi
1267 2958 1415 3007 nequit,
1448 2958 1600 2996 vivaria
1631 2961 1670 2995 et
1699 2958 1866 2996 novalia

999 3013 1101 3051 idem
1132 3014 1366 3064 significare,
1396 3017 1524 3051 tamen
1556 3013 1630 3052 hoc
1660 3027 1729 3064 pro
1760 3017 1865 3051 certo

999 3069 1091 3108 licet
1113 3069 1302 3111 affirmari,
1328 3070 1490 3109 novales
1513 3069 1576 3108 hic
1594 3070 1668 3107 (lici
1688 3070 1866 3121 potuisse

1000 3139 1047 3164 ea
1073 3126 1176 3172 loca,
1203 3126 1265 3164 ubi
1304 3126 1407 3165 serae
1440 3126 1750 3172 includebantur,
1777 3127 1867 3177 quia

1511 306 1516 361 Ι
1547 304 1678 352 Tunc,
1712 313 1756 346 ut
1781 320 1850 345 no·
1875 308 1939 343 275

1876 365 1974 404 [150]
