2155 3590
742 123 1161 165 PRAEFATIO.
1800 133 1839 159 ni

58 242 197 281 festum
234 247 308 281 est.
371 238 481 293 Quae
518 252 613 279 vero
649 252 850 293 perperam
889 244 1055 279 tractata
1091 243 1204 286 sunt,
1245 235 1372 274 minus
1405 248 1456 274 ex
1488 233 1648 274 editoris
1675 231 1842 287 segnitia

58 322 103 349 ac
128 307 339 348 securitate
365 308 539 362 profecta
564 320 651 347 esse
677 307 881 357 videntur,
909 319 1023 359 quam
1043 318 1095 344 ex
1120 303 1270 356 ingenii
1294 303 1377 343 eius
1403 301 1608 352 tenuitate,
1637 315 1689 342 ex
1713 299 1843 340 iudicii

56 376 207 430 inopia,
236 390 288 416 ex
313 375 397 416 rudi
424 375 694 428 indigestaque
720 373 964 427 antiquitatis
991 371 1234 426 cognitione,
1259 384 1358 425 quae
1384 384 1469 409 cum
1490 370 1528 409 in
1552 369 1729 409 omnibus
1751 381 1846 422 quas

56 443 211 498 paravit
239 443 472 497 scriptorum
505 442 739 483 editionibus
771 449 850 482 tum
884 442 924 481 in
955 439 1110 495 Apuleii
1142 445 1276 492 aperte
1308 438 1609 493 perspiciuntur.
1666 424 1848 476 Maxima

57 511 158 551 enim
196 511 241 550 ad
268 510 474 565 Apuleium
515 510 604 550 inde
639 509 874 550 redundavit
910 508 1131 557 calamitas,
1172 507 1272 560 quod
1311 506 1479 560 priorem
1512 504 1577 559 qui
1606 504 1645 544 in
1678 503 1848 544 editione

56 579 230 634 principe
268 578 502 619 constitutus
540 585 626 618 erat
661 577 871 617 verborum
899 583 1125 617 contextum
1153 582 1300 615 temere
1326 574 1422 613 satis
1454 573 1518 613 ille
1544 571 1708 612 mutavit
1733 570 1849 610 alias-

58 661 131 701 que
156 647 344 687 lectiones
369 646 569 699 proposuit
594 652 633 685 et
658 644 819 698 recepit,
849 658 946 697 quae
972 643 1099 684 minus
1120 657 1172 683 ex
1192 643 1264 682 fida
1286 641 1460 682 codicum
1481 640 1715 681 auctoritate
1735 652 1850 692 quam

57 714 222 755 ridicula
257 713 500 768 antiquitatis
537 713 785 754 affectatione
823 719 1071 752 emanarunt.
1142 709 1314 751 Caussas
1353 724 1448 749 vero
1487 708 1625 762 quibus
1662 721 1684 747 a
1722 706 1852 761 priore

58 782 252 836 scriptura
287 789 329 822 ut
365 782 568 822 recederet
598 788 813 821 commotus
845 787 904 819 est
935 794 1049 833 quum
1082 778 1284 819 rarissime
1316 776 1473 818 adiiciat
1498 791 1569 816 nec
1604 776 1707 830 ipse,
1752 774 1852 828 quod

58 850 144 890 fieri
168 863 239 905 par
263 857 369 900 erat,
398 864 487 890 num
516 849 669 889 codices
694 855 852 888 secutus
878 847 927 887 sit
954 847 1199 901 pronuntiet,
1229 845 1332 886 dubii
1358 858 1513 899 semper
1538 844 1760 891 haeremus,
1789 842 1854 882 ubi

59 917 198 958 melior
227 917 422 972 scriptura
453 924 584 967 extet,
624 923 751 957 utrum
781 916 903 970 ipsius
935 915 1094 968 ingenio
1126 928 1175 954 an
1199 913 1295 954 Mss.
1331 913 1447 953 tribui
1480 926 1526 953 ea
1551 911 1710 962 debeat3
1753 911 1854 951 unde

59 999 186 1026 meum
212 1000 299 1026 esse
324 986 441 1035 duxi,
470 986 509 1025 in
535 984 619 1024 eius
644 984 877 1024 lectionibus
903 982 1200 1037 comprobandis
1227 981 1379 1021 cautius
1406 994 1545 1034 agere,
1580 980 1740 1033 eiusque
1765 992 1854 1019 sen-

61 1054 205 1095 tentiae
242 1067 440 1107 nunquam
478 1052 685 1102 assentiri,
726 1052 765 1091 ni
802 1051 975 1090 melioris
1014 1057 1130 1090 notae
1167 1049 1363 1089 codicibus
1394 1049 1509 1089 lectio
1541 1048 1853 1088 confirmaretur.

61 1120 164 1175 Quid
195 1129 323 1162 autem
355 1122 401 1161 de
431 1119 684 1174 ineptissimis
711 1118 895 1159 Beroaldi
927 1117 1217 1158 commentariis
1250 1117 1496 1156 indicandum
1523 1116 1574 1156 sit
1599 1129 1789 1170 quamque
1814 1115 1854 1154 in

61 1189 294 1242 explicando
318 1188 485 1242 Apuleio
511 1188 716 1240 ingressus
743 1186 861 1225 fuerit
886 1185 1076 1225 rationem
1105 1185 1181 1224 alio
1209 1187 1292 1224 loc-o
1322 1185 1444 1224 fusius
1471 1198 1682 1238 exponam.

170 1277 350 1332 Denique
371 1275 589 1317 Beroaldus
609 1291 631 1317 a
653 1275 912 1330 perversitate
934 1275 1096 1328 quadam
1120 1289 1197 1314 uon
1224 1274 1322 1314 liber
1349 1274 1441 1321 fuit,
1470 1289 1583 1328 qnam
1607 1288 1741 1314 omncs
1769 1275 1852 1314 fere

59 1345 216 1401 Apuleii
240 1346 474 1400 interpretes
500 1358 711 1399 occupasse
738 1342 1006 1397 cognoscitur,
1036 1356 1210 1396 quaeque
1232 1342 1454 1382 accuratius
1476 1342 1534 1382 hic
1555 1357 1600 1382 eo
1623 1343 1855 1397 explicanda

60 1414 156 1464 erit,
190 1414 290 1467 quod
316 1413 404 1453 inde
430 1412 594 1467 perspici
622 1412 732 1462 licet,
767 1425 840 1465 qua
867 1411 1021 1451 ratione
1047 1410 1251 1464 scriptoris
1279 1409 1393 1450 toties
1420 1411 1576 1450 tractati
1609 1410 1698 1450 libri
1724 1411 1854 1450 hodie-

60 1496 133 1536 que
163 1489 242 1522 tam
274 1481 438 1522 mutilati
470 1488 507 1521 et
539 1480 739 1534 depravati
771 1479 859 1519 sint.
919 1477 990 1519 Est
1023 1481 1124 1518 enim
1152 1479 1224 1518 ista
1252 1484 1443 1532 tamquam
1472 1478 1653 1532 prurigo,
1689 1493 1762 1533 qua
1789 1478 1855 1518 ob-

60 1550 183 1590 soleta
210 1563 384 1604 quaeque
411 1556 450 1589 et
475 1555 700 1603 pervetusta
726 1547 893 1601 Apuleio
918 1547 1114 1587 vindicata
1141 1554 1252 1597 sunt,
1282 1560 1457 1600 quaeque
1489 1546 1528 1586 in
1561 1547 1667 1587 nullo
1699 1554 1856 1601 praeter

59 1632 147 1658 eum
171 1625 356 1672 quantum
383 1617 495 1657 video
521 1616 712 1671 scriptore
740 1623 815 1656 tam
843 1629 984 1670 magna
1011 1629 1055 1655 ac
1083 1621 1158 1654 tam
1187 1615 1373 1669 pestifera
1400 1629 1568 1668 unquam
1598 1615 1691 1665 fuit,
1721 1629 1855 1669 quam-

59 1685 120 1727 vis
135 1684 362 1727 *Beroaldus
394 1686 512 1726 certis
542 1684 709 1724 vinculis
741 1684 934 1738 adstringi
960 1697 1002 1724 se
1028 1697 1165 1737 passus
1197 1683 1267 1733 sit,
1310 1697 1408 1736 quae
1436 1690 1563 1724 tamen
1601 1697 1739 1724 secure
1771 1684 1854 1724 eius

59 1753 277 1794 imitatores
302 1767 483 1808 rumpere
509 1753 614 1793 soliti
640 1759 752 1802 sunt,
786 1759 825 1792 ut
852 1753 898 1792 ad
926 1765 1009 1792 eam
1037 1751 1236 1805 progressi
1263 1751 1343 1791 sint
1368 1751 1497 1791 iudicii
1524 1765 1569 1790 ac
1601 1752 1742 1792 mentis
1767 1766 1854 1806 per-

60 1822 310 1870 versitatem,
349 1835 461 1875 quam
501 1835 576 1861 non
616 1820 815 1861 doctrinae
854 1820 1140 1860 affectationem
1178 1819 1244 1859 sed
1276 1819 1469 1860 insaniam
1502 1819 1647 1860 rectius
1679 1820 1856 1859 nomina-

61 1889 188 1941 veris,
227 1903 249 1929 a
278 1888 494 1930 Wowerio
531 1888 696 1942 denique
733 1896 771 1929 et
802 1887 968 1929 Brantio
1007 1888 1053 1927 ad
1091 1901 1282 1928 summum
1321 1887 1519 1941 fastigium
1557 1894 1748 1928 evectam.
1823 1887 1857 1927 li

61 1957 162 1998 enim
199 1957 275 1998 isto
313 1958 445 1998 furore
484 1957 595 2011 plane
628 1957 849 2006 obcoecati,
889 1955 1095 1997 verissima
1127 1956 1351 2009 corrigunt,
1392 1955 1609 1996 clarissima
1647 1956 1854 2005 offuscant,

62 2025 346 2080 simplicissima
372 2025 625 2077 detorquent,
653 2031 693 2065 et
717 2024 805 2064 licet
831 2023 902 2078 ipsi
935 2024 1107 2064 locorum
1141 2037 1236 2076 quos
1263 2024 1463 2078 explicant
1494 2024 1696 2064 veritatem
1735 2037 1857 2075 agno-

61 2100 195 2143 scant,
223 2099 353 2132 tamen
378 2105 427 2132 ne
452 2091 540 2145 quid
571 2092 759 2132 intactum
791 2091 1036 2144 relinquant,
1066 2091 1377 2132 coniecturarum
1405 2092 1504 2132 mole
1542 2092 1708 2132 lectores
1747 2092 1858 2145 quasi

64 2160 235 2200 obruunt
269 2173 341 2200 nec
377 2174 469 2199 raro
495 2159 548 2199 ita
575 2159 660 2199 aliis
686 2159 965 2214 interpretibus
991 2159 1233 2213 imposuere,
1275 2167 1312 2199 ut
1354 2159 1533 2214 neglecta
1564 2173 1657 2200 vera
1690 2160 1858 2200 lectione

64 2241 198 2268 eorum
232 2227 516 2267 alucinationes
547 2228 610 2267 isti
645 2228 902 2282 praeferrent.
964 2226 1037 2267 Est
1068 2234 1195 2267 autem
1223 2227 1481 2267 abominanda
1514 2228 1620 2268 rudis
1645 2228 1710 2268 illa
1737 2235 1774 2268 et
1800 2228 1858 2267 in-

64 2295 218 2335 condita
245 2295 436 2345 doctrina,
466 2309 564 2349 quae
591 2295 760 2335 omnium
788 2296 903 2350 longe
930 2302 989 2335 est
1015 2295 1214 2346 facillima,
1244 2310 1358 2348 quum
1386 2296 1437 2336 sit
1463 2295 1558 2336 nihil
1585 2303 1661 2336 tam
1689 2310 1857 2343 cassum,

63 2363 158 2403 nihil
195 2370 273 2402 tam
311 2363 550 2411 obsoletum,
592 2363 686 2403 nihil
712 2370 789 2403 tam
815 2363 1047 2413 absurdum,
1087 2365 1187 2417 quod
1216 2363 1281 2403 tali
1309 2364 1492 2418 scriptori
1517 2364 1643 2418 qualis
1669 2364 1858 2419 Apuleius

64 2437 143 2481 est,
182 2430 383 2471 intrudere
419 2431 474 2470 illi
508 2445 585 2471 non
619 2438 829 2471 conentur:
870 2431 902 2472 si
932 2431 1054 2472 latina
1085 2446 1163 2472 non
1194 2431 1414 2483 sufficiunt,
1456 2445 1598 2486 graeca
1630 2439 1786 2487 petunt,
1826 2432 1860 2472 si

62 2498 225 2539 Plautus
250 2499 406 2552 effugit,
433 2498 628 2540 Naevium
656 2506 873 2539 sectantur.
935 2498 1037 2553 Quid
1063 2514 1159 2540 vero
1185 2500 1393 2540 absurdius
1419 2507 1477 2541 est
1505 2500 1700 2554 opinione,
1730 2499 1861 2540 omnia

64 2580 163 2621 qnae
188 2581 211 2607 a
237 2567 452 2607 fabularum
480 2575 518 2608 et
544 2567 795 2608 historiarum
824 2567 963 2622 priscis
988 2567 1244 2622 scriptoribus
1272 2568 1344 2608 dici
1371 2575 1547 2623 potuere,
1576 2582 1620 2608 ea
1648 2567 1694 2607 ab
1721 2581 1858 2608 recen-

63 2634 228 2676 tioribus
261 2634 325 2688 qui
357 2648 488 2675 eorum
524 2635 694 2690 vestigia
720 2636 855 2689 legunt
883 2635 956 2676 dici
982 2636 1149 2677 debere?
1180 2636 1282 2690 Quid
1309 2637 1408 2690 quod
1437 2636 1622 2690 cuiusque
1654 2635 1859 2690 scriptoris

64 2709 205 2744 natura
241 2710 280 2743 et
314 2702 488 2754 indoles,
529 2703 730 2744 doctrinae
768 2704 935 2758 gradus,
974 2718 1106 2745 rerum
1133 2719 1227 2758 quas
1256 2704 1439 2744 tractavit
1466 2704 1566 2744 ratio
1593 2704 1862 2744 consideretur

67 2777 234 2825 oportet,
262 2770 295 2811 si
323 2771 411 2825 quid
437 2771 502 2811 ille
528 2771 657 2812 dicere
684 2772 771 2825 quid
800 2785 878 2812 non
904 2771 1032 2813 dicere
1057 2772 1235 2813 debuerit
1261 2772 1546 2812 diiudicandum
1573 2778 1647 2822 est,
1676 2772 1859 2826 quoniam

64 2838 183 2879 multa
210 2845 322 2889 sunt,
351 2852 450 2893 quac
477 2839 760 2880 sententiarum
787 2853 883 2893 quas
908 2840 1083 2881 dicturus
1115 2848 1203 2881 erat
1225 2839 1435 2880 insolentia
1461 2846 1726 2891 excusantur,
1761 2853 1859 2893 quae

65 2906 97 2947 si
123 2906 169 2947 ab
195 2906 282 2946 aliis
307 2906 462 2947 ratione
488 2907 572 2947 cius
598 2921 675 2947 non
702 2907 832 2947 habita
858 2915 1102 2962 repetuntur,
1131 2915 1196 2949 aut
1224 2908 1355 2962 inepta
1375 2915 1442 2948 aut
1462 2908 1575 2962 plane
1595 2907 1858 2948 intolerabilia

65 2982 273 3029 apparent,
307 2975 427 3015 multa
458 2989 555 3028 quae
582 2975 821 3029 singularem
846 2975 904 3016 rei
929 2977 1129 3017 cuiusdam
1155 2976 1422 3016 condicionem
1448 2975 1610 3016 mirifice
1640 2976 1856 3028 illustrant,

64 3042 111 3082 ad
149 3042 224 3082 alia
261 3049 408 3082 temere
433 3043 625 3083 translata
653 3043 799 3096 frigent
829 3050 867 3083 et
894 3043 1096 3098 languent.
1155 3044 1258 3084 Nam
1291 3044 1362 3085 etsi
1401 3043 1537 3097 negari
1575 3044 1731 3098 nequit,
1771 3059 1858 3085 esse

65 3109 212 3165 aliquot
243 3118 441 3162 veterum,
481 3110 721 3152 Frontonem
760 3111 844 3152 dico
876 3110 1020 3169 Dictyn
1061 3111 1291 3154 Cretensem
1336 3126 1547 3166 eorumque
1585 3112 1753 3164 similes,
1793 3112 1856 3166 qui

1510 3181 1568 3219 a*
