2221 3667
306 150 390 193 634
560 151 606 190 L.
636 150 857 191 APULEII
887 148 1290 190 MADAURENSIS
1320 149 1865 191 METAMORPHOSEON

330 274 418 302 ares
437 274 646 302 aerumnas
665 262 954 304 exantlaverat.
978 260 1017 302 Is
1038 260 1084 301 de
1103 261 1188 301 eius
1207 260 1332 301 exitio
1353 267 1393 301 et
1411 260 1547 301 domus
1569 261 1688 302 totius
1707 262 1924 304 infortunio
1939 264 2037 304 mira
2051 278 2096 304 ac

78 355 85 370 ἃ
215 325 278 358 505
300 276 650 414 Lnefandaignem
664 326 823 373 propter
836 319 1013 359 assidens
1033 317 1138 356 inter
1156 330 1440 357 conservorum
1460 317 1721 370 frequentiam
1741 318 1798 359 sic
1817 320 2094 361 adnuntiabat:

320 373 525 428 <quisones
552 374 819 428 opilionesque
845 382 883 415 et
905 373 1152 425 bubsequae,
1182 373 1254 412 fuit
1268 371 1432 413 Charite
1452 373 1564 413 nobis
1584 387 1698 426 quam
1718 374 1869 414 misella
1889 383 1927 415 et
1946 377 2096 429 quidem

302 444 396 471 casu
432 430 691 485 gravissimo,
730 445 803 472 nec
839 444 934 472 vero
970 428 1202 469 incomitata
1223 427 1367 469 Manes
1403 428 1540 470 adivit.
1590 428 1668 471 Sed
1700 437 1743 470 ut
1775 438 1915 471 cuncta
1939 433 2095 483 noritis,

299 534 555 573 exanglaverat
571 537 608 565 G.
625 537 654 565 1.
690 534 942 564 exani-laverat
958 535 995 563 G.
1012 535 1044 563 2.
1063 534 1101 562 D.
1121 534 1158 562 P.
1179 534 1250 563 edd.
1269 536 1344 563 vett.
1362 532 1626 563 exclamaverat
1641 535 1725 564 Elm.
1744 535 1874 565 vitiose.
1909 534 2098 564 exanhela-

299 583 398 608 verat
418 583 456 610 R.
477 581 499 610 f.
535 579 785 609 exantlaverat
798 587 903 617 pares
923 585 1107 607 aerumnas
1126 575 1156 607 δ.
1176 587 1205 613 p.
1253 578 1358 607 exilio
1377 581 1461 608 lunt.
1483 581 1511 609 1.
1531 581 1562 610 2.
1581 581 1658 610 Am.
1678 582 1755 609 Bas.
1775 578 1806 609 ’2.
1853 580 1928 618 igne
1942 589 2048 618 prope
2068 579 2098 611 ὃ.

290 625 500 666 frequentia
524 628 560 656 G.
585 628 615 656 2.
642 628 681 655 D.
729 624 899 653 annuebat
921 632 976 659 pro
995 622 1225 651 adnuntiabat
1244 632 1273 659 p.
1321 624 1511 662 equisz'ones
1529 626 1644 654 Vener.
1665 622 1696 653 4.
1715 625 1820 654 Paris.
1840 626 1935 655 Vulc.
1955 628 1987 656 2.
2007 627 2097 656 Colv.

297 671 517 709 equisitz·unes
530 673 607 701 Bas.
624 673 651 700 1.
667 674 825 705 corrupte.
851 667 1066 706 opilonesque
1079 669 1206 698 Vicenl.
1221 670 1335 698 Venet.
1349 671 1379 699 2.
1395 671 1425 699 4.
1440 670 1547 698 Paris.
1572 669 1735 706 upz‘lz‘ones
1749 672 1811 699 Ms.
1824 671 1879 699 Al.
1926 671 2030 698 etiam
2045 679 2099 706 pro

298 719 335 744 et
345 717 381 746 F.
398 718 426 746 1.
440 717 474 745 in
489 718 561 745 edd.
576 720 652 745 velt.
667 716 826 744 omnibus.
862 713 1030 752 busequae
1044 714 1065 743 f.
1081 722 1110 749 p.
1123 716 1207 743 lunt.
1223 715 1253 743 1.
1290 722 1401 742 omnes
1414 717 1449 742 et
1461 714 1734 754 bubsequaefuz't
1747 715 1768 745 f.
1794 714 1954 752 opiliones
1968 723 2098 744 omnes·

298 769 362 799 que
380 761 658 800 bubsequaefuz't
676 762 729 788 vel
748 759 854 787 omm‘s
874 761 911 788 L.
930 761 966 788 P.
988 761 1022 788 Ο.
1043 756 1073 788 δ.
1094 761 1130 788 G.
1147 761 1176 788 1.
1190 761 1221 788 2.
1247 759 1349 795 (teste
1363 761 1442 789 Oud.
1468 761 1531 789 Sed
1550 762 1611 789 hac
1631 762 1669 789 de
1683 768 1716 789 re
1731 761 1851 790 dubito.
1874 762 1912 790 In
1926 763 1962 790 G.
1980 763 2007 791 1.
2022 765 2051 790 el
2066 763 2097 790 2.

295 810 408 841 aperte
419 807 539 841 legitur
551 804 776 842 opilionesque
789 804 961 842 omnisque
970 804 1141 844 praefuit,
1155 805 1239 838 quod
1253 805 1338 833 idem
1351 805 1416 841 legi
1429 805 1463 834 in
1471 807 1508 835 1..
1522 806 1614 834 testis
1629 809 1677 834 est
1688 806 1790 842 Colv.‚
1804 806 1859 839 qui
1871 806 2020 836 adnotat:
2035 807 2100 835 Sed

296 851 331 880 in
346 852 493 887 margine
507 852 554 879 ita
566 851 652 879 alias
665 850 729 885 legi
748 854 910 887 notatum,
936 851 1205 884 quemadmodum
1224 851 1464 884 expressimus:
1490 850 1697 888 equisonum,
1723 849 1948 888 opz‘lionesque
1967 854 2003 879 et
2019 850 2099 879 bub-

295 896 511 935 sequaefuz't.
537 898 641 931 Quum
654 903 732 924 vero
752 897 789 925 G.
805 897 833 925 1.
848 896 951 924 codex
963 896 1016 931 0.,
1043 897 1078 924 G.
1095 897 1124 923 2.
1139 896 1243 924 codex
1261 896 1297 923 P.
1324 896 1443 929 ubique
1464 895 1530 925 fere
1548 896 1760 932 conveniant,
1786 897 1953 930 probabile
1972 900 2038 932 est,
2064 897 2098 925 in

295 942 444 970 omnibus
475 941 549 969 istis
568 941 675 978 codd,
701 948 780 974 quos
807 941 940 976 protulit
965 941 1062 976 Oud.,
1088 940 1154 974 legi
1173 939 1351 979 praefuit,
1389 942 1472 974 quod
1498 949 1539 969 ex
1557 943 1689 975 syllaba
1709 948 1796 978 quae
1821 945 1984 975 postrema
2007 941 2099 970 vocis

294 986 484 1023 hubsequae
504 989 687 1020 corruptum
706 986 844 1015 videtur.
894 984 1122 1022 opz'lae‘onesque
1140 993 1250 1013 omnes
1272 993 1359 1023 quae
1373 985 1537 1024 praefuit
1553 987 1592 1014 D.
1652 993 1763 1014 omnes
1781 984 1956 1023 bonisequz·
1970 987 2098 1016 Vicent.

293 1032 407 1061 Vener.
423 1033 452 1059 ⁸2.
478 1033 511 1058 et
525 1030 617 1058 bovis
630 1030 709 1068 equi
719 1034 823 1065 Mare.
837 1032 914 1059 Bas.
927 1032 955 1060 1.
981 1030 1142 1067 opiliones
1157 1038 1268 1058 omnes
1283 1038 1370 1068 quae
1378 1030 1520 1070 profuit
1531 1034 1594 1060 Ms.
1607 1033 1722 1060 Incerl.
1748 1030 1909 1068 opiliones
1923 1033 1958 1058 et
1970 1039 2099 1059 omnes—

293 1084 357 1113 que
368 1076 446 1114 fuit
466 1084 502 1105 π.
551 1084 614 1114 que
632 1075 764 1103 misella
784 1085 814 1111 p.
852 1076 911 1113 qui
926 1074 1059 1104 misella
1077 1077 1112 1105 F.
1134 1077 1164 1105 3.
1189 1077 1224 1104 ln
1239 1079 1312 1105 cell.
1332 1084 1433 1113 quam
1454 1075 1598 1104 misella.
1644 1075 1796 1104 mt‘scella
1814 1077 1929 1105 Venel.
1945 1078 1975 1105 4.
2007 1075 2097 1113 proh

293 1120 423 1158 quidem
433 1119 545 1158 gradu
556 1120 760 1158 gravissimo
774 1123 810 1151 L.
830 1123 916 1150 unde
936 1121 1070 1150 Colvius
1089 1122 1253 1149 emendat:
1274 1129 1339 1158 pro
1360 1116 1497 1149 Fidem!
1521 1129 1604 1149 casu
1622 1121 1836 1159 gravissimo.
1863 1119 1983 1149 Gradu
2001 1122 2100 1151 eliam

292 1169 341 1195 est
355 1167 387 1195 in
402 1169 438 1195 G.
454 1168 485 1195 2.
499 1167 534 1195 P.
546 1168 584 1195 Ι).
609 1167 669 1196 Vir
683 1168 796 1195 doctus
810 1167 844 1194 in
858 1168 906 1195 ed.
920 1174 993 1196 mea
1004 1167 1134 1196 Vicent.
1156 1168 1305 1195 emendat
1326 1166 1412 1196 viro.
1460 1165 1570 1194 manis
1591 1168 1627 1196 G.
1646 1169 1677 1195 2.
1704 1166 1793 1202 [non
1813 1167 1938 1202 mavis,
1965 1170 1997 1195 ul
2017 1168 2096 1196 Oud.

290 1215 447 1247 excerpta
460 1211 679 1247 praebebant)
695 1214 731 1240 G.
746 1214 776 1241 1.
801 1212 911 1240 maius
925 1220 955 1247 p.
1003 1210 1136 1240 addicit
1148 1214 1184 1241 G.
1200 1213 1228 1241 1.

349 1288 588 1339 bubsequae.
637 1287 740 1334 Quia
774 1287 873 1327 haec
902 1288 1092 1339 scriptura
1127 1288 1162 1326 in

288 1343 422 1383 multis
435 1344 547 1384 codd.
561 1348 640 1384 tam
653 1358 840 1397 perverse
858 1345 1034 1392 habetur,
1060 1343 1163 1384 Oud.

290 1404 401 1454 putat
447 1400 656 1439 lectionem
699 1401 891 1453 quandam
934 1401 997 1439 hic
1041 1401 1163 1439 latere

290 1458 389 1497 satis
414 1457 674 1503 reconditam,
700 1471 932 1509 quamquam
955 1457 1081 1509 qualis
1096 1457 1164 1497 illa

292 1515 355 1560 sit,
369 1514 530 1552 nesciat.
556 1513 699 1565 Neque
713 1515 827 1553 etiam
843 1527 929 1554 qun
938 1513 988 1553 N.
998 1513 1161 1552 Heinsio

291 1570 382 1608 addi
407 1570 536 1621 placet
558 1571 797 1622 subulcique
809 1571 858 1609 ad
872 1570 986 1609 Ovid.
1003 1570 1162 1609 Heroid.

289 1625 418 1665 XVII.
437 1630 548 1673 192..
573 1627 678 1678 quod
691 1628 810 1666 attexi
825 1627 962 1672 voluit,
989 1628 1080 1679 qnia
1099 1640 1165 1665 cur

289 1696 362 1721 eos
388 1684 601 1729 omitteret,
633 1685 688 1723 vir
713 1684 853 1723 doctus
879 1697 1061 1723 caussam
1087 1698 1163 1722 non

288 1739 457 1778 videbat.
507 1738 652 1779 Contra
677 1753 751 1791 ego
777 1754 862 1779 cum
888 1739 992 1778 Oud.
1018 1739 1164 1779 nullam

288 1809 471 1836 caussam
509 1797 645 1841 video,
683 1810 749 1835 cur
785 1810 859 1836 eos
894 1797 1023 1835 invitis
1059 1796 1164 1835 Mss.

287 1851 527 1892 adiiciamus.
574 1852 823 1892 Recordatus
863 1853 964 1892 enim
1007 1856 1070 1891 est
1101 1866 1165 1891 au-

287 1912 370 1948 ctor
405 1907 483 1947 loci
514 1909 649 1960 virgil.
687 1909 771 1949 Ecl.
804 1908 853 1949 X.
886 1913 952 1952 20.
988 1911 1096 1950 *venit
1130 1914 1168 1949 et

287 1966 440 2017 opilio,
477 1967 594 2005 tardi
624 1980 765 2006 venere
793 1966 973 2012 subulci,
1013 1966 1167 2006 Uvidus

286 2022 456 2062 hiberna
502 2024 612 2062 venit
657 2023 710 2062 de
749 2024 910 2076 glande
950 2023 1164 2062 Menalcas

287 2078 361 2130 [de
415 2092 492 2129 quo
548 2079 635 2118 loco
690 2081 907 2119 accuratius
955 2080 1162 2118 dicendum

285 2139 358 2173 est.
394 2135 497 2173 Nam
523 2136 556 2173 si
582 2134 794 2187 Apuleium
820 2138 1035 2175 accuratius
1061 2149 1163 2175 com-

284 2204 490 2243 paramus,
517 2191 568 2230 ad
593 2192 698 2231 hunc
716 2192 869 2244 Virgilii
893 2206 1050 2231 versum
1076 2205 1163 2231 sae-

285 2249 372 2299 pius
388 2262 475 2287 eum
488 2250 720 2301 respexisse
735 2249 924 2289 videmus.
952 2249 998 2288 cs.
1016 2249 1161 2287 Florid.

284 2303 311 2342 Ι.
337 2318 373 2356 p.
392 2309 453 2345 11.
482 2319 603 2358 quam
630 2306 886 2359 Vim-yiliaizus
914 2307 1071 2359 opilio
1096 2319 1164 2345 seu

285 2361 546 2414 bubsequa.
594 2362 718 2413 Apol.
753 2375 791 2414 p.
830 2366 923 2403 505.
961 2364 1021 2401 vir
1052 2363 1164 2402 ultra

292 2418 546 2470 Viryillanos
561 2419 809 2471 opiliones
829 2423 868 2458 et
887 2419 1165 2471 bubsequas

283 2476 516 2514 rusticanus
539 2478 578 2513 et
602 2475 653 2513 de
678 2475 767 2513 Deo
794 2475 902 2515 Socr.
928 2490 965 2528 p.
984 2479 1076 2517 129.
1100 2474 1165 2514 vel

279 2535 428 2582 pastor
441 2531 506 2570 vel
517 2533 688 2585 cquiso
703 2532 767 2571 vel
784 2532 806 2571 b
818 2548 842 2572 u
853 2533 999 2585 bsequ
1008 2548 1045 2578 a,
1058 2532 1162 2570 unde

283 2591 390 2625 recte
415 2588 613 2635 miremur,
646 2589 843 2640 quomodo
870 2589 1076 2641 bubsequa
1101 2602 1164 2627 vo-

285 2642 465 2683 cabulum
492 2644 689 2696 Apuleius
721 2645 982 2697 depromserit
1005 2658 1056 2683 ex
1080 2645 1164 2683 Vir-

284 2700 389 2751 gilio.
415 2700 517 2740 Hinc
541 2701 633 2740 mihi
656 2702 821 2753 probum
847 2705 928 2748 est,
954 2702 1060 2752 quod
1085 2702 1161 2739 iam

284 2758 503 2796 accuratius
530 2758 566 2796 in
592 2772 748 2798 recens.
779 2759 842 2798 ed.
867 2759 977 2810 Virg.
1003 2757 1161 2809 Forbig.

285 2814 321 2851 in
335 2813 442 2852 Iahn.
457 2813 600 2854 Annal.
616 2813 660 2853 T.
674 2814 824 2854 XXVI.
844 2815 939 2854 fasc.
962 2819 998 2856 2.
1013 2829 1050 2867 p.
1069 2818 1161 2855 165.

285 2870 468 2921 exposui,
510 2871 725 2923 Apuleium
760 2872 797 2910 in
839 2885 913 2911 suo
950 2870 1164 2923 exemplari

285 2925 499 2977 virgiliano
537 2928 735 2966 invenisse
774 2929 1008 2974 bubulcum,
1058 2941 1160 2978 qnae

287 2985 478 3034 corruptio
506 2983 654 3023 facilior
679 2988 742 3023 cst
767 2985 815 3024 cs.
843 2986 1002 3023 Santen.
1016 2985 1068 3023 ad
1082 2983 1160 3022 Te-

287 3042 384 3077 rent.
407 3037 532 3079 Maur.
562 3044 701 3086 1191..
738 3042 803 3080 ubi
841 3041 1039 3082 bubulcus
1075 3041 1162 3080 sine

288 3094 404 3133 dubio
430 3094 641 3146 legendum
666 3102 738 3136 est.
788 3098 906 3145 Quod
920 3100 958 3136 ni
972 3099 1024 3137 ita
1037 3102 1161 3145 esset,

289 3152 486 3200 quomodo
500 3152 697 3204 Apuleius
717 3155 752 3193 in
776 3154 852 3195 hoc
866 3155 1023 3207 quidem
1037 3169 1162 3195 rerum

1277 1214 1316 1240 ut
1327 1214 1419 1241 abest
1434 1219 1454 1241 a
1466 1213 1503 1241 P.
1551 1211 1670 1240 veritis
1684 1219 1740 1247 pro
1755 1211 1878 1240 noritis
1890 1212 1926 1241 F.
1941 1213 1973 1240 3.

1223 1301 1338 1334 nexu,
1362 1287 1426 1326 ubi
1451 1301 1608 1340 semper
1622 1288 1672 1327 ad
1686 1287 1887 1340 Virgilium
1910 1288 2098 1338 respexit,

1222 1345 1427 1398 bubsequa
1435 1358 1579 1396 ponere
1592 1344 1870 1397 poterat,q110d
1884 1344 1969 1396 ipse
1984 1343 2003 1381 s
2001 1345 2093 1383 abri-

1222 1414 1341 1440 casse
1355 1401 1429 1439 sibi
1445 1401 1617 1439 videatur
1629 1401 1865 1440 conveniens
1879 1400 2094 1451 Virgiliano

1223 1457 1433 1498 bubulcus.
1447 1455 1610 1497 Praeter
1619 1457 1829 1509 Apuleium
1845 1461 1883 1495 et
1893 1457 2097 1496 Sidonium

1220 1513 1491 1565 Apollinarem
1517 1528 1630 1553 nemo
1656 1513 1729 1553 hae
1753 1527 1852 1552 voce
1884 1515 2010 1552 utitur.
2047 1512 2097 1552 cf.

1223 1570 1358 1609 Gloss.
1384 1570 1500 1610 Vulc.
1523 1585 1560 1623 p.
1585 1575 1646 1611 18.
1675 1571 1880 1622 bubsequa
1902 1568 2097 1623 βουκόλος.

1223 1626 1264 1664 In
1301 1627 1451 1677 Virgilii
1489 1632 1617 1666 autem
1653 1626 1741 1666 loco
1777 1627 1969 1666 subulcus
2004 1639 2098 1664 esse

1221 1683 1482 1730 retinendum,
1508 1685 1746 1735 argumentis
1779 1686 1913 1722 contra
1938 1683 2096 1735 Apuleii

1223 1741 1490 1779 auctoritatem
1506 1739 1530 1780 l.
1540 1755 1571 1779 c.
1583 1740 1852 1778 demonstrare
1865 1739 2006 1778 studui.
2033 1739 2098 1778 De

1224 1796 1395 1848 Apuleio
1419 1809 1511 1834 vero
1538 1797 1702 1836 dubitari
1727 1797 1878 1847 nequit,
1903 1796 2007 1835 unde
2033 1796 2097 1847 qui

1225 1866 1275 1891 ex
1288 1853 1451 1905 Virgilio
1477 1853 1540 1891 hic
1557 1853 1766 1891 emendare
1785 1852 1929 1903 aliquid
1950 1852 2097 1896 volunt,

1224 1914 1372 1949 temere
1396 1909 1486 1948 mihi
1512 1923 1630 1960 agere
1655 1909 1843 1955 videntur.
1872 1909 2018 1960 Opilio
2043 1923 2096 1947 au

1224 1967 1360 2018 upilio
1383 1966 1632 2005 scribendum
1657 1966 1728 2011 sit,
1753 1966 1803 2004 ad
1819 1964 1959 2004 Florid.
1980 1979 2017 2017 p.
2035 1969 2097 2005 11.

1221 2023 1513 2061 demonstrabo.
1539 2023 1684 2074 Opilio
1699 2022 1881 2074 equidem
1895 2022 1929 2060 in
1939 2021 2096 2073 Apuleii

1221 2078 1328 2118 libris
1354 2079 1500 2130 ubique
1524 2078 1694 2131 retinui]

1282 2150 1401 2189 quam
1414 2135 1582 2175 misella.
1605 2135 1814 2188 [Gruterus
1827 2136 1886 2174 sic
1899 2134 2098 2185 distinguit

1222 2196 1262 2231 et
1275 2192 1458 2231 emendat
1468 2193 1554 2243 fuit
1571 2191 1738 2231 Charite
1749 2192 1877 2238 nobis,
1905 2192 2098 2245 quoniam

1220 2249 1396 2296 misella,
1435 2262 1538 2300 quae
1575 2249 1799 2287 coniectura
1827 2261 1956 2300 aeque
1979 2251 2098 2298 atque

1221 2305 1375 2344 Heinsii
1398 2306 1448 2344 ad
1474 2305 1571 2344 Met.
1599 2304 1622 2344 l.
1648 2318 1680 2344 c.
1713 2307 1757 2343 in
1783 2319 1903 2358 quam
1929 2304 2097 2343 omnium

1223 2367 1286 2402 est
1317 2362 1599 2402 infelicissima.
1659 2362 1791 2407 Quam
1815 2361 1971 2400 misella
1995 2360 2096 2400 enim

1223 2423 1287 2458 est
1321 2419 1553 2465 miserrima,
1599 2431 1716 2469 quum
1751 2417 1942 2468 particula
1979 2431 2098 2469 quam

1221 2477 1388 2528 positivo
1420 2476 1549 2514 iuncta
1578 2474 1752 2512 intendat
1780 2474 2017 2525 saepissime
2047 2473 2098 2511 si-

1224 2532 1505 2583 gnificationem
1530 2530 1580 2570 cf.
1603 2530 1730 2570 Buen.
1760 2531 1812 2570 ad
1835 2530 1947 2569 Lact.
1973 2529 2096 2569 hiatu.

1222 2589 1252 2628 l.
1277 2594 1316 2630 5.
1341 2588 1372 2639 §.
1388 2593 1452 2630 28.
1469 2601 1504 2640 p.
1522 2592 1587 2628 35.
1612 2587 1908 2626 BedenGrloss.
1927 2587 1981 2626 ad
1994 2586 2097 2625 niet.

1224 2645 1396 2685 Cretens.
1417 2659 1454 2696 p.
1471 2649 1564 2685 335.
1591 2645 1681 2683 dict.
1694 2644 1746 2681 ad
1759 2643 1858 2682 Met.
1873 2642 1937 2682 111.
1948 2657 1988 2694 p.
2004 2647 2097 2685 181.

1219 2702 1358 2742 Lectio
1387 2703 1459 2755 qui
1484 2705 1525 2740 et
1550 2714 1627 2755 quc
1641 2700 1755 2740 codd.
1771 2699 1874 2738 Flor.
1890 2703 1981 2740 3..et
1993 2698 2096 2737 Pith.

1221 2773 1271 2798 ex
1301 2759 1530 2797 confusione
1560 2756 1877 2808 compendiorum
1908 2760 1999 2794 nata
2023 2759 2096 2794 est.

1222 2817 1319 2856 Fuit
1341 2817 1377 2854 in
1402 2814 1652 2867 praegressis
1677 2827 1752 2852 non
1777 2813 2003 2851 mutandum
2022 2815 2096 2857 est,

1223 2874 1314 2924 quia
1337 2872 1374 2910 in
1399 2872 1664 2923 descriptione
1690 2870 1825 2908 mortis
1849 2869 2013 2920 saepius
2035 2871 2099 2906 est

1219 2929 1372 2969 obvium
1392 2932 1431 2967 et
1450 2928 1485 2967 in
1505 2929 1727 2966 universum
1747 2925 1797 2964 de
1816 2926 1934 2964 rebus
1950 2925 2097 2970 dicitur,

1220 2999 1323 3038 quae
1347 2986 1539 3029 abierunt:
1566 2983 1614 3023 cs.
1642 2982 1776 3034 virgil.
1802 2982 1902 3020 Aen.
1928 2981 1975 3020 ll.
2001 2985 2096 3023 325.

1217 3043 1371 3096 fuimus
1385 3043 1530 3087 Troes,
1553 3042 1640 3092 fuit
1656 3039 1786 3079 Illum.
1813 3038 1899 3077 Vll.
1915 3042 2008 3078 413.
2024 3038 2098 3077 sed

1219 3101 1396 3150 fortuna
1417 3101 1447 3150 f
1450 3114 1476 3138 u
1486 3099 1534 3137 it.
1558 3095 1672 3135 ovid.
1688 3095 1844 3134 Heroid.
1859 3094 1986 3133 XVlI.
2004 3098 2096 3135 192.

1226 3155 1405 3208 Cumque
1421 3154 1530 3195 nillil
1540 3166 1675 3207 speres
1684 3153 1840 3205 firmius
1853 3165 1946 3198 esse,
1962 3150 2095 3204 suit-l
