2155 3590
556 120 745 162 LIBER
775 121 850 162 lV.
903 119 1029 161 CAP.
1056 118 1225 160 XXIV.
1251 116 1397 160 XXV.

1787 119 1870 161 273

77 241 202 276 torum
227 233 407 288 populum
437 233 502 274 vel
530 233 662 274 fletum
694 233 874 275 desinere
903 234 968 275 vel
998 232 1157 274 omnino
1186 232 1322 273 vivere
1347 232 1509 285 potero?
1554 228 1791 271 Lamentata
1814 230 1872 271 sic

75 298 116 332 et
137 289 257 331 animi
280 290 414 330 dolore
438 297 477 330 et
501 289 670 330 faucium
701 289 868 332 tundore
898 297 938 331 et
967 289 1145 346 corporis
1173 287 1405 330 lassitudine
1434 287 1513 327 iam
1544 286 1734 341 fatigata,
1767 301 1870 328 mar-

77 353 209 388 centes
234 346 368 387 oculos
393 346 548 387 demisit
571 346 621 386 ad
645 360 841 401 soporem.

625 473 1066 521 CAPUT
1158 472 1346 521 XXV.

184 582 267 624 lam
299 584 541 624 commodum
572 582 823 624 conniverat:
854 597 927 624 nee
958 584 1022 624 diu
1052 598 1139 624 cum
1170 590 1331 638 repente
1362 581 1598 637 lymphatico
1629 581 1707 621 ritu
1733 594 1870 622 somno

71 687 260 728 gladiorum
275 692 310 719 G.
327 692 355 719 1.
370 691 404 719 0.
432 685 563 728 (crebra
575 689 758 719 variatione
769 713 776 726 ,
796 699 814 719 e
827 690 1009 724 scripturae
1022 689 1210 724 compendio
1223 692 1312 725 nata,
1327 687 1587 723 quae-sententia
1600 689 1649 716 est
1661 684 1761 727 Oud.)
1799 695 1872 715 cum

73 733 186 762 dolore
198 736 293 769 (quod
306 743 347 764 ex
359 735 548 769 compendio
561 732 606 763 αἴ
622 735 799 770 profectum
812 731 891 774 est).
919 735 1080 774 faucium
1096 730 1207 763 ermae
1221 734 1242 763 f.
1256 738 1337 763 teste
1349 734 1485 771 Roaldo,
1498 734 1556 762 sed
1569 733 1649 762 Oud.
1669 733 1702 761 in
1721 741 1758 761 eo
1772 733 1873 762 scribi

75 774 192 808 rudore
209 780 230 809 i.
244 789 272 809 e.
296 778 438 808 tundore
457 780 661 815 pronuntiat,
688 786 771 814 quae
790 781 903 809 eadem
923 784 973 808 est
990 781 1087 809 lectio
1106 780 1142 809 Ρ.
1156 781 1188 809 3.
1204 782 1240 809 G.
1254 781 1286 808 2.
1305 780 1343 808 D.
1365 780 1399 808 0.
1423 785 1444 807 a
1463 786 1503 808 m.
1524 787 1554 813 p.
1587 776 1724 805 tendore
1737 779 1774 806 G.
1792 779 1820 806 1.
1834 778 1872 807 B.

72 823 200 853 dimisit
210 826 281 854 edd.
295 830 372 854 vett.
385 827 442 854 sed
466 825 508 854 cf.
521 827 595 854 Intt.
608 827 650 854 ad
662 827 758 860 Prop.
770 827 810 854 11.
824 827 877 855 22.
893 827 945 855 29.
958 826 1033 855 Val.
1047 826 1156 854 Flacc.
1164 827 1220 854 111.
1236 826 1288 853 41.
1303 828 1333 853 et
1345 825 1458 854 Heius.
1473 823 1614 853 adovid.
1629 824 1785 852 Mehvll.
1797 824 1872 852 155.

73 877 228 907 saporem
241 872 279 899 G.
293 872 322 898 2.
334 872 411 899 And.

161 924 206 943 an
219 924 275 950 pro
288 915 356 943 iam
370 917 406 944 G.
420 917 451 944 2.
465 917 502 944 D.
517 917 552 944 0.
566 917 602 944 P.
618 924 645 950 n.
660 916 682 945 f.
708 924 751 943 ac
765 924 878 943 comm.
895 917 931 944 G.
949 917 976 944 l.
991 922 1012 943 a
1025 924 1064 944 m.
1079 924 1105 944 s.
1142 912 1308 942 commode
1322 916 1356 943 0.
1371 915 1407 943 P.
1435 911 1639 942 cmnmodum
1655 915 1691 942 G.
1709 915 1723 942 1
1733 936 1740 942 .
1753 913 1872 942 ultima

71 960 203 995 syllaba
215 967 236 989 a
247 969 288 989 m.
302 969 328 990 s.

377 961 575 988 conniverat
593 961 629 990 F.
651 963 679 990 1.
699 961 729 990 3.
749 961 785 990 B.
806 961 828 990 f.
852 963 966 990 Venet.
981 961 1012 989 4.
1026 962 1099 989 Par.
1114 963 1143 988 et
1158 960 1299 988 fortasse
1312 960 1409 988 eliam
1422 958 1481 988 alii
1498 958 1591 996 libri,
1616 966 1750 994 quorum
1763 962 1873 987 tamen

71 1006 250 1040 scripturas
268 1007 348 1034 Oud.
368 1013 431 1034 non
450 1006 628 1035 adnotavit.
669 1009 842 1034 vomuerat
859 1009 895 1035 G.
908 1007 939 1034 2.
953 1007 992 1034 D.
1027 1007 1223 1033 comat-erae
1236 1007 1272 1034 G.
1288 1006 1316 1033 1.
1342 1004 1582 1042 conquieverat
1596 1006 1679 1034 lunt.
1693 1006 1725 1034 2.
1740 1004 1873 1034 Ceterae

71 1051 139 1080 edd.
153 1054 229 1080 vett.
242 1054 371 1080 habent.
397 1050 609 1089 conquierat.
656 1059 770 1079 somno
783 1054 895 1080 exulat
908 1058 929 1079 a
941 1052 979 1079 R.

71 1138 314 1189 potissimum
322 1139 681 1189 esseperturbatam
695 1143 734 1177 et
747 1138 940 1184 asssictam,

71 1193 175 1245 quod
199 1195 355 1234 incerta
380 1199 458 1240 est,
485 1209 573 1233 num
593 1196 670 1233 vita
690 1196 857 1246 privetur
875 1197 940 1233 mi-

71 1263 159 1288 sere
184 1263 231 1288 an
256 1255 478 1289 reservetur
508 1266 532 1290 a
568 1251 793 1290 latronibus.
853 1250 940 1289 Hac

71 1307 181 1358 igitur
228 1308 341 1345 animi
386 1307 631 1346 vacillatione
678 1321 724 1346 se
770 1308 941 1358 torqueri

71 1377 315 1414 summopere
339 1368 379 1402 et
402 1364 488 1415 atigi
515 1364 605 1402 dicit
629 1368 667 1402 et
691 1377 803 1415 seqq.
829 1377 939 1402 accu-

70 1421 185 1458 ratius
215 1420 374 1466 indicat,
407 1434 522 1471 quum
555 1434 656 1471 quae
687 1421 792 1472 prius
823 1421 940 1458 vitam

70 1477 264 1527 praeferre
279 1477 483 1523 videretur,
509 1481 670 1515 mortem
686 1481 776 1529 post
788 1476 941 1515 somnia

71 1529 280 1572 affectaret.
306 1533 407 1572 Hinc
432 1534 597 1571 vidimus
615 1534 688 1573 snb
708 1535 865 1573 incerta
879 1548 939 1572 sa-

72 1589 166 1628 lutis
195 1595 232 1629 et
267 1591 533 1642 carnificinae
569 1590 734 1629 laniena
770 1590 938 1641 positum

71 1658 164 1684 esse
187 1660 255 1698 pro
281 1647 352 1686 sub
377 1648 555 1686 incertae
579 1647 723 1686 salutis
746 1650 785 1686 et
808 1647 939 1686 carni-

15 1699 19 1704 ’
66 1703 216 1755 sicinae
241 1703 425 1743 laniena.-
451 1703 501 1741 de
527 1717 604 1755 qua
634 1703 751 1754 figura
776 1704 938 1754 saepius

70 1759 145 1796 iam
175 1759 316 1798 dictum
353 1764 424 1798 est.
487 1759 589 1806 Quid
614 1773 707 1798 vero
738 1761 773 1797 in
800 1773 849 1798 ea
874 1773 937 1797 ex-

69 1814 276 1866 plicatione
310 1817 437 1855 minus
475 1816 554 1867 apti
591 1821 630 1854 et
662 1830 684 1854 a
710 1815 795 1855 loco
822 1815 936 1854 alieni

69 1871 175 1918 insit,
202 1885 275 1923 ego
302 1887 375 1911 non
403 1872 545 1925 videa]

125 1930 302 1968 tundore
338 1943 424 1968 cum
461 1928 565 1968 Oud.
602 1929 839 1968 retinendum
866 1932 939 1967 est.

69 1983 224 2023 Fauces
266 1986 363 2023 enim
408 1986 442 2023 in
484 1985 706 2025 vehementi
754 1985 938 2030 anhelitu,

71 2045 212 2090 questu
230 2045 270 2079 et
290 2041 562 2080 lamentatione
577 2044 793 2093 quatiuntur
807 2045 846 2080 et
858 2045 938 2080 tun-

71 2097 225 2144 duntur3
251 2097 298 2135 cf.
313 2098 420 2148 Virg.
441 2098 540 2136 Aen.
554 2098 605 2138 V.
631 2103 724 2140 200.
752 2103 832 2138 tum
857 2111 939 2137 cre-

72 2153 141 2192 ber
154 2153 354 2193 anleele'tus
367 2159 479 2193 artas
494 2154 709 2208 Ariclaque
731 2168 805 2193 ora
828 2169 887 2207 qu
897 2168 937 2193 a·

72 2211 145 2248 tit.
184 2209 253 2248 Sil.
285 2209 353 2249 IV.
384 2214 477 2250 415.
510 2212 685 2250 crebro
723 2211 938 2249 clamore

73 2266 273 2306 obtusae
293 2268 735 2319 crassoqucapulcere
753 2269 938 2319 fauces.

73 2320 189 2374 [Plin.
214 2321 382 2360 XXXII.
410 2326 446 2363 9.
474 2327 538 2363 31.
564 2324 731 2377 lllyaces
763 2326 938 2375 fauces

72 2383 251 2418 vexant
265 2392 478 2432 vocemque
494 2380 779 2419 obtundunt.
808 2378 938 2425 Quint.

71 2433 139 2473 Xl.
150 2439 186 2475 3.
200 2436 308 2486 §.20.
336 2435 401 2474 Ita
417 2438 590 2487 fauces
610 2441 799 2476 tumentes
810 2440 939 2474 stran-

70 2491 221 2543 gulant
235 2506 379 2537 rocem,
406 2492 607 2532 obtusae
634 2492 865 2537 obscurant,
890 2491 940 2530 ad

74 2560 186 2598 quem
212 2547 340 2586 locum
366 2548 412 2587 cf.
439 2547 549 2601 lntt.]

129 2602 216 2642 CM».
242 2602 373 2643 XXV.
411 2607 658 2645 conniverat.
719 2604 831 2644 Hanc
856 2618 939 2656 pro-

73 2660 162 2699 bam
194 2661 395 2699 lectionem
428 2661 538 2700 alteri
564 2663 808 2714 conqm'erat
835 2660 938 2699 Oud.

74 2715 160 2755 ideo
185 2719 420 2769 postposuit,
447 2718 536 2768 quia
561 2733 634 2756 non
660 2718 776 2755 modo
803 2718 940 2756 conni-

75 2773 171 2812 visse
194 2774 267 2812 sed
293 2773 491 2825 quievisse
517 2789 563 2813 ac
587 2774 817 2812 dormivisse
843 2773 941 2812 Cha-

75 2828 170 2867 riten
184 2843 233 2868 ex
246 2843 358 2881 seqq.
374 2830 531 2868 elucere
551 2831 587 2869 ei
600 2830 812 2869 videbatur.
839 2829 942 2882 [Sed

77 2885 220 2924 ratione
252 2901 326 2926 non
358 2887 492 2926 habita
523 2887 635 2925 codd.
669 2887 844 2938 optimiS,
877 2887 941 2937 qui

78 2940 140 2978 vel
158 2943 319 2994 corrupti
344 2943 443 2981 lianc
469 2944 672 2982 lectionem
697 2946 833 2993 aperte
857 2955 941 2994 pro-

79 2995 218 3044 ferunt,
248 3013 317 3051 per
348 3001 580 3038 sententiam
611 3013 765 3051 quoque
797 3012 847 3038 ea
876 2999 942 3037 de-

78 3051 146 3090 het
163 3055 382 3095 confirmari.
436 3057 656 3096 Cometa-cre
677 3057 774 3093 enim
790 3056 943 3106 proprie

80 3107 128 3146 de
159 3110 279 3150 oculis
310 3112 463 3158 dicitur,
501 3114 563 3164 qui
595 3113 760 3152 unemlo
792 3108 940 3161 (νεύειν)

999 1137 1063 1175 vel
1098 1151 1138 1176 se
1169 1137 1399 1176 claudendo
1431 1137 1598 1176 indicare
1628 1136 1775 1189 aliquid
1805 1151 1870 1175 vo-

1000 1192 1092 1232 lunt.
1146 1193 1235 1231 Hoc
1272 1194 1417 1243 optime
1461 1192 1622 1244 intelligi
1652 1197 1786 1244 potest
1822 1206 1873 1232 ex

1001 1251 1118 1288 verbo
1134 1248 1419 1300 frequentativo
1433 1250 1606 1294 m'ctare,
1622 1249 1870 1300 quodGloss.

1000 1304 1164 1344 Vulcan.
1195 1319 1231 1356 p.
1264 1307 1327 1346 94.
1361 1305 1558 1358 explicant
1594 1303 1872 1358 σκαρδαμύττω

999 1365 1039 1400 et
1061 1361 1163 1400 Plin.
1188 1360 1257 1398 Xl.
1284 1363 1350 1401 37.
1376 1366 1440 1401 54.
1467 1361 1517 1399 de
1549 1362 1672 1400 oculis
1699 1366 1871 1413 usurpat,

1000 1432 1100 1470 quos
1121 1432 1195 1456 non
1216 1421 1318 1456 totos
1337 1417 1410 1456 sed
1428 1417 1608 1456 dimidios
1630 1418 1749 1456 ferme
1769 1418 1872 1457 clau-

999 1474 1139 1520 dimus,
1164 1478 1205 1513 ut
1231 1478 1402 1513 nostrum
1427 1474 1611 1520 blt‘nzelu,
1636 1475 1872 1515 zublinzeln.

1000 1531 1156 1569 Deinde
1188 1544 1281 1569 vero
1313 1545 1452 1570 somno
1485 1530 1627 1570 oculos
1659 1532 1873 1570 connivere

1000 1587 1174 1627 dicuntur
1198 1589 1234 1634 ii,
1260 1587 1324 1638 qui
1350 1587 1487 1625 oculos
1508 1587 1701 1633 claudunt,
1728 1591 1768 1625 ut
1788 1587 1873 1626 (lor-

999 1646 1133 1692 miant3
1159 1644 1205 1682 cf.
1231 1643 1353 1682 Prisc.
1371 1642 1437 1682 [X.
1453 1647 1488 1684 8.
1510 1658 1546 1695 p.
1562 1648 1655 1684 1159.
1681 1657 1730 1682 ex
1754 1643 1871 1685 Ninn.

1000 1700 1165 1740 Crasso:
1203 1715 1294 1740 mvn
1325 1715 1406 1739 ‘mm
1439 1702 1602 1740 couniri
1628 1701 1767 1741 oculos
1791 1715 1871 1754 eqo

1000 1755 1150 1796 ‹leinde
1174 1771 1323 1809 sopore
1348 1755 1548 1807 et'l‘urpil.
1575 1757 1672 1797 dnm
1684 1771 1764 1809 cyo
1777 1771 1871 1796 con-

997 1814 1090 1853 ἠἱατί
1113 1828 1252 1852 somno
1277 1817 1316 1852 et
1342 1812 1503 1851 Calvus:
1536 1828 1624 1852 cum
1647 1814 1788 1866 araris
1814 1814 1870 1852 ἰη-

998 1871 1112 1923 ῃοητὶ
1137 1871 1350 1909 carminare
1365 1869 1531 1920 pupula
1550 1883 1701 1915 somno,
1727 1870 1870 1920 exqui-

1001 1928 1072 1965 bus
1099 1926 1277 1964 omnibus
1302 1925 1398 1965 locis
1417 1926 1584 1977 perspici
1604 1928 1750 1978 potest,
1777 1940 1870 1965 con-

999 1985 1133 2021 nivere
1165 1996 1237 2020 non
1272 1996 1359 2020 eum
1391 1981 1485 2027 (lici,
1524 1982 1587 2033 qui
1619 1982 1870 2021 obdormiscit

998 2052 1255 2089 somnumque
1299 2039 1417 2090 capit,
1462 2039 1536 2076 sed
1575 2040 1611 2077 in
1649 2039 1871 2077 universum

999 2107 1268 2147 quemcunque
1303 2095 1574 2133 dormientem:
1619 2109 1696 2147 qua
1726 2095 1762 2133 in
1795 2094 1870 2134 hoc

999 2156 1146 2191 tantum
1171 2151 1244 2190 sibi
1269 2152 1409 2190 sumsit
1427 2150 1635 2203 Apuleius,
1662 2155 1702 2191 ut
1728 2151 1870 2191 oculos

997 2209 1179 2247 omittens
1211 2210 1425 2247 connivere
1455 2208 1682 2259 simpliciter
1713 2208 1868 2247 (liceret.

998 2264 1086 2311 Quo
1106 2264 1268 2311 accedit,
1294 2264 1398 2315 quod
1421 2264 1554 2317 puella
1575 2279 1647 2303 non
1669 2269 1748 2304 tam
1762 2266 1869 2317 gravi

998 2335 1134 2359 somno
1161 2322 1234 2360 iam
1259 2335 1399 2374 pressa
1419 2325 1493 2365 est,
1519 2322 1593 2360 sed
1614 2335 1730 2372 quum
1749 2321 1866 2360 modo

998 2377 1215 2416 obdormire
1235 2379 1462 2430 incepisset,
1482 2379 1612 2416 statim
1633 2379 1783 2417 somnio
1803 2391 1867 2416 ex-

999 2448 1118 2472 cussa
1143 2438 1214 2473 est.
1273 2434 1352 2472 Vix
1379 2439 1505 2473 tamen
1538 2435 1696 2486 cogitari
1723 2438 1867 2486 potest,

1000 2494 1164 2541 quantas
1190 2491 1322 2530 turbas
1342 2490 1418 2530 hoc
1435 2490 1665 2531 vocabulum
1685 2491 1868 2544 interpre-

998 2547 1100 2585 tibus
1126 2547 1293 2593 dederit,
1319 2549 1549 2600 quotiesque
1575 2561 1660 2587 cum
1692 2547 1778 2585 aliis
1803 2562 1868 2585 vo-

999 2602 1108 2642 cibus
1134 2608 1389 2655 permutatum
1415 2605 1474 2643 sit.
1529 2604 1617 2643 Hoc
1641 2618 1714 2642 non
1740 2603 1868 2642 solum

1000 2674 1049 2698 ex
1075 2665 1205 2699 nostro
1232 2661 1318 2698 loco
1344 2664 1383 2698 et
1408 2661 1505 2700 Met.
1530 2659 1580 2699 X.
1608 2675 1643 2712 p.
1661 2664 1752 2701 735.
1780 2658 1867 2699 aliis

999 2717 1168 2763 efficitur,
1194 2717 1267 2756 sed
1294 2716 1453 2756 Glossis
1472 2718 1716 2769 potissimum
1735 2721 1869 2768 potest

998 2775 1249 2825 comprobari.
1299 2770 1351 2812 Ibi
1377 2774 1477 2812 enim
1502 2787 1572 2824 per
1593 2773 1868 2825 negligentiam

1000 2831 1165 2869 coniveo
1190 2834 1229 2868 et
1249 2830 1446 2870 conhiben
1464 2830 1608 2880 uquue
1629 2829 1867 2869 confundun-

999 2890 1067 2925 tur.
1117 2886 1249 2926 Gloss.
1271 2885 1424 2924 Pliilox.
1440 2900 1475 2937 p.
1492 2891 1556 2926 47.
1577 2887 1736 2925 conizet
1753 2902 1867 2926 κατα-

998 2939 1284 3009 μύεισυιὲχειρ.
1301 2947 1363 2983 40.
1380 2942 1541 2981 cohibet
1558 2938 1734 2993 καμμύει,
1753 2959 1867 2983 κατα-

998 3015 1094 3050 μυει,
1118 3002 1270 3064 aursja„
1294 3001 1465 3051 dativae?
1483 3012 1523 3064 p:
1548 3003 1614 3039 47.
1640 3001 1868 3040 coniventia

999 3052 1220 3107 αφίστωσις
1246 3053 1454 3106 ἀφοσίωσις
1478 3052 1572 3094 αὐτὸ
1592 3052 1634 3094 τὸ
1653 3060 1866 3123 μωροποιῆ-

999 3128 1080 3160 σαι,
1106 3112 1208 3165 quod
1235 3110 1518 3151 emendandum
1545 3115 1607 3151 est
1631 3112 1665 3151 in
1691 3109 1867 3167 ἀᾳόρισις

1518 3167 1571 3209 18
