<?xml version="1.0" encoding="UTF-8"?>
<!DOCTYPE html PUBLIC "-//W3C//DTD XHTML 1.0 Transitional//EN"
    "http://www.w3.org/TR/xhtml1/DTD/xhtml1-transitional.dtd">
<html xmlns="http://www.w3.org/1999/xhtml" xml:lang="en" lang="en">
 <head>
  <title>
</title>
<meta http-equiv="Content-Type" content="text/html;charset=utf-8" />
  <meta name='ocr-system' content='tesseract 3.04.00' />
  <meta name='ocr-capabilities' content='ocr_page ocr_carea ocr_par ocr_line ocrx_word'/>
</head>
<body>
  <div class='ocr_page' id='page_1' title='image "./operaomnia01apuluoft/operaomnia01apuluoft_1181.png"; bbox 0 0 2155 3590; ppageno 0'>
   <div class='ocr_carea' id='block_1_1' title="bbox 664 169 1284 212">
    <p class='ocr_par' dir='ltr' id='par_1_1' title="bbox 664 169 1284 212">
     <span class='ocr_line' id='line_1_1' title="bbox 664 169 1284 212; baseline -0.006 0"><span class='ocrx_word' id='word_1_1' title='bbox 664 171 849 212; x_wconf 84' lang='lat' dir='ltr'>LIBER</span> <span class='ocrx_word' id='word_1_2' title='bbox 878 170 927 210; x_wconf 88' lang='lat' dir='ltr'><strong>X.</strong></span> <span class='ocrx_word' id='word_1_3' title='bbox 988 169 1107 210; x_wconf 85' lang='lat' dir='ltr'><strong>CAP.</strong></span> <span class='ocrx_word' id='word_1_4' title='bbox 1143 169 1284 209; x_wconf 89' lang='lat' dir='ltr'><strong>XXII.</strong></span> 
     </span>
    </p>
   </div>
   <div class='ocr_carea' id='block_1_2' title="bbox 1799 166 1882 208">
    <p class='ocr_par' dir='ltr' id='par_1_2' title="bbox 1799 166 1882 208">
     <span class='ocr_line' id='line_1_2' title="bbox 1799 166 1882 208; baseline 0 0"><span class='ocrx_word' id='word_1_5' title='bbox 1799 166 1882 208; x_wconf 85' lang='grc'><strong>937</strong></span> 
     </span>
    </p>
   </div>
   <div class='ocr_carea' id='block_1_3' title="bbox 108 277 1881 335">
    <p class='ocr_par' dir='ltr' id='par_1_3' title="bbox 108 277 1881 335">
     <span class='ocr_line' id='line_1_3' title="bbox 108 277 1881 335; baseline -0.005 -10"><span class='ocrx_word' id='word_1_6' title='bbox 108 292 243 325; x_wconf 76' lang='lat' dir='ltr'><strong>tenera</strong></span> <span class='ocrx_word' id='word_1_7' title='bbox 276 291 316 324; x_wconf 79' lang='lat' dir='ltr'><strong>et</strong></span> <span class='ocrx_word' id='word_1_8' title='bbox 348 283 449 324; x_wconf 79' lang='lat' dir='ltr'><strong>lacte</strong></span> <span class='ocrx_word' id='word_1_9' title='bbox 485 296 530 324; x_wconf 85' lang='lat' dir='ltr'><strong>ac</strong></span> <span class='ocrx_word' id='word_1_10' title='bbox 554 283 667 324; x_wconf 81' lang='lat' dir='ltr'><strong>melle</strong></span> <span class='ocrx_word' id='word_1_11' title='bbox 691 284 870 324; x_wconf 77' lang='lat' dir='ltr'><strong>confecta</strong></span> <span class='ocrx_word' id='word_1_12' title='bbox 899 282 1071 323; x_wconf 86' lang='lat' dir='ltr'><strong>membra</strong></span> <span class='ocrx_word' id='word_1_13' title='bbox 1099 281 1206 322; x_wconf 87' lang='lat' dir='ltr'><strong>duris</strong></span> <span class='ocrx_word' id='word_1_14' title='bbox 1236 280 1393 335; x_wconf 84' lang='lat' dir='ltr'><strong>ungulis</strong></span> <span class='ocrx_word' id='word_1_15' title='bbox 1423 278 1644 333; x_wconf 85' lang='lat' dir='ltr'><strong>complecti,</strong></span> <span class='ocrx_word' id='word_1_16' title='bbox 1682 277 1881 331; x_wconf 78' lang='lat' dir='ltr'><strong>labiasque</strong></span> 
     </span>
    </p>
   </div>
   <div class='ocr_carea' id='block_1_4' title="bbox 107 333 1969 393">
    <p class='ocr_par' dir='ltr' id='par_1_4' title="bbox 107 333 1969 393">
     <span class='ocr_line' id='line_1_4' title="bbox 107 333 1969 393; baseline -0.005 -14"><span class='ocrx_word' id='word_1_17' title='bbox 107 340 278 380; x_wconf 84' lang='lat' dir='ltr'><strong>modicas</strong></span> <span class='ocrx_word' id='word_1_18' title='bbox 312 339 508 379; x_wconf 87' lang='lat' dir='ltr'><strong>ambrosio</strong></span> <span class='ocrx_word' id='word_1_19' title='bbox 543 352 634 380; x_wconf 87' lang='lat' dir='ltr'><strong>rore</strong></span> <span class='ocrx_word' id='word_1_20' title='bbox 669 345 928 393; x_wconf 83' lang='lat' dir='ltr'><strong>purpurantes</strong></span> <span class='ocrx_word' id='word_1_21' title='bbox 957 345 1036 378; x_wconf 80' lang='lat' dir='ltr'><strong>tam</strong></span> <span class='ocrx_word' id='word_1_22' title='bbox 1056 337 1063 393; x_wconf 80' lang='grc' dir='ltr'>Ι</span> <span class='ocrx_word' id='word_1_23' title='bbox 1083 337 1208 390; x_wconf 87' lang='lat' dir='ltr'><strong>amplo</strong></span> <span class='ocrx_word' id='word_1_24' title='bbox 1238 350 1306 378; x_wconf 89' lang='lat' dir='ltr'><strong>ore</strong></span> <span class='ocrx_word' id='word_1_25' title='bbox 1330 343 1485 390; x_wconf 84' lang='lat' dir='ltr'><strong>tamque</strong></span> <span class='ocrx_word' id='word_1_26' title='bbox 1509 334 1659 376; x_wconf 84' lang='lat' dir='ltr'>enormi</span> <span class='ocrx_word' id='word_1_27' title='bbox 1684 341 1724 374; x_wconf 92' lang='lat' dir='ltr'><strong>et</strong></span> <span class='ocrx_word' id='word_1_28' title='bbox 1746 333 1882 374; x_wconf 83' lang='lat' dir='ltr'><strong>saxeis</strong></span> <span class='ocrx_word' id='word_1_29' title='bbox 1905 337 1969 371; x_wconf 76' lang='lat'><strong>720</strong></span> 
     </span>
    </p>
   </div>
   <div class='ocr_carea' id='block_1_5' title="bbox 107 390 1881 448">
    <p class='ocr_par' dir='ltr' id='par_1_5' title="bbox 107 390 1881 448">
     <span class='ocr_line' id='line_1_5' title="bbox 107 390 1881 448; baseline -0.004 -12"><span class='ocrx_word' id='word_1_30' title='bbox 107 396 286 437; x_wconf 83' lang='lat' dir='ltr'><strong>dentibus</strong></span> <span class='ocrx_word' id='word_1_31' title='bbox 317 396 502 436; x_wconf 84' lang='lat' dir='ltr'><strong>deformis</strong></span> <span class='ocrx_word' id='word_1_32' title='bbox 532 396 697 436; x_wconf 74' lang='lat' dir='ltr'><strong>saviari:</strong></span> <span class='ocrx_word' id='word_1_33' title='bbox 730 394 943 436; x_wconf 89' lang='lat' dir='ltr'><strong>novissime</strong></span> <span class='ocrx_word' id='word_1_34' title='bbox 973 407 1049 447; x_wconf 90' lang='lat' dir='ltr'><strong>quo</strong></span> <span class='ocrx_word' id='word_1_35' title='bbox 1078 400 1192 448; x_wconf 81' lang='lat' dir='ltr'><strong>pacto</strong></span> <span class='ocrx_word' id='word_1_36' title='bbox 1221 405 1452 447; x_wconf 80' lang='lat' dir='ltr'><strong>quamquam</strong></span> <span class='ocrx_word' id='word_1_37' title='bbox 1477 401 1526 432; x_wconf 86' lang='lat' dir='ltr'><strong>ex</strong></span> <span class='ocrx_word' id='word_1_38' title='bbox 1549 390 1769 445; x_wconf 84' lang='lat' dir='ltr'><strong>unguiculis</strong></span> <span class='ocrx_word' id='word_1_39' title='bbox 1795 403 1881 444; x_wconf 87' lang='lat' dir='ltr'><strong>per-</strong></span> 
     </span>
    </p>
   </div>
   <div class='ocr_carea' id='block_1_6' title="bbox 106 507 1883 784">
    <p class='ocr_par' dir='ltr' id='par_1_6' title="bbox 106 507 1883 784">
     <span class='ocr_line' id='line_1_6' title="bbox 108 507 1882 561; baseline -0.003 -11"><span class='ocrx_word' id='word_1_40' title='bbox 108 530 223 551; x_wconf 82' lang='lat' dir='ltr'><strong>cenam</strong></span> <span class='ocrx_word' id='word_1_41' title='bbox 236 530 292 558; x_wconf 81' lang='lat' dir='ltr'><strong>pro</strong></span> <span class='ocrx_word' id='word_1_42' title='bbox 307 524 424 550; x_wconf 81' lang='lat' dir='ltr'><strong>tenera</strong></span> <span class='ocrx_word' id='word_1_43' title='bbox 436 521 497 557; x_wconf 83' lang='lat' dir='ltr'><strong>(ex</strong></span> <span class='ocrx_word' id='word_1_44' title='bbox 509 521 696 557; x_wconf 81' lang='lat' dir='ltr'><strong>compendio</strong></span> <span class='ocrx_word' id='word_1_45' title='bbox 711 507 801 556; x_wconf 67' lang='lat' dir='ltr'><strong>teuit)</strong></span> <span class='ocrx_word' id='word_1_46' title='bbox 814 530 845 557; x_wconf 83' lang='lat' dir='ltr'><strong>p.</strong></span> <span class='ocrx_word' id='word_1_47' title='bbox 875 520 1031 561; x_wconf 77' lang='lat' dir='ltr'><strong>confesta</strong></span> <span class='ocrx_word' id='word_1_48' title='bbox 1039 522 1074 550; x_wconf 87' lang='lat' dir='ltr'><strong>G.</strong></span> <span class='ocrx_word' id='word_1_49' title='bbox 1084 522 1112 550; x_wconf 87' lang='lat'><strong>1.</strong></span> <span class='ocrx_word' id='word_1_50' title='bbox 1148 518 1289 547; x_wconf 73' lang='lat' dir='ltr'><strong>diversis</strong></span> <span class='ocrx_word' id='word_1_51' title='bbox 1302 519 1337 547; x_wconf 88' lang='lat' dir='ltr'><strong>B.</strong></span> <span class='ocrx_word' id='word_1_52' title='bbox 1351 519 1434 552; x_wconf 83' lang='lat' dir='ltr'><strong>quod</strong></span> <span class='ocrx_word' id='word_1_53' title='bbox 1448 518 1537 547; x_wconf 84' lang='lat' dir='ltr'><strong>Colv.</strong></span> <span class='ocrx_word' id='word_1_54' title='bbox 1552 517 1669 552; x_wconf 76' lang='lat' dir='ltr'><strong>accipit</strong></span> <span class='ocrx_word' id='word_1_55' title='bbox 1683 525 1738 553; x_wconf 80' lang='lat' dir='ltr'><strong>pro</strong></span> <span class='ocrx_word' id='word_1_56' title='bbox 1752 515 1882 553; x_wconf 73' lang='lat' dir='ltr'><strong>disper-</strong></span> 
     </span>
     <span class='ocr_line' id='line_1_7' title="bbox 107 561 1882 605; baseline -0.001 -9"><span class='ocrx_word' id='word_1_57' title='bbox 107 568 172 605; x_wconf 78' lang='lat' dir='ltr'><strong>sis,</strong></span> <span class='ocrx_word' id='word_1_58' title='bbox 196 567 261 596; x_wconf 82' lang='lat' dir='ltr'><strong>nisi</strong></span> <span class='ocrx_word' id='word_1_59' title='bbox 280 566 426 595; x_wconf 70' lang='lat' dir='ltr'><strong>deversis</strong></span> <span class='ocrx_word' id='word_1_60' title='bbox 444 568 551 602; x_wconf 70' lang='lat' dir='ltr'><strong>potius</strong></span> <span class='ocrx_word' id='word_1_61' title='bbox 568 568 741 604; x_wconf 86' lang='lat' dir='ltr'><strong>legendum</strong></span> <span class='ocrx_word' id='word_1_62' title='bbox 759 567 812 596; x_wconf 87' lang='lat' dir='ltr'><strong>sit.</strong></span> <span class='ocrx_word' id='word_1_63' title='bbox 837 567 900 595; x_wconf 88' lang='lat' dir='ltr'><strong>Sed</strong></span> <span class='ocrx_word' id='word_1_64' title='bbox 920 567 1048 595; x_wconf 70' lang='lat' dir='ltr'><strong>frustra.</strong></span> <span class='ocrx_word' id='word_1_65' title='bbox 1096 563 1278 601; x_wconf 68' lang='lat' dir='ltr'><strong>larvasque</strong></span> <span class='ocrx_word' id='word_1_66' title='bbox 1297 564 1332 592; x_wconf 71' lang='grc' dir='ltr'><strong>Ο.</strong></span> <span class='ocrx_word' id='word_1_67' title='bbox 1347 570 1419 593; x_wconf 73' lang='lat'><strong>3¹1¹·</strong></span> <span class='ocrx_word' id='word_1_68' title='bbox 1439 570 1468 597; x_wconf 78' lang='lat' dir='ltr'><strong>D·</strong></span> <span class='ocrx_word' id='word_1_69' title='bbox 1516 561 1688 590; x_wconf 70' lang='lat' dir='ltr'><strong>ambr⁰860</strong></span> <span class='ocrx_word' id='word_1_70' title='bbox 1702 564 1740 590; x_wconf 83' lang='lat' dir='ltr'><strong>G.</strong></span> <span class='ocrx_word' id='word_1_71' title='bbox 1755 563 1784 590; x_wconf 87' lang='lat'><strong>1-</strong></span> <span class='ocrx_word' id='word_1_72' title='bbox 1798 562 1882 590; x_wconf 80' lang='lat' dir='ltr'><strong>2.n.</strong></span> 
     </span>
     <span class='ocr_line' id='line_1_8' title="bbox 106 605 1882 643; baseline -0.004 -2"><span class='ocrx_word' id='word_1_73' title='bbox 106 613 206 641; x_wconf 80' lang='lat' dir='ltr'><strong>solita</strong></span> <span class='ocrx_word' id='word_1_74' title='bbox 218 612 416 641; x_wconf 83' lang='lat' dir='ltr'><strong>confusione.</strong></span> <span class='ocrx_word' id='word_1_75' title='bbox 439 611 581 640; x_wconf 76' lang='lat' dir='ltr'><strong>abroseo</strong></span> <span class='ocrx_word' id='word_1_76' title='bbox 593 612 615 641; x_wconf 82' lang='lat' dir='ltr'><strong>f.</strong></span> <span class='ocrx_word' id='word_1_77' title='bbox 628 613 665 643; x_wconf 84' lang='lat' dir='ltr'><strong>P.</strong></span> <span class='ocrx_word' id='word_1_78' title='bbox 689 611 731 640; x_wconf 80' lang='lat' dir='ltr'><strong>ab</strong></span> <span class='ocrx_word' id='word_1_79' title='bbox 743 619 840 640; x_wconf 85' lang='lat' dir='ltr'><strong>roseo</strong></span> <span class='ocrx_word' id='word_1_80' title='bbox 854 618 912 639; x_wconf 81' lang='lat' dir='ltr'><strong>ore</strong></span> <span class='ocrx_word' id='word_1_81' title='bbox 923 612 960 640; x_wconf 88' lang='lat' dir='ltr'><strong>L.</strong></span> <span class='ocrx_word' id='word_1_82' title='bbox 985 609 1174 638; x_wconf 75' lang='lat' dir='ltr'><em>ambrosiae</em></span> <span class='ocrx_word' id='word_1_83' title='bbox 1186 616 1264 636; x_wconf 89' lang='lat' dir='ltr'><strong>rore</strong></span> <span class='ocrx_word' id='word_1_84' title='bbox 1275 610 1358 637; x_wconf 81' lang='lat' dir='ltr'><strong>lunt.</strong></span> <span class='ocrx_word' id='word_1_85' title='bbox 1371 609 1403 636; x_wconf 81' lang='lat'><strong>2.</strong></span> <span class='ocrx_word' id='word_1_86' title='bbox 1450 607 1574 635; x_wconf 70' lang='lat' dir='ltr'><strong>:osseis</strong></span> <span class='ocrx_word' id='word_1_87' title='bbox 1587 609 1623 636; x_wconf 85' lang='lat' dir='ltr'><strong>G.</strong></span> <span class='ocrx_word' id='word_1_88' title='bbox 1636 609 1668 636; x_wconf 83' lang='lat'><strong>2.</strong></span> <span class='ocrx_word' id='word_1_89' title='bbox 1692 605 1798 635; x_wconf 73' lang='lat' dir='ltr'><strong>saser&#39;s</strong></span> <span class='ocrx_word' id='word_1_90' title='bbox 1807 608 1843 635; x_wconf 86' lang='lat' dir='ltr'><strong>G.</strong></span> <span class='ocrx_word' id='word_1_91' title='bbox 1854 608 1882 634; x_wconf 89' lang='lat'><strong>1.</strong></span> 
     </span>
     <span class='ocr_line' id='line_1_9' title="bbox 106 649 1883 696; baseline -0.005 -11"><span class='ocrx_word' id='word_1_92' title='bbox 106 657 251 685; x_wconf 77' lang='lat' dir='ltr'><strong>saseseis</strong></span> <span class='ocrx_word' id='word_1_93' title='bbox 268 658 308 686; x_wconf 89' lang='lat' dir='ltr'><strong>D.</strong></span> <span class='ocrx_word' id='word_1_94' title='bbox 354 655 502 696; x_wconf 74' lang='lat' dir='ltr'><strong>deformi</strong></span> <span class='ocrx_word' id='word_1_95' title='bbox 514 658 618 686; x_wconf 87' lang='lat' dir='ltr'><strong>Scriv.</strong></span> <span class='ocrx_word' id='word_1_96' title='bbox 635 657 756 686; x_wconf 86' lang='lat' dir='ltr'><strong>Florid.</strong></span> <span class='ocrx_word' id='word_1_97' title='bbox 801 655 934 684; x_wconf 76' lang='lat' dir='ltr'><strong>sabt‘art&#39;</strong></span> <span class='ocrx_word' id='word_1_98' title='bbox 950 657 986 684; x_wconf 85' lang='lat' dir='ltr'><strong>G.</strong></span> <span class='ocrx_word' id='word_1_99' title='bbox 1005 657 1032 684; x_wconf 87' lang='lat'><strong>1.</strong></span> <span class='ocrx_word' id='word_1_100' title='bbox 1045 657 1076 684; x_wconf 79' lang='lat'><strong>2.</strong></span> <span class='ocrx_word' id='word_1_101' title='bbox 1095 656 1133 684; x_wconf 90' lang='lat' dir='ltr'><strong>D.</strong></span> <span class='ocrx_word' id='word_1_102' title='bbox 1147 651 1176 683; x_wconf 78' lang='grc' dir='ltr'><strong>δ.</strong></span> <span class='ocrx_word' id='word_1_103' title='bbox 1196 658 1226 683; x_wconf 83' lang='lat' dir='ltr'><strong>et</strong></span> <span class='ocrx_word' id='word_1_104' title='bbox 1238 660 1313 683; x_wconf 85' lang='lat' dir='ltr'><strong>mox</strong></span> <span class='ocrx_word' id='word_1_105' title='bbox 1330 651 1428 681; x_wconf 75' lang='lat' dir='ltr'><strong>sabia</strong></span> <span class='ocrx_word' id='word_1_106' title='bbox 1445 651 1604 680; x_wconf 62' lang='lat' dir='ltr'><strong>suaviam·</strong></span> <span class='ocrx_word' id='word_1_107' title='bbox 1620 656 1650 680; x_wconf 81' lang='lat' dir='ltr'><strong>et</strong></span> <span class='ocrx_word' id='word_1_108' title='bbox 1668 659 1743 680; x_wconf 82' lang='lat' dir='ltr'><strong>mox</strong></span> <span class='ocrx_word' id='word_1_109' title='bbox 1761 649 1883 679; x_wconf 71' lang='lat' dir='ltr'><strong>suavia</strong></span> 
     </span>
     <span class='ocr_line' id='line_1_10' title="bbox 107 695 1882 738; baseline -0.004 -9"><span class='ocrx_word' id='word_1_110' title='bbox 107 702 244 731; x_wconf 85' lang='lat' dir='ltr'><strong>Seriver.</strong></span> <span class='ocrx_word' id='word_1_111' title='bbox 257 702 393 738; x_wconf 83' lang='lat' dir='ltr'><strong>Florid.‚</strong></span> <span class='ocrx_word' id='word_1_112' title='bbox 418 703 456 731; x_wconf 85' lang='lat' dir='ltr'><strong>de</strong></span> <span class='ocrx_word' id='word_1_113' title='bbox 474 709 535 736; x_wconf 85' lang='lat' dir='ltr'><strong>quo</strong></span> <span class='ocrx_word' id='word_1_114' title='bbox 554 702 716 731; x_wconf 84' lang='lat' dir='ltr'><strong>scribendi</strong></span> <span class='ocrx_word' id='word_1_115' title='bbox 734 709 820 730; x_wconf 91' lang='lat' dir='ltr'><strong>more</strong></span> <span class='ocrx_word' id='word_1_116' title='bbox 838 701 972 736; x_wconf 82' lang='lat' dir='ltr'><strong>saepius</strong></span> <span class='ocrx_word' id='word_1_117' title='bbox 991 701 1055 729; x_wconf 79' lang='lat' dir='ltr'><strong>iam</strong></span> <span class='ocrx_word' id='word_1_118' title='bbox 1069 700 1189 728; x_wconf 84' lang='lat' dir='ltr'><strong>dictum</strong></span> <span class='ocrx_word' id='word_1_119' title='bbox 1201 702 1266 733; x_wconf 73' lang='lat' dir='ltr'><strong>est,</strong></span> <span class='ocrx_word' id='word_1_120' title='bbox 1290 697 1330 727; x_wconf 86' lang='lat' dir='ltr'><strong>cf.</strong></span> <span class='ocrx_word' id='word_1_121' title='bbox 1344 699 1384 726; x_wconf 82' lang='lat' dir='ltr'><strong>ad</strong></span> <span class='ocrx_word' id='word_1_122' title='bbox 1397 699 1473 726; x_wconf 80' lang='lat' dir='ltr'><strong>Met.</strong></span> <span class='ocrx_word' id='word_1_123' title='bbox 1485 699 1524 725; x_wconf 90' lang='grc' dir='ltr'><strong>Π.</strong></span> <span class='ocrx_word' id='word_1_124' title='bbox 1540 704 1569 730; x_wconf 82' lang='lat' dir='ltr'><strong>p.</strong></span> <span class='ocrx_word' id='word_1_125' title='bbox 1584 697 1658 724; x_wconf 79' lang='lat'><strong>112.</strong></span> <span class='ocrx_word' id='word_1_126' title='bbox 1704 695 1882 724; x_wconf 70' lang='lat' dir='ltr'><strong>novissimo</strong></span> 
     </span>
     <span class='ocr_line' id='line_1_11' title="bbox 106 737 1698 784; baseline -0.004 -8"><span class='ocrx_word' id='word_1_127' title='bbox 106 748 160 784; x_wconf 87' lang='lat'><strong>0.,</strong></span> <span class='ocrx_word' id='word_1_128' title='bbox 184 748 267 781; x_wconf 82' lang='lat' dir='ltr'><strong>quod</strong></span> <span class='ocrx_word' id='word_1_129' title='bbox 280 747 358 776; x_wconf 84' lang='lat' dir='ltr'><strong>Oud.</strong></span> <span class='ocrx_word' id='word_1_130' title='bbox 371 754 435 775; x_wconf 87' lang='lat' dir='ltr'><strong>non</strong></span> <span class='ocrx_word' id='word_1_131' title='bbox 448 747 616 781; x_wconf 78' lang='lat' dir='ltr'><strong>improbat.</strong></span> <span class='ocrx_word' id='word_1_132' title='bbox 660 745 801 784; x_wconf 65' lang='lat' dir='ltr'><strong>agie-ulis</strong></span> <span class='ocrx_word' id='word_1_133' title='bbox 812 747 851 775; x_wconf 93' lang='lat' dir='ltr'><strong>D.</strong></span> <span class='ocrx_word' id='word_1_134' title='bbox 876 744 1040 783; x_wconf 72' lang='lat' dir='ltr'><strong>agniculis</strong></span> <span class='ocrx_word' id='word_1_135' title='bbox 1054 746 1090 774; x_wconf 85' lang='lat' dir='ltr'><strong>G.</strong></span> <span class='ocrx_word' id='word_1_136' title='bbox 1103 746 1134 773; x_wconf 76' lang='lat'><strong>2.</strong></span> <span class='ocrx_word' id='word_1_137' title='bbox 1158 742 1313 782; x_wconf 75' lang='lat' dir='ltr'><strong>igniculis</strong></span> <span class='ocrx_word' id='word_1_138' title='bbox 1327 745 1364 772; x_wconf 84' lang='lat' dir='ltr'><strong>G.</strong></span> <span class='ocrx_word' id='word_1_139' title='bbox 1378 743 1407 771; x_wconf 91' lang='lat'><strong>1.</strong></span> <span class='ocrx_word' id='word_1_140' title='bbox 1420 743 1455 771; x_wconf 89' lang='grc' dir='ltr'><strong>Ο.</strong></span> <span class='ocrx_word' id='word_1_141' title='bbox 1480 739 1611 778; x_wconf 80' lang='lat' dir='ltr'><strong>ungulis</strong></span> <span class='ocrx_word' id='word_1_142' title='bbox 1626 749 1655 776; x_wconf 89' lang='lat' dir='ltr'><strong>p.</strong></span> <span class='ocrx_word' id='word_1_143' title='bbox 1669 737 1698 769; x_wconf 75' lang='grc' dir='ltr'><strong>δ’.</strong></span> 
     </span>
    </p>
   </div>
   <div class='ocr_carea' id='block_1_7' title="bbox 108 844 973 3190">
    <p class='ocr_par' dir='ltr' id='par_1_7' title="bbox 108 844 973 2126">
     <span class='ocr_line' id='line_1_12' title="bbox 162 844 553 884; baseline -0.003 0"><span class='ocrx_word' id='word_1_144' title='bbox 162 849 204 884; x_wconf 83' lang='lat' dir='ltr'><strong>et</strong></span> <span class='ocrx_word' id='word_1_145' title='bbox 226 844 330 884; x_wconf 82' lang='lat' dir='ltr'><strong>lacte</strong></span> <span class='ocrx_word' id='word_1_146' title='bbox 353 859 403 884; x_wconf 84' lang='lat' dir='ltr'><strong>ac</strong></span> <span class='ocrx_word' id='word_1_147' title='bbox 425 844 553 883; x_wconf 83' lang='lat' dir='ltr'><strong>melle.</strong></span> 
     </span>
     <span class='ocr_line' id='line_1_13' title="bbox 111 899 967 940; baseline -0.001 -2"><span class='ocrx_word' id='word_1_148' title='bbox 111 905 204 939; x_wconf 81' lang='lat' dir='ltr'><strong>sunt</strong></span> <span class='ocrx_word' id='word_1_149' title='bbox 236 899 338 940; x_wconf 87' lang='lat' dir='ltr'><strong>Prie.</strong></span> <span class='ocrx_word' id='word_1_150' title='bbox 372 899 535 939; x_wconf 86' lang='lat' dir='ltr'><strong>candida</strong></span> <span class='ocrx_word' id='word_1_151' title='bbox 571 913 616 940; x_wconf 87' lang='lat' dir='ltr'><strong>ac</strong></span> <span class='ocrx_word' id='word_1_152' title='bbox 651 901 764 938; x_wconf 80' lang='lat' dir='ltr'><strong>nivea</strong></span> <span class='ocrx_word' id='word_1_153' title='bbox 797 899 846 938; x_wconf 85' lang='lat' dir='ltr'><strong>cf.</strong></span> <span class='ocrx_word' id='word_1_154' title='bbox 871 899 967 938; x_wconf 86' lang='lat' dir='ltr'><strong>Met.</strong></span> 
     </span>
     <span class='ocr_line' id='line_1_14' title="bbox 108 955 967 1009; baseline 0 -15"><span class='ocrx_word' id='word_1_155' title='bbox 108 955 172 994; x_wconf 90' lang='lat'><strong>111.</strong></span> <span class='ocrx_word' id='word_1_156' title='bbox 197 969 234 1007; x_wconf 89' lang='lat' dir='ltr'><strong>p.</strong></span> <span class='ocrx_word' id='word_1_157' title='bbox 251 960 341 997; x_wconf 82' lang='lat'><strong>198.</strong></span> <span class='ocrx_word' id='word_1_158' title='bbox 377 957 488 996; x_wconf 70' lang='lat' dir='ltr'><strong>lorus</strong></span> <span class='ocrx_word' id='word_1_159' title='bbox 510 957 581 995; x_wconf 81' lang='lat' dir='ltr'><strong>iste</strong></span> <span class='ocrx_word' id='word_1_160' title='bbox 599 958 720 1009; x_wconf 82' lang='lat' dir='ltr'><strong>prius</strong></span> <span class='ocrx_word' id='word_1_161' title='bbox 743 971 769 995; x_wconf 90' lang='lat' dir='ltr'><strong>a</strong></span> <span class='ocrx_word' id='word_1_162' title='bbox 791 969 850 995; x_wconf 89' lang='lat' dir='ltr'><strong>me</strong></span> <span class='ocrx_word' id='word_1_163' title='bbox 874 969 967 995; x_wconf 87' lang='lat' dir='ltr'><strong>con-</strong></span> 
     </span>
     <span class='ocr_line' id='line_1_15' title="bbox 111 1011 966 1065; baseline -0.004 -13"><span class='ocrx_word' id='word_1_164' title='bbox 111 1013 218 1053; x_wconf 81' lang='lat' dir='ltr'><strong>cisus</strong></span> <span class='ocrx_word' id='word_1_165' title='bbox 251 1017 374 1065; x_wconf 80' lang='lat' dir='ltr'><strong>atque</strong></span> <span class='ocrx_word' id='word_1_166' title='bbox 414 1012 614 1051; x_wconf 80' lang='lat' dir='ltr'><strong>laceratus</strong></span> <span class='ocrx_word' id='word_1_167' title='bbox 653 1011 836 1051; x_wconf 82' lang='lat' dir='ltr'><strong>interibit</strong></span> <span class='ocrx_word' id='word_1_168' title='bbox 870 1013 966 1064; x_wconf 82' lang='lat' dir='ltr'><strong>ipse,</strong></span> 
     </span>
     <span class='ocr_line' id='line_1_16' title="bbox 112 1068 968 1120; baseline -0.002 -12"><span class='ocrx_word' id='word_1_169' title='bbox 112 1082 232 1120; x_wconf 82' lang='lat' dir='ltr'><strong>quam</strong></span> <span class='ocrx_word' id='word_1_170' title='bbox 276 1073 386 1108; x_wconf 83' lang='lat' dir='ltr'><strong>tuam</strong></span> <span class='ocrx_word' id='word_1_171' title='bbox 422 1068 624 1120; x_wconf 77' lang='lat' dir='ltr'><strong>plumeam</strong></span> <span class='ocrx_word' id='word_1_172' title='bbox 666 1068 968 1120; x_wconf 79' lang='lat' dir='ltr'><em>lacteamque</em></span> 
     </span>
     <span class='ocr_line' id='line_1_17' title="bbox 110 1122 967 1177; baseline -0.004 -13"><span class='ocrx_word' id='word_1_173' title='bbox 110 1125 326 1177; x_wconf 77' lang='lat' dir='ltr'><strong>continyat</strong></span> <span class='ocrx_word' id='word_1_174' title='bbox 355 1128 502 1169; x_wconf 49' lang='lat' dir='ltr'><strong>autenm·</strong></span> <span class='ocrx_word' id='word_1_175' title='bbox 538 1123 587 1162; x_wconf 89' lang='lat' dir='ltr'><strong>cf.</strong></span> <span class='ocrx_word' id='word_1_176' title='bbox 616 1123 684 1162; x_wconf 88' lang='lat' dir='ltr'><strong>Dr.</strong></span> <span class='ocrx_word' id='word_1_177' title='bbox 714 1123 765 1161; x_wconf 88' lang='lat' dir='ltr'><strong>ad</strong></span> <span class='ocrx_word' id='word_1_178' title='bbox 790 1124 859 1162; x_wconf 85' lang='lat' dir='ltr'><strong>Sil.</strong></span> <span class='ocrx_word' id='word_1_179' title='bbox 886 1122 967 1161; x_wconf 88' lang='lat' dir='ltr'><strong>Ital.</strong></span> 
     </span>
     <span class='ocr_line' id='line_1_18' title="bbox 110 1178 967 1230; baseline -0.001 -12"><span class='ocrx_word' id='word_1_180' title='bbox 110 1179 218 1218; x_wconf 79' lang='lat' dir='ltr'><strong>XVI.</strong></span> <span class='ocrx_word' id='word_1_181' title='bbox 249 1184 342 1220; x_wconf 82' lang='lat'><strong>245.</strong></span> <span class='ocrx_word' id='word_1_182' title='bbox 389 1179 474 1218; x_wconf 89' lang='lat' dir='ltr'><strong>Intt.</strong></span> <span class='ocrx_word' id='word_1_183' title='bbox 508 1179 559 1217; x_wconf 88' lang='lat' dir='ltr'><strong>ad</strong></span> <span class='ocrx_word' id='word_1_184' title='bbox 594 1179 699 1230; x_wconf 88' lang='lat' dir='ltr'><strong>Virg.</strong></span> <span class='ocrx_word' id='word_1_185' title='bbox 736 1180 836 1218; x_wconf 89' lang='lat' dir='ltr'><strong>Aen.</strong></span> <span class='ocrx_word' id='word_1_186' title='bbox 865 1178 967 1217; x_wconf 79' lang='lat' dir='ltr'><strong>VIII.</strong></span> 
     </span>
     <span class='ocr_line' id='line_1_19' title="bbox 113 1234 969 1285; baseline -0.005 -9"><span class='ocrx_word' id='word_1_187' title='bbox 113 1239 205 1276; x_wconf 89' lang='grc'>660.</span> <span class='ocrx_word' id='word_1_188' title='bbox 235 1235 285 1274; x_wconf 88' lang='grc' dir='ltr'><strong>Χ.</strong></span> <span class='ocrx_word' id='word_1_189' title='bbox 318 1239 410 1276; x_wconf 86' lang='grc'><strong>133.</strong></span> <span class='ocrx_word' id='word_1_190' title='bbox 453 1235 508 1274; x_wconf 87' lang='lat' dir='ltr'><strong>At</strong></span> <span class='ocrx_word' id='word_1_191' title='bbox 544 1235 648 1275; x_wconf 82' lang='lat' dir='ltr'><strong>lacte</strong></span> <span class='ocrx_word' id='word_1_192' title='bbox 682 1237 873 1285; x_wconf 83' lang='lat' dir='ltr'><strong>confecta</strong></span> <span class='ocrx_word' id='word_1_193' title='bbox 906 1234 969 1272; x_wconf 88' lang='lat' dir='ltr'><strong>hic</strong></span> 
     </span>
     <span class='ocr_line' id='line_1_20' title="bbox 112 1290 969 1342; baseline -0.004 -12"><span class='ocrx_word' id='word_1_194' title='bbox 112 1291 202 1330; x_wconf 87' lang='lat' dir='ltr'><strong>mihi</strong></span> <span class='ocrx_word' id='word_1_195' title='bbox 220 1293 349 1342; x_wconf 89' lang='lat' dir='ltr'><strong>potius</strong></span> <span class='ocrx_word' id='word_1_196' title='bbox 365 1291 416 1329; x_wconf 89' lang='lat' dir='ltr'><strong>ad</strong></span> <span class='ocrx_word' id='word_1_197' title='bbox 432 1290 632 1328; x_wconf 82' lang='lat' dir='ltr'><strong>mollitiem</strong></span> <span class='ocrx_word' id='word_1_198' title='bbox 649 1291 904 1329; x_wconf 87' lang='lat' dir='ltr'><strong>membrorum</strong></span> <span class='ocrx_word' id='word_1_199' title='bbox 923 1303 969 1327; x_wconf 89' lang='lat' dir='ltr'><strong>ac</strong></span> 
     </span>
     <span class='ocr_line' id='line_1_21' title="bbox 111 1346 969 1390; baseline -0.001 -5"><span class='ocrx_word' id='word_1_200' title='bbox 111 1347 400 1386; x_wconf 82' lang='lat' dir='ltr'><strong>teneritudinem</strong></span> <span class='ocrx_word' id='word_1_201' title='bbox 428 1346 634 1384; x_wconf 85' lang='lat' dir='ltr'><strong>referenda</strong></span> <span class='ocrx_word' id='word_1_202' title='bbox 660 1346 835 1384; x_wconf 81' lang='lat' dir='ltr'><strong>videntur</strong></span> <span class='ocrx_word' id='word_1_203' title='bbox 864 1359 969 1390; x_wconf 89' lang='lat' dir='ltr'><strong>esse,</strong></span> 
     </span>
     <span class='ocr_line' id='line_1_22' title="bbox 111 1401 973 1443; baseline -0.001 -2"><span class='ocrx_word' id='word_1_204' title='bbox 111 1403 162 1442; x_wconf 80' lang='lat' dir='ltr'><strong>cf.</strong></span> <span class='ocrx_word' id='word_1_205' title='bbox 197 1402 313 1442; x_wconf 86' lang='lat' dir='ltr'><strong>Ovid.</strong></span> <span class='ocrx_word' id='word_1_206' title='bbox 347 1402 442 1441; x_wconf 82' lang='lat' dir='ltr'><strong>Met.</strong></span> <span class='ocrx_word' id='word_1_207' title='bbox 471 1401 575 1441; x_wconf 92' lang='lat' dir='ltr'><strong>XIII.</strong></span> <span class='ocrx_word' id='word_1_208' title='bbox 608 1406 702 1443; x_wconf 97' lang='grc'><strong>796.</strong></span> <span class='ocrx_word' id='word_1_209' title='bbox 748 1401 910 1441; x_wconf 85' lang='lat' dir='ltr'><strong>mollior</strong></span> <span class='ocrx_word' id='word_1_210' title='bbox 933 1406 973 1440; x_wconf 83' lang='lat' dir='ltr'><strong>et</strong></span> 
     </span>
     <span class='ocr_line' id='line_1_23' title="bbox 111 1457 969 1512; baseline -0.003 -14"><span class='ocrx_word' id='word_1_211' title='bbox 111 1460 241 1512; x_wconf 70' lang='lat' dir='ltr'><strong>cyyni</strong></span> <span class='ocrx_word' id='word_1_212' title='bbox 251 1458 398 1510; x_wconf 79' lang='lat' dir='ltr'><strong>plumis</strong></span> <span class='ocrx_word' id='word_1_213' title='bbox 415 1463 455 1497; x_wconf 81' lang='lat' dir='ltr'><strong>et</strong></span> <span class='ocrx_word' id='word_1_214' title='bbox 471 1458 600 1497; x_wconf 79' lang='lat' dir='ltr'><strong>lacte</strong></span> <span class='ocrx_word' id='word_1_215' title='bbox 620 1462 785 1503; x_wconf 80' lang='lat' dir='ltr'><strong>coacto3</strong></span> <span class='ocrx_word' id='word_1_216' title='bbox 805 1462 843 1494; x_wconf 90' lang='lat' dir='ltr'><strong>et</strong></span> <span class='ocrx_word' id='word_1_217' title='bbox 856 1457 969 1496; x_wconf 78' lang='lat' dir='ltr'><strong>Mart.</strong></span> 
     </span>
     <span class='ocr_line' id='line_1_24' title="bbox 112 1514 970 1565; baseline 0 -13"><span class='ocrx_word' id='word_1_218' title='bbox 112 1514 214 1554; x_wconf 79' lang='lat' dir='ltr'><strong>VIII.</strong></span> <span class='ocrx_word' id='word_1_219' title='bbox 237 1518 302 1555; x_wconf 77' lang='lat'><strong>64.</strong></span> <span class='ocrx_word' id='word_1_220' title='bbox 326 1515 456 1554; x_wconf 73' lang='lat' dir='ltr'><strong>vincio</strong></span> <span class='ocrx_word' id='word_1_221' title='bbox 479 1514 647 1553; x_wconf 77' lang='lat' dir='ltr'><strong>mollitie</strong></span> <span class='ocrx_word' id='word_1_222' title='bbox 670 1518 858 1553; x_wconf 79' lang='lat' dir='ltr'><strong>tremente</strong></span> <span class='ocrx_word' id='word_1_223' title='bbox 880 1514 970 1565; x_wconf 82' lang='lat' dir='ltr'><strong>pla-</strong></span> 
     </span>
     <span class='ocr_line' id='line_1_25' title="bbox 112 1570 971 1621; baseline -0.003 -11"><span class='ocrx_word' id='word_1_224' title='bbox 112 1585 195 1610; x_wconf 86' lang='lat' dir='ltr'><strong>mas</strong></span> <span class='ocrx_word' id='word_1_225' title='bbox 218 1575 289 1610; x_wconf 74' lang='lat' dir='ltr'><strong>ant</strong></span> <span class='ocrx_word' id='word_1_226' title='bbox 312 1584 475 1609; x_wconf 83' lang='lat' dir='ltr'><strong>massam</strong></span> <span class='ocrx_word' id='word_1_227' title='bbox 493 1571 615 1608; x_wconf 75' lang='lat' dir='ltr'><strong>modo</strong></span> <span class='ocrx_word' id='word_1_228' title='bbox 641 1570 758 1609; x_wconf 75' lang='lat' dir='ltr'><strong>lactis</strong></span> <span class='ocrx_word' id='word_1_229' title='bbox 782 1570 971 1621; x_wconf 70' lang='lat' dir='ltr'><strong>alliyati3</strong></span> 
     </span>
     <span class='ocr_line' id='line_1_26' title="bbox 113 1625 969 1677; baseline -0.002 -12"><span class='ocrx_word' id='word_1_230' title='bbox 113 1625 285 1665; x_wconf 81' lang='lat' dir='ltr'><strong>d’Orvin.</strong></span> <span class='ocrx_word' id='word_1_231' title='bbox 310 1627 359 1665; x_wconf 88' lang='lat' dir='ltr'><strong>ad</strong></span> <span class='ocrx_word' id='word_1_232' title='bbox 383 1626 574 1664; x_wconf 87' lang='lat' dir='ltr'><strong>Chariton.</strong></span> <span class='ocrx_word' id='word_1_233' title='bbox 600 1625 644 1665; x_wconf 81' lang='lat' dir='ltr'><strong>ll.</strong></span> <span class='ocrx_word' id='word_1_234' title='bbox 671 1630 707 1666; x_wconf 89' lang='lat'><strong>2.</strong></span> <span class='ocrx_word' id='word_1_235' title='bbox 732 1639 771 1677; x_wconf 85' lang='lat' dir='ltr'><strong>p.</strong></span> <span class='ocrx_word' id='word_1_236' title='bbox 791 1629 882 1666; x_wconf 88' lang='grc'><strong>299.</strong></span> <span class='ocrx_word' id='word_1_237' title='bbox 908 1625 969 1664; x_wconf 76' lang='lat' dir='ltr'><strong>etl.</strong></span> 
     </span>
     <span class='ocr_line' id='line_1_27' title="bbox 112 1682 971 1734; baseline -0.002 -13"><span class='ocrx_word' id='word_1_238' title='bbox 112 1682 222 1734; x_wconf 90' lang='lat' dir='ltr'><strong>Lips.</strong></span> <span class='ocrx_word' id='word_1_239' title='bbox 254 1682 415 1723; x_wconf 80' lang='lat' dir='ltr'><strong>Lucida</strong></span> <span class='ocrx_word' id='word_1_240' title='bbox 434 1682 508 1720; x_wconf 89' lang='lat' dir='ltr'><strong>iam</strong></span> <span class='ocrx_word' id='word_1_241' title='bbox 527 1682 577 1719; x_wconf 88' lang='lat' dir='ltr'><strong>ad</strong></span> <span class='ocrx_word' id='word_1_242' title='bbox 595 1682 801 1720; x_wconf 77' lang='lat' dir='ltr'><strong>candorem</strong></span> <span class='ocrx_word' id='word_1_243' title='bbox 820 1683 971 1720; x_wconf 88' lang='lat' dir='ltr'><strong>niveum</strong></span> 
     </span>
     <span class='ocr_line' id='line_1_28' title="bbox 112 1737 970 1790; baseline -0.002 -14"><span class='ocrx_word' id='word_1_244' title='bbox 112 1739 322 1790; x_wconf 86' lang='lat' dir='ltr'><strong>pertinent,</strong></span> <span class='ocrx_word' id='word_1_245' title='bbox 352 1742 390 1776; x_wconf 88' lang='lat' dir='ltr'><strong>et</strong></span> <span class='ocrx_word' id='word_1_246' title='bbox 420 1742 663 1789; x_wconf 89' lang='lat' dir='ltr'><strong>opponuntur</strong></span> <span class='ocrx_word' id='word_1_247' title='bbox 694 1739 789 1777; x_wconf 83' lang='lat' dir='ltr'><strong>duri</strong></span> <span class='ocrx_word' id='word_1_248' title='bbox 813 1737 970 1790; x_wconf 75' lang='lat' dir='ltr'><strong>unyuli.</strong></span> 
     </span>
     <span class='ocr_line' id='line_1_29' title="bbox 112 1793 973 1834; baseline -0.001 -2"><span class='ocrx_word' id='word_1_249' title='bbox 112 1794 190 1832; x_wconf 87' lang='lat' dir='ltr'><strong>Pro</strong></span> <span class='ocrx_word' id='word_1_250' title='bbox 229 1799 365 1834; x_wconf 81' lang='lat' dir='ltr'><strong>tenera</strong></span> <span class='ocrx_word' id='word_1_251' title='bbox 400 1793 502 1832; x_wconf 90' lang='lat' dir='ltr'><strong>Oud.</strong></span> <span class='ocrx_word' id='word_1_252' title='bbox 546 1793 728 1832; x_wconf 85' lang='lat' dir='ltr'><strong>emendat</strong></span> <span class='ocrx_word' id='word_1_253' title='bbox 769 1807 887 1832; x_wconf 85' lang='lat' dir='ltr'><strong>cerea</strong></span> <span class='ocrx_word' id='word_1_254' title='bbox 923 1805 973 1831; x_wconf 85' lang='lat' dir='ltr'><strong>ex</strong></span> 
     </span>
     <span class='ocr_line' id='line_1_30' title="bbox 111 1848 968 1895; baseline -0.001 -7"><span class='ocrx_word' id='word_1_255' title='bbox 111 1851 255 1889; x_wconf 87' lang='lat' dir='ltr'><strong>vitiosa</strong></span> <span class='ocrx_word' id='word_1_256' title='bbox 278 1850 359 1889; x_wconf 91' lang='lat' dir='ltr'><strong>cod.</strong></span> <span class='ocrx_word' id='word_1_257' title='bbox 380 1848 481 1888; x_wconf 90' lang='lat' dir='ltr'><strong>Pith.</strong></span> <span class='ocrx_word' id='word_1_258' title='bbox 504 1850 667 1888; x_wconf 87' lang='lat' dir='ltr'><strong>lectione</strong></span> <span class='ocrx_word' id='word_1_259' title='bbox 692 1863 841 1895; x_wconf 84' lang='lat' dir='ltr'><strong>cenam,</strong></span> <span class='ocrx_word' id='word_1_260' title='bbox 867 1862 968 1887; x_wconf 89' lang='lat' dir='ltr'><strong>com-</strong></span> 
     </span>
     <span class='ocr_line' id='line_1_31' title="bbox 112 1904 967 1958; baseline -0.002 -12"><span class='ocrx_word' id='word_1_261' title='bbox 112 1919 254 1958; x_wconf 87' lang='lat' dir='ltr'><strong>parans</strong></span> <span class='ocrx_word' id='word_1_262' title='bbox 283 1906 407 1945; x_wconf 89' lang='lat' dir='ltr'><strong>Bentl.</strong></span> <span class='ocrx_word' id='word_1_263' title='bbox 443 1906 494 1944; x_wconf 89' lang='lat' dir='ltr'><strong>ad</strong></span> <span class='ocrx_word' id='word_1_264' title='bbox 528 1905 622 1944; x_wconf 91' lang='lat' dir='ltr'><strong>Hor.</strong></span> <span class='ocrx_word' id='word_1_265' title='bbox 658 1905 734 1944; x_wconf 92' lang='lat' dir='ltr'><strong>Od.</strong></span> <span class='ocrx_word' id='word_1_266' title='bbox 770 1904 797 1943; x_wconf 92' lang='lat' dir='ltr'><strong>I.</strong></span> <span class='ocrx_word' id='word_1_267' title='bbox 832 1909 895 1945; x_wconf 88' lang='lat'><strong>13.</strong></span> <span class='ocrx_word' id='word_1_268' title='bbox 932 1909 967 1946; x_wconf 86' lang='lat'><strong>2.</strong></span> 
     </span>
     <span class='ocr_line' id='line_1_32' title="bbox 112 1961 968 2013; baseline -0.001 -13"><span class='ocrx_word' id='word_1_269' title='bbox 112 1964 196 2011; x_wconf 92' lang='lat' dir='ltr'><strong>(ubi</strong></span> <span class='ocrx_word' id='word_1_270' title='bbox 210 1963 298 2000; x_wconf 86' lang='lat' dir='ltr'><strong>vide</strong></span> <span class='ocrx_word' id='word_1_271' title='bbox 309 1961 459 2000; x_wconf 83' lang='lat' dir='ltr'><strong>Peerlk.</strong></span> <span class='ocrx_word' id='word_1_272' title='bbox 479 1975 518 2013; x_wconf 90' lang='lat' dir='ltr'><strong>p.</strong></span> <span class='ocrx_word' id='word_1_273' title='bbox 533 1964 615 2010; x_wconf 87' lang='grc'><strong>72.)</strong></span> <span class='ocrx_word' id='word_1_274' title='bbox 643 1961 829 2012; x_wconf 84' lang='lat' dir='ltr'><strong>Cuningh.</strong></span> <span class='ocrx_word' id='word_1_275' title='bbox 842 1961 968 1999; x_wconf 89' lang='lat' dir='ltr'><strong>Anim.</strong></span> 
     </span>
     <span class='ocr_line' id='line_1_33' title="bbox 111 2018 971 2069; baseline 0 -12"><span class='ocrx_word' id='word_1_276' title='bbox 111 2021 148 2057; x_wconf 81' lang='lat' dir='ltr'><strong>in</strong></span> <span class='ocrx_word' id='word_1_277' title='bbox 168 2018 294 2057; x_wconf 90' lang='lat' dir='ltr'><strong>Bentl.</strong></span> <span class='ocrx_word' id='word_1_278' title='bbox 320 2022 442 2065; x_wconf 88' lang='lat' dir='ltr'><strong>c.14.,</strong></span> <span class='ocrx_word' id='word_1_279' title='bbox 468 2031 698 2068; x_wconf 86' lang='lat' dir='ltr'><strong>quamquam</strong></span> <span class='ocrx_word' id='word_1_280' title='bbox 722 2019 810 2069; x_wconf 88' lang='lat' dir='ltr'><strong>ipse</strong></span> <span class='ocrx_word' id='word_1_281' title='bbox 833 2021 971 2057; x_wconf 78' lang='lat' dir='ltr'><strong>tenera</strong></span> 
     </span>
     <span class='ocr_line' id='line_1_34' title="bbox 111 2074 276 2126; baseline 0 -14"><span class='ocrx_word' id='word_1_282' title='bbox 111 2074 276 2126; x_wconf 68' lang='lat' dir='ltr'><strong>retinet]</strong></span> 
     </span>
    </p>

    <p class='ocr_par' dir='ltr' id='par_1_8' title="bbox 111 2130 972 3190">
     <span class='ocr_line' id='line_1_35' title="bbox 170 2130 506 2170; baseline -0.003 -1"><span class='ocrx_word' id='word_1_283' title='bbox 170 2130 368 2170; x_wconf 77' lang='lat' dir='ltr'><strong>ambrosio</strong></span> <span class='ocrx_word' id='word_1_284' title='bbox 401 2143 506 2169; x_wconf 82' lang='lat' dir='ltr'><strong>rore.</strong></span> 
     </span>
     <span class='ocr_line' id='line_1_36' title="bbox 113 2185 972 2237; baseline -0.002 -13"><span class='ocrx_word' id='word_1_285' title='bbox 113 2186 225 2237; x_wconf 86' lang='lat' dir='ltr'><strong>Lips.</strong></span> <span class='ocrx_word' id='word_1_286' title='bbox 261 2186 446 2237; x_wconf 85' lang='lat' dir='ltr'><strong>scriptura</strong></span> <span class='ocrx_word' id='word_1_287' title='bbox 479 2186 530 2225; x_wconf 83' lang='lat' dir='ltr'><strong>ab</strong></span> <span class='ocrx_word' id='word_1_288' title='bbox 564 2199 682 2225; x_wconf 83' lang='lat' dir='ltr'><strong>roseo</strong></span> <span class='ocrx_word' id='word_1_289' title='bbox 718 2200 786 2226; x_wconf 89' lang='lat' dir='ltr'><strong>ore</strong></span> <span class='ocrx_word' id='word_1_290' title='bbox 820 2185 972 2237; x_wconf 85' lang='lat' dir='ltr'><strong>corrigit</strong></span> 
     </span>
     <span class='ocr_line' id='line_1_37' title="bbox 113 2241 969 2293; baseline 0.001 -14"><span class='ocrx_word' id='word_1_291' title='bbox 113 2241 225 2281; x_wconf 80' lang='lat' dir='ltr'><strong>Colv.</strong></span> <span class='ocrx_word' id='word_1_292' title='bbox 261 2256 312 2281; x_wconf 87' lang='lat' dir='ltr'><strong>ac</strong></span> <span class='ocrx_word' id='word_1_293' title='bbox 344 2255 458 2281; x_wconf 82' lang='lat' dir='ltr'><strong>roseo</strong></span> <span class='ocrx_word' id='word_1_294' title='bbox 497 2255 582 2287; x_wconf 86' lang='lat' dir='ltr'><strong>ore,</strong></span> <span class='ocrx_word' id='word_1_295' title='bbox 620 2241 780 2293; x_wconf 83' lang='lat' dir='ltr'><strong>Soping.</strong></span> <span class='ocrx_word' id='word_1_296' title='bbox 817 2242 969 2287; x_wconf 81' lang='lat' dir='ltr'><strong>colore,</strong></span> 
     </span>
     <span class='ocr_line' id='line_1_38' title="bbox 114 2297 970 2349; baseline 0.001 -13"><span class='ocrx_word' id='word_1_297' title='bbox 114 2297 216 2337; x_wconf 86' lang='lat' dir='ltr'><strong>Prie.</strong></span> <span class='ocrx_word' id='word_1_298' title='bbox 238 2298 387 2337; x_wconf 78' lang='lat' dir='ltr'><strong>coloris</strong></span> <span class='ocrx_word' id='word_1_299' title='bbox 409 2298 525 2337; x_wconf 84' lang='lat' dir='ltr'><strong>rosei.</strong></span> <span class='ocrx_word' id='word_1_300' title='bbox 574 2297 646 2349; x_wconf 88' lang='lat' dir='ltr'><strong>[cs.</strong></span> <span class='ocrx_word' id='word_1_301' title='bbox 677 2297 762 2336; x_wconf 87' lang='lat' dir='ltr'><strong>lntt.</strong></span> <span class='ocrx_word' id='word_1_302' title='bbox 787 2298 838 2336; x_wconf 88' lang='lat' dir='ltr'><strong>ad</strong></span> <span class='ocrx_word' id='word_1_303' title='bbox 861 2298 970 2348; x_wconf 85' lang='lat' dir='ltr'><strong>Virg.</strong></span> 
     </span>
     <span class='ocr_line' id='line_1_39' title="bbox 115 2353 970 2395; baseline 0 -3"><span class='ocrx_word' id='word_1_304' title='bbox 115 2353 143 2392; x_wconf 87' lang='lat' dir='ltr'><strong>I.</strong></span> <span class='ocrx_word' id='word_1_305' title='bbox 169 2358 262 2395; x_wconf 83' lang='grc'><strong>402.</strong></span> <span class='ocrx_word' id='word_1_306' title='bbox 309 2354 364 2392; x_wconf 88' lang='lat' dir='ltr'><strong>At</strong></span> <span class='ocrx_word' id='word_1_307' title='bbox 382 2353 476 2391; x_wconf 83' lang='lat' dir='ltr'><strong>nihil</strong></span> <span class='ocrx_word' id='word_1_308' title='bbox 503 2354 726 2392; x_wconf 86' lang='lat' dir='ltr'><strong>mutandum</strong></span> <span class='ocrx_word' id='word_1_309' title='bbox 750 2367 845 2392; x_wconf 81' lang='lat' dir='ltr'><strong>esse</strong></span> <span class='ocrx_word' id='word_1_310' title='bbox 868 2353 970 2393; x_wconf 89' lang='lat' dir='ltr'><strong>Oud.</strong></span> 
     </span>
     <span class='ocr_line' id='line_1_40' title="bbox 115 2408 970 2461; baseline 0 -13"><span class='ocrx_word' id='word_1_311' title='bbox 115 2411 190 2448; x_wconf 89' lang='lat' dir='ltr'><strong>iam</strong></span> <span class='ocrx_word' id='word_1_312' title='bbox 208 2410 394 2461; x_wconf 84' lang='lat' dir='ltr'><strong>probavit.</strong></span> <span class='ocrx_word' id='word_1_313' title='bbox 422 2408 501 2447; x_wconf 87' lang='lat' dir='ltr'><strong>Per</strong></span> <span class='ocrx_word' id='word_1_314' title='bbox 518 2410 758 2449; x_wconf 81' lang='lat' dir='ltr'><strong>ambrosiam</strong></span> <span class='ocrx_word' id='word_1_315' title='bbox 776 2410 970 2461; x_wconf 84' lang='lat' dir='ltr'><strong>Apuleius</strong></span> 
     </span>
     <span class='ocr_line' id='line_1_41' title="bbox 115 2465 969 2517; baseline 0 -13"><span class='ocrx_word' id='word_1_316' title='bbox 115 2466 311 2517; x_wconf 82' lang='lat' dir='ltr'><strong>intelligit,</strong></span> <span class='ocrx_word' id='word_1_317' title='bbox 347 2465 524 2517; x_wconf 87' lang='lat' dir='ltr'><strong>quicquid</strong></span> <span class='ocrx_word' id='word_1_318' title='bbox 553 2467 588 2505; x_wconf 90' lang='lat' dir='ltr'><strong>in</strong></span> <span class='ocrx_word' id='word_1_319' title='bbox 619 2479 692 2504; x_wconf 91' lang='lat' dir='ltr'><strong>suo</strong></span> <span class='ocrx_word' id='word_1_320' title='bbox 717 2479 859 2517; x_wconf 86' lang='lat' dir='ltr'><strong>genere</strong></span> <span class='ocrx_word' id='word_1_321' title='bbox 887 2465 969 2517; x_wconf 90' lang='lat' dir='ltr'><strong>pul-</strong></span> 
     </span>
     <span class='ocr_line' id='line_1_42' title="bbox 113 2522 969 2574; baseline 0 -14"><span class='ocrx_word' id='word_1_322' title='bbox 113 2522 345 2561; x_wconf 85' lang='lat' dir='ltr'><strong>cherrimum</strong></span> <span class='ocrx_word' id='word_1_323' title='bbox 393 2522 846 2574; x_wconf 87' lang='lat' dir='ltr'><strong>praestantissimumque</strong></span> <span class='ocrx_word' id='word_1_324' title='bbox 892 2526 969 2569; x_wconf 79' lang='lat' dir='ltr'><strong>est3</strong></span> 
     </span>
     <span class='ocr_line' id='line_1_43' title="bbox 113 2576 969 2630; baseline 0 -13"><span class='ocrx_word' id='word_1_325' title='bbox 113 2578 163 2617; x_wconf 88' lang='lat' dir='ltr'><strong>cf.</strong></span> <span class='ocrx_word' id='word_1_326' title='bbox 188 2578 297 2629; x_wconf 75' lang='lat' dir='ltr'><strong>Virg.</strong></span> <span class='ocrx_word' id='word_1_327' title='bbox 321 2579 418 2617; x_wconf 85' lang='lat' dir='ltr'><strong>Aen.</strong></span> <span class='ocrx_word' id='word_1_328' title='bbox 443 2576 471 2617; x_wconf 91' lang='lat'><strong>1.</strong></span> <span class='ocrx_word' id='word_1_329' title='bbox 485 2582 581 2618; x_wconf 77' lang='lat'><strong>403.</strong></span> <span class='ocrx_word' id='word_1_330' title='bbox 603 2578 733 2629; x_wconf 85' lang='lat' dir='ltr'><strong>ibique</strong></span> <span class='ocrx_word' id='word_1_331' title='bbox 749 2577 833 2616; x_wconf 86' lang='lat' dir='ltr'><strong>lntt.</strong></span> <span class='ocrx_word' id='word_1_332' title='bbox 853 2577 969 2630; x_wconf 77' lang='lat' dir='ltr'><strong>Apul.</strong></span> 
     </span>
     <span class='ocr_line' id='line_1_44' title="bbox 115 2633 971 2686; baseline 0.002 -14"><span class='ocrx_word' id='word_1_333' title='bbox 115 2634 211 2673; x_wconf 81' lang='lat' dir='ltr'><strong>Met.</strong></span> <span class='ocrx_word' id='word_1_334' title='bbox 247 2633 332 2673; x_wconf 70' lang='lat' dir='ltr'><strong>VII.</strong></span> <span class='ocrx_word' id='word_1_335' title='bbox 366 2648 404 2686; x_wconf 90' lang='lat' dir='ltr'><strong>p.</strong></span> <span class='ocrx_word' id='word_1_336' title='bbox 441 2637 555 2680; x_wconf 64' lang='lat'><strong>535„</strong></span> <span class='ocrx_word' id='word_1_337' title='bbox 604 2635 710 2673; x_wconf 82' lang='lat' dir='ltr'><strong>odor</strong></span> <span class='ocrx_word' id='word_1_338' title='bbox 742 2635 971 2674; x_wconf 81' lang='lat' dir='ltr'><strong>cinnameus</strong></span> 
     </span>
     <span class='ocr_line' id='line_1_45' title="bbox 114 2689 970 2742; baseline -0.001 -12"><span class='ocrx_word' id='word_1_339' title='bbox 114 2690 346 2730; x_wconf 73' lang='lat' dir='ltr'><strong>ambrosii</strong></span> <span class='ocrx_word' id='word_1_340' title='bbox 369 2692 572 2742; x_wconf 81' lang='lat' dir='ltr'><strong>corporis3</strong></span> <span class='ocrx_word' id='word_1_341' title='bbox 597 2689 664 2728; x_wconf 90' lang='lat' dir='ltr'><strong>XI.</strong></span> <span class='ocrx_word' id='word_1_342' title='bbox 677 2704 716 2742; x_wconf 89' lang='lat' dir='ltr'><strong>p.</strong></span> <span class='ocrx_word' id='word_1_343' title='bbox 730 2693 822 2731; x_wconf 92' lang='grc'><strong>760.</strong></span> <span class='ocrx_word' id='word_1_344' title='bbox 843 2691 970 2742; x_wconf 83' lang='lat' dir='ltr'><strong>pedes</strong></span> 
     </span>
     <span class='ocr_line' id='line_1_46' title="bbox 114 2746 971 2798; baseline 0 -13"><span class='ocrx_word' id='word_1_345' title='bbox 114 2747 379 2785; x_wconf 80' lang='lat' dir='ltr'><strong>ambrosios</strong></span> <span class='ocrx_word' id='word_1_346' title='bbox 402 2747 592 2798; x_wconf 77' lang='lat' dir='ltr'><strong>teyebant</strong></span> <span class='ocrx_word' id='word_1_347' title='bbox 613 2746 754 2785; x_wconf 83' lang='lat' dir='ltr'><strong>soleae.</strong></span> <span class='ocrx_word' id='word_1_348' title='bbox 791 2747 853 2784; x_wconf 85' lang='lat' dir='ltr'><strong>Ae</strong></span> <span class='ocrx_word' id='word_1_349' title='bbox 875 2759 971 2785; x_wconf 80' lang='lat' dir='ltr'><strong>rore</strong></span> 
     </span>
     <span class='ocr_line' id='line_1_47' title="bbox 113 2799 970 2842; baseline 0.002 -3"><span class='ocrx_word' id='word_1_350' title='bbox 113 2801 279 2841; x_wconf 81' lang='lat' dir='ltr'><strong>firmatur</strong></span> <span class='ocrx_word' id='word_1_351' title='bbox 311 2800 486 2841; x_wconf 83' lang='lat' dir='ltr'><strong>Lactant.</strong></span> <span class='ocrx_word' id='word_1_352' title='bbox 523 2802 610 2839; x_wconf 91' lang='lat' dir='ltr'><strong>loco</strong></span> <span class='ocrx_word' id='word_1_353' title='bbox 646 2802 695 2840; x_wconf 92' lang='lat' dir='ltr'><strong>de</strong></span> <span class='ocrx_word' id='word_1_354' title='bbox 729 2800 878 2840; x_wconf 88' lang='lat' dir='ltr'><strong>Phoen.</strong></span> <span class='ocrx_word' id='word_1_355' title='bbox 903 2799 970 2842; x_wconf 89' lang='lat' dir='ltr'><strong>III.</strong></span> 
     </span>
     <span class='ocr_line' id='line_1_48' title="bbox 114 2857 969 2898; baseline 0.001 -2"><span class='ocrx_word' id='word_1_356' title='bbox 114 2857 344 2897; x_wconf 76' lang='lat' dir='ltr'><strong>ambrosii</strong></span> <span class='ocrx_word' id='word_1_357' title='bbox 367 2857 529 2898; x_wconf 80' lang='lat' dir='ltr'><strong>coelesti</strong></span> <span class='ocrx_word' id='word_1_358' title='bbox 547 2863 710 2897; x_wconf 81' lang='lat' dir='ltr'><strong>nectare</strong></span> <span class='ocrx_word' id='word_1_359' title='bbox 728 2871 873 2897; x_wconf 85' lang='lat' dir='ltr'><strong>rores.</strong></span> <span class='ocrx_word' id='word_1_360' title='bbox 899 2858 969 2897; x_wconf 87' lang='lat' dir='ltr'><strong>Sil.</strong></span> 
     </span>
     <span class='ocr_line' id='line_1_49' title="bbox 114 2912 970 2966; baseline 0.004 -16"><span class='ocrx_word' id='word_1_361' title='bbox 114 2912 393 2955; x_wconf 86' lang='lat' dir='ltr'><strong>Ital.VlI.210.</strong></span> <span class='ocrx_word' id='word_1_362' title='bbox 419 2914 684 2953; x_wconf 82' lang='lat' dir='ltr'><strong>Ambrosiis</strong></span> <span class='ocrx_word' id='word_1_363' title='bbox 710 2913 874 2953; x_wconf 78' lang='lat' dir='ltr'><strong>Ariusia</strong></span> <span class='ocrx_word' id='word_1_364' title='bbox 892 2927 970 2966; x_wconf 79' lang='lat' dir='ltr'><strong>po-</strong></span> 
     </span>
     <span class='ocr_line' id='line_1_50' title="bbox 115 2968 971 3020; baseline 0.001 -12"><span class='ocrx_word' id='word_1_365' title='bbox 115 2968 210 3008; x_wconf 84' lang='lat' dir='ltr'><strong>cula</strong></span> <span class='ocrx_word' id='word_1_366' title='bbox 233 2971 350 3015; x_wconf 78' lang='lat' dir='ltr'><strong>sucis,</strong></span> <span class='ocrx_word' id='word_1_367' title='bbox 375 2969 425 3009; x_wconf 92' lang='lat' dir='ltr'><strong>cs.</strong></span> <span class='ocrx_word' id='word_1_368' title='bbox 439 2969 534 3009; x_wconf 81' lang='lat' dir='ltr'><strong>Met.</strong></span> <span class='ocrx_word' id='word_1_369' title='bbox 556 2970 603 3009; x_wconf 89' lang='lat' dir='ltr'><strong>V.</strong></span> <span class='ocrx_word' id='word_1_370' title='bbox 629 2983 665 3020; x_wconf 90' lang='lat' dir='ltr'><strong>p.</strong></span> <span class='ocrx_word' id='word_1_371' title='bbox 679 2973 786 3014; x_wconf 73' lang='lat'>348„</span> <span class='ocrx_word' id='word_1_372' title='bbox 810 2970 971 3009; x_wconf 86' lang='lat' dir='ltr'><strong>balnea-</strong></span> 
     </span>
     <span class='ocr_line' id='line_1_51' title="bbox 113 3025 971 3078; baseline 0.003 -16"><span class='ocrx_word' id='word_1_373' title='bbox 113 3038 203 3064; x_wconf 76' lang='lat' dir='ltr'><strong>rum</strong></span> <span class='ocrx_word' id='word_1_374' title='bbox 219 3038 373 3078; x_wconf 84' lang='lat' dir='ltr'><strong>vapore</strong></span> <span class='ocrx_word' id='word_1_375' title='bbox 391 3031 430 3065; x_wconf 83' lang='lat' dir='ltr'><strong>et</strong></span> <span class='ocrx_word' id='word_1_376' title='bbox 450 3026 602 3065; x_wconf 80' lang='lat' dir='ltr'><strong>roseis</strong></span> <span class='ocrx_word' id='word_1_377' title='bbox 621 3026 687 3063; x_wconf 88' lang='lat' dir='ltr'><strong>vel</strong></span> <span class='ocrx_word' id='word_1_378' title='bbox 711 3025 971 3065; x_wconf 78' lang='lat' dir='ltr'><strong>ambroseis</strong></span> 
     </span>
     <span class='ocr_line' id='line_1_52' title="bbox 111 3080 971 3133; baseline 0.003 -15"><span class='ocrx_word' id='word_1_379' title='bbox 111 3080 315 3131; x_wconf 78' lang='lat' dir='ltr'><strong>fontibus,</strong></span> <span class='ocrx_word' id='word_1_380' title='bbox 350 3085 392 3121; x_wconf 90' lang='lat' dir='ltr'><strong>ut</strong></span> <span class='ocrx_word' id='word_1_381' title='bbox 427 3082 607 3120; x_wconf 84' lang='lat' dir='ltr'><strong>emendat</strong></span> <span class='ocrx_word' id='word_1_382' title='bbox 639 3080 743 3121; x_wconf 88' lang='lat' dir='ltr'><strong>Oud.</strong></span> <span class='ocrx_word' id='word_1_383' title='bbox 773 3094 859 3133; x_wconf 84' lang='lat' dir='ltr'><strong>pro</strong></span> <span class='ocrx_word' id='word_1_384' title='bbox 887 3081 971 3121; x_wconf 83' lang='lat' dir='ltr'><strong>bal-</strong></span> 
     </span>
     <span class='ocr_line' id='line_1_53' title="bbox 114 3136 969 3190; baseline 0.002 -16"><span class='ocrx_word' id='word_1_385' title='bbox 114 3149 280 3177; x_wconf 80' lang='lat' dir='ltr'><strong>nearum</strong></span> <span class='ocrx_word' id='word_1_386' title='bbox 302 3139 514 3190; x_wconf 78' lang='lat' dir='ltr'><strong>vaporosis</strong></span> <span class='ocrx_word' id='word_1_387' title='bbox 533 3137 739 3188; x_wconf 79' lang='lat' dir='ltr'><strong>fontibus3</strong></span> <span class='ocrx_word' id='word_1_388' title='bbox 762 3136 812 3177; x_wconf 82' lang='lat' dir='ltr'><strong>cf.</strong></span> <span class='ocrx_word' id='word_1_389' title='bbox 836 3136 969 3177; x_wconf 84' lang='lat' dir='ltr'><strong>Barth.</strong></span> 
     </span>
    </p>
   </div>
   <div class='ocr_carea' id='block_1_8' title="bbox 600 843 969 896">
    <p class='ocr_par' dir='ltr' id='par_1_9' title="bbox 600 843 969 896">
     <span class='ocr_line' id='line_1_54' title="bbox 600 843 969 896; baseline -0.011 -12"><span class='ocrx_word' id='word_1_390' title='bbox 600 843 775 896; x_wconf 82' lang='lat' dir='ltr'><strong>[Lactea</strong></span> <span class='ocrx_word' id='word_1_391' title='bbox 797 843 969 883; x_wconf 84' lang='lat' dir='ltr'><strong>membra</strong></span> 
     </span>
    </p>
   </div>
   <div class='ocr_carea' id='block_1_9' title="bbox 576 2129 968 2181">
    <p class='ocr_par' dir='ltr' id='par_1_10' title="bbox 576 2129 968 2181">
     <span class='ocr_line' id='line_1_55' title="bbox 576 2129 968 2181; baseline -0.003 -13"><span class='ocrx_word' id='word_1_392' title='bbox 576 2129 638 2168; x_wconf 84' lang='lat' dir='ltr'><strong>Ex</strong></span> <span class='ocrx_word' id='word_1_393' title='bbox 674 2133 850 2181; x_wconf 82' lang='lat' dir='ltr'><strong>corrupta</strong></span> <span class='ocrx_word' id='word_1_394' title='bbox 884 2129 968 2168; x_wconf 88' lang='lat' dir='ltr'><strong>cod.</strong></span> 
     </span>
    </p>
   </div>
   <div class='ocr_carea' id='block_1_10' title="bbox 1017 836 1889 3181">
    <p class='ocr_par' dir='ltr' id='par_1_11' title="bbox 1024 836 1884 1060">
     <span class='ocr_line' id='line_1_56' title="bbox 1024 836 1883 891; baseline -0.005 -11"><span class='ocrx_word' id='word_1_395' title='bbox 1024 841 1192 880; x_wconf 83' lang='lat' dir='ltr'><strong>Advers.</strong></span> <span class='ocrx_word' id='word_1_396' title='bbox 1218 839 1404 880; x_wconf 85' lang='lat' dir='ltr'><strong>XXXIII.</strong></span> <span class='ocrx_word' id='word_1_397' title='bbox 1429 843 1493 880; x_wconf 87' lang='grc'><strong>22.</strong></span> <span class='ocrx_word' id='word_1_398' title='bbox 1518 852 1555 891; x_wconf 91' lang='lat' dir='ltr'><strong>p.</strong></span> <span class='ocrx_word' id='word_1_399' title='bbox 1573 841 1690 878; x_wconf 86' lang='lat'><strong>1543.</strong></span> <span class='ocrx_word' id='word_1_400' title='bbox 1715 841 1755 875; x_wconf 89' lang='lat' dir='ltr'><strong>et</strong></span> <span class='ocrx_word' id='word_1_401' title='bbox 1777 836 1883 876; x_wconf 69' lang='lat' dir='ltr'><strong>LVI.</strong></span> 
     </span>
     <span class='ocr_line' id='line_1_57' title="bbox 1025 895 1884 949; baseline -0.009 -10"><span class='ocrx_word' id='word_1_402' title='bbox 1025 903 1062 939; x_wconf 91' lang='grc'><strong>5.</strong></span> <span class='ocrx_word' id='word_1_403' title='bbox 1088 911 1125 949; x_wconf 93' lang='lat' dir='ltr'><strong>p.</strong></span> <span class='ocrx_word' id='word_1_404' title='bbox 1151 901 1285 943; x_wconf 76' lang='grc'><strong>2635..</strong></span> <span class='ocrx_word' id='word_1_405' title='bbox 1320 896 1384 934; x_wconf 89' lang='lat' dir='ltr'><strong>ubi</strong></span> <span class='ocrx_word' id='word_1_406' title='bbox 1420 909 1490 947; x_wconf 91' lang='lat' dir='ltr'><strong>pro</strong></span> <span class='ocrx_word' id='word_1_407' title='bbox 1524 908 1620 933; x_wconf 81' lang='lat' dir='ltr'><strong>rore</strong></span> <span class='ocrx_word' id='word_1_408' title='bbox 1655 895 1750 945; x_wconf 85' lang='lat' dir='ltr'><strong>legit</strong></span> <span class='ocrx_word' id='word_1_409' title='bbox 1782 895 1884 946; x_wconf 80' lang='lat' dir='ltr'><strong>flore</strong></span> 
     </span>
     <span class='ocr_line' id='line_1_58' title="bbox 1024 952 1884 996; baseline -0.006 -4"><span class='ocrx_word' id='word_1_410' title='bbox 1024 956 1108 992; x_wconf 88' lang='lat' dir='ltr'><strong>sine</strong></span> <span class='ocrx_word' id='word_1_411' title='bbox 1143 954 1259 992; x_wconf 85' lang='lat' dir='ltr'><strong>dubio</strong></span> <span class='ocrx_word' id='word_1_412' title='bbox 1295 952 1503 991; x_wconf 87' lang='lat' dir='ltr'><strong>memoriae</strong></span> <span class='ocrx_word' id='word_1_413' title='bbox 1537 963 1683 996; x_wconf 86' lang='lat' dir='ltr'><strong>errore,</strong></span> <span class='ocrx_word' id='word_1_414' title='bbox 1724 963 1799 988; x_wconf 91' lang='lat' dir='ltr'><strong>non</strong></span> <span class='ocrx_word' id='word_1_415' title='bbox 1834 961 1884 987; x_wconf 87' lang='lat' dir='ltr'><strong>ex</strong></span> 
     </span>
     <span class='ocr_line' id='line_1_59' title="bbox 1024 1008 1402 1060; baseline -0.008 -11"><span class='ocrx_word' id='word_1_416' title='bbox 1024 1010 1124 1049; x_wconf 88' lang='lat' dir='ltr'><strong>Mss.</strong></span> <span class='ocrx_word' id='word_1_417' title='bbox 1149 1008 1402 1060; x_wconf 68' lang='lat' dir='ltr'><strong>auctoritate]</strong></span> 
     </span>
    </p>

    <p class='ocr_par' dir='ltr' id='par_1_12' title="bbox 1025 1060 1883 1170">
     <span class='ocr_line' id='line_1_60' title="bbox 1079 1060 1883 1117; baseline -0.007 -11"><span class='ocrx_word' id='word_1_418' title='bbox 1079 1067 1224 1106; x_wconf 73' lang='lat' dir='ltr'><strong>saxeis.</strong></span> <span class='ocrx_word' id='word_1_419' title='bbox 1274 1064 1345 1117; x_wconf 83' lang='lat' dir='ltr'><strong>[cs.</strong></span> <span class='ocrx_word' id='word_1_420' title='bbox 1365 1063 1498 1103; x_wconf 82' lang='lat' dir='ltr'><strong>Barth.</strong></span> <span class='ocrx_word' id='word_1_421' title='bbox 1511 1062 1678 1102; x_wconf 87' lang='lat' dir='ltr'><strong>Advers.</strong></span> <span class='ocrx_word' id='word_1_422' title='bbox 1692 1060 1795 1100; x_wconf 77' lang='lat' dir='ltr'><strong>LVI.</strong></span> <span class='ocrx_word' id='word_1_423' title='bbox 1812 1060 1836 1100; x_wconf 92' lang='lat' dir='ltr'><strong>l.</strong></span> <span class='ocrx_word' id='word_1_424' title='bbox 1851 1074 1883 1100; x_wconf 85' lang='lat' dir='ltr'><strong>e.</strong></span> 
     </span>
     <span class='ocr_line' id='line_1_61' title="bbox 1025 1117 1881 1170; baseline -0.005 -10"><span class='ocrx_word' id='word_1_425' title='bbox 1025 1123 1089 1160; x_wconf 85' lang='lat' dir='ltr'><strong>ubi</strong></span> <span class='ocrx_word' id='word_1_426' title='bbox 1113 1122 1176 1160; x_wconf 94' lang='lat' dir='ltr'><strong>hic</strong></span> <span class='ocrx_word' id='word_1_427' title='bbox 1201 1121 1310 1160; x_wconf 86' lang='lat' dir='ltr'><strong>locus</strong></span> <span class='ocrx_word' id='word_1_428' title='bbox 1336 1122 1470 1159; x_wconf 86' lang='lat' dir='ltr'><strong>citatur</strong></span> <span class='ocrx_word' id='word_1_429' title='bbox 1493 1119 1588 1158; x_wconf 90' lang='lat' dir='ltr'><strong>Met.</strong></span> <span class='ocrx_word' id='word_1_430' title='bbox 1612 1117 1743 1170; x_wconf 59' lang='lat' dir='ltr'><strong>XLJp.</strong></span> <span class='ocrx_word' id='word_1_431' title='bbox 1770 1118 1881 1169; x_wconf 86' lang='lat'><strong>780.]</strong></span> 
     </span>
    </p>

    <p class='ocr_par' dir='ltr' id='par_1_13' title="bbox 1017 1173 1889 3181">
     <span class='ocr_line' id='line_1_62' title="bbox 1082 1173 1886 1230; baseline -0.009 -13"><span class='ocrx_word' id='word_1_432' title='bbox 1082 1178 1289 1230; x_wconf 83' lang='lat' dir='ltr'><strong>deformis.</strong></span> <span class='ocrx_word' id='word_1_433' title='bbox 1359 1177 1427 1215; x_wconf 91' lang='lat' dir='ltr'><strong>Sic</strong></span> <span class='ocrx_word' id='word_1_434' title='bbox 1473 1179 1693 1214; x_wconf 81' lang='lat' dir='ltr'><strong>constanter</strong></span> <span class='ocrx_word' id='word_1_435' title='bbox 1739 1173 1886 1229; x_wconf 79' lang='lat' dir='ltr'><strong>habent</strong></span> 
     </span>
     <span class='ocr_line' id='line_1_63' title="bbox 1025 1229 1884 1284; baseline -0.007 -11"><span class='ocrx_word' id='word_1_436' title='bbox 1025 1234 1146 1279; x_wconf 85' lang='lat' dir='ltr'><strong>Mss.,</strong></span> <span class='ocrx_word' id='word_1_437' title='bbox 1180 1237 1223 1271; x_wconf 88' lang='lat' dir='ltr'><strong>ut</strong></span> <span class='ocrx_word' id='word_1_438' title='bbox 1251 1233 1446 1284; x_wconf 82' lang='lat' dir='ltr'><strong>deformis</strong></span> <span class='ocrx_word' id='word_1_439' title='bbox 1474 1232 1526 1270; x_wconf 85' lang='lat' dir='ltr'><strong>sit</strong></span> <span class='ocrx_word' id='word_1_440' title='bbox 1554 1230 1809 1269; x_wconf 80' lang='lat' dir='ltr'><strong>nominativus</strong></span> <span class='ocrx_word' id='word_1_441' title='bbox 1834 1229 1884 1267; x_wconf 91' lang='lat' dir='ltr'><strong>de</strong></span> 
     </span>
     <span class='ocr_line' id='line_1_64' title="bbox 1026 1286 1885 1329; baseline -0.007 0"><span class='ocrx_word' id='word_1_442' title='bbox 1026 1289 1128 1329; x_wconf 83' lang='lat' dir='ltr'><strong>Oud.</strong></span> <span class='ocrx_word' id='word_1_443' title='bbox 1159 1289 1361 1327; x_wconf 88' lang='lat' dir='ltr'><strong>sententia.</strong></span> <span class='ocrx_word' id='word_1_444' title='bbox 1416 1288 1520 1326; x_wconf 84' lang='lat' dir='ltr'><strong>Esse</strong></span> <span class='ocrx_word' id='word_1_445' title='bbox 1550 1288 1651 1326; x_wconf 87' lang='lat' dir='ltr'><strong>enim</strong></span> <span class='ocrx_word' id='word_1_446' title='bbox 1675 1286 1885 1326; x_wconf 81' lang='lat' dir='ltr'><strong>ablativum</strong></span> 
     </span>
     <span class='ocr_line' id='line_1_65' title="bbox 1027 1342 1885 1396; baseline -0.008 -11"><span class='ocrx_word' id='word_1_447' title='bbox 1027 1360 1051 1385; x_wconf 90' lang='lat' dir='ltr'><strong>a</strong></span> <span class='ocrx_word' id='word_1_448' title='bbox 1073 1359 1175 1384; x_wconf 91' lang='lat' dir='ltr'><strong>nom.</strong></span> <span class='ocrx_word' id='word_1_449' title='bbox 1195 1346 1414 1394; x_wconf 77' lang='lat' dir='ltr'><strong>deformas,</strong></span> <span class='ocrx_word' id='word_1_450' title='bbox 1439 1348 1567 1396; x_wconf 83' lang='lat' dir='ltr'><strong>negat,</strong></span> <span class='ocrx_word' id='word_1_451' title='bbox 1592 1344 1681 1394; x_wconf 86' lang='lat' dir='ltr'><strong>quia</strong></span> <span class='ocrx_word' id='word_1_452' title='bbox 1699 1356 1772 1381; x_wconf 90' lang='lat' dir='ltr'><strong>non</strong></span> <span class='ocrx_word' id='word_1_453' title='bbox 1792 1342 1885 1379; x_wconf 91' lang='lat' dir='ltr'><strong>den-</strong></span> 
     </span>
     <span class='ocr_line' id='line_1_66' title="bbox 1026 1397 1885 1439; baseline -0.003 -1"><span class='ocrx_word' id='word_1_454' title='bbox 1026 1402 1129 1439; x_wconf 86' lang='lat' dir='ltr'><strong>tibus</strong></span> <span class='ocrx_word' id='word_1_455' title='bbox 1164 1401 1333 1439; x_wconf 82' lang='lat' dir='ltr'><strong>basiaret</strong></span> <span class='ocrx_word' id='word_1_456' title='bbox 1369 1400 1502 1439; x_wconf 88' lang='lat' dir='ltr'><strong>asinus</strong></span> <span class='ocrx_word' id='word_1_457' title='bbox 1539 1399 1613 1437; x_wconf 88' lang='lat' dir='ltr'><strong>sed</strong></span> <span class='ocrx_word' id='word_1_458' title='bbox 1648 1412 1724 1437; x_wconf 89' lang='lat' dir='ltr'><strong>ore.</strong></span> <span class='ocrx_word' id='word_1_459' title='bbox 1783 1397 1885 1436; x_wconf 89' lang='lat' dir='ltr'><strong>Hinc</strong></span> 
     </span>
     <span class='ocr_line' id='line_1_67' title="bbox 1026 1454 1884 1507; baseline -0.007 -11"><span class='ocrx_word' id='word_1_460' title='bbox 1026 1457 1138 1496; x_wconf 88' lang='lat' dir='ltr'><strong>unice</strong></span> <span class='ocrx_word' id='word_1_461' title='bbox 1174 1457 1311 1507; x_wconf 86' lang='lat' dir='ltr'><strong>probat</strong></span> <span class='ocrx_word' id='word_1_462' title='bbox 1347 1456 1625 1494; x_wconf 80' lang='lat' dir='ltr'><strong>Scriverianam</strong></span> <span class='ocrx_word' id='word_1_463' title='bbox 1665 1454 1884 1499; x_wconf 87' lang='lat' dir='ltr'><strong>lectionem,</strong></span> 
     </span>
     <span class='ocr_line' id='line_1_68' title="bbox 1027 1509 1885 1565; baseline -0.007 -13"><span class='ocrx_word' id='word_1_464' title='bbox 1027 1525 1142 1565; x_wconf 87' lang='lat' dir='ltr'><strong>quam</strong></span> <span class='ocrx_word' id='word_1_465' title='bbox 1167 1512 1362 1564; x_wconf 84' lang='lat' dir='ltr'><strong>expressit</strong></span> <span class='ocrx_word' id='word_1_466' title='bbox 1385 1512 1499 1549; x_wconf 84' lang='lat' dir='ltr'><strong>etiam</strong></span> <span class='ocrx_word' id='word_1_467' title='bbox 1515 1510 1705 1556; x_wconf 87' lang='lat' dir='ltr'><strong>Floridus,</strong></span> <span class='ocrx_word' id='word_1_468' title='bbox 1729 1509 1885 1548; x_wconf 84' lang='lat' dir='ltr'><strong>Ruhnk.</strong></span> 
     </span>
     <span class='ocr_line' id='line_1_69' title="bbox 1027 1566 1884 1618; baseline -0.006 -11"><span class='ocrx_word' id='word_1_469' title='bbox 1027 1573 1155 1608; x_wconf 86' lang='lat' dir='ltr'><strong>tamen</strong></span> <span class='ocrx_word' id='word_1_470' title='bbox 1175 1569 1210 1606; x_wconf 90' lang='lat' dir='ltr'><strong>in</strong></span> <span class='ocrx_word' id='word_1_471' title='bbox 1235 1571 1381 1606; x_wconf 81' lang='lat' dir='ltr'><strong>textum</strong></span> <span class='ocrx_word' id='word_1_472' title='bbox 1405 1582 1478 1606; x_wconf 91' lang='lat' dir='ltr'><strong>non</strong></span> <span class='ocrx_word' id='word_1_473' title='bbox 1499 1566 1669 1605; x_wconf 84' lang='lat' dir='ltr'><strong>admisit:</strong></span> <span class='ocrx_word' id='word_1_474' title='bbox 1695 1566 1884 1618; x_wconf 80' lang='lat' dir='ltr'><strong>deformi,</strong></span> 
     </span>
     <span class='ocr_line' id='line_1_70' title="bbox 1027 1622 1888 1676; baseline -0.002 -13"><span class='ocrx_word' id='word_1_475' title='bbox 1027 1625 1088 1664; x_wconf 92' lang='lat' dir='ltr'><strong>cui</strong></span> <span class='ocrx_word' id='word_1_476' title='bbox 1117 1637 1167 1663; x_wconf 85' lang='lat' dir='ltr'><strong>ex</strong></span> <span class='ocrx_word' id='word_1_477' title='bbox 1195 1638 1279 1676; x_wconf 89' lang='lat' dir='ltr'><strong>seq.</strong></span> <span class='ocrx_word' id='word_1_478' title='bbox 1310 1624 1429 1662; x_wconf 80' lang='lat' dir='ltr'><strong>verbo</strong></span> <span class='ocrx_word' id='word_1_479' title='bbox 1459 1637 1477 1663; x_wconf 85' lang='lat' dir='ltr'><strong>s</strong></span> <span class='ocrx_word' id='word_1_480' title='bbox 1501 1623 1627 1662; x_wconf 86' lang='lat' dir='ltr'><strong>littera</strong></span> <span class='ocrx_word' id='word_1_481' title='bbox 1651 1622 1888 1662; x_wconf 88' lang='lat' dir='ltr'><strong>adhaeserit.</strong></span> 
     </span>
     <span class='ocr_line' id='line_1_71' title="bbox 1027 1678 1885 1732; baseline -0.006 -12"><span class='ocrx_word' id='word_1_482' title='bbox 1027 1681 1125 1720; x_wconf 89' lang='lat' dir='ltr'><strong>Mihi</strong></span> <span class='ocrx_word' id='word_1_483' title='bbox 1170 1693 1325 1732; x_wconf 88' lang='lat' dir='ltr'><strong>quoque</strong></span> <span class='ocrx_word' id='word_1_484' title='bbox 1367 1680 1466 1719; x_wconf 86' lang='lat' dir='ltr'><strong>haec</strong></span> <span class='ocrx_word' id='word_1_485' title='bbox 1506 1678 1725 1718; x_wconf 85' lang='lat' dir='ltr'><strong>emendatio</strong></span> <span class='ocrx_word' id='word_1_486' title='bbox 1769 1691 1885 1729; x_wconf 90' lang='lat' dir='ltr'><strong>quam</strong></span> 
     </span>
     <span class='ocr_line' id='line_1_72' title="bbox 1028 1734 1886 1788; baseline -0.003 -13"><span class='ocrx_word' id='word_1_487' title='bbox 1028 1738 1194 1775; x_wconf 83' lang='lat' dir='ltr'><strong>maxime</strong></span> <span class='ocrx_word' id='word_1_488' title='bbox 1230 1736 1419 1788; x_wconf 84' lang='lat' dir='ltr'><strong>placeret,</strong></span> <span class='ocrx_word' id='word_1_489' title='bbox 1457 1749 1572 1786; x_wconf 90' lang='lat' dir='ltr'><strong>quum</strong></span> <span class='ocrx_word' id='word_1_490' title='bbox 1602 1735 1717 1774; x_wconf 69' lang='lat' dir='ltr'><strong>saxei</strong></span> <span class='ocrx_word' id='word_1_491' title='bbox 1748 1734 1886 1772; x_wconf 79' lang='lat' dir='ltr'><strong>dentes</strong></span> 
     </span>
     <span class='ocr_line' id='line_1_73' title="bbox 1029 1790 1885 1843; baseline -0.006 -12"><span class='ocrx_word' id='word_1_492' title='bbox 1029 1807 1104 1832; x_wconf 89' lang='lat' dir='ltr'><strong>non</strong></span> <span class='ocrx_word' id='word_1_493' title='bbox 1135 1793 1323 1839; x_wconf 87' lang='lat' dir='ltr'><strong>habeant,</strong></span> <span class='ocrx_word' id='word_1_494' title='bbox 1360 1792 1419 1830; x_wconf 93' lang='lat' dir='ltr'><strong>cui</strong></span> <span class='ocrx_word' id='word_1_495' title='bbox 1450 1795 1709 1843; x_wconf 87' lang='lat' dir='ltr'><strong>opponantur,</strong></span> <span class='ocrx_word' id='word_1_496' title='bbox 1745 1790 1818 1828; x_wconf 91' lang='lat' dir='ltr'><strong>sed</strong></span> <span class='ocrx_word' id='word_1_497' title='bbox 1847 1790 1885 1827; x_wconf 90' lang='lat' dir='ltr'><strong>in</strong></span> 
     </span>
     <span class='ocr_line' id='line_1_74' title="bbox 1024 1846 1884 1899; baseline -0.005 -12"><span class='ocrx_word' id='word_1_498' title='bbox 1024 1850 1247 1888; x_wconf 85' lang='lat' dir='ltr'><strong>universum</strong></span> <span class='ocrx_word' id='word_1_499' title='bbox 1293 1862 1340 1887; x_wconf 92' lang='lat' dir='ltr'><strong>os</strong></span> <span class='ocrx_word' id='word_1_500' title='bbox 1386 1847 1587 1899; x_wconf 87' lang='lat' dir='ltr'><strong>pulchrum</strong></span> <span class='ocrx_word' id='word_1_501' title='bbox 1633 1846 1782 1885; x_wconf 89' lang='lat' dir='ltr'><strong>mulieri</strong></span> <span class='ocrx_word' id='word_1_502' title='bbox 1829 1846 1884 1883; x_wconf 90' lang='lat' dir='ltr'><strong>ori</strong></span> 
     </span>
     <span class='ocr_line' id='line_1_75' title="bbox 1025 1902 1887 1957; baseline -0.006 -14"><span class='ocrx_word' id='word_1_503' title='bbox 1025 1905 1249 1957; x_wconf 87' lang='lat' dir='ltr'><strong>turpissimo</strong></span> <span class='ocrx_word' id='word_1_504' title='bbox 1284 1905 1401 1949; x_wconf 77' lang='lat' dir='ltr'><strong>asini,</strong></span> <span class='ocrx_word' id='word_1_505' title='bbox 1437 1904 1511 1942; x_wconf 88' lang='lat' dir='ltr'><strong>nisi</strong></span> <span class='ocrx_word' id='word_1_506' title='bbox 1545 1916 1623 1941; x_wconf 80' lang='lat' dir='ltr'><strong>vox</strong></span> <span class='ocrx_word' id='word_1_507' title='bbox 1652 1903 1768 1942; x_wconf 74' lang='lat' dir='ltr'><strong>saxei</strong></span> <span class='ocrx_word' id='word_1_508' title='bbox 1797 1902 1887 1952; x_wconf 84' lang='lat' dir='ltr'><strong>ipsa</strong></span> 
     </span>
     <span class='ocr_line' id='line_1_76' title="bbox 1027 1958 1888 2011; baseline -0.005 -12"><span class='ocrx_word' id='word_1_509' title='bbox 1027 1961 1257 2006; x_wconf 82' lang='lat' dir='ltr'><strong>offenderet,</strong></span> <span class='ocrx_word' id='word_1_510' title='bbox 1304 1973 1405 2011; x_wconf 89' lang='lat' dir='ltr'><strong>quae</strong></span> <span class='ocrx_word' id='word_1_511' title='bbox 1446 1964 1590 1998; x_wconf 88' lang='lat' dir='ltr'><strong>tantum</strong></span> <span class='ocrx_word' id='word_1_512' title='bbox 1625 1959 1676 1997; x_wconf 86' lang='lat' dir='ltr'><strong>ad</strong></span> <span class='ocrx_word' id='word_1_513' title='bbox 1711 1958 1888 1996; x_wconf 88' lang='lat' dir='ltr'><strong>duritiem</strong></span> 
     </span>
     <span class='ocr_line' id='line_1_77' title="bbox 1025 2016 1887 2068; baseline -0.005 -13"><span class='ocrx_word' id='word_1_514' title='bbox 1025 2018 1159 2056; x_wconf 85' lang='lat' dir='ltr'><strong>referri</strong></span> <span class='ocrx_word' id='word_1_515' title='bbox 1204 2030 1330 2068; x_wconf 88' lang='lat' dir='ltr'><strong>posse</strong></span> <span class='ocrx_word' id='word_1_516' title='bbox 1373 2016 1566 2061; x_wconf 82' lang='lat' dir='ltr'><strong>videatur,</strong></span> <span class='ocrx_word' id='word_1_517' title='bbox 1608 2027 1722 2066; x_wconf 85' lang='lat' dir='ltr'><strong>quam</strong></span> <span class='ocrx_word' id='word_1_518' title='bbox 1757 2018 1887 2052; x_wconf 89' lang='lat' dir='ltr'><strong>tamen</strong></span> 
     </span>
     <span class='ocr_line' id='line_1_78' title="bbox 1027 2072 1889 2123; baseline -0.003 -11"><span class='ocrx_word' id='word_1_519' title='bbox 1027 2086 1328 2113; x_wconf 86' lang='lat' dir='ltr'><strong>commemorare</strong></span> <span class='ocrx_word' id='word_1_520' title='bbox 1358 2072 1420 2110; x_wconf 88' lang='lat' dir='ltr'><strong>hic</strong></span> <span class='ocrx_word' id='word_1_521' title='bbox 1443 2072 1596 2123; x_wconf 85' lang='lat' dir='ltr'><strong>quidem</strong></span> <span class='ocrx_word' id='word_1_522' title='bbox 1620 2073 1788 2122; x_wconf 90' lang='lat' dir='ltr'><strong>ineptum</strong></span> <span class='ocrx_word' id='word_1_523' title='bbox 1813 2073 1889 2109; x_wconf 90' lang='lat' dir='ltr'><strong>est.</strong></span> 
     </span>
     <span class='ocr_line' id='line_1_79' title="bbox 1028 2126 1887 2169; baseline -0.007 0"><span class='ocrx_word' id='word_1_524' title='bbox 1028 2131 1174 2169; x_wconf 62' lang='lat' dir='ltr'><strong>San-eis</strong></span> <span class='ocrx_word' id='word_1_525' title='bbox 1204 2130 1302 2167; x_wconf 83' lang='lat' dir='ltr'><strong>enim</strong></span> <span class='ocrx_word' id='word_1_526' title='bbox 1333 2129 1518 2168; x_wconf 79' lang='lat' dir='ltr'><strong>dentibus</strong></span> <span class='ocrx_word' id='word_1_527' title='bbox 1552 2129 1574 2166; x_wconf 94' lang='lat' dir='ltr'><strong>i.</strong></span> <span class='ocrx_word' id='word_1_528' title='bbox 1606 2141 1638 2165; x_wconf 89' lang='lat' dir='ltr'><strong>e.</strong></span> <span class='ocrx_word' id='word_1_529' title='bbox 1670 2126 1887 2165; x_wconf 89' lang='lat' dir='ltr'><strong>durissimis</strong></span> 
     </span>
     <span class='ocr_line' id='line_1_80' title="bbox 1028 2182 1888 2238; baseline -0.007 -13"><span class='ocrx_word' id='word_1_530' title='bbox 1028 2185 1220 2238; x_wconf 90' lang='lat' dir='ltr'><strong>quomodo</strong></span> <span class='ocrx_word' id='word_1_531' title='bbox 1247 2198 1293 2223; x_wconf 91' lang='lat' dir='ltr'><strong>os</strong></span> <span class='ocrx_word' id='word_1_532' title='bbox 1318 2184 1523 2224; x_wconf 87' lang='lat' dir='ltr'><strong>deformari</strong></span> <span class='ocrx_word' id='word_1_533' title='bbox 1543 2183 1681 2235; x_wconf 86' lang='lat' dir='ltr'><strong>possit,</strong></span> <span class='ocrx_word' id='word_1_534' title='bbox 1707 2182 1888 2234; x_wconf 90' lang='lat' dir='ltr'><strong>equidem</strong></span> 
     </span>
     <span class='ocr_line' id='line_1_81' title="bbox 1017 2237 1888 2293; baseline -0.006 -12"><span class='ocrx_word' id='word_1_535' title='bbox 1017 2248 1102 2281; x_wconf 78' lang='lat' dir='ltr'><strong>&#39;non</strong></span> <span class='ocrx_word' id='word_1_536' title='bbox 1121 2242 1249 2288; x_wconf 83' lang='lat' dir='ltr'><strong>video,</strong></span> <span class='ocrx_word' id='word_1_537' title='bbox 1274 2254 1393 2293; x_wconf 90' lang='lat' dir='ltr'><strong>quum</strong></span> <span class='ocrx_word' id='word_1_538' title='bbox 1412 2241 1557 2292; x_wconf 87' lang='lat' dir='ltr'><strong>aliquid</strong></span> <span class='ocrx_word' id='word_1_539' title='bbox 1574 2239 1764 2291; x_wconf 82' lang='lat' dir='ltr'><strong>significet</strong></span> <span class='ocrx_word' id='word_1_540' title='bbox 1782 2237 1888 2288; x_wconf 85' lang='lat' dir='ltr'><strong>quod</strong></span> 
     </span>
     <span class='ocr_line' id='line_1_82' title="bbox 1028 2294 1887 2349; baseline -0.005 -13"><span class='ocrx_word' id='word_1_541' title='bbox 1028 2299 1270 2336; x_wconf 78' lang='lat' dir='ltr'><strong>extrinsecus</strong></span> <span class='ocrx_word' id='word_1_542' title='bbox 1294 2311 1369 2335; x_wconf 88' lang='lat' dir='ltr'><strong>non</strong></span> <span class='ocrx_word' id='word_1_543' title='bbox 1393 2301 1573 2349; x_wconf 88' lang='lat' dir='ltr'><strong>apparet,</strong></span> <span class='ocrx_word' id='word_1_544' title='bbox 1610 2295 1684 2334; x_wconf 91' lang='lat' dir='ltr'><strong>sed</strong></span> <span class='ocrx_word' id='word_1_545' title='bbox 1708 2296 1808 2334; x_wconf 81' lang='lat' dir='ltr'><strong>intus</strong></span> <span class='ocrx_word' id='word_1_546' title='bbox 1835 2294 1887 2332; x_wconf 87' lang='lat' dir='ltr'><strong>la-</strong></span> 
     </span>
     <span class='ocr_line' id='line_1_83' title="bbox 1027 2353 1887 2405; baseline -0.005 -12"><span class='ocrx_word' id='word_1_547' title='bbox 1027 2358 1094 2393; x_wconf 88' lang='lat' dir='ltr'><strong>tet.</strong></span> <span class='ocrx_word' id='word_1_548' title='bbox 1136 2353 1280 2392; x_wconf 86' lang='lat' dir='ltr'><strong>Restat</strong></span> <span class='ocrx_word' id='word_1_549' title='bbox 1304 2355 1426 2404; x_wconf 86' lang='lat' dir='ltr'><strong>igitur,</strong></span> <span class='ocrx_word' id='word_1_550' title='bbox 1450 2357 1493 2391; x_wconf 89' lang='lat' dir='ltr'><strong>ut</strong></span> <span class='ocrx_word' id='word_1_551' title='bbox 1515 2365 1716 2405; x_wconf 87' lang='lat' dir='ltr'><strong>ponamus,</strong></span> <span class='ocrx_word' id='word_1_552' title='bbox 1742 2364 1887 2391; x_wconf 67' lang='lat' dir='ltr'><strong>saxeos</strong></span> 
     </span>
     <span class='ocr_line' id='line_1_84' title="bbox 1027 2409 1887 2462; baseline -0.008 -12"><span class='ocrx_word' id='word_1_553' title='bbox 1027 2413 1164 2450; x_wconf 79' lang='lat' dir='ltr'><strong>dentes</strong></span> <span class='ocrx_word' id='word_1_554' title='bbox 1193 2409 1404 2462; x_wconf 89' lang='lat' dir='ltr'><strong>Apuleium</strong></span> <span class='ocrx_word' id='word_1_555' title='bbox 1440 2410 1490 2447; x_wconf 85' lang='lat' dir='ltr'><strong>ob</strong></span> <span class='ocrx_word' id='word_1_556' title='bbox 1521 2421 1718 2447; x_wconf 88' lang='lat' dir='ltr'><strong>enormem</strong></span> <span class='ocrx_word' id='word_1_557' title='bbox 1754 2418 1887 2445; x_wconf 87' lang='lat' dir='ltr'><strong>eorum</strong></span> 
     </span>
     <span class='ocr_line' id='line_1_85' title="bbox 1025 2463 1885 2518; baseline -0.008 -12"><span class='ocrx_word' id='word_1_558' title='bbox 1025 2467 1345 2518; x_wconf 79' lang='lat' dir='ltr'><strong>magnitudinem,</strong></span> <span class='ocrx_word' id='word_1_559' title='bbox 1393 2479 1493 2517; x_wconf 86' lang='lat' dir='ltr'><strong>quae</strong></span> <span class='ocrx_word' id='word_1_560' title='bbox 1538 2477 1719 2504; x_wconf 83' lang='lat' dir='ltr'><strong>saxorum</strong></span> <span class='ocrx_word' id='word_1_561' title='bbox 1766 2463 1885 2501; x_wconf 87' lang='lat' dir='ltr'><strong>instar</strong></span> 
     </span>
     <span class='ocr_line' id='line_1_86' title="bbox 1027 2519 1886 2574; baseline -0.006 -14"><span class='ocrx_word' id='word_1_562' title='bbox 1027 2526 1126 2569; x_wconf 90' lang='lat' dir='ltr'><strong>erat,</strong></span> <span class='ocrx_word' id='word_1_563' title='bbox 1174 2535 1440 2574; x_wconf 87' lang='lat' dir='ltr'><strong>nuncupasse,</strong></span> <span class='ocrx_word' id='word_1_564' title='bbox 1487 2521 1526 2559; x_wconf 89' lang='lat' dir='ltr'><strong>id</strong></span> <span class='ocrx_word' id='word_1_565' title='bbox 1561 2520 1665 2572; x_wconf 89' lang='lat' dir='ltr'><strong>quod</strong></span> <span class='ocrx_word' id='word_1_566' title='bbox 1702 2519 1886 2568; x_wconf 72' lang='lat' dir='ltr'><strong>colligere</strong></span> 
     </span>
     <span class='ocr_line' id='line_1_87' title="bbox 1028 2574 1884 2630; baseline -0.005 -13"><span class='ocrx_word' id='word_1_567' title='bbox 1028 2579 1114 2629; x_wconf 90' lang='lat' dir='ltr'><strong>quis</strong></span> <span class='ocrx_word' id='word_1_568' title='bbox 1143 2579 1272 2630; x_wconf 89' lang='lat' dir='ltr'><strong>possit</strong></span> <span class='ocrx_word' id='word_1_569' title='bbox 1301 2591 1351 2617; x_wconf 86' lang='lat' dir='ltr'><strong>ex</strong></span> <span class='ocrx_word' id='word_1_570' title='bbox 1381 2578 1467 2616; x_wconf 90' lang='lat' dir='ltr'><strong>loco</strong></span> <span class='ocrx_word' id='word_1_571' title='bbox 1498 2577 1594 2616; x_wconf 85' lang='lat' dir='ltr'><strong>Met.</strong></span> <span class='ocrx_word' id='word_1_572' title='bbox 1624 2575 1692 2615; x_wconf 83' lang='lat' dir='ltr'><strong>XI.</strong></span> <span class='ocrx_word' id='word_1_573' title='bbox 1716 2574 1758 2626; x_wconf 71' lang='lat' dir='ltr'><strong>ip.</strong></span> <span class='ocrx_word' id='word_1_574' title='bbox 1792 2578 1884 2615; x_wconf 90' lang='grc'><strong>780.</strong></span> 
     </span>
     <span class='ocr_line' id='line_1_88' title="bbox 1027 2632 1886 2674; baseline -0.007 0"><span class='ocrx_word' id='word_1_575' title='bbox 1027 2635 1163 2674; x_wconf 80' lang='lat' dir='ltr'><strong>dentes</strong></span> <span class='ocrx_word' id='word_1_576' title='bbox 1196 2635 1334 2674; x_wconf 73' lang='lat' dir='ltr'><strong>saoeei</strong></span> <span class='ocrx_word' id='word_1_577' title='bbox 1367 2634 1539 2674; x_wconf 83' lang='lat' dir='ltr'><strong>redeunt</strong></span> <span class='ocrx_word' id='word_1_578' title='bbox 1577 2633 1634 2672; x_wconf 82' lang='lat' dir='ltr'><strong>ad</strong></span> <span class='ocrx_word' id='word_1_579' title='bbox 1673 2632 1886 2671; x_wconf 77' lang='lat' dir='ltr'><strong>humanam</strong></span> 
     </span>
     <span class='ocr_line' id='line_1_89' title="bbox 1026 2687 1884 2736; baseline -0.008 -6"><span class='ocrx_word' id='word_1_580' title='bbox 1026 2692 1287 2736; x_wconf 82' lang='lat' dir='ltr'><strong>minutiem,</strong></span> <span class='ocrx_word' id='word_1_581' title='bbox 1323 2690 1388 2728; x_wconf 90' lang='lat' dir='ltr'><strong>ubi</strong></span> <span class='ocrx_word' id='word_1_582' title='bbox 1423 2690 1560 2729; x_wconf 78' lang='lat' dir='ltr'><strong>dentes</strong></span> <span class='ocrx_word' id='word_1_583' title='bbox 1593 2689 1709 2727; x_wconf 69' lang='lat' dir='ltr'><strong>saoeei</strong></span> <span class='ocrx_word' id='word_1_584' title='bbox 1744 2691 1782 2726; x_wconf 89' lang='lat' dir='ltr'><strong>et</strong></span> <span class='ocrx_word' id='word_1_585' title='bbox 1817 2687 1884 2724; x_wconf 80' lang='lat' dir='ltr'><strong>mi-</strong></span> 
     </span>
     <span class='ocr_line' id='line_1_90' title="bbox 1026 2746 1884 2798; baseline -0.007 -13"><span class='ocrx_word' id='word_1_586' title='bbox 1026 2747 1116 2786; x_wconf 80' lang='lat' dir='ltr'><strong>nuti</strong></span> <span class='ocrx_word' id='word_1_587' title='bbox 1144 2746 1219 2784; x_wconf 83' lang='lat' dir='ltr'><strong>sihi</strong></span> <span class='ocrx_word' id='word_1_588' title='bbox 1250 2749 1509 2798; x_wconf 89' lang='lat' dir='ltr'><strong>opponuntur,</strong></span> <span class='ocrx_word' id='word_1_589' title='bbox 1542 2749 1586 2783; x_wconf 91' lang='lat' dir='ltr'><strong>ut</strong></span> <span class='ocrx_word' id='word_1_590' title='bbox 1619 2746 1654 2782; x_wconf 92' lang='lat' dir='ltr'><strong>in</strong></span> <span class='ocrx_word' id='word_1_591' title='bbox 1685 2755 1884 2795; x_wconf 77' lang='lat' dir='ltr'><strong>praegres-</strong></span> 
     </span>
     <span class='ocr_line' id='line_1_91' title="bbox 1026 2800 1883 2853; baseline -0.006 -13"><span class='ocrx_word' id='word_1_592' title='bbox 1026 2803 1100 2841; x_wconf 88' lang='lat' dir='ltr'><strong>sis:</strong></span> <span class='ocrx_word' id='word_1_593' title='bbox 1139 2815 1256 2842; x_wconf 81' lang='lat' dir='ltr'><strong>aares</strong></span> <span class='ocrx_word' id='word_1_594' title='bbox 1285 2815 1462 2841; x_wconf 84' lang='lat' dir='ltr'><strong>enormes</strong></span> <span class='ocrx_word' id='word_1_595' title='bbox 1491 2805 1680 2853; x_wconf 75' lang='lat' dir='ltr'><strong>repetunt</strong></span> <span class='ocrx_word' id='word_1_596' title='bbox 1703 2800 1883 2850; x_wconf 76' lang='lat' dir='ltr'><strong>parcita-</strong></span> 
     </span>
     <span class='ocr_line' id='line_1_92' title="bbox 1026 2854 1883 2910; baseline -0.007 -13"><span class='ocrx_word' id='word_1_597' title='bbox 1026 2863 1103 2897; x_wconf 82' lang='lat' dir='ltr'><strong>tem</strong></span> <span class='ocrx_word' id='word_1_598' title='bbox 1128 2859 1355 2910; x_wconf 79' lang='lat' dir='ltr'><strong>pristinam.</strong></span> <span class='ocrx_word' id='word_1_599' title='bbox 1413 2857 1500 2896; x_wconf 89' lang='lat' dir='ltr'><strong>Hoc</strong></span> <span class='ocrx_word' id='word_1_600' title='bbox 1522 2870 1613 2895; x_wconf 82' lang='lat' dir='ltr'><strong>vero</strong></span> <span class='ocrx_word' id='word_1_601' title='bbox 1640 2868 1753 2906; x_wconf 84' lang='lat' dir='ltr'><strong>quum</strong></span> <span class='ocrx_word' id='word_1_602' title='bbox 1778 2854 1883 2892; x_wconf 84' lang='lat' dir='ltr'><strong>nullo</strong></span> 
     </span>
     <span class='ocr_line' id='line_1_93' title="bbox 1027 2911 1884 2965; baseline -0.006 -13"><span class='ocrx_word' id='word_1_603' title='bbox 1027 2917 1229 2964; x_wconf 86' lang='lat' dir='ltr'><strong>praeterea</strong></span> <span class='ocrx_word' id='word_1_604' title='bbox 1263 2912 1443 2965; x_wconf 85' lang='lat' dir='ltr'><strong>exemplo</strong></span> <span class='ocrx_word' id='word_1_605' title='bbox 1481 2911 1718 2963; x_wconf 87' lang='lat' dir='ltr'><strong>comprobari</strong></span> <span class='ocrx_word' id='word_1_606' title='bbox 1756 2913 1884 2961; x_wconf 86' lang='lat' dir='ltr'><strong>queat,</strong></span> 
     </span>
     <span class='ocr_line' id='line_1_94' title="bbox 1028 2966 1883 3020; baseline -0.006 -12"><span class='ocrx_word' id='word_1_607' title='bbox 1028 2970 1293 3008; x_wconf 85' lang='lat' dir='ltr'><strong>necessarium</strong></span> <span class='ocrx_word' id='word_1_608' title='bbox 1311 2973 1385 3014; x_wconf 89' lang='lat' dir='ltr'><strong>est,</strong></span> <span class='ocrx_word' id='word_1_609' title='bbox 1409 2973 1450 3007; x_wconf 90' lang='lat' dir='ltr'><strong>ut</strong></span> <span class='ocrx_word' id='word_1_610' title='bbox 1463 2968 1577 3007; x_wconf 88' lang='lat' dir='ltr'><strong>lectio</strong></span> <span class='ocrx_word' id='word_1_611' title='bbox 1591 2968 1786 3020; x_wconf 81' lang='lat' dir='ltr'><strong>deformis</strong></span> <span class='ocrx_word' id='word_1_612' title='bbox 1797 2966 1883 3004; x_wconf 83' lang='lat' dir='ltr'><strong>reti-</strong></span> 
     </span>
     <span class='ocr_line' id='line_1_95' title="bbox 1028 3025 1883 3076; baseline -0.005 -12"><span class='ocrx_word' id='word_1_613' title='bbox 1028 3029 1179 3072; x_wconf 83' lang='lat' dir='ltr'><strong>neatur3</strong></span> <span class='ocrx_word' id='word_1_614' title='bbox 1192 3026 1306 3064; x_wconf 76' lang='lat' dir='ltr'><strong>saxei</strong></span> <span class='ocrx_word' id='word_1_615' title='bbox 1314 3025 1423 3076; x_wconf 86' lang='lat' dir='ltr'><strong>igitur</strong></span> <span class='ocrx_word' id='word_1_616' title='bbox 1430 3025 1568 3064; x_wconf 75' lang='lat' dir='ltr'><strong>dentes</strong></span> <span class='ocrx_word' id='word_1_617' title='bbox 1579 3025 1736 3074; x_wconf 90' lang='lat' dir='ltr'><strong>insuper</strong></span> <span class='ocrx_word' id='word_1_618' title='bbox 1748 3026 1883 3074; x_wconf 89' lang='lat' dir='ltr'><strong>turpes</strong></span> 
     </span>
     <span class='ocr_line' id='line_1_96' title="bbox 1027 3080 1882 3129; baseline -0.004 -10"><span class='ocrx_word' id='word_1_619' title='bbox 1027 3094 1074 3120; x_wconf 89' lang='lat' dir='ltr'><strong>ac</strong></span> <span class='ocrx_word' id='word_1_620' title='bbox 1097 3081 1201 3119; x_wconf 85' lang='lat' dir='ltr'><strong>foedi</strong></span> <span class='ocrx_word' id='word_1_621' title='bbox 1226 3084 1349 3125; x_wconf 87' lang='lat' dir='ltr'><strong>erant,</strong></span> <span class='ocrx_word' id='word_1_622' title='bbox 1374 3084 1416 3119; x_wconf 87' lang='lat' dir='ltr'><strong>ut</strong></span> <span class='ocrx_word' id='word_1_623' title='bbox 1444 3080 1612 3118; x_wconf 88' lang='lat' dir='ltr'><strong>taedium</strong></span> <span class='ocrx_word' id='word_1_624' title='bbox 1637 3091 1768 3118; x_wconf 85' lang='lat' dir='ltr'><strong>creare</strong></span> <span class='ocrx_word' id='word_1_625' title='bbox 1792 3091 1882 3129; x_wconf 89' lang='lat' dir='ltr'><strong>pos-</strong></span> 
     </span>
     <span class='ocr_line' id='line_1_97' title="bbox 1028 3134 1880 3181; baseline -0.004 -5"><span class='ocrx_word' id='word_1_626' title='bbox 1028 3141 1115 3176; x_wconf 87' lang='lat' dir='ltr'><strong>sent</strong></span> <span class='ocrx_word' id='word_1_627' title='bbox 1137 3136 1297 3176; x_wconf 88' lang='lat' dir='ltr'><strong>mulieri.</strong></span> <span class='ocrx_word' id='word_1_628' title='bbox 1338 3136 1544 3176; x_wconf 86' lang='lat' dir='ltr'><strong>Rationem</strong></span> <span class='ocrx_word' id='word_1_629' title='bbox 1557 3135 1674 3181; x_wconf 82' lang='lat' dir='ltr'><strong>Oud.,</strong></span> <span class='ocrx_word' id='word_1_630' title='bbox 1698 3134 1880 3174; x_wconf 88' lang='lat' dir='ltr'><strong>dentibus</strong></span> 
     </span>
    </p>
   </div>
  </div>
 </body>
</html>
