2155 3590
681 173 868 215 LIBER
902 175 1000 216 Vll.

1059 175 1187 217 CAP.
1218 177 1290 217 XI.
1781 180 1864 223 563

72 279 311 320 commeabat
339 281 511 334 assidue,
544 283 744 339 partisque
768 286 975 342 subreptas
1000 288 1178 329 clanculo
1208 295 1247 329 et
1270 296 1544 344 praegustatas
1571 304 1593 330 a
1617 305 1659 332 se
1685 292 1862 346 potiones

64 428 244 467 partisque
257 431 331 460 F.3.
342 433 466 462 G.2.D.
482 435 520 462 In
533 438 604 464 cett.
618 436 768 465 omnihus
781 438 871 466 codd.
885 442 913 466 et
927 436 1083 468 edd.'vett.
1097 440 1357 476 legiturpartes.
1372 440 1521 469 Ceterum
1529 441 1609 469 Oud.
1624 442 1662 470 de
1674 444 1734 471 hac
1747 443 1860 472 lectio-

67 475 121 503 nis
134 475 323 505 diversitate
338 478 466 506 omnino
486 482 584 515 tacet,
610 482 695 509 unde
715 486 837 510 certum
850 486 898 511 est
911 505 918 519 ,
944 484 977 511 in
989 484 1060 512 suis
1080 485 1312 513 collationibus
1331 492 1403 514 eam
1414 493 1455 514 ne
1469 488 1708 515 commemorari
1722 488 1858 522 quidem.

67 518 243 548 subrectas
257 523 293 549 G.
306 523 338 549 2.
352 524 390 551 Ι).
416 522 598 558 [frequenti
614 526 772 555 librorum
791 535 907 557 errore.
933 529 975 557 cf.
987 529 1063 558 Liv.
1075 531 1116 558 H.
1131 532 1162 558 5.
1177 525 1208 569 §.
1223 531 1320 559 8.111.
1334 532 1365 559 5.
1383 530 1414 566 S.
1429 531 1459 559 7.
1480 532 1536 559 Dr.
1550 532 1589 559 ad
1604 532 1662 560 Sil.
1677 533 1748 561 VII.
1764 532 1860 568 2¹87]

64 563 233 593 subiectus
247 567 283 594 G.
298 567 328 596 1.
342 568 378 596 0.
391 575 427 596 π.
463 567 615 597 clancule
628 571 664 600 G.
680 572 708 599 1.
721 572 754 601 2.
768 572 803 600 Ο.
817 572 854 601 Ρ.
867 573 906 601 D.

64 684 170 731 ferri,
197 699 312 736 quum
338 701 437 739 quos
462 690 549 740 ipse
573 690 610 728 in
630 691 765 730 Gloss.
785 706 822 744 p.
838 696 931 734 366.

65 746 106 780 et
122 741 259 781 Heius.
285 743 334 782 ad
354 743 468 784 Ovid.
487 745 645 785 Heroid.
664 747 713 786 V.
729 752 795 788 45.
820 748 933 787 affert

64 796 142 835 loci
170 798 286 849 plane
315 799 424 838 aliter
459 802 645 849 habeant,
675 804 741 842 ubi
775 818 933 857 semper

61 855 262 905 praecedit
284 856 583 905 substantivum,
613 860 716 898 unde
740 863 931 911 genifivus

62 911 139 947 iste
158 911 339 961 pendeat.
387 912 519 952 Oratio
540 916 760 966 expeditius
777 919 830 956 ita
847 931 931 969 pro-

64 965 182 1004 cedit:
219 966 412 1006 Diomede
443 974 560 1021 atque
594 970 828 1020 Palamede,
866 975 930 1024 qui

61 1022 255 1061 insinuant
280 1024 336 1072 (id
360 1029 424 1063 est
446 1026 605 1073 docent,
630 1028 814 1079 indicant)
839 1029 929 1069 Pal-

60 1075 206 1116 ladium
235 1093 308 1117 sua
333 1094 453 1131 opera
477 1095 570 1121 esse
601 1084 783 1124 ablatum.
834 1086 929 1124 Sae-

57 1134 148 1184 pius
174 1147 222 1172 eo
246 1136 436 1174 vocabulo
460 1152 573 1176 usum
599 1153 693 1178 esse
717 1141 790 1180 hac
814 1143 929 1192 signi-

58 1189 236 1228 ficatione
271 1191 486 1231 Arnobium
527 1194 642 1233 docet
682 1196 784 1234 idem
825 1197 928 1236 Oud.

58 1246 171 1285 excit.
196 1245 294 1285 locis
318 1246 345 1285 Ι.
361 1251 438 1295 63.,
464 1264 553 1289 cum
578 1253 681 1290 enim
706 1252 758 1291 de
780 1255 931 1293 anima-

57 1315 147 1340 rum
171 1304 372 1353 periculis
401 1306 543 1353 multa,
575 1308 702 1346 multa
727 1309 780 1347 de
803 1310 930 1348 mede-

59 1358 192 1397 larum
226 1364 374 1398 natura
398 1361 624 1401 insinuaret
645 1365 838 1415 vnaqister
870 1371 928 1404 at-

60 1427 138 1465 que
167 1420 331 1461 auctor,
362 1418 416 1454 uti
446 1419 626 1457 emendat
657 1418 777 1464 Oud..
810 1434 928 1472 quum

56 1465 136 1508 Ms.
166 1469 327 1510 habeat:
370 1487 458 1512 cum
489 1476 591 1513 enim
621 1475 672 1514 de
701 1477 927 1516 animarum

51 1526 254 1578 periculis
281 1528 407 1568 multa
437 1531 546 1570 mala
572 1531 624 1570 de
647 1531 813 1572 illarum
837 1547 930 1573 con-

57 1586 122 1621 tra
141 1583 367 1622 insinuator
378 1587 573 1638 ¹magister
585 1592 709 1640 atque
722 1594 869 1628 auctor
882 1620 892 1629 .
901 1619 910 1628 .
919 1621 928 1630 .

58 1638 232 1684 direxit,
267 1640 371 1678 unde
406 1642 588 1692 equidem
624 1645 792 1695 corrigo:
840 1659 930 1686 cum

56 1695 160 1733 enim
183 1707 235 1734 eo
261 1696 300 1745 (i.
318 1709 352 1735 e.
377 1710 449 1736 sua
473 1700 677 1749 passione)
703 1702 929 1741 animarum

50 1751 251 1802 perieulis
280 1752 416 1792 malis
450 1756 599 1795 multa
635 1757 928 1798 medelarum

56 1811 202 1846 contra
227 1809 565 1851 insinuaturus
590 1814 783 1864 mayister
807 1819 930 1867 atque

54 1867 201 1901 auctor
226 1863 459 1915 (Christus),
491 1869 551 1907 ad
581 1870 813 1921 officiorum
836 1884 929 1909 con-

53 1919 292 1959 venientium
318 1923 419 1973 fines
446 1936 539 1962 suas
576 1924 685 1976 leyes
716 1930 756 1964 et
785 1928 931 1965 consti·

53 1978 143 2013 tuta
179 1975 494 2025 direxerit,
530 1994 664 2019 nonne
690 1983 845 2032 fastum
869 1997 930 2022 su-

49 2030 223 2080 perbiae
246 2032 453 2072 imminuit.
489 2033 534 2072 Il.
574 2039 636 2077 19.
677 2037 792 2082 Quid
826 2039 932 2077 enim

54 2085 173 2124 aliud
183 2100 225 2125 se
235 2089 442 2138 spondent
452 2090 517 2129 vel
537 2092 790 2132 insinuare
810 2108 932 2145 posse

53 2141 118 2180 vel
156 2143 324 2182 tradere
353 2144 403 2183 V.
436 2149 474 2185 2.
505 2160 590 2198 pro
626 2150 728 2187 veris
758 2155 797 2188 et
825 2150 932 2189 velut

56 2198 257 2248 quiddam
296 2201 483 2240 mirabile
516 2204 769 2243 insinuare
803 2206 852 2244 V.
891 2210 928 2246 5.

53 2266 107 2292 esc
136 2254 288 2294 intimis
318 2261 453 2304 eruta,
481 2261 819 2311 quemadmodum
843 2263 930 2313 ipse

53 2310 196 2348 scribit
238 2311 501 2366 insinuatque
545 2318 753 2369 mysteriis.
824 2317 928 2356 Oud.

52 2369 259 2415 praeterea
288 2367 404 2406 affert
428 2370 563 2410 Gloss.
589 2371 742 2410 Philox.
768 2387 804 2425 p.
834 2378 925 2414 120.

53 2421 254 2461 insinuate
273 2421 484 2475 δηλώσατε,
508 2428 734 2467 insinuatio
749 2431 927 2469 διδασκα-

53 2477 128 2516 λία.
187 2477 374 2530 [Diversa
408 2485 556 2521 ratione
590 2483 667 2522 hoc
696 2485 927 2524 vocabulum

52 2532 157 2582 apud
169 2535 380 2586 Apuleium
401 2538 551 2589 legitur.
600 2540 690 2578 Vim
710 2554 823 2580 suam
840 2555 926 2593 pro-

51 2587 173 2639 priam
196 2590 317 2630 habet
341 2592 427 2632 loco
452 2594 549 2635 Met.
579 2595 649 2634 IX.
674 2611 711 2648 p.
739 2601 833 2638 600.
866 2598 928 2637 Si-

55 2643 145 2683 cine
184 2660 335 2688 cacuus
375 2655 415 2688 et
451 2653 618 2697 otiosus,
660 2655 928 2693 insinuatis

53 2701 234 2743 manibus
257 2704 615 2753 ambulabismzilzi,
639 2712 681 2746 ut
704 2710 809 2760 apud
834 2709 927 2748 Ter-

52 2755 137 2795 tull.
168 2757 217 2796 de
245 2759 407 2800 Resurr.
434 2777 466 2801 e.
493 2768 559 2804 28.
584 2778 621 2816 p.
649 2769 742 2804 342.
778 2765 925 2816 Rigalt.

55 2809 187 2855 Quum
205 2815 366 2870 Moyses
389 2833 548 2859 manum
566 2821 610 2859 in
634 2822 764 2860 sinum
783 2823 929 2861 condit

55 2870 97 2904 et
123 2875 343 2911 emortuam
362 2878 552 2927 profert,
587 2881 626 2915 et
647 2890 787 2916 rursus
809 2879 925 2916 insi-

53 2928 174 2961 nuat
196 2930 234 2964 et
259 2928 434 2969 vividam
454 2933 654 2983 emplicat.
701 2933 805 2971 Aliis
827 2933 925 2972 locis

55 2977 244 3027 significat
277 2997 318 3022 se
350 2987 561 3026 immittere
596 2990 658 3027 rei
693 2990 843 3028 alicui:
883 2994 926 3028 ut

54 3031 151 3071 Met.
181 3034 251 3074 Xl.
285 3051 324 3088 p.
354 3045 448 3082 801.
481 3044 679 3095 piissimis
714 3059 925 3085 sacrorum

53 3092 220 3131 arcanis
240 3093 508 3138 insinueris
543 3101 565 3138 i.
596 3114 629 3139 e.
666 3101 838 3140 initieris.
875 3101 925 3140 de

53 3139 187 3184 Mund·
213 3161 249 3198 p.
276 3153 367 3191 329.
399 3156 568 3204 spiritus
674 3158 923 3197 insinuan-

991 699 1057 733 tes
1086 708 1133 734 se
1164 695 1321 735 telluris
1345 698 1547 750 anqustiis
1570 701 1611 736 et
1642 710 1677 749 p.
1705 700 1797 738 352.
1824 703 1863 737 et

991 751 1182 802 deinceps
1216 753 1276 791 ad
1305 755 1542 803 prozimum
1577 759 1613 793 et
1647 767 1774 806 usque
1802 755 1861 793 ad

989 820 1221 857 supremum
1250 813 1407 848 attacta
1433 811 1628 850 continuo
1659 811 1732 849 vim
1764 823 1860 849 suae

988 864 1206 901 maiestatis
1236 865 1470 912 insinuat,
1502 878 1578 916 quo
1610 866 1698 904 loco
1721 879 1858 918 perpe-

988 931 1070 956 ram
1105 918 1251 957 Deder.
1287 920 1323 958 in
1361 920 1503 960 Introd.
1540 922 1591 960 ad
1626 922 1729 961 Dict.
1755 922 1856 961 Cret.

986 987 1024 1025 p.
1052 972 1201 1014 XLIX.
1234 977 1357 1015 docet
1385 979 1548 1017 nuntiat
1577 978 1857 1030 interpretatur.

987 1029 1041 1068 Ut
1064 1031 1112 1068 ad
1138 1036 1312 1070 nostrum
1331 1031 1457 1071 locum
1476 1038 1658 1080 revertar,
1682 1036 1861 1074 insinua-

987 1087 1047 1124 tio
1077 1086 1151 1125 hac
1182 1087 1338 1137 quidem
1369 1089 1648 1140 significatione
1677 1091 1741 1129 hic
1771 1105 1858 1142 pro-

985 1142 1068 1179 bari
1102 1145 1253 1193 nequit,
1296 1157 1414 1193 quum
1447 1159 1641 1196 nunquam
1678 1146 1860 1186 callidam

985 1198 1234 1237 monitionem
1258 1213 1331 1237 nec
1350 1205 1520 1240 astutum
1539 1203 1732 1253 quendam
1750 1216 1860 1255 prae·

988 1257 1136 1292 textum
1178 1255 1343 1302 indicet,
1395 1258 1501 1307 quod
1536 1260 1761 1297 necessario
1797 1259 1861 1298 hic

987 1309 1266 1349 admittendum
1302 1316 1382 1357 est,
1420 1327 1656 1365 quamquam
1691 1328 1755 1353 me
1787 1330 1861 1354 non

984 1371 1128 1412 movet,
1155 1367 1259 1418 quod
1284 1381 1475 1418 nusquam
1501 1371 1682 1410 docendi
1706 1372 1862 1410 notione

984 1422 1089 1471 apud
1117 1423 1329 1474 Apuleium
1358 1425 1582 1464 inveniatur.
1641 1426 1729 1465 Nec
1760 1428 1863 1478 apud

986 1476 1268 1517 Tertullianum
1292 1481 1445 1518 memini
1470 1481 1546 1519 hoc
1563 1483 1796 1522 vocabulum
1816 1497 1863 1522 ea

989 1535 1270 1585 significatione
1283 1535 1360 1587 legi
1374 1537 1423 1575 cf.
1437 1537 1614 1577 adeor.
1628 1538 1657 1578 l.
1672 1543 1707 1579 6.
1721 1553 1758 1590 p.
1772 1543 1863 1580 165.

987 1589 1077 1641 Rig.
1102 1592 1175 1630 sed
1199 1597 1237 1630 et
1263 1593 1368 1632 alias
1393 1594 1448 1632 eis
1473 1624 1481 1632 .
1497 1625 1506 1633 .
1522 1623 1553 1632 ..
1582 1596 1677 1634 loco
1701 1610 1775 1635 suo
1800 1598 1863 1635 in-

987 1645 1190 1687 sinuant
1219 1647 1269 1685 de
1294 1649 1423 1687 Anim.
1450 1663 1482 1688 c.
1510 1654 1574 1691 27.
1600 1665 1637 1702 p.
1665 1656 1760 1692 285.
1792 1654 1862 1691 in-

987 1704 1186 1743 sinuata
1209 1705 1326 1744 sulco
1352 1710 1393 1744 et
1415 1720 1527 1746 arm.
1573 1706 1695 1747 Plura
1719 1709 1769 1746 de
1789 1708 1865 1747 hoc

986 1759 1179 1798 vocabulo
1212 1761 1264 1799 du
1295 1759 1413 1813 Cang.
1447 1762 1584 1801 Gloss.
1615 1776 1648 1802 s.
1674 1777 1708 1803 v.
1742 1765 1862 1804 Salui.

988 1815 1039 1853 ad
1065 1815 1228 1867 Capitol.
1254 1817 1347 1856 Ver.
1362 1817 1389 1855 l.
1415 1831 1454 1869 p.
1470 1823 1566 1860 406.
1591 1819 1694 1858 Ded.
1720 1820 1863 1859 Introd.

988 1871 1039 1909 ad
1074 1871 1176 1910 Dict.
1213 1871 1312 1912 Cret.
1343 1873 1490 1912 XLIX.
1516 1888 1575 1926 sq.
1600 1875 1788 1915 Buenem.
1813 1877 1864 1915 ad

988 1927 1099 1966 Lact.
1135 1927 1273 1967 Institt.
1310 1929 1395 1967 vll.
1436 1934 1499 1970 12.
1536 1932 1566 1982 ᾧ.
1599 1936 1664 1973 30.
1700 1946 1738 1984 p.
1769 1936 1863 1974 926.

988 1983 1111 2035 Apud
1139 1983 1324 2022 Plautum
1359 1987 1570 2026 ins1'nuare
1597 1990 1863 2027 tantummodo

989 2040 1039 2077 de
1070 2053 1118 2077 eo
1145 2040 1296 2087 dicitur,
1329 2043 1393 2092 qui
1416 2042 1603 2093 paulatim
1627 2045 1678 2083 ad
1703 2045 1864 2085 familia-

987 2096 1139 2134 ritatem
1160 2095 1322 2135 alicuius
1341 2099 1531 2148 pervenit.
1578 2100 1667 2140 Mil.
1684 2101 1730 2140 ΙΙ.
1747 2107 1780 2142 1.
1797 2106 1862 2143 27.

990 2151 1137 2191 sistell.
1169 2151 1196 2189 l.
1232 2158 1265 2192 1.
1297 2156 1362 2194 90.
1395 2158 1459 2195 93.
1518 2155 1625 2195 Rara
1655 2162 1718 2195 est
1748 2158 1864 2209 signi·

987 2208 1112 2246 ficatio
1144 2211 1458 2250 commendandi
1493 2217 1532 2251 et
1566 2213 1785 2260 laudandi,
1822 2219 1864 2253 ut

986 2264 1023 2302 in
1049 2264 1347 2304 familiaritatem
1371 2267 1534 2306 alicuius
1555 2270 1641 2320 quis
1661 2271 1864 2321 recipiatur

987 2320 1036 2359 cf.
1071 2319 1170 2359 Plin.
1208 2319 1303 2360 Pan.
1330 2326 1397 2364 62.
1433 2322 1467 2376 ᾗ.
1494 2329 1537 2369 2,
1574 2326 1677 2364 unde
1715 2326 1864 2365 Glossa

984 2375 1139 2416 Philox.
1168 2381 1258 2418 120.
1289 2392 1364 2418 non
1395 2380 1645 2420 sollicitanda
1675 2387 1738 2421 est
1767 2385 1861 2422 insi-

983 2434 1125 2472 nuavit
1152 2435 1429 2488 ἐνεκωμιίισεν.]

1043 2491 1294 2530 commeabat
1316 2493 1489 2532 assidue.
1549 2493 1730 2533 Brantius
1755 2495 1864 2534 nulla

986 2543 1036 2582 de
1055 2559 1218 2592 caussa,
1237 2548 1310 2585 nisi
1324 2550 1523 2599 antiquata
1537 2551 1716 2601 captandi
1731 2564 1862 2589 amore

986 2604 1025 2638 et
1049 2602 1216 2640 novandi
1240 2604 1434 2654 prurigine
1457 2607 1634 2656 reposuit
1653 2612 1860 2646 commeta-

985 2657 1056 2696 bat
1083 2670 1133 2695 ex
1161 2657 1266 2698 Non.
1296 2673 1334 2710 p.
1360 2664 1425 2701 89.
1458 2661 1506 2700 cs.
1532 2661 1659 2700 Bentl.
1692 2663 1744 2701 ad
1769 2662 1859 2701 Ter.

983 2712 1126 2752 Heaut.
1138 2713 1204 2752 Ill.
1221 2719 1256 2755 1.
1273 2719 1338 2756 36.
1359 2716 1425 2768 [ad
1440 2716 1572 2756 Horat.
1588 2719 1671 2757 Sat.
1685 2718 1719 2757 II
1744 2723 1779 2759 5.
1794 2722 1859 2760 49.

986 2767 1148 2808 Taubm.
1173 2771 1224 2809 ad
1247 2770 1378 2812 Plaut.
1404 2771 1555 2824 Capt.1.
1570 2778 1607 2814 2.
1623 2775 1718 2827 76.].
1779 2775 1861 2813 Sed

982 2829 1090 2863 recte
1119 2826 1195 2864 iam
1224 2832 1356 2866 monet
1380 2827 1502 2874 Oud„
1534 2843 1758 2870 commeare
1783 2831 1860 2869 ele-

984 2885 1121 2930 ganter
1151 2882 1225 2921 dici
1253 2883 1304 2921 de
1335 2883 1526 2934 frequenti
1562 2887 1616 2924 itu
1643 2887 1860 2938 redituque,

985 2936 1073 2976 coll.
1104 2937 1235 2977 Burni.
1267 2939 1317 2977 ad
1345 2940 1453 2978 Suet.
1480 2939 1615 2980 Claud.
1641 2956 1674 2981 c.
1703 2947 1766 2983 17.
1792 2943 1862 2995 [cs.

982 2992 1093 3032 Fest.
1118 3006 1151 3033 s.
1166 3007 1200 3033 v.
1226 3008 1404 3034 remeare
1427 3009 1464 3047 p.
1487 3001 1578 3038 136.
1603 2999 1715 3038 ultro
1739 3001 1860 3040 citro·

986 3063 1062 3100 que
1091 3051 1163 3088 ire.
1221 3049 1352 3089 Plaut.
1379 3051 1492 3091 Truc.
1517 3052 1581 3091 111.
1607 3058 1647 3095 2.
1675 3059 1739 3095 14.
1771 3055 1860 3095 Cur-

984 3104 1057 3143 cul.
1082 3103 1145 3144 Ill.
1175 3110 1237 3146 18.
1268 3106 1370 3145 Rud.
1396 3107 1441 3146 ΙΙ.
1469 3112 1506 3148 2.
1535 3113 1599 3150 16.
1659 3110 1726 3149 Sic
1756 3125 1859 3151 com-

983 3165 1134 3200 meatus
1158 3161 1207 3199 de
1231 3163 1393 3202 transitu
1417 3163 1502 3203 Mil.
1527 3164 1574 3205 ll.
1603 3171 1639 3206 1.
1664 3171 1731 3208 65.
1756 3167 1800 3207 11.
1822 3173 1858 3209 3.

1485 3231 1574 3272 36*
