2155 3590
593 170 779 211 LIBER
809 170 881 212 XI.
942 170 1069 211 CAP.
1100 170 1199 212 XII.
1229 171 1348 212 XIII.
1755 168 1863 211 1033

82 283 249 324 emensis
283 282 462 337 periculis
493 284 587 324 deae
621 284 814 325 maximae
846 283 1089 339 providentia
1115 285 1374 325 adluctantem
1400 284 1490 324 mihi
1525 282 1752 323 saevissime
1783 282 1864 321 for-

82 347 213 380 tunam
239 353 478 393 superarem.
522 340 609 381 Nec
635 347 763 381 tamen
790 341 930 394 gaudio
950 341 1139 381 subitario
1159 340 1166 392 Ι
1189 348 1402 381 commotus
1422 339 1644 380 inclementi
1667 352 1728 378 me
1747 351 1866 378 cursu
1889 341 1954 374 779

80 396 273 449 proripui,
300 409 443 436 verens
468 397 616 437 scilicet
641 411 689 436 ne
714 397 917 451 repentino
943 397 1187 451 quadripedis
1213 397 1358 450 impetu
1382 396 1585 450 religionis
1605 396 1757 449 quietus
1783 401 1865 434 tur-

78 452 240 492 baretur
274 451 389 502 ord0‚
430 453 497 492 sed
533 452 680 506 placido
717 467 763 493 ac
800 467 960 507 prorsus
997 453 1165 493 humano
1203 454 1327 505 gradu
1363 449 1864 508 contabunduslpaulatim
1890 454 1989 495 [263]

80 508 275 562 obliquato
302 522 486 563 corpore,
514 523 608 549 sane
635 509 819 549 divinitus
846 510 1054 549 decedente
1080 509 1240 564 populo,
1268 509 1412 548 sensim
1439 508 1584 562 irrepo.

615 658 1053 706 CAPUT
1159 657 1337 704 XIII.

188 779 244 819 At
268 779 473 829 sacerdos,
504 787 544 819 nt
568 793 705 833 reapse
731 793 970 832 cognoscere
996 780 1124 832 potui,
1154 778 1333 819 nocturni
1359 779 1690 819 commonefactus
1716 778 1865 818 oraculi

76 837 316 889 miratusque
343 837 638 889 congruentiam
665 836 836 875 mandati
861 836 1049 884 muneris,
1078 835 1282 875 confestim
1310 834 1472 874 restitit:
1499 842 1538 874 et
1562 835 1663 874 ultro
1685 842 1866 888 porrecta

77 893 241 932 dextera
272 892 319 931 ob
354 906 396 931 os
428 892 550 946 ipsum
583 906 708 932 meum
742 906 924 932 coronam
957 892 1149 932 exhibuit.
1210 891 1324 932 Tunc
1349 905 1422 944 ego
1450 891 1668 945 trepidans,
1707 890 1864 930 assiduo

76 948 187 1002 pulsu
213 948 373 988 micanti
398 949 535 999 corde,
565 962 747 988 coronam
775 962 871 1001 quae
898 948 999 988 rosis
1026 947 1200 987 amoenis
1226 948 1379 987 intexta
1408 947 1631 1000 fulgurabat
1657 947 1770 987 avido
1796 960 1865 986 ore

75 1012 295 1059 susceptam
333 1006 491 1059 cupidus
530 1005 708 1059 promissi
746 1005 948 1044 devoravi.
1009 1003 1095 1045 Nec
1132 1019 1192 1044 me
1231 1004 1368 1044 fefellit
1404 1005 1573 1043 coeleste
1611 1003 1860 1058 promissum.

75 1132 214 1160 emensis
238 1134 273 1162 F.
296 1135 323 1162 1.
344 1134 374 1162 3.
395 1134 430 1162 G.
449 1135 485 1162 P.
505 1135 541 1162 D.
560 1135 596 1162 L.
616 1134 650 1162 Ο.
672 1130 700 1161 ὃ.
725 1135 889 1162 ΡείΐειιὊῐι.
909 1134 1002 1162 Vulc.
1024 1134 1053 1160 2.
1072 1140 1160 1167 seqq.
1186 1134 1222 1161 In
1241 1136 1314 1161 cett.
1336 1132 1472 1160 emersis
1497 1132 1538 1161 ct'.
1558 1134 1597 1161 att
1621 1135 1695 1161 Met.
1715 1133 1739 1160 Ι.
1761 1132 1864 1166 p.;12.

74 1178 268 1206 saevissime
280 1180 315 1207 F.
336 1180 359 1206 i.
374 1179 404 1206 3.
420 1180 455 1207 G.
470 1180 505 1207 P.
522 1178 637 1214 (etiam
651 1179 684 1207 in
697 1180 860 1212 excerptis
875 1179 913 1206 ad
927 1186 1028 1213 marg.
1044 1180 1091 1207 ed.
1108 1178 1217 1212 Colv.)
1231 1180 1270 1206 1).
1286 1179 1319 1206 0.
1333 1180 1369 1207 L.
1385 1180 1422 1206 R.
1438 1179 1459 1207 f.
1480 1180 1562 1206 lunt.
1578 1180 1607 1205 ⁶2.
1626 1179 1708 1206 Elm.
1722 1177 1864 1205 Scriver.

74 1226 110 1252 ln
125 1228 196 1253 cett.
210 1223 453 1252 saevissimam.
493 1231 691 1260 superarum
707 1225 801 1252 Vulc.
817 1225 844 1252 1.
860 1227 959 1252 Merc.
975 1225 1083 1252 u'ow.
1097 1231 1184 1257 seqq.
1200 1228 1312 1252 contra
1326 1226 1406 1252 Mss.
1421 1228 1449 1252 et
1465 1224 1533 1251 edd.
1550 1227 1626 1252 vett.
1656 1223 1764 1250 Etiam
1784 1222 1817 1250 in
1831 1231 1864 1255 φ.

73 1269 120 1296 ita
133 1277 207 1297 esse
221 1273 357 1297 testatur
370 1269 510 1305 Scitum„
531 1270 583 1297 cui
599 1273 703 1297 tamen
719 1276 830 1302 parum
844 1269 915 1296 fidei
930 1271 1040 1297 habt-o.
1088 1267 1378 1296 inclementissimi?
1393 1270 1428 1298 1..
1445 1268 1462 1296 f.
1479 1266 1507 1296 a.
1555 1267 1754 1294 inm-mnenti
1765 1275 1814 1294 me
1828 1268 1863 1295 B.

74 1313 266 1341 inclementi
276 1314 326 1341 vie
340 1316 375 1342 G.
388 1315 424 1342 P.
439 1316 478 1342 D.
525 1312 740 1350 quadripedis
754 1314 788 1341 F.
802 1315 832 1341 3.
847 1315 881 1341 G.
896 1315 933 1342 1).
960 1314 1001 1342 cf.
1017 1315 1055 1341 ad
1072 1317 1147 1341 Met.
1161 1315 1232 1342 VH.
1248 1322 1275 1347 p.
1290 1315 1366 1342 450.
1417 1313 1614 1340 treimrelm·
1628 1314 1754 1341 Vicent.
1802 1314 1862 1339 aul

70 1366 214 1394 prorsus
234 1356 263 1387 δ.
322 1359 450 1394 irrepta
471 1361 506 1387 G.
527 1360 561 1387 P.
583 1360 620 1387 1).
640 1359 676 1387 1..
695 1360 747 1394 0.‚
773 1360 854 1392 quoii
876 1359 955 1386 Οιιιί.
976 1361 1110 1392 probare
1136 1359 1278 1395 videtur,
1305 1359 1384 1387 talia
1410 1366 1519 1387 amare
1546 1359 1658 1386 (licens
1679 1358 1864 1392 Apuleium.

72 1405 242 1432 Ruhnioen.
256 1403 368 1439 z'rrepn
382 1403 414 1432 in
429 1407 516 1432 textu
537 1403 677 1432 retinuit.

163 1457 206 1475 ac
219 1450 254 1477 G.
268 1450 304 1477 L.
318 1450 355 1477 1).
371 1457 401 1483 p.
448 1455 487 1475 re
501 1447 542 1475 ab
556 1456 592 1476 se
604 1449 639 1477 G.
654 1449 723 1476 edd.
738 1451 813 1476 vett.
839 1448 890 1475 Aut
910 1456 1010 1480 marg.
1030 1448 1077 1476 ed.
1092 1448 1219 1476 Vicent.
1238 1456 1274 1474 re
1291 1447 1376 1485 ipsa.
1402 1450 1437 1477 ln
1453 1450 1486 1476 0.
1508 1456 1545 1475 rr
1558 1457 1580 1474 α
1593 1455 1643 1483 se,
1671 1448 1753 1482 quod
1768 1448 1864 1476 etiam

72 1495 111 1523 D.
125 1493 280 1522 habuisse
293 1494 432 1529 videtur,
459 1500 651 1527 quamquam
667 1494 792 1521 litterae
806 1493 900 1522 hodie
916 1493 978 1528 legi
992 1500 1053 1520 non
1071 1497 1202 1526 possunt
1221 1496 1316 1527 plane
1330 1496 1468 1521 abrasae
1483 1498 1509 1521 et
1527 1494 1747 1528 ouittwratae,
1774 1493 1819 1520 ita
1833 1496 1865 1520 ut

72 1539 215 1573 vestigia
226 1543 349 1567 tantum
363 1539 438 1567 stilo
451 1539 612 1573 impressa
624 1542 872 1573 cognoscantur.
918 1537 1069 1565 restitut!
1084 1539 1120 1566 L.
1137 1538 1158 1565 f.
1207 1536 1246 1564 de
1255 1541 1355 1565 viera
1370 1547 1482 1566 rursus
1497 1539 1529 1566 in
1548 1539 1628 1566 meis
1643 1539 1731 1566 codd.
1745 1538 1867 1565 inveni.

73 1586 107 1612 In
128 1584 198 1612 cdd.
220 1588 296 1612 vett.
317 1588 345 1611 et
367 1587 497 1612 recenti.
519 1587 645 1618 praeter
662 1585 746 1612 lunt.
766 1585 795 1611 2.
822 1583 971 1611 omnibus
996 1581 1125 1610 dextra
1152 1583 1252 1611 scribi
1272 1584 1408 1612 vitietur.
1456 1581 1609 1610 exhihuit
1630 1590 1690 1610 non
1711 1584 1759 1611 est
1779 1582 1812 1610 in
1832 1583 1866 1610 0.

77 1632 155 1656 tunc
179 1636 257 1665 ergo
282 1631 317 1656 G.
343 1630 381 1657 1).
406 1630 440 1656 0.
486 1628 629 1656 nutanti
650 1630 686 1657 G.
716 1630 748 1658 Ρ.
773 1629 811 1658 D.
838 1629 919 1657 Con.
944 1629 1042 1656 Voss.
1089 1629 1241 1655 mutanti
1258 1630 1339 1657 Elm.
1362 1637 1401 1656 ex
1423 1630 1512 1656 codd.
1532 1630 1588 1657 sed
1610 1628 1726 1662 quibus
1746 1627 1868 1656 nescio.

74 1666 426 1711 coronamque'rnseis
444 1674 480 1702 L.
528 1674 561 1700 i'n
581 1671 721 1700 darier-c
731 1672 943 1712 fulgur-alm!
962 1674 996 1701 0.
1036 1672 1244 1711 fulgurabat
1267 1675 1287 1703 f,
1336 1672 1474 1710 cupidus
1491 1673 1654 1709 promis-xv·
1671 1674 1706 1701 F.
1728 1674 1759 1700 3.
1782 1675 1816 1701 G.
1832 1673 1867 1701 P.

75 1721 108 1747 0.
125 1722 162 1748 I).
183 1721 218 1747 l..
255 1717 313 1752 (in
335 1720 377 1747 al.
397 1717 534 1754 cupidus
559 1717 794 1754 cupidissime)
821 1727 856 1747 π.
881 1720 963 1747 lunt.
984 1720 1014 1747 2.
1039 1721 1126 1746 mate
1144 1720 1226 1747 Elin.
1248 1723 1278 1747 ut
1300 1721 1379 1748 oud.
1405 1720 1467 1747 iam
1494 1720 1632 1754 monuit,
1659 1716 1869 1754 cupidissime

75 1767 191 1793 abesse
206 1771 226 1792 a
237 1765 273 1792 F.
294 1766 319 1791 t.
334 1767 481 1792 testatur.
495 1771 589 1797 utinm
606 1763 711 1797 potius
724 1761 861 1799 cupidus
875 1764 905 1791 in
921 1771 957 1791 co
972 1771 1033 1791 non
1048 1768 1240 1798 compareat,
1264 1766 1347 1792 unde
1360 1765 1499 1792 Βονίνι-τ.
1522 1764 1614 1793 uncis
1634 1764 1868 1792 circumclusit.

74 1812 108 1838 ln
124 1814 196 1838 cett.
210 1807 347 1845 cupidus
362 1807 570 1844 rapidissime
583 1807 753 1839 devoravi.

77 1920 254 1971 portabat
290 1918 491 1957 sacerdos.
564 1918 661 1957 Hinc
696 1920 806 1969 igitur
842 1919 944 1957 deae

78 1982 138 2014 est
163 1976 329 2020 dativus,
355 1989 481 2027 neque
503 1976 707 2026 genitivus.
734 1980 773 2013 ut
792 1974 942 2026 plurimi

77 2033 220 2078 volunt,
240 2033 260 2070 i.
276 2034 364 2085 e..in
385 2032 615 2084 ‹leaegusum
635 2033 790 2069 sistrum
817 2036 943 2084 porta·

76 2090 158 2135 bat,
184 2089 221 2127 in
245 2102 371 2127 meum
397 2102 575 2126 coronam
595 2102 762 2134 roseam,
789 2092 827 2125 et
853 2100 944 2125 vere

77 2145 230 2197 quidem
268 2158 449 2183 coronam
487 2149 577 2195 post
618 2149 693 2183 tam
732 2157 852 2195 grave
888 2148 945 2182 tot

80 2202 249 2240 laborum
283 2215 329 2240 ac
358 2201 613 2253 periculorum
646 2205 851 2240 certamen.
899 2200 939 2238 ln

76 2259 347 2296 certaminibus
373 2259 472 2295 enim
499 2258 664 2296 victores
686 2260 854 2295 coronari
874 2271 940 2295 so-

79 2314 220 2354 lebant.
269 2315 516 2367 Superarem
547 2314 673 2352 solum
699 2314 850 2365 probari
874 2327 940 2364 po-

77 2375 173 2418 testg
216 2371 383 2409 nondum
422 2372 521 2408 enim
558 2374 760 2421 superarat
795 2370 941 2407 Lucius

77 2427 284 2473 fortunam.
311 2427 383 2464 sed
408 2440 500 2464 mox
524 2431 748 2477 superaret,
781 2426 942 2464 simulac

20 2521 23 2527 ,
76 2497 188 2522 rosas
213 2483 488 2535 gustavissen]

135 2539 342 2578 (luuxllt.
385 2540 576 2579 nocturni
601 2540 944 2589 comnmtwsactvs

80 2597 251 2636 oraculi.
312 2595 471 2634 Frustra
500 2596 555 2633 vir
587 2596 724 2634 doctus
750 2594 821 2633 Ed.
848 2594 943 2634 lunt.

76 2657 177 2703 post.
204 2664 295 2690 orae
320 2652 537 2703 adscripsit,
562 2653 601 2690 vi
625 2653 827 2697 nocturni,
854 2652 944 2689 licet

77 2709 174 2748 infra
186 2723 223 2760 p.
240 2713 332 2749 812.
349 2709 551 2747 consimili
566 2713 791 2760 praecepto
811 2721 944 2747 sacro-

78 2780 166 2804 rum
195 2765 553 2804 ministrandorum
585 2767 945 2816 commonefactum

80 2821 242 2872 legatur.
276 2821 378 2859 Nam
403 2825 670 2872 praeterquam
697 2820 799 2870 quod
822 2823 944 2872 proe-

79 2883 198 2929 cepto
216 2892 290 2916 non
311 2891 410 2928 opus
429 2878 480 2915 sit
504 2878 552 2915 ibi
579 2877 736 2927 iungere
761 2877 944 2926 gcrnitivo.

79 2934 180 2972 sicut
203 2940 241 2972 et
264 2934 327 2973 alii
353 2935 531 2973 commoti
551 2933 817 2979 distinxerunt,
843 2938 947 2972 amat

79 2990 273 3042 Apuleius
295 2991 411 3028 istum
442 3003 574 3029 casum
605 2990 761 3040 iungere
791 2989 946 3028 adiecti-

80 3046 140 3084 vis
170 3050 210 3085 et
239 3045 464 3097 participiis.
511 3046 612 3084 Hinc
642 3046 744 3084 mate
777 3046 943 3098 explica-

81 3107 140 3141 tur
170 3103 222 3142 ab
253 3102 425 3142 oraculo
455 3116 489 3141 s.
512 3116 590 3154 per
627 3102 836 3141 oraculum
866 3116 947 3140 mo-

80 3160 204 3205 nitus,
240 3159 314 3197 sed
343 3160 552 3198 recordans
583 3163 621 3197 et
651 3159 686 3196 in
723 3159 946 3196 memoriam

802 1807 944 1836 coeleste
954 1808 1154 1844 promissum
1169 1810 1395 1837 desiderantur
1410 1810 1440 1837 in
1459 1810 1491 1837 Ρ.
1532 1839 1537 1844 ,

1002 1932 1191 1956 revocans
1218 1918 1411 1957 oraculum
1439 1922 1680 1966 nocturnium
1724 1918 1770 1958 cf.
1799 1918 1867 1957 Sil.

1004 1974 1105 2014 vui.
1134 1979 1222 2016 167.
1262 1977 1515 2027 tempestivae
1540 1977 1627 2015 viae
1652 1989 1868 2015 commone-

998 2034 1147 2084 factos.

1059 2089 1225 2127 micanti
1262 2089 1400 2128 corde.
1474 2088 1566 2140 [De
1599 2089 1764 2127 dictione
1797 2102 1870 2127 cor

1002 2146 1126 2183 unicui
1149 2158 1182 2183 S.
1209 2147 1353 2184 enn'cat
1377 2146 1426 2184 cf.
1451 2145 1534 2184 lntt.
1562 2145 1611 2183 ad
1637 2145 1752 2183 Ovid.
1772 2144 1868 2183 Met.

1002 2200 1061 2239 ΙΙΙ.
1089 2205 1152 2241 34.
1190 2201 1237 2239 ad
1271 2201 1428 2240 Heroid.
1459 2201 1486 2240 I.
1522 2207 1585 2242 45.
1623 2201 1794 2240 Broukh.
1821 2201 1869 2240 ad

1000 2256 1141 2295 Tibull.
1171 2257 1357 2298 i.11.33.
1395 2258 1582 2297 Buenem.
1608 2258 1655 2296 ad
1682 2258 1794 2296 Lact.
1821 2257 1870 2295 dc

999 2313 1103 2365 Opis.
1136 2319 1196 2354 17.
1223 2314 1253 2363 §.
1283 2320 1344 2354 17.
1370 2329 1408 2366 p.
1432 2320 1548 2355 1208.
1578 2315 1660 2353 tntt.
1687 2315 1735 2352 ad
1761 2314 1869 2365 Virg.

1000 2370 1143 2421 Georg.
1171 2370 1232 2408 Ill.
1260 2376 1324 2411 84.
1352 2370 1478 2411 Plaut.
1505 2371 1597 2410 Aut.
1625 2370 1689 2409 IV.
1717 2375 1752 2410 3.
1781 2371 1833 2422 4.]

1057 2428 1235 2479 cupidus
1257 2429 1457 2479 promissi.
1542 2427 1729 2479 {Plurimi
1768 2426 1867 2465 Edu.

1003 2484 1210 2534 probarunt
1254 2485 1430 2535 cupidus
1473 2485 1742 2536 cupidissime.
1818 2485 1869 2521 At

1001 2540 1123 2578 altera
1159 2539 1293 2578 harum
1335 2554 1471 2579 vocum
1509 2540 1757 2592 praecedenti
1794 2540 1867 2577 iam

1001 2598 1124 2635 avido
1150 2610 1220 2634 ore
1241 2597 1327 2634 sine
1350 2598 1430 2635 ιιΙΙο
1455 2610 1599 2635 sensus
1624 2601 1689 2634 ant
1714 2596 1869 2646 elegan-

1000 2653 1077 2691 tiae
1104 2652 1333 2691 detrimento
1360 2654 1506 2691 abesse
1534 2658 1684 2704 potest,
1710 2652 1745 2690 id
1767 2652 1867 2703 quod

1002 2708 1106 2747 Oud.
1122 2710 1195 2746 iam
1211 2708 1322 2754 vidit,
1342 2711 1430 2748 ideo
1444 2715 1571 2748 tamen
1588 2710 1792 2747 lectionem
1808 2722 1869 2747 ce-

1002 2770 1168 2804 terorum
1183 2766 1295 2805 codd.
1306 2768 1496 2818 promissi
1509 2767 1741 2817 reprobans,
1766 2765 1869 2816 quod

1002 2823 1449 2862 subiicereturcaeleste
1469 2824 1726 2874 promissum,
1753 2825 1791 2858 et
1815 2825 1870 2859 tu-

1003 2880 1078 2916 tius
1104 2891 1285 2923 censens,
1311 2879 1568 2930 cupidissime
1585 2879 1757 2923 retineri,
1783 2879 1871 2927 quia

1003 2934 1144 2972 similia
1174 2947 1458 2985 nonnumquam
1489 2949 1559 2986 per
1589 2935 1869 2985 pleonasticum

1004 3003 1266 3042 paregmenon
1281 2995 1482 3042 usurparet
1495 2990 1700 3042 Apuleius,
1718 2994 1761 3029 ut
1774 2990 1870 3028 Met.

1004 3061 1042 3099 p.
1067 3050 1160 3087 785.
1189 3060 1308 3099 quam
1328 3048 1592 3098 purissime
1620 3048 1872 3099 purifica·

1005 3108 1114 3145 Iam,
1164 3102 1230 3141 lv,
1263 3116 1299 3154 p.
1327 3107 1420 3144 262.
1453 3103 1730 3155 parricidium
1764 3113 1871 3143 sua-
1925 3120 1930 3129 =

1005 3160 1120 3198 dens
1140 3159 1462 3210 persuadere3
1492 3158 1618 3198 Plant.
1646 3158 1735 3198 Cas.
1762 3157 1808 3198 H.
1835 3163 1870 3199 3.
