2221 3667
257 464 320 496 367

348 177 431 220 368
600 178 648 219 L.
673 178 893 219 APULEII
922 176 1319 218 MADAURENSIS
1347 172 1888 217 METAMORPHOSEON

348 289 477 343 ginem
503 290 750 345 praecipitem
775 305 862 332 sese
888 291 1003 331 dedit.
1045 286 1121 328 Sed
1148 287 1250 328 mitis
1275 288 1414 329 fluvius
1438 289 1478 328 in
1504 289 1689 330 honorem
1716 289 1775 329 dei
1801 289 1970 338 scilicet,
1999 288 2061 342 qui
2088 295 2126 329 et

346 346 451 400 ipsas
488 359 608 400 aquas
644 361 760 387 urere
797 347 1020 395 consuevit,
1060 351 1236 383 metucns
1273 344 1346 383 sibi
1383 346 1585 386 confestim
1619 360 1702 386 eam
1735 345 1899 385 innoxio
1930 344 2126 385 volumine

347 415 464 456 super
494 404 614 457 ripam
646 403 847 443 florentem
880 402 1008 442 herbis
1040 400 1237 453 exposuit.
1287 400 1400 441 Tunc
1431 403 1531 442 forte
1561 401 1646 442 Pan
1676 403 1769 442 deus
1807 402 1977 441 rusticus
2014 401 2126 440 iuxta

347 460 595 513 supercilium
632 460 756 499 amnis
793 459 967 504 sedebat,
1013 455 1261 511 complelxus
1301 458 1342 496 in
1381 458 1542 497 calamo
1581 457 1757 498 Cannam
1797 458 1926 507 deam,
1966 469 2127 510 eamque

346 595 380 616 ne
399 596 454 622 pro
473 595 544 615 sese
563 589 597 616 G.
621 590 647 615 1.
669 589 702 614 0.
745 584 1028 622 praecipitantem
1047 584 1069 613 f.
1117 584 1149 611 in
1168 582 1293 611 honore
1312 592 1340 619 p.
1377 585 1411 612 in
1431 583 1562 612 odorem
1580 587 1663 614 lunt.
1687 588 1714 615 1.
1761 584 1863 613 semel
1874 592 1930 620 pro
1949 583 2076 612 scilice!
2096 592 2127 619 p.

346 632 510 660 volamine
524 635 558 661 G.
578 634 603 661 1.
619 635 647 661 2).
663 634 698 661 D.
715 634 749 660 P.
766 632 784 659 f.
833 633 979 657 urentem
994 626 1234 666 proflorenlem
1247 632 1330 658 Elm.
1345 631 1418 659 edit.
1433 631 1558 659 vitiose.
1601 630 1700 667 paris
1719 629 1797 658 dens
1819 632 1853 659 G.
1868 632 1897 658 2.
1927 629 2029 666 panis
2049 627 2128 657 deus

344 680 382 706 Ι).
418 678 522 705 {arla
535 685 634 714 snper
647 675 856 713 superciliunz
870 676 983 704 Venet.
997 676 1027 704 2.
1040 677 1123 703 Iuni.
1140 676 1168 703 1.
1182 676 1212 704 2.
1227 676 1337 704 Aluin.
1375 673 1513 703 rudebat
1527 684 1582 709 pro
1593 674 1725 703 sedebat
1739 677 1853 705 Venet.
1868 678 1898 704 4.
1935 673 2127 711 complexus

346 726 434 752 abest
450 731 469 752 a
482 725 516 752 G.
534 725 561 751 1.
587 721 777 757 ‹wmeplaz-ns
792 718 876 747 haee
888 721 924 748 F.
940 722 968 749 1.
983 722 1013 749 3.
1030 721 1065 748 G.
1082 722 1110 749 1.
1124 721 1155 748 2.
1180 718 1234 747 la'c
1248 722 1283 749 B.
1298 721 1336 748 D.
1351 721 1505 749 eddsett.
1552 719 1646 748 homo
1664 720 1744 750 Can.
1759 722 1793 750 F.
1810 723 1838 750 1.
1853 723 1883 749 3.
1898 722 1933 749 G.
1952 722 1978 749 1.
1992 722 2023 749 2.
2037 721 2073 749 Ρ.
2088 721 2126 748 1).

345 772 373 796 et
389 769 516 796 omnino
530 770 617 795 deest
632 767 663 794 in
678 768 711 795 0.
726 766 784 794 Vir
797 766 909 793 doctus
923 767 963 793 ad
975 765 1152 800 marginem
1166 766 1248 793 lunt.
1262 768 1293 793 2¹.
1308 766 1492 794 emendavit
1515 764 1589 793 sinu
1665 764 1791 793 Canum
1811 767 1847 796 F.
1864 768 1892 794 1.
1908 767 1938 795 3.
1951 767 1987 794 G.
2000 766 2031 795 2.
2045 766 2083 794 D.
2097 762 2126 793 δ’.

345 817 375 841 et
389 814 423 843 G.
440 815 467 842 1.
483 821 554 841 cum
567 814 678 846 glossa
691 810 907 839 interlineari:
933 809 1027 837 deum
1043 808 1175 837 senilem
1189 811 1303 840 Venet.
1318 812 1347 840 ⁸2.

343 910 468 949 Lcctt.
493 908 620 947 XXV.
647 912 711 949 23.
738 908 872 946 Heius.
898 908 947 946 ad
967 907 1140 947 Ovid.A.
1156 908 1206 946 A.

343 966 387 1004 II.
413 971 477 1006 47.
525 965 677 1003 Ruhnk.
710 965 809 1003 Dict.
841 965 887 1002 ad
917 966 1023 1003 Suet.
1049 979 1085 1016 p.
1115 969 1204 1005 140.

343 1022 471 1073 Kopp.
497 1022 545 1059 ad
571 1021 683 1060 Mart.
711 1020 802 1071 Cap.
824 1019 868 1059 II.
894 1020 923 1071 Q.
942 1025 1031 1061 113.
1058 1035 1094 1072 p.
1113 1025 1202 1061 153.

341 1077 562 1116 Hemsterli.
576 1078 624 1115 ad
639 1076 799 1116 Lucian.
813 1078 847 1115 in
857 1076 952 1116 Tim.
967 1082 1031 1118 40.
1046 1091 1082 1128 p.
1096 1078 1202 1130 151]

342 1134 519 1172 Ceterum
532 1133 738 1172 notandum
764 1138 837 1179 est.
853 1134 1035 1185 plumam
1054 1133 1116 1171 hic
1134 1134 1203 1171 ad-

340 1190 459 1228 hiberi
485 1190 533 1228 de
559 1190 650 1236 alis,
677 1190 781 1241 quod
807 1191 973 1241 negabat
998 1190 1125 1228 Bentl.
1153 1190 1202 1228 ad

340 1246 471 1285 Horat.
509 1246 635 1297 Epist.
673 1246 722 1285 ad
753 1246 835 1286 Pis.
861 1252 917 1292 2.,
947 1250 988 1285 ut
1017 1244 1114 1286 Met.
1132 1245 1198 1283 x'l.

338 1317 375 1355 p.
391 1307 482 1344 423.
499 1308 656 1342 amator
670 1303 763 1342 loris
778 1305 815 1342 ln
827 1304 1005 1355 pinnas
1023 1317 1062 1342 se
1076 1303 1200 1341 dedit.

339 1360 464 1398 Oxon.
491 1360 621 1397 scribit
643 1360 802 1411 plumas
829 1361 914 1409 (qui
938 1364 1066 1397 tamen
1094 1359 1202 1397 locus

338 1416 429 1454 nihil
445 1417 598 1466 probat,
619 1429 734 1465 quum
749 1416 797 1453 ibi
812 1429 947 1453 omnes
962 1417 1077 1454 ceteri
1092 1415 1201 1453 codd.

333 1474 485 1525 pinnas
520 1473 766 1524 praebeant.)
817 1472 999 1523 Raptum
1037 1472 1202 1522 «lenique

339 1532 400 1567 est
424 1534 618 1581 ereptum,
643 1529 843 1567 sublatum
869 1528 932 1579 [cf.
960 1528 1026 1566 Dr.
1053 1527 1201 1566 adLiv.

337 1584 401 1624 III.
428 1590 490 1625 50.
517 1584 547 1634 ᾗ.
574 1589 611 1626 8.
637 1584 750 1623 Ovid.
775 1582 873 1623 Met.
899 1584 1002 1623 XIII.
1031 1584 1140 1636 773]

394 1675 651 1714 inhonorem.
684 1674 784 1713 oud.
806 1674 979 1720 adnotat,
1002 1674 1198 1712 latinitatis

337 1734 411 1771 iam
442 1732 677 1782 depravatae
707 1730 805 1769 lianc
836 1744 928 1768 esse
956 1730 1197 1776 locutionem,

337 1802 421 1827 cum
453 1788 592 1826 aetatis
624 1801 738 1837 quam
769 1787 897 1825 ‹licunt
928 1800 1072 1825 aureae
1107 1786 1198 1824 scri-

335 1849 467 1896 ptores
493 1844 654 1881 (lixerint
679 1844 845 1882 lionoris
870 1857 970 1895 erqo
997 1843 1058 1880 vel
1083 1843 1197 1880 simili

334 1901 461 1945 modo,
487 1900 584 1937 alios
604 1900 719 1938 etiam
745 1900 786 1937 in
810 1899 962 1938 honore
987 1899 1073 1937 coll.
1089 1898 1193 1937 Duk.

335 1957 385 1995 ad
415 1956 517 1994 Flor.
549 1955 612 1995 Ill.
643 1960 708 1996 20.
745 1957 776 2006 Q.
802 1960 838 1996 8.
876 1959 914 1993 et
945 1956 1061 2006 vulgo
1092 1955 1195 2007 apud

334 2012 467 2051 Isidor.
505 2012 637 2063 Origg.
669 2011 757 2050 ΧΥ.
790 2016 828 2051 3.
863 2011 954 2063 Ipse
985 2012 1195 2050 assentitur

334 2069 552 2120 W'opkens.
566 2071 599 2107 in
614 2068 783 2108 Miscell.
793 2067 1156 2107 Observ.N‹›v.V01.
1169 2066 1194 2107 I.

336 2125 380 2164 T.
408 2130 443 2166 2.
470 2140 506 2176 p.
527 2128 591 2165 90.
618 2125 667 2164 ad
693 2125 866 2175 Septem.
892 2125 941 2163 de
965 2124 1011 2163 Β.
1028 2124 1072 2163 T.
1086 2124 1133 2162 L.
1148 2124 1196 2163 V.

335 2197 365 2221 c.
381 2186 438 2223 13.
449 2183 509 2232 qui
525 2181 1039 2236 pronuntiavit,inhonorem
1051 2185 1197 2219 tantum

335 2253 408 2278 non
439 2252 595 2289 semper
620 2239 697 2288 legi
733 2241 771 2275 et
805 2237 1038 2276 librariorum
1069 2238 1195 2288 culpa,

334 2297 367 2333 si
402 2310 476 2333 non
515 2295 674 2346 ubique,
717 2298 820 2332 certe
861 2295 1059 2345 plerisque
1097 2294 1193 2331 locis

334 2352 479 2390 deesse
496 2351 656 2389 litteram
670 2365 716 2390 m.
742 2350 1002 2396 cfiStruchtm.
1018 2352 1052 2388 in
1066 2350 1193 2388 Anim.

333 2422 369 2459 p.
388 2412 478 2448 122.
505 2407 659 2459 Opponi
686 2421 807 2458 posse
832 2407 1116 2459 inscriptionem
1143 2407 1194 2444 la-

331 2465 484 2516 pideam
511 2464 611 2516 apud
627 2463 795 2502 Fabi-ott.
821 2478 856 2515 p.
879 2468 970 2504 202.
1003 2464 1079 2503 [ΛΥ
1098 2464 1194 2502 IIO-

332 2521 502 2561 NORE
525 2520 854 2560 MEMORIAE
875 2528 913 2559 et·
937 2520 1119 2571 Appoml.
1145 2520 1193 2557 ad

331 2575 472 2617 Marm.
498 2576 623 2616 Oxou.
658 2591 694 2628 p.
728 2581 792 2617 62.
830 2577 900 2616 IN
929 2577 1193 2618 HOIVORE.

333 2635 374 2673 S.
406 2633 748 2680 TRINITATIS,
773 2634 844 2671 nisi
869 2638 1076 2679 constaret,
1102 2634 1193 2685 lapi-

332 2691 461 2729 darios
502 2691 663 2742 saepius
700 2690 881 2728 omisisse
919 2691 1091 2728 ultimum
1129 2691 1192 2736 M,

332 2749 557 2800 praesertim
581 2750 771 2799 sequente
795 2746 931 2785 eadem
957 2746 1092 2786 littera.

389 2827 483 2867 Pan
509 2827 606 2866 deus
630 2827 813 2865 rusticus.
864 2826 990 2877 [Serv.
1016 2826 1065 2863 ad
1084 2826 1192 2877 Vir-g.

331 2881 413 2921 Eoi.
440 2883 484 2922 ll.
509 2887 574 2924 31.
605 2884 700 2922 Pan
731 2887 788 2921 est
812 2883 908 2921 deus
932 2884 1120 2927 rusticus,
1150 2884 1193 2921 in

331 2945 502 2979 naturae
526 2939 826 2979 similitudinem
846 2942 1100 2991 formatus...
1128 2940 1194 2977 Fi-

329 2996 471 3034 stulam
484 3001 630 3048 septem
639 2996 883 3035 calamorum
892 2996 1009 3035 habet
1018 3000 1192 3048 propter

330 3051 578 3090 harmoniam
605 3053 727 3097 coeli,
758 3053 800 3090 in
826 3067 905 3105 qua
930 3057 1078 3104 septem
1101 3053 1190 3090 som·

329 3113 421 3146 sunt
433 3109 535 3158 quod
552 3108 682 3147 isidor.
696 3107 940 3159 Origgxlli.
958 3113 1019 3148 11.
1034 3108 1064 3158 ᾧ.
1082 3112 1188 3147 81—

331 3167 394 3204 83.
409 3166 620 3204 accuratius
635 3164 953 3217 exponit.Alb1·ic.
968 3165 1016 3203 de
1031 3164 1187 3215 Imagin.

1396 818 1514 837 cacam
1529 808 1558 840 δ.

1265 909 1383 947 neor.
1411 908 1477 946 IX.
1503 923 1540 960 p.
1567 912 1658 949 914.
1686 910 1747 947 ubi
1775 908 1999 958 legendum:
2031 909 2125 947 Pan

1265 966 1315 1003 ab
1336 966 1513 1017 antiquis
1532 966 1696 1004 dictas
1710 967 1795 1017 snit
1814 966 1911 1005 deus
1923 963 2122 1016 naturast]

1320 1022 1494 1060 sedebat.
1540 1020 1709 1072 [Sedere
1733 1021 1793 1059 hic
1819 1025 1881 1059 est.
1901 1022 2051 1073 feriari
2076 1021 2127 1058 cl.

1262 1077 1405 1116 Victor.
1420 1077 1467 1115 V.
1494 1077 1538 1115 L.
1558 1076 1668 1116 XVI.
1687 1081 1751 1117 20.
1777 1077 1903 1115 Burin.
1923 1076 1971 1114 ad
1992 1076 2122 1115 Valer.

1261 1133 1389 1172 Flaec.
1410 1132 1474 1171 Yl.
1502 1137 1594 1173 486.
1628 1137 1666 1171 et
1691 1133 1739 1171 ad
1764 1133 1923 1171 Anthol.
1949 1132 1994 1171 L.
2022 1132 2069 1173 T.
2094 1132 2123 1171 I.

1260 1202 1295 1241 p.
1322 1194 1413 1231 200.
1440 1190 1502 1227 ubi
1528 1190 1638 1241 plura
1663 1189 1932 1242 disputantur]

1317 1247 1555 1298 complexus
1574 1247 1613 1284 ln
1629 1246 1786 1285 calamo
1806 1246 1982 1286 Cannam
1997 1245 2122 1284 deam.

1259 1302 1372 1341 Hunc
1405 1303 1528 1340 locum
1567 1315 1615 1339 ex
1646 1302 1861 1340 coniectura
1888 1304 1939 1341 ita
1961 1303 2122 1347 restitui,

1262 1373 1376 1408 quum
1413 1359 1517 1408 quod
1550 1372 1646 1396 nunc
1689 1358 1825 1408 legitur
1867 1359 1902 1396 in
1947 1359 2122 1396 omnibus

1259 1413 1361 1454 Mss.
1399 1415 1485 1452 ferri
1521 1418 1705 1464 nequeat:
1745 1415 1878 1453 Homo
1903 1414 1963 1451 vel
1990 1415 2121 1461 humo,

1261 1472 1363 1522 quod
1405 1471 1554 1522 plurimi
1598 1471 1708 1508 codd.
1745 1471 1905 1516 hahent,
1945 1471 2121 1509 vitiosum

1261 1541 1353 1565 esse
1382 1527 1483 1565 ()n(l.
1516 1528 1615 1565 bene
1651 1526 1853 1568 intellexit.
1893 1527 2121 1565 desiderans

1257 1584 1360 1621 aliud
1375 1583 1482 1633 quid,
1507 1584 1592 1621 sive
1605 1583 1654 1621 ad
1671 1583 1838 1621 (sannam
1852 1584 1935 1621 sive
1949 1583 1996 1622 ad
2012 1582 2122 1621 Pana

1256 1641 1473 1692 pertinens,
1511 1640 1612 1677 unde
1648 1640 1733 1691 ipse
1769 1640 2012 1678 emendavit:
2055 1640 2120 1678 Ιιὶσ

1257 1697 1368 1734 dmm·
1392 1697 1411 1733 i.
1433 1710 1468 1734 e.
1492 1696 1556 1733 ubi
1581 1696 1700 1733 seiles
1726 1696 1837 1733 Deae
1862 1695 2016 1734 Cannae
2041 1698 2123 1734 erat

1256 1753 1306 1790 ad
1343 1753 1461 1803 ripam
1505 1752 1623 1797 fluvii,
1671 1752 1735 1789 vel
1778 1753 2004 1797 humidam,
2045 1753 2119 1790 etsi

1255 1809 1358 1847 haud
1384 1822 1511 1847 veram
1539 1822 1630 1846 esse
1650 1810 1904 1846 coniecturam
1925 1809 2011 1860 ipsc
2031 1822 2118 1847 con-

1254 1866 1387 1903 fitetur.
1443 1864 1631 1915 Equidem
1669 1878 1782 1915 quum
1819 1865 1882 1902 diu
1918 1865 1954 1903 in
1992 1865 2118 1903 locum

1254 1922 1561 1973 inquisivisse1n‚
1587 1935 1658 1959 nec
1678 1921 1869 1971 quomodo
1886 1922 2012 1960 sanari
2027 1934 2116 1972 pos-

1253 1982 1332 2023 set,
1358 1978 1628 2030 intelligerem,
1649 1977 1859 2018 doctrinam
1874 1977 2116 2028 Bernhardyi

1253 2035 1287 2072 in
1314 2035 1515 2072 consilium
1541 2035 1684 2078 vocavi,
1710 2035 1772 2084 qui
1797 2033 1943 2072 hancce
1967 2047 2116 2072 mecum

1256 2092 1547 2129 communicavit
1581 2091 1826 2128 sententiani:
1862 2090 1980 2140 Legit
2015 2090 2115 2128 enim

1255 2147 1467 2198 amplexas
1494 2148 1653 2187 calamo
1692 2147 1870 2186 Cannam
1907 2147 2039 2193 (leam,
2077 2150 2116 2183 ut

1254 2204 1305 2241 sit
1334 2217 1419 2242 eain
1451 2204 1679 2242 carminibus
1713 2202 1869 2240 laudare
1900 2207 1938 2241 et
1966 2202 2115 2254 praedi-

1255 2274 1341 2298 care
1368 2261 1475 2298 etita
1494 2260 1603 2311 quasi
1625 2272 1710 2297 eam
1736 2259 1934 2309 amplecti,
1959 2260 2046 2310 quia
2072 2259 2114 2296 ti-

1252 2317 1339 2354 biae
1360 2317 1470 2368 ipsae
1491 2329 1637 2355 cannae
1663 2315 1799 2353 suerint
1825 2315 1962 2355 sactae.
2003 2315 2114 2354 Hanc

1253 2374 1442 2424 poeticam
1470 2373 1621 2411 (licendi
1641 2373 1822 2410 rationem
1849 2372 2113 2411 doctissimam

1252 2431 1301 2468 ab
1331 2430 1487 2482 Apuleii
1519 2429 1670 2479 ingenio
1708 2442 1782 2466 non
1819 2428 1982 2468 alienam
2018 2441 2112 2467 esse

1253 2487 1325 2525 sibi
1364 2487 1573 2538 persuasit,
1611 2499 1681 2523 nec
1718 2497 1790 2532 ego
1826 2498 2012 2536 repugnO.
2057 2484 2112 2523 At

1252 2542 1422 2581 fortasse
1453 2543 1604 2580 facilior
1634 2545 1696 2579 est
1728 2541 1839 2578 lectio
1871 2543 1913 2580 in
1938 2542 2110 2587 calamo,

1253 2613 1366 2649 quam
1391 2600 1619 2650 interpretes
1645 2601 1846 2643 mutarunt,
1872 2599 1961 2649 quia
1981 2597 2111 2636 Canna

1253 2657 1327 2695 dea
1351 2657 1438 2707 ipsa
1461 2660 1543 2693 erat
1567 2655 1749 2694 calamus.
1807 2653 1862 2693 lta
1888 2654 1980 2693 ludit
2003 2654 2108 2704 Apu·

1253 2713 1352 2750 leins
1395 2713 1430 2750 in
1474 2712 1613 2762 ‹luplici
1654 2710 1827 2748 eiusdem
1863 2709 2107 2761 significatio-

1252 2771 1310 2807 nis
1346 2769 1547 2807 vocabulo.
1606 2767 1769 2813 Rodius,
1806 2768 1990 2817 interpres
2026 2779 2107 2816 ger-

1250 2826 1440 2871 manicus,
1482 2825 1583 2863 hunc
1621 2824 1745 2861 locum
1781 2823 1832 2861 ita
1866 2822 2107 2861 intellexisse

1250 2882 1399 2920 videtur
1423 2885 1592 2920 vertens:
1618 2894 1661 2918 er
1680 2879 1776 2918 lufelc
1801 2880 1906 2918 seine
1933 2879 2107 2931 yelicbte

1250 2939 1406 2992 Syrina:
1420 2940 1460 2977 in
1481 2939 1569 2977 dem
1584 2925 1928 2987 Rolcre'wnfasst.
1954 2936 2105 2974 woree‘n

1248 2998 1304 3034 sie
1328 3009 1413 3034 war
1438 2993 1682 3034 τετυάηιῖείί
1703 2992 1880 3030 worden.
1913 2990 2002 3043 Ipse
2016 3004 2105 3030 vero

1246 3055 1406 3090 secutus
1426 3055 1487 3090 est
1505 3052 1747 3100 interpretem
1757 3046 2103 3097 Francogallicum:

1247 3112 1285 3146 et
1319 3110 1490 3146 toniours
1526 3117 1735 3145 amoureux
1771 3103 1820 3141 de
1858 3103 1894 3141 la
1916 3103 2102 3156 Nympho

1246 3165 1392 3211 Sirinx,
1418 3163 1667 3202 transformee
1695 3174 1740 3199 en
1764 3160 1932 3213 roseam]
