2155 3590
608 191 796 232 LIBER
820 189 940 231 Vlll.
1002 190 1129 231 CAP.
1161 189 1211 228 ll.
1243 187 1317 228 111.
1799 188 1881 230 643

79 303 188 343 saevi
220 303 365 343 amoris
396 316 519 357 parva
551 302 704 356 quidem
736 303 861 357 primo
891 316 1039 357 vapore
1070 302 1256 351 delectet,
1291 300 1359 340 sed
1385 300 1559 340 fomento
1585 300 1880 340 consuetudinis

81 367 322 399 exaestuans
347 359 564 399 immodicis
590 359 798 399 ardoribus
826 366 928 399 totos
954 359 1096 398 adurat
1119 358 1313 398 homines.

664 519 1105 566 CAPUT
1190 517 1298 565 III.

189 650 270 692 Diu
291 652 456 705 denique
477 652 766 692 deliberaverat
786 665 916 691 secum
939 650 1198 705 Thrasyllus,
1228 663 1302 702 quo
1321 647 1385 688 vel
1405 646 1660 688 clandestinis
1676 648 1881 701 colloquiis

76 715 335 763 opportunum
362 716 556 763 reperiret
579 708 726 748 locum:
754 722 843 747 cum
870 715 909 747 et
933 707 1176 747 adulterinae
1191 704 1363 747 Veneris
1387 704 1514 758 magis
1540 703 1743 757 magisque
1769 718 1881 757 prae-

66 835 222 875 fomenli
232 834 484 864 consuetudinis
498 839 663 864 aestuans
675 837 712 865 F.
728 838 758 865 1.
806 838 956 863 aramus
971 836 1005 863 0.
1019 835 1055 863 P.
1102 831 1273 861 immodici
1284 831 1422 861 ardoris
1435 833 1505 862 edd.
1520 835 1599 861 vett.
1623 830 1762 876 irgnnodz'
1776 830 1881 858 ardo-

75 889 131 908 res
143 882 220 909 Ald.
235 885 270 908 et
282 880 451 909 immodici
462 880 599 909 ardoris
606 883 720 910 Venet.
731 883 760 910 4.
787 884 821 908 et
834 879 1018 908 immodicis
1032 878 1169 907 ardoris
1183 882 1216 906 et
1231 881 1321 906 totos
1329 880 1405 907 Bas.
1417 879 1446 906 1.
1478 875 1646 904 condurat
1654 879 1690 906 B.
1704 881 1787 906 teste
1800 879 1882 906 Elm.

74 928 131 954 sed
146 926 180 955 in
193 928 229 955 B.
244 931 291 955 est
307 926 498 960 comburat,
526 932 557 956 ut
572 931 657 955 recte
671 928 735 956 iani
749 927 829 955 Oud.
843 926 1021 955 adnotavit.
1057 923 1177 952 adurit
1188 926 1225 953 R.
1241 924 1263 953 f.
1300 922 1431 951 adurat
1442 924 1479 951 F.
1495 924 1523 952 1.
1539 924 1570 951 3.
1584 924 1621 951 L.
1637 924 1673 952 G.
1686 924 1717 951 2.
1730 923 1770 950 D.
1797 921 1881 957 (ad-

74 969 182 998 laurat
196 973 232 1000 G.
248 971 298 1006 1.)
312 979 409 1006 quam
423 973 593 1001 lectionem
608 980 720 1000 omnes
734 974 803 1000 edd.
819 975 888 1005 pos-1
904 971 1052 999 Colvium
1067 973 1269 1004 receperunt.

165 1014 287 1054 diuque
301 1025 331 1052 p.
379 1016 589 1045 liberacerat
602 1019 716 1046 Venet.
732 1019 761 1046 4.
777 1021 804 1045 el
820 1016 927 1045 Paris.
980 1013 1174 1042 Thrasilias
1200 1016 1236 1042 G.
1253 1016 1282 1045 1,
1331 1021 1396 1050 quo
1416 1021 1477 1040 nec
1495 1021 1543 1047 p.,
1568 1014 1655 1041 unde
1673 1014 1772 1041 Salm.
1795 1010 1885 1049 qnod

73 1069 134 1088 nec
146 1062 340 1092 emendavit.
365 1070 436 1089 cum
451 1071 510 1089 nec
523 1065 642 1091 habent
655 1064 691 1091 B.
706 1063 776 1090 edd.
794 1066 869 1090 vett.
886 1064 1013 1094 praeter
1025 1061 1074 1088 ed.
1089 1068 1135 1094 pr.
1148 1060 1276 1088 Vicent.
1291 1059 1406 1087 Vener.
1420 1060 1451 1087 2.
1500 1060 1686 1094 opportune
1699 1058 1736 1087 P.
1773 1056 1882 1084 Iocum

73 1109 107 1133 et
122 1104 339 1134 adulterinae
352 1115 464 1136 omnes
479 1109 568 1136 codd.
582 1112 611 1136 et
627 1109 714 1142 edd.;
740 1116 811 1134 cum
826 1106 1018 1135 addiderunt
1033 1106 1161 1139 Sciopp.
1175 1106 1324 1132 XVower.
1344 1107 1376 1131 et
1395 1111 1437 1132 ex
1449 1111 1486 1132 eo
1500 1103 1659 1131 Pricaeus
1673 1106 1704 1131 et
1717 1103 1881 1131 Floridus.

72 1152 210 1180 Frustra
222 1160 299 1181 vero
312 1153 469 1182 Pricaeus
485 1156 692 1187 transponere
705 1155 849 1181 tentabat
863 1153 894 1177 el
909 1158 998 1187 cum,
1024 1154 1057 1179 ut
1071 1153 1118 1178 est
1133 1149 1167 1177 in
1181 1150 1248 1177 cod.
1266 1150 1404 1178 Incerto.

73 1261 162 1300 (lus
196 1262 247 1299 in
283 1262 419 1300 imum
457 1262 740 1301 barathrum
781 1264 949 1312 repente

72 1317 323 1370 clenquit.
351 1316 487 1356 Catull.
513 1316 693 1355 LXVIII.
713 1321 803 1357 107.
830 1320 947 1355 tauto

73 1377 110 1411 te
152 1373 371 1412 absorbens
407 1375 555 1412 vertice
591 1374 777 1412 amoris
802 1374 946 1412 Aestus

71 1429 113 1466 in
149 1429 369 1480 abruptum
405 1429 612 1469 detulerat
647 1429 942 1468 barathrum.

72 1483 187 1522 Unde
201 1485 291 1523 mihi
307 1498 392 1522 cum
406 1484 511 1524 Oud.
525 1499 619 1537 prae
635 1486 813 1524 omnibus
829 1485 942 1522 lectio

71 1540 184 1579 codd.
199 1541 330 1592 placet
341 1543 519 1587 ruinam,
545 1555 660 1594 quam
680 1543 754 1579 iam
776 1540 946 1592 amplexi

69 1602 162 1635 sunt
175 1597 304 1637 VVow.
320 1597 422 1636 Elm.
447 1599 609 1636 Scriver.
631 1602 668 1636 et
687 1598 830 1636 Florid.
857 1597 945 1636 Huc

67 1653 167 1692 trahi
191 1659 358 1705 possunt
384 1655 567 1694 libidinis
594 1654 703 1694 labes
728 1654 789 1692 vel
817 1668 943 1694 casus.

68 1709 164 1748 Met.
189 1710 257 1752 VI.
294 1724 333 1763 p.
373 1715 465 1751 424.
499 1712 601 1764 fidei
632 1712 942 1763 praecipitium.

68 1765 165 1805 Met.
179 1765 249 1805 IX.
264 1771 405 1819 p.629.
422 1768 479 1806 Et
495 1769 637 1807 ruina
656 1768 826 1806 mentis
838 1767 943 1818 apud

69 1821 184 1861 ovid.
195 1822 448 1862 Heroid.XlI.
461 1828 526 1864 32.
541 1825 832 1876 Praecipitare
846 1837 886 1862 sc
899 1824 943 1861 in

68 1880 230 1919 ruinam
250 1885 312 1918 est
331 1879 412 1918 fere
432 1881 533 1918 idem
550 1895 595 1919 ae
606 1881 715 1918 ruina
728 1881 812 1917 sive
828 1880 943 1930 lapsu

66 1936 267 1987 praecipiti
283 1937 510 1987 demergere
524 1937 641 1975 sevel
656 1936 820 1988 opprimi
835 1949 942 1983 casu,

68 1992 120 2030 de
147 2005 223 2042 quo
238 1992 341 2031 Oud.
357 1995 438 2044 egit
454 1994 503 2032 ad
517 1993 620 2031 Hist.
635 1993 681 2031 B.
695 1992 812 2030 Alex.
828 2007 859 2031 c.
875 1996 940 2032 31.

67 2051 107 2086 et
116 2047 224 2087 Suet.
235 2048 355 2100 Calig.
365 2063 396 2087 c.
407 2054 470 2090 57.
482 2050 722 2102 proripiens
733 2062 773 2087 se
785 2051 940 2088 ruina.

69 2103 222 2156 [Barth.
237 2105 404 2144 Advers.
421 2106 456 2144 d.
473 2106 495 2144 l.
521 2119 591 2157 pro
612 2118 721 2144 more
734 2118 806 2142 suo
821 2108 945 2143 totum

66 2159 196 2198 locum
210 2163 392 2214 corrupit:
407 2162 578 2213 Populo
593 2162 794 2200 communi
807 2163 947 2200 carior

69 2217 290 2269 cariorque
322 2219 466 2268 factus
500 2219 544 2256 in
569 2218 830 2270 profundam
862 2218 945 2256 Ro-

65 2286 170 2311 mam
200 2273 418 2324 Cupidinis
447 2288 528 2313 sese
555 2274 761 2326 paulatim
790 2275 946 2313 nescius

61 2333 364 2380 penetraverat.
390 2330 436 2368 cf.
461 2329 549 2370 lntt.
573 2330 624 2368 ad
648 2329 804 2369 Petron.
830 2343 862 2369 c.
877 2334 942 2370 81.

67 2398 105 2436 p.
132 2389 227 2426 519.
253 2385 409 2439 Burm.]

123 2442 354 2481 immodicis
377 2443 610 2483 ardoribus.
642 2442 858 2482 Immodici
881 2457 944 2482 ar-

69 2496 201 2543 doris,
234 2498 341 2549 quod
371 2503 433 2537 est
456 2500 492 2538 in
518 2499 714 2538 nonnullis
739 2497 847 2545 edd,
880 2499 944 2537 de-

68 2553 174 2591 fendi
187 2559 330 2605 posset
341 2568 412 2606 per
426 2556 708 2601 Graecismum,
732 2559 774 2592 nt
786 2556 819 2592 si
834 2555 943 2594 dicas

67 2605 158 2654 ὅλος
181 2611 248 2661 τῆς
273 2608 402 2663 ὀργῆς,
430 2610 567 2664 ἔρωτος
592 2616 632 2650 et
655 2611 814 2655 similia,
847 2624 941 2661 quo-

67 2666 185 2704 modo
206 2670 244 2704 et
263 2671 371 2707 totus
388 2669 492 2714 irae,
519 2669 668 2707 amoris
698 2672 786 2706 cett.
812 2667 942 2706 efferri

65 2729 235 2772 possunt
259 2723 308 2762 cf.
334 2724 505 2763 Gronov.
520 2724 688 2763 Observ.
714 2724 744 2763 I.
768 2729 834 2764 24.
860 2725 942 2762 Ab·

64 2778 193 2818 resch.
218 2778 332 2818 Lect.
358 2781 478 2819 Arist.
502 2795 539 2832 p.
555 2785 620 2822 80.
645 2780 773 2818 Burm.
789 2781 840 2818 ad
852 2781 942 2820 val.

68 2833 199 2874 Flacc.
226 2835 252 2874 I.
280 2840 372 2877 207.
399 2842 627 2889 totusque
651 2838 731 2876 clei.
765 2836 864 2875 Cort.
890 2838 942 2876 ad

64 2887 167 2930 Plin.
199 2891 326 2943 Epist.
348 2893 397 2932 V.
427 2899 489 2935 16.
522 2895 694 2946 pietatis
719 2898 849 2932 totus
873 2898 943 2932 est.

66 2944 213 2986 Verum
254 2953 385 2988 tamen
427 2950 504 2988 hoc
547 2950 634 2988 loco
670 2953 804 2988 contra
839 2949 942 2988 Mss.

67 3014 204 3042 omnes
230 3018 276 3042 se
296 3007 552 3058 comprobare
572 3021 645 3045 non
665 3006 817 3057 poterit.
851 3004 945 3057 [Cur

66 3070 159 3098 vero
197 3059 300 3100 Oud.
340 3063 554 3103 comburat
603 3063 759 3100 lectioni
796 3066 944 3100 cetero-

65 3126 149 3153 rum
191 3117 305 3156 codd.
347 3121 505 3158 adnrat
544 3119 794 3171 praetulerit,
837 3118 945 3156 nulla

63 3182 210 3211 caussa
235 3177 309 3212 est.
357 3174 618 3215 Ruhnkenius
649 3189 737 3214 eum
770 3179 944 3219 secutus,

1007 1259 1222 1298 comburat
1246 1258 1281 1295 in
1306 1260 1414 1295 textu
1440 1258 1587 1308 posuit,
1621 1256 1726 1307 quod
1751 1257 1881 1301 reieci,

1005 1315 1164 1354 adurat
1181 1327 1253 1351 suo
1277 1312 1363 1351 loco
1383 1313 1607 1351 restituens.
1638 1312 1702 1350 De
1716 1312 1882 1351 dictione

1004 1371 1053 1409 cf.
1079 1369 1210 1408 d'Orv.
1237 1369 1289 1407 ad
1314 1367 1459 1408 charit.
1478 1368 1546 1407 VI.
1573 1372 1609 1409 3.
1647 1382 1686 1420 p.
1711 1373 1794 1409 522
1819 1382 1880 1419 sq.

1003 1427 1064 1465 ed.
1090 1423 1230 1478 Lips.]

1059 1481 1150 1521 Car.
1165 1480 1227 1520 III.
1278 1495 1360 1534 quo
1378 1481 1445 1520 vel
1530 1481 1769 1532 impellitur.
1805 1480 1882 1519 Hic

1003 1543 1110 1578 totus
1136 1539 1247 1577 locus
1272 1551 1358 1576 cum
1383 1538 1528 1575 misere
1551 1537 1799 1588 perturbatus
1819 1538 1882 1583 sit,

1003 1610 1078 1634 nec
1102 1594 1214 1634 codd.
1241 1594 1488 1645 probabilem
1518 1593 1748 1644 scripturam
1773 1607 1882 1645 prae-

1002 1653 1140 1697 beant,
1172 1651 1442 1689 necessarium
1473 1654 1553 1692 est.
1584 1653 1626 1687 ut
1650 1650 1882 1688 coniecturis

1002 1713 1172 1747 sanetur.
1211 1707 1416 1746 Sententia
1435 1706 1511 1745 loci
1532 1707 1680 1745 haecce
1694 1710 1778 1744 est.-
1804 1705 1882 1744 Diu

1003 1763 1241 1816 Thrasyllus
1302 1764 1551 1802 occasionem
1618 1763 1881 1812 quaesiverat,

1002 1822 1102 1861 clam
1129 1834 1215 1860 cum
1242 1819 1399 1858 Charite
1425 1818 1676 1870 colloquendi
1703 1822 1742 1856 et
1763 1831 1882 1869 quum

1000 1879 1169 1917 vidisset
1177 1881 1215 1915 et
1229 1875 1514 1914 multitudinem
1530 1874 1830 1913 custodientium
1845 1875 1880 1911 ei

1001 1936 1178 1978 obstare,
1203 1946 1253 1971 ne
1271 1933 1379 1970 uxori
1399 1932 1714 1983 appropinquare
1728 1935 1882 1981 posset,

1001 1995 1040 2029 et
1064 1991 1152 2029 novi
1186 1988 1353 2039 coniugii
1382 1988 1644 2026 firmissimum
1674 1987 1882 2033 vinculum,

1001 2052 1040 2086 et
1059 2047 1285 2099 imperitiam
1307 2057 1435 2082 novae
1453 2048 1617 2095 nuptae,
1644 2043 1703 2081 cui
1719 2042 1881 2081 furtivus

1005 2118 1114 2144 amor
1127 2102 1349 2141 molestiam
1364 2099 1534 2145 afferret,
1559 2105 1689 2138 tamen
1717 2099 1767 2137 ad
1794 2113 1882 2138 eam

1004 2158 1326 2211 corrumpendam
1352 2170 1400 2194 eo
1431 2157 1559 2207 magis
1592 2155 1881 2207 impellebatur,

1004 2217 1109 2268 quod
1134 2228 1287 2254 summa
1313 2217 1423 2252 erant
1446 2211 1664 2251 obstacula.
1690 2211 1807 2250 Nunc
1831 2213 1882 2250 de

1002 2272 1241 2324 singulorum
1252 2272 1416 2308 virorum
1430 2269 1636 2308 sententiis
1651 2272 1881 2320 exponatur.

1003 2329 1174 2368 Primum
1193 2329 1297 2366 enim
1322 2326 1616 2364 enunciationes
1634 2325 1708 2364 diu
1730 2325 1880 2363 delibe-

1003 2390 1168 2425 raverat
1181 2383 1433 2436 Thrasyllus,
1451 2396 1532 2434 quo
1546 2413 1554 2420 .
1623 2382 1825 2432 reperiret
1843 2386 1882 2419 et

1003 2443 1267 2482 adulterinae
1292 2452 1409 2491 quum
1440 2452 1517 2476 non
1543 2437 1799 2481 cohaereant,
1818 2450 1880 2473 se-

1003 2502 1251 2550 quentesque
1269 2495 1499 2534 coniunctivi
1521 2498 1705 2533 cerneret
1723 2496 1762 2530 et
1784 2506 1879 2544 per-

1002 2557 1180 2607 spiceret
1191 2568 1265 2591 non
1281 2551 1578 2596 haheant,unde
1592 2550 1672 2601 apti
1687 2550 1777 2592 sint,
1793 2548 1880 2586 Sal-

1000 2612 1150 2649 masius
1164 2608 1410 2648 scribendum
1426 2608 1576 2645 censuit
1593 2605 1708 2658 quod
1721 2618 1804 2642 uec.
1826 2605 1881 2642 At

1000 2666 1356 2717 meliusScioppius
1365 2665 1400 2701 in
1412 2661 1627 2714 Symbolis,
1637 2674 1750 2711 quem
1760 2661 1881 2698 ceteri

1000 2726 1124 2762 secuti
1133 2727 1235 2766 sunt,
1244 2721 1469 2760 emendavit
1477 2719 1611 2758 locum
1620 2731 1708 2756 cum
1719 2722 1767 2760 et,
1778 2729 1880 2765 quae

997 2780 1189 2832 particula
1212 2779 1262 2817 ob
1288 2776 1529 2815 antecedens
1550 2775 1681 2813 locum
1698 2771 1881 2810 facillime

1001 2837 1123 2875 omitti
1147 2838 1319 2887 poterat,
1348 2837 1391 2870 ut
1415 2844 1542 2870 nexus
1568 2828 1880 2867 enunciationum

999 2892 1065 2931 hic
1101 2893 1169 2930 sit:
1216 2888 1456 2939 Thrasyllus
1493 2885 1559 2924 diu
1594 2884 1881 2923 deliberaverat

1005 2962 1087 3000 quo
1108 2953 1239 3000 pacto
1263 2946 1403 2985 saltem
1435 2943 1529 2995 [quo
1553 2941 1635 2993 vel]
1668 2940 1769 2978 clam
1794 2953 1880 2979 cum

1003 3018 1052 3042 ea
1076 3003 1385 3055 colloqueretur,
1412 3013 1498 3038 cum
1519 3002 1558 3035 et
1569 2997 1791 3035 adulterare
1804 3011 1880 3035 non

1001 3064 1157 3112 posset,
1183 3063 1271 3097 cett.
1303 3053 1581 3105 Hincintelligi
1594 3056 1740 3105 potest,
1765 3066 1882 3104 quam

1002 3128 1300 3168 supervacanea
1323 3114 1374 3151 sit
1396 3111 1576 3149 eiusdem
1607 3110 1767 3160 Sciopp.
1793 3122 1881 3147 con-

1004 3175 1152 3211 iectura
1177 3175 1367 3210 certaret.
1415 3167 1633 3263 Sequentia
1661 3166 1766 3203 bene
1795 3179 1880 3216 pro-

1498 3239 1521 3263 »ι
