2221 3667
311 160 367 203 80
552 162 603 201 L.
632 162 852 202 APULEII
881 160 1279 202 MADAURENSIS
1309 160 1852 203 METAMORPHOSEON

311 286 572 327 supergressu
617 274 718 329 pilae
763 275 966 325 volubilis,
1017 273 1198 314 instabile
1234 273 1443 326 vestigium
1487 274 1629 328 plantis
1665 274 1830 316 roscidis
1866 275 2105 327 (imitantes,

311 343 383 370 nec
424 336 467 369 ut
511 338 698 372 maneant
747 332 954 372 inhaerent
995 338 1033 371 et
1075 330 1148 370 iam
1192 329 1329 369 volare
1371 330 1599 370 creduntur.
1678 330 1784 371 Ecce
1825 331 1923 385 lapis
1963 330 2107 372 Parius

310 465 528 496 supergressa
551 459 574 488 s.
593 461 630 489 R.
649 457 823 497 sffcgressu
842 459 879 494 [ἰ.
898 467 924 487 e.
945 459 1067 494 supra}
1089 459 1124 485 G.
1145 458 1226 490 quod
1247 458 1325 486 Onu.
1348 466 1402 492 pro
1422 460 1535 494 glossa
1552 461 1649 488 habet
1662 461 1714 488 vel
1731 459 1951 494 explicatione
1970 460 2107 489 verioris

307 504 461 533 lectionis
478 504 513 532 in
532 511 679 542 egressu,
703 509 734 533 ut
753 505 934 534 coniecerat
955 504 1044 536 Lins.
1063 504 1104 531 ad
1123 509 1212 531 oram
1226 504 1274 531 ed.
1295 503 1386 532 Colv.
1405 508 1435 532 et
1457 505 1544 532 alius
1557 504 1610 533 vir
1622 506 1737 534 doctus
1749 506 1790 533 ad
1802 512 1903 540 marg.
1918 506 1967 534 ed.
1980 507 2064 534 Iunt-
2078 510 2107 534 et

308 549 540 579 Schikeradus.
592 549 747 578 volubilis
766 550 894 584 quidam
909 549 998 576 codd.
1014 552 1095 576 teste
1102 548 1193 577 Colv.
1209 546 1254 583 [et
1268 548 1321 576 vir
1334 549 1448 578 doetus
1461 550 1494 578 in
1508 550 1636 578 Vicent.
1648 549 1698 586 2.]
1745 549 1915 579 instabilis
1928 558 1958 585 p.
2000 549 2106 587 plan—

310 594 418 631 tisque
437 596 474 624 G.
491 596 531 624 D.
584 594 734 632 poscidis
753 596 788 623 P.
810 594 843 621 in
863 593 1026 626 excerptis
1039 593 1205 628 2Putschii.
1230 591 1354 621 rosidis
1373 594 1395 622 f.
1415 589 1541 634 [eadem
1562 595 1744 630 scripturae
1757 596 1902 625 varietas
1920 599 2009 625 extat
2021 596 2109 631 apud

308 639 431 668 coium.
445 640 487 668 V.
501 641 531 668 6.
544 639 574 675 S
592 640 844 669 10.Pa11ad.111.
863 639 912 665 13.
925 637 956 671 S.
972 639 1001 666 1.
1016 638 1108 666 ovid.
1122 638 1212 666 Fast.
1223 639 1261 666 Π.
1276 639 1306 667 3.
1323 640 1373 667 14.
1389 640 1479 675 Virg.
1493 640 1563 668 Ecl.
1576 641 1630 669 IV.
1645 641 1697 669 30.
1713 640 1754 669 cf.
1769 641 1810 669 ad
1822 641 1960 669 MetJv.
1974 639 2108 675 p.245.]

308 682 495 713 ‹letitantee
514 686 548 714 Ο.
570 687 681 714 Heins.
701 684 852 712 coniecit:
868 681 1001 718 plantis
1010 681 1185 718 procv'dae'us
1201 685 1368 712 testantes
1382 687 1435 713 vel
1448 688 1651 713 cernuanles
1665 688 1719 714 vel
1735 684 1923 714 titubantes
1935 687 1988 715 vel
2002 685 2108 722 cespi-

309 732 434 758 tantes.
479 731 582 757 etiam
598 729 659 758 vol.
675 730 709 757 F.
721 731 750 756 3.
767 730 801 756 G.
817 729 929 756 venet.
944 729 973 756 4.
988 728 1105 757 Bas.1.
1154 730 1191 755 at
1206 728 1273 756 iam
1288 730 1337 758 ed.
1352 730 1438 758 Prie.
1453 733 1487 757 et
1500 729 1617 757 volare
1630 732 1667 759 D.
1682 735 1711 759 et
1725 733 1761 759 L.
1776 739 1818 760 ex
1831 732 2010 760 con.voss.
2023 731 2110 759 unde

307 776 386 804 Oud.
405 776 604 804 emendavit:
636 778 669 801 et
683 772 833 801 avolare.
858 773 921 801 Sed
934 773 1016 801 nihil
1030 774 1219 802 mutandum
1230 782 1304 803 esse
1317 778 1439 811 censet,
1453 783 1550 809 quum
1563 775 1700 803 evolare
1713 775 1937 813 etproeolare
1949 777 2109 812 dicantur,

307 828 390 855 quae
408 820 549 849 eminent
570 824 599 848 et
622 819 865 855 protenduntur,
879 819 953 847 coll.
968 819 1068 847 Salui.
1087 819 1129 847 ad
1141 819 1242 848 Solin.
1255 828 1286 855 p.
1302 821 1376 849 233.
1390 828 1407 847 e
1421 823 1545 848 contra
1558 829 1612 855 pro
1626 829 1700 849 ecce
1714 823 1749 850 B.
1765 826 1794 851 et
1808 823 1878 850 edd.
1892 825 1969 851 vett.
1983 824 2111 857 praeter

304 867 388 895 lunt.
401 868 432 895 2.

308 976 417 1023 Quas
449 989 522 1026 ego
554 979 681 1012 tamen
714 973 788 1012 vidi
821 973 1018 1012 Victoriae
1048 975 1178 1026 imagi-

306 1047 377 1072 nes
409 1037 447 1070 et
481 1035 644 1076 statuas,
681 1030 742 1068 vel
775 1030 944 1069 humeris
981 1030 1043 1069 vel
1080 1031 1180 1069 facie

305 1091 441 1141 pinnas
460 1092 606 1126 tantum
629 1092 805 1140 utraque
823 1087 1030 1126 habebant.
1063 1087 1178 1134 Quid,

305 1147 339 1184 si
370 1147 480 1196 igitur
516 1149 694 1197 utraque
716 1157 868 1183 mecum
899 1145 1096 1196 corrigas?
1129 1144 1177 1183 ef.

304 1201 406 1240 Non.
437 1215 473 1252 p.
497 1204 587 1241 183.
619 1200 683 1238 ubi
709 1200 879 1239 nonnulli
904 1206 1080 1254 utraque
1104 1216 1177 1240 no-

303 1259 378 1297 stri
402 1259 496 1298 loco
525 1259 625 1296 moti
654 1257 888 1309 praeferunt,
915 1262 953 1296 et
973 1259 1026 1296 ita
1045 1272 1173 1297 emen-

304 1315 385 1352 dari
434 1318 567 1366 potest
611 1314 720 1353 locus
762 1314 885 1353 Lucil.
930 1315 1046 1353 Aetn.
1080 1319 1172 1356 521.

301 1376 476 1425 utraque
517 1375 564 1411 ut
597 1372 731 1423 possis
772 1373 879 1410 aeris
924 1386 1174 1424 coynoscere

297 1433 473 1480 partem.
515 1427 580 1466 De
604 1429 683 1478 νίκη
709 1428 865 1479 pinnata
890 1428 937 1466 cf.
965 1428 1096 1467 Scliol.
1121 1428 1172 1467 ad

302 1486 422 1523 Arist.
455 1485 528 1523 Av.
549 1488 641 1524 574.
672 1484 793 1523 Voss.
825 1484 994 1536 Mythol.
1021 1485 1084 1523 Br.
1104 1484 1172 1523 XI.

302 1546 368 1582 42.
406 1541 500 1580 Hirr.
537 1540 710 1579 Bilderb.
748 1540 771 1579 s.
803 1541 970 1593 Mythol.
992 1541 1017 1579 l.
1050 1556 1085 1593 p.
1109 1545 1171 1582 62.

301 1597 437 1637 Munk.
473 1597 525 1636 ad
561 1596 672 1649 Fulg.
710 1597 837 1649 Myth.
868 1596 978 1636 XIX.
1016 1612 1051 1649 p.
1080 1602 1171 1639 649.

302 1654 438 1694 Heins.
469 1652 519 1693 ad
550 1653 664 1692 Ovid.
697 1652 793 1693 Met.
813 1653 916 1692 VIII.
945 1658 1007 1694 13.
1039 1655 1170 1693 Arntz.

301 1712 353 1750 ad
394 1710 529 1750 Pacat.
570 1709 765 1762 Panegyr.
810 1710 1012 1750 Theodos.
1050 1725 1081 1749 c.
1108 1715 1172 1753 39.

303 1768 332 1819 §.
350 1772 384 1809 1.
409 1768 549 1806 Nazar.
569 1766 764 1819 Panegyr.
786 1767 984 1806 Constant.
1000 1771 1064 1809 32.
1091 1767 1120 1818 ὁ,
1136 1773 1173 1808 4.

302 1825 353 1863 de
384 1825 421 1863 la
453 1824 617 1863 Chauss.
649 1824 699 1862 de
729 1823 887 1863 deorum
918 1823 1043 1863 simul.
1077 1823 1173 1863 Tab.

303 1885 367 1923 29.
393 1882 430 1919 in
450 1881 590 1920 Graev.
613 1879 735 1919 Thes.
754 1881 802 1919 V.
823 1895 860 1932 p.
883 1885 973 1921 784.
1005 1880 1172 1933 Buleng.

302 1938 354 1977 de
379 1938 474 1977 Cir-c.
499 1937 613 1976 Rom.
640 1952 671 1977 c.
693 1941 757 1979 38.
789 1937 877 1976 ibid.
905 1937 1016 1977 Tom.
1042 1936 1110 1976 IX.
1136 1952 1172 1990 p.

303 1999 394 2037 677.
428 1994 479 2033 Et
507 1995 566 2033 sic
596 1994 699 2046 apud
732 1994 817 2033 Gai.
841 1993 1007 2033 Roman.
1033 1996 1068 2033 in
1095 1995 1173 2033 An-

302 2052 395 2091 thol.
429 2051 492 2090 lib.
518 2050 544 2089 1.
576 2065 612 2103 p.
643 2056 732 2093 104.
765 2051 826 2090 ed.
859 2050 977 2090 Brod.
1010 2056 1174 2103 quatuor

302 2109 570 2147 describuntur
604 2108 789 2147 victoriae
828 2108 1072 2161 ταιυπτέρυξι
1106 2124 1173 2148 αω-

301 2181 378 2212 τοις
407 2169 456 2212 εἷς
481 2159 681 2217 ”Ολυμπον
707 2170 854 2205 νεῖσθαι
879 2163 960 2204 κατ’
987 2163 1172 2218 εὐόροᾳοι

300 2220 468 2276 γραπτὸν
491 2222 622 2275 τέγος]

358 2293 626 2332 superyressn
656 2279 734 2318 vol.
786 2277 920 2318 Heins.
953 2280 1173 2318 coniecerat

301 2337 413 2376 nisae
434 2349 597 2389 [Jressns
617 2336 710 2388 pila
734 2335 942 2375 volubiles.
974 2335 1040 2388 [cf.
1065 2336 1169 2375 oud.

302 2394 338 2431 in
352 2391 521 2431 Miscell.
537 2391 635 2430 Obs.
653 2389 803 2430 Vol.11.
824 2391 933 2431 Toni.
950 2396 985 2433 2.
1007 2407 1043 2444 p.
1059 2393 1171 2445 300]

301 2449 441 2489 Pilum
483 2449 698 2488 volubilem
733 2462 819 2487 curn
857 2448 957 2487 oud.
995 2449 1170 2501 intelligo

302 2515 467 2560 σφαῖραν
492 2506 711 2551 rotundam,
751 2519 851 2556 qnae
877 2506 987 2557 quasi
1015 2507 1170 2545 circnm-

302 2562 403 2601 volvi
443 2563 592 2601 videtur
629 2561 676 2600 cf.
711 2561 814 2613 Yirg.
845 2561 1050 2600 Aen.V11.
1078 2566 1170 2604 383.

301 2620 442 2671 Vegct.
456 2619 522 2657 lV.
549 2633 580 2658 c,
596 2623 620 2660 8
640 2622 679 2657 et
702 2622 763 2659 17.
784 2617 887 2658 Oud.
901 2619 1043 2657 deinde
1062 2633 1170 2671 prae-

302 2676 377 2715 fert
418 2689 597 2730 cyr-essu,
640 2675 744 2728 quod
787 2676 961 2727 exponit:
1011 2678 1053 2714 in.
1091 2679 1172 2729 fine

302 2738 342 2771 et
379 2735 568 2786 «margine
609 2733 780 2772 rotundi
819 2733 939 2786 globi
975 2733 1171 2772 colummis

301 2791 482 2842 impositi
507 2791 624 2843 qecasz‘
643 2789 868 2843 pendentes
891 2794 1061 2829 statuae.
1097 2789 1170 2827 Ta-

303 2845 363 2885 les
393 2847 544 2897 effigies
574 2846 734 2885 inveniri
765 2846 905 2897 probat
934 2859 984 2884 ex
1008 2844 1034 2883 l.
1062 2846 1169 2884 Sme-

300 2903 341 2941 tii
366 2903 497 2956 Antiq.
517 2903 656 2942 Neom.
682 2917 718 2955 p.
736 2907 827 2944 140.
853 2907 892 2941 et
912 2901 986 2941 Lil.
1008 2901 1169 2953 Gyrald.

301 2959 505 3011 Syntagm.
530 2958 580 2998 X.
618 2960 668 2998 de
703 2959 752 2998 N.
788 2959 826 2999 D
888 2959 988 3012 [Sed
1024 2958 1169 3003 dubito.

302 3030 483 3069 eyressus
513 3017 551 3056 id
582 3031 704 3068 posse
729 3015 963 3067 significare,
994 3028 1170 3067 praeser-

299 3074 366 3111 tim
399 3087 513 3125 quum
546 3074 580 3112 in
606 3087 693 3125 sqq.
718 3073 849 3113 verbis
874 3087 948 3113 nee
973 3076 1019 3112 ut
1042 3087 1169 3111 inane-

301 3135 372 3169 (mt
389 3130 600 3169 inhaerent
619 3131 721 3169 idem
746 3131 1036 3181 exprimeretur.
1076 3129 1170 3166 Sine

300 3186 416 3226 (lubio
453 3200 718 3240 superqressu
743 3188 861 3240 pilae
898 3185 1083 3227 volubilis
1120 3199 1169 3224 ex

1241 975 1370 1014 Guelt'.
1403 975 1610 1027 legendum
1642 981 1680 1015 et
1705 991 1790 1015 cum
1816 991 1903 1029 sqq.
1930 977 2093 1017 decitan

1239 1037 1296 1072 tes
1330 1033 1550 1071 arctissime
1592 1034 1644 1072 ita
1684 1038 1748 1072 est
1788 1033 2108 1085 coniungendum‚

1239 1094 1278 1127 nt
1307 1089 1490 1128 victoriae
1520 1089 1610 1141 pilis
1642 1090 1847 1141 impositae
1872 1103 2021 1142 easque
2045 1103 2108 1129 su-

1238 1146 1533 1196 pergredientes
1558 1147 1725 1197 vestigia
1749 1148 1862 1198 quasi
1887 1146 2109 1185 accelerare

1237 1202 1483 1249 viderentur,
1537 1203 1667 1254 globis
1715 1202 1956 1254 provolutae.
2026 1202 2107 1242 Ali-

1234 1264 1292 1297 ter
1333 1273 1413 1297 rem
1457 1260 1655 1311 explicare
1693 1274 1857 1312 nequeo.
1916 1260 2108 1299 Fortasse

1233 1316 1376 1355 rectius
1420 1330 1490 1368 pro
1534 1318 1619 1356 sine
1660 1330 1804 1370 ¹‘flesset
1842 1317 2014 1369 corrigas
2050 1318 2109 1355 in-

1231 1387 1373 1425 qressu
1399 1372 1526 1412 littera
1549 1388 1567 1412 s
1587 1386 1635 1411 ex
1655 1386 1893 1426 praegresso
1914 1373 2107 1412 vocabulo

1229 1429 1486 1475 adhaerente,
1519 1430 1581 1468 vel
1613 1431 1822 1483 inqressae
1849 1430 1965 1482 pilas
1997 1429 2107 1469 volu·

1233 1486 1359 1538 biles]

1290 1544 1512 1582 demandes
1551 1544 1654 1594 quod
1689 1542 1797 1581 (lolv.
1829 1543 2036 1595 ingeniose
2070 1544 2105 1581 in

1232 1599 1469 1646 delibantes,
1494 1599 1628 1638 Brant.
1649 1599 1780 1651 inepte
1803 1600 1840 1638 in
1868 1600 2107 1640 deicitantes

1233 1658 1457 1694 commutari
1495 1656 1630 1701 voluit,
1662 1654 1764 1695 Oud.
1797 1660 1904 1695 recte
1936 1656 1986 1694 de
2018 1669 2104 1707 pro-

1234 1716 1369 1762 perato
1384 1711 1564 1764 intelligit
1576 1713 1777 1752 Victoriae
1789 1714 1981 1764 ingressu.
2003 1713 2041 1753 R
2049 1727 2105 1752 os-

1234 1768 1339 1808 cidis
1352 1770 1511 1822 plantis
1531 1769 1580 1807 de
1599 1769 1809 1809 velocitate
1827 1774 1974 1809 tantum
1988 1769 2106 1808 victo-

1232 1825 1312 1863 riae
1350 1830 1390 1863 et
1419 1826 1675 1864 inconstantia
1705 1826 1903 1878 explicare
1928 1839 2104 1878 possum.

1233 1895 1334 1933 quae
1371 1883 1482 1933 qnasi
1522 1883 1683 1922 lubrica
1713 1887 1753 1921 et
1782 1884 1968 1923 humecta
1998 1881 2105 1921 sacil-

1234 1937 1325 1977 lime
1351 1939 1505 1983 labitur:
1531 1939 1578 1978 cf.
1601 1939 1779 1978 Schmidt
1797 1939 1847 1978 ad
1866 1938 1960 1978 Hor.
1980 1938 2106 1991 Epist.

1233 1994 1259 2033 I.
1289 2000 1350 2036 18.
1377 2000 1441 2036 64.
1488 1995 1576 2033 Nisi
1609 1997 1739 2047 potius
1770 1997 1921 2035 rosillis
1944 1996 2058 2047 legas
2084 1995 2106 2034 i.

1233 2066 1266 2090 e.
1303 2054 1439 2097 roseis,
1478 2066 1711 2104 quamquam
1747 2052 1825 2091 boc
1861 2051 2105 2098 vocabulum,

1231 2109 1265 2146 si
1286 2108 1441 2161 quidem
1464 2123 1488 2147 a
1512 2123 1607 2149 rosa
1626 2109 1844 2161 repetieris,
1863 2122 1993 2161 neque
2010 2121 2104 2146 vero

1230 2180 1254 2204 a
1278 2180 1362 2212 ros,
1389 2166 1494 2218 quod
1518 2164 1687 2205 Forcell.
1712 2180 1833 2218 prave
1851 2166 1998 2218 posuit,
2029 2179 2105 2203 non

1231 2223 1266 2261 in
1299 2236 1373 2262 usu
1403 2227 1476 2262 est.
1531 2223 1716 2262 Attamen
1755 2223 1804 2261 ab
1836 2222 1961 2263 herba
1996 2226 2038 2261 ut
2066 2221 2107 2259 fit

1229 2278 1434 2325 herbidus,
1454 2293 1477 2317 a
1487 2281 1648 2333 sumus.-
1669 2280 1868 2333 fumidus,
1887 2280 2106 2318 itaarosa:

1228 2338 1404 2376 w’osiclus.
1461 2337 1597 2376 Rosea
1632 2349 1725 2375 vero
1757 2337 1917 2375 deorum
1949 2335 2105 2387 potissi-

1230 2406 1332 2431 mum
1359 2394 1545 2432 nominari
1570 2393 1745 2432 membra.
1763 2392 2009 2432 notissimum
2031 2396 2103 2430 est.

1230 2449 1278 2488 cs.
1303 2448 1388 2489 Intt.
1415 2449 1464 2488 ad
1488 2450 1595 2501 Virg.
1621 2449 1762 2488 Aen.l.
1789 2448 1900 2502 406]

1288 2520 1380 2547 eece
1411 2507 1531 2559 lapis.
1573 2506 1729 2557 vulgat.
1767 2520 1788 2545 e
1818 2509 1964 2546 contra
2001 2505 2104 2544 Oud.

1231 2564 1347 2602 medii
1371 2564 1456 2602 aevi
1489 2577 1583 2602 esse
1609 2562 1837 2601 latinitatem
1862 2566 1902 2600 et
1924 2562 2104 2601 barbaro-

1230 2634 1311 2659 rum
1343 2621 1500 2659 sordem
1531 2619 1711 2658 redolere
1736 2620 1839 2658 bene
1863 2618 2112 2671 pronunciat,-

1230 2676 1317 2717 coll.
1344 2677 1460 2716 Buim
1499 2677 1549 2715 ad
1573 2676 1681 2729 ἶίνς.
1703 2674 1843 2715 Aen..l
1870 2678 1934 2715 76.
1961 2679 2000 2712 et
2014 2672 2104 2712 Intt.

1228 2734 1279 2772 ad
1306 2733 1397 2773 Tac.
1428 2734 1529 2772 Ann.
1544 2732 1683 2773 XII.
1663 2731 1944 2772 '.Becichem.
1978 2729 2103 2782 Epist.

1230 2794 1295 2831 73.
1329 2795 1392 2831 74.
1431 2789 1505 2843 [cs.
1537 2789 1672 2829 Munk.
1704 2789 1753 2829 ad
1785 2786 1898 2840 Fulg.
1929 2785 2103 2839 ‘My-thol.

1230 2862 1260 2886 c.
1291 2851 1352 2888 14.
1389 2860 1425 2899 p.
1453 2850 1545 2888 641.
1597 2847 1705 2885 Stav.
1744 2857 1926 2897 quosque
1968 2843 2101 2883 laudat

1228 2903 1356 2942 Hand.
1388 2902 1558 2942 Turseli.
1581 2902 1625 2941 ll.
1656 2901 1826 2954 p.125.]
1859 2899 1961 2939 Oud.
1992 2912 2102 2953 prae-

1230 2960 1306 3000 fert
1347 2965 1385 3000 et
1425 2974 1534 3005 ecee,
1579 2959 1683 3011 quod
1721 2958 1841 3010 Apul.
1876 2957 2103 2995 sexcenties

1229 3017 1448 3069 scripserit:
1491 3016 1539 3055 cs.
1573 3016 1668 3054 Met.
1701 3014 1768 3053 lv.
1800 3028 1836 3066 p.
1864 3018 1956 3055 283.
2005 3011 2102 3065 [Ee-

1230 3088 1274 3111 ce
1312 3079 1351 3112 ct
1387 3079 1534 3112 emm-a
1574 3071 1818 3111 confunditur
1855 3072 1969 3109 ctiam
2006 3069 2102 3107 Met.

1231 3130 1273 3167 ll.
1317 3144 1352 3180 p.
1396 3135 1484 3170 108.
1533 3128 1605 3168 scd
1656 3132 1696 3166 nt·
1744 3128 1894 3166 videtur
1944 3140 2017 3166 non
2066 3125 2101 3163 in

1228 3185 1348 3239 Mssl
