2221 3667
332 184 414 227 ⁴326
598 183 643 224 L.
675 183 894 224 APULEH
926 181 1328 223 MADAURENSIS
1357 182 1903 224 METAMORPHOSEON

334 296 580 351 proclamans
600 295 795 337 stabulum
816 295 998 349 irrumpit
1011 308 1137 334 meum
1151 325 1161 344 ‚
1189 294 1395 348 tunsisque
1408 307 1454 335 ac
1468 294 1729 336 diverberatis
1742 296 1998 337 vehementer
2010 296 2134 337 uberi-

334 354 403 393 bus
424 352 582 406 incipit:
609 351 664 393 Et
684 367 788 393 nunc
802 353 876 392 iste
891 364 1055 391 securus
1070 350 1301 391 incumbens
1320 351 1525 405 praesepio
1541 351 1751 391 voracitati
1772 366 1866 392 suae
1881 353 2074 404 deservit,
2097 360 2137 393 et

333 410 596 449 insatiabilem
627 410 939 463 profundumque
970 413 1150 448 ventrem
1182 421 1337 461 semper
1368 407 1546 448 esitando
1578 407 1785 457 distendit,
1818 422 1891 448 nec
1921 422 2134 448 aerumnae

331 478 440 505 {neae
465 465 697 516 miseretur⁷
727 466 789 505 vel
813 463 1084 503 detestabilem
1111 477 1245 503 casum
1272 463 1446 504 defuncti
1472 463 1653 518 magistri
1679 464 1932 514 recordatur,
1966 465 2034 504 sed
2058 465 2134 505 sci—

328 592 445 621 ‹leimle
457 592 679 630 proclamans
701 593 719 620 f.
759 588 959 630 fasc-ltaque
980 592 1017 620 G.
1039 593 1069 620 1.

327 638 518 666 verberatis
537 636 565 667 ὃ.
615 636 805 665 verberibus
824 644 880 671 pro
901 635 1056 664 uberibus
1077 638 1111 665 G.
1136 639 1164 665 1.

1116 591 1245 628 irrupit
1261 588 1291 620 ὃ.
1339 591 1512 629 tonsisque
1532 588 1559 621 ὃ,
1599 590 1768 629 tensisque
1787 600 1817 626 p.
1855 590 2030 629 trusisque
2048 593 2083 620 G.
2105 594 2134 621 1.

1210 635 1338 673 incipit.
1352 636 1357 671 J
1370 639 1545 672 Perperam
1565 637 1644 666 Oud.
1666 637 1866 666 adnotationi
1885 644 1967 665 suae
1985 638 2136 671 adposuit

329 684 376 711 sic
395 684 531 720 incipit,
559 685 638 717 qum!
663 683 693 710 in
709 683 799 710 nullo
818 682 902 710 libro
920 689 980 710 nec
995 682 1115 716 scripto
1128 689 1188 711 nec
1205 683 1292 711 edito
1306 682 1434 717 legitur.
1464 683 1599 711 Pricaeo
1612 683 1718 717 magis
1732 683 1953 717 Apuleianum
1965 682 2137 710 videbatur

326 738 401 758 esse
418 730 468 757 siv
488 727 575 765 infit.
607 729 666 755 Sed
688 727 728 754 es.
749 728 789 755 ad
804 727 928 756 Met.V.
944 736 975 762 p.
991 728 1067 756 368.
1090 726 1137 754 sic
1155 727 1290 766 inm'pv't,
1315 728 1370 756 ubi
1390 728 1466 756 ilem
1486 732 1611 757 mutare
1628 730 1742 756 volunt
1759 727 1910 757 nonnulli
1928 728 2132 761 interpretes.

325 779 361 802 vt
373 779 481 803 metus
495 774 558 801 iste
572 779 711 800 sec-urus
728 774 761 800 Β.
798 775 831 799 et
847 774 926 799 tune
940 773 1004 800 iste
1016 773 1144 801 Vicent.
1159 773 1274 802 Venet.
1289 775 1416 802 2.1unt.
1433 775 1461 801 1.
1476 775 1550 802 Ald.

727 815 901 845 eseitando
916 827 949 851 φ.
986 815 1187 845 hescz‘tando
1207 820 1244 847 G.
1262 820 1290 847 1.

326 819 485 848 distendit
506 822 541 846 (ὶ.
555 821 585 846 2.
600 819 637 846 l).
653 819 690 845 L.

331 866 451 893 misere
470 866 518 893 ed.
539 871 585 898 pr.
599 863 727 892 Vicent.
741 864 856 892 Venet.
869 865 902 892 2.
917 864 947 902 4.
962 863 1070 892 Paris.

370 974 575 1026 tunsisque
587 971 787 1012 uberibus.
806 972 869 1024 [cs.
879 971 975 1012 Met.
986 972 1055 1012 IV.
1064 976 1200 1024 p.290.

323 1031 497 1070 assiduis
521 1029 771 1082 sbogynltibus
796 1030 870 1068 ilia
897 1031 1099 1082 quatiens,
1136 1031 1201 1069 ubi

322 1087 371 1126 cs.
397 1100 434 1138 p.
463 1090 556 1127 291.
584 1091 623 1124 et
643 1091 789 1137 pectus
815 1087 936 1124 etiam
962 1087 1116 1137 palmis
1141 1088 1200 1125 in-

318 1145 437 1195 festiS
461 1143 633 1182 lmzdere
658 1146 696 1180 et
711 1144 862 1194 faciem
883 1142 998 1181 illam
1018 1143 1199 1183 luculen-

321 1205 399 1239 lam
425 1199 643 1238 verberare
667 1200 828 1250 incipit.
856 1199 906 1237 cf.
933 1199 983 1238 ad
1008 1199 1104 1238 Met.
1131 1198 1200 1239 IV.

320 1270 354 1306 p.
370 1256 464 1297 314.
493 1256 597 1309 qnid
619 1260 812 1307 pectora,
840 1256 944 1309 quid
965 1256 1092 1296 ubera
1110 1270 1199 1296 san-

320 1318 386 1352 cta
414 1312 622 1364 tunditis]

375 1375 413 1408 et
437 1369 589 1408 caindo
609 1368 888 1420 proclamans.
917 1369 1089 1408 Exinde
1101 1368 1183 1421 {Flo

319 1426 425 1465 ridus
451 1426 609 1477 exponit
636 1427 800 1464 eminas.
851 1425 934 1463 Sed
959 1425 1065 1478 apud
1084 1425 1195 1476 Apu-

320 1483 434 1520 leium
449 1482 630 1531 aliosque
645 1482 1022 1534 scriptoresjexinde
1034 1495 1196 1533 usurpa-

319 1544 376 1577 tur
390 1553 459 1589 pro
479 1552 532 1577 at·
548 1552 596 1576 eo
610 1543 810 1590 tempore,
836 1539 907 1576 nisi
928 1540 1013 1590 capi
1034 1538 1194 1578 forsitan

319 1596 446 1647 possit
460 1608 529 1646 pro
542 1594 780 1639 identidem.
800 1608 929 1647 nsque
943 1596 1052 1641 inde,
1079 1609 1195 1645 quam

318 1665 429 1689 suam
466 1651 703 1689 sententiam
740 1650 844 1690 Oud.
883 1651 1068 1690 adiuvare
1105 1652 1197 1690 dicit

318 1709 444 1746 locum
469 1706 686 1746 Motwltl.
712 1720 748 1757 p.
776 1711 868 1747 573.
904 1708 990 1746 Serl
1015 1709 1196 1747 exinde

318 1764 484 1803 odiosus
531 1768 659 1802 emtor
707 1764 827 1803 aliud
874 1764 927 1802 de
979 1764 1065 1803 alio
1112 1779 1195 1804 non

313 1822 435 1859 desiit
474 1833 682 1871 quaerere.
756 1818 920 1858 Pricaeo
963 1819 1096 1872 placet
1129 1821 1194 1859 vel

315 1878 366 1914 de
392 1877 528 1915 limine
551 1876 617 1913 vel
643 1877 723 1915 iam
737 1877 835 1915 inde
848 1876 897 1915 ab
914 1877 1014 1915 ostio
1029 1877 1192 1916 scilicet.

314 1933 374 1984 [St
389 1934 469 1972 iam
483 1932 625 1971 indeid
642 1932 864 1984 significare
878 1937 1030 1985 posset,
1041 1935 1194 1973 exinde

311 1991 427 2027 etiam
448 1990 726 2040 probaremus,
754 2002 870 2039 quum
886 1990 1015 2029 locum
1029 1991 1192 2043 saepius

312 2046 474 2084 indicet.
506 2045 609 2084 unde
640 2046 788 2096 aliquid
818 2046 1094 2098 proficiscatur.
1144 2047 1194 2086 ef.

309 2102 439 2141 Hand.
461 2101 631 2140 Tursell.
654 2101 755 2143 'l¹.ll.
775 2116 811 2153 p.
830 2107 924 2144 666.
952 2103 1035 2142 Sed
1054 2103 1193 2143 exloci

310 2159 507 2197 sententia
531 2162 611 2198 tum
632 2162 779 2197 tantum
802 2159 889 2198 ferri
908 2164 1067 2211 posset,
1093 2161 1193 2200 side

309 2216 466 2254 stabulo
500 2214 564 2254 vel
596 2216 681 2253 eius
714 2215 845 2254 limine
876 2217 912 2255 in
943 2218 1191 2269 praegressis

308 2274 385 2311 iam
416 2285 546 2311 sermo
578 2272 738 2318 fuisset,
771 2273 874 2324 quod
902 2286 1020 2324 quum
1046 2274 1191 2313 factum

308 2343 384 2367 non
411 2330 480 2373 sit,
505 2327 657 2368 Pricaei
676 2330 872 2368 sententia
890 2329 1098 2370 refutanda
1111 2334 1187 2369 est.

308 2385 359 2424 Et
384 2398 537 2432 omnes,
570 2398 671 2436 quae
702 2386 740 2423 in
765 2399 814 2424 ea
845 2386 1035 2437 particula
1058 2389 1189 2426 insunt

306 2441 626 2493 significatione-3,
651 2442 741 2481 huic
768 2442 855 2481 loco
882 2445 1091 2482 convenire
1109 2458 1185 2483 non

305 2499 494 2537 videntur.
544 2497 605 2537 Ex
626 2499 672 2537 iis
693 2499 815 2546 enim,
837 2513 938 2551 quae
951 2501 1001 2539 ad
1014 2500 1184 2540 Met.V1.

304 2570 342 2607 p.
359 2559 452 2596 430.
468 2555 517 2593 dc
537 2555 652 2593 huius
672 2556 888 2606 particulae
901 2557 1186 2608 significationi-

308 2613 381 2650 bus
412 2612 598 2662 exposui,
641 2617 806 2664 apparet
844 2617 1018 2652 nostrum
1056 2613 1185 2653 locum

306 2671 528 2718 corruptum
553 2682 666 2715 esse3
691 2682 780 2708 nam
806 2683 922 2721 quem
936 2669 1039 2709 Oud.
1060 2671 1187 2710 attulit

307 2725 452 2770 locum,
477 2725 543 2763 ubi
568 2726 722 2765 esi-inde
746 2726 1067 2776 significationem
1097 2741 1184 2779 par-

305 2781 448 2819 ticulae
473 2781 697 2820 identidem
721 2782 904 2829 haberet,
930 2782 1048 2834 plane
1073 2783 1185 2823 aliter

304 2837 461 2889 explico
486 2838 604 2876 solita
629 2839 786 2877 notione
811 2844 911 2884 inm,
944 2854 1027 2892 quo
1049 2843 1182 2892 facto,

305 2899 344 2931 ut
396 2907 544 2932 merum
603 2894 828 2945 figmentum
882 2895 958 2934 hoc
1005 2897 1183 2937 videatur

304 2963 399 2988 esse
435 2949 538 2989 Oud.
575 2950 678 2988 Hinc
708 2956 802 3003 puto
834 2951 1044 3003 legendum
1082 2967 1177 2992 esse

304 3011 442 3045 exerte.
455 3020 525 3057 pro
547 3008 701 3047 ezinde
726 3009 747 3047 i.
764 3021 796 3047 e.
823 3008 904 3048 alta
928 3023 1027 3047 voce
1052 3014 1091 3049 et
1115 3024 1178 3048 so-

305 3061 423 3099 lidum
437 3064 627 3109 clamans,
652 3068 693 3102 ut
706 3064 803 3105 Met.
819 3064 844 3104 l.
860 3079 899 3116 p.
917 3068 982 3107 15.
1007 3072 1180 3106 exerto

304 3119 505 3158 vaelu'nno
514 3133 550 3171 p.
561 3123 626 3162 56.
645 3126 814 3161 escerte
830 3123 1056 3162 clamitans.
1071 3123 1178 3164 Pro-

1599 771 1800 801 incumberes
1814 774 1849 801 G.
1867 774 1895 802 1.
1942 770 2134 800 exet-tando

1338 817 1477 846 miseret
1497 827 1526 854 p.
1545 820 1630 847 lunt.
1650 819 1680 848 1.
1699 819 1775 848 Ald.
1794 818 1885 848 colv.
1921 818 2067 846 miserae
2080 819 2135 847 vel

1260 973 1454 1014 clamasse
1478 986 1569 1012 vero
1595 973 1688 1012 dicit
1712 974 1846 1012 asinus
1871 985 2004 1019 anum,
2041 973 2133 1024 quia

1258 1034 1349 1069 ante
1364 1044 1477 1082 quam
1493 1029 1649 1070 stabulo
1664 1030 1888 1074 accederet,
1913 1030 2028 1069 fletus
2047 1030 2133 1068 eius

1259 1091 1377 1138 atque
1408 1087 1601 1126 clamores
1632 1087 1835 1138 percipere
1867 1100 1890 1124 o
1920 1086 2131 1138 longinquo

1258 1148 1421 1196 poterat.
1472 1143 1584 1183 Errat
1619 1143 1732 1194 igitur
1768 1143 1890 1189 Oud.,
1928 1144 1993 1194 qui
2025 1147 2134 1194 putat

1259 1199 1457 1239 Floridum
1472 1200 1623 1240 exinde
1635 1201 1813 1247 vertisse,
1838 1200 2000 1246 eminus,
2015 1212 2133 1251 quum

1258 1257 1360 1296 hanc
1378 1257 1606 1309 particulam
1627 1261 1732 1296 certo
1751 1257 1910 1301 dubius,
1936 1255 2134 1308 quomodo

1258 1314 1491 1366 explicaret,
1506 1315 1693 1360 omiserit;
1715 1317 1754 1351 et
1762 1313 2029 1365 proclamans
2042 1312 2133 1351 emi-

1258 1385 1332 1410 nus
1357 1370 1532 1410 clamans
1556 1372 1830 1421 interpretatus
1855 1369 1937 1422 sit]

1313 1432 1352 1466 et
1381 1441 1490 1467 nunc
1520 1428 1603 1466 iste.
1664 1426 1740 1478 [Et
1773 1426 2001 1477 particulam
2037 1438 2133 1464 esse

1255 1484 1487 1534 indignantis
1507 1487 1546 1521 et
1567 1483 1790 1529 irascentis,
1815 1496 1863 1521 ae
1882 1482 2131 1534 potissimum

1254 1540 1413 1592 praefigi
1461 1540 1772 1590 interrogationi,
1826 1539 2131 1585 demonstratum

1254 1602 1318 1636 est
1341 1596 1393 1636 ad
1416 1594 1515 1636 Met.
1530 1595 1555 1634 1.
1579 1611 1615 1648 p.
1638 1600 1704 1637 76.
1731 1597 1789 1635 Et
1810 1611 1836 1636 a
1863 1609 1957 1648 qua,
1982 1595 2130 1648 inquit,

1254 1655 1423 1694 istorum
1446 1658 1696 1705 nugamenta
1720 1653 1822 1692 haec
1847 1651 2129 1704 comparasti]

1310 1724 1420 1750 nune
1432 1711 1506 1749 isle
1520 1723 1697 1749 securus.
1728 1708 1960 1748 Lectionem
1979 1708 2065 1748 cod.
2079 1707 2130 1747 B.

1254 1771 1293 1815 et
1311 1771 1435 1806 meins
1455 1767 1527 1805 iste
1545 1779 1708 1806 securus
1733 1766 1893 1817 Sciopp.
1911 1779 1984 1804 non
1999 1765 2129 1804 solum

1253 1823 1290 1861 in
1317 1823 1533 1874 Synibolis,
1558 1823 1633 1861 sed
1657 1823 1692 1860 in
1709 1822 1828 1874 Susp.
1850 1822 1917 1860 lv.
1934 1822 2000 1864 12.
2019 1834 2128 1874 prae-

1250 1879 1402 1926 tulerat,
1422 1883 1462 1918 ut
1475 1884 1598 1919 metus
1615 1879 1668 1917 sit
1685 1892 1803 1918 casus
1817 1878 2037 1923 secundus,
2064 1878 2127 1928 qui

1252 1949 1302 1974 ex
1315 1935 1506 1974 adieetivo
1519 1949 1687 1976 securus
1699 1939 1814 1986 aptus
1830 1937 1900 1981 sit,
1926 1934 2014 1987 [qui
2027 1947 2127 1974 usus

1252 2006 1328 2031 non
1353 1993 1406 2031 ita
1425 2005 1535 2031 rarus
1560 1990 1638 2038 est,
1665 1992 1739 2030 sed
1761 1992 1894 2030 multis
1919 1990 2128 2043 exemplis,

1253 2050 1427 2100 inprimis
1462 2052 1685 2100 poetarum,
1722 2051 1855 2100 potest
1903 2047 2128 2095 confirmari,

1252 2119 1486 2157 quamquam
1501 2105 1663 2156 saepius
1672 2108 1865 2144 mutarunt
1877 2105 2128 2144 constructio-

1250 2176 1340 2202 nem
1376 2162 1529 2201 librarii.
1554 2209 1556 2211 Ι
1577 2161 1635 2202 lta
1670 2161 1939 2201 emendandus
1970 2165 2050 2208 est,
2085 2164 2129 2199 ut

1249 2233 1366 2258 unum
1393 2218 1618 2270 exemplum
1644 2218 1822 2266 afferam,
1850 2217 1960 2257 locus
1979 2216 2125 2256 Minue.

1250 2276 1335 2315 Fel.
1362 2290 1393 2315 c.
1419 2273 1650 2314 XXXVIH.
1677 2276 1709 2326 ἕ.
1736 2279 1771 2316 6.
1800 2276 1871 2328 qui
1895 2280 1935 2314 et
1957 2274 2129 2314 modesti

1247 2333 1316 2372 dei
1327 2333 1459 2371 nostri
1474 2332 1733 2377 liberalitate,
1755 2333 1889 2371 securi
1913 2332 2019 2383 spei
2044 2330 2126 2380 (vel

1245 2391 1294 2428 in
1318 2392 1461 2440 spem)
1472 2391 1643 2440 fntm'ae
1653 2388 1887 2440 felicitatis,
1909 2388 2126 2440 fideprae-

1244 2446 1367 2485 sentis
1380 2447 1464 2486 eius
1477 2446 1696 2484 maiestatis
1709 2445 1946 2484 animamur.
1978 2444 2125 2482 verum

1244 2501 1365 2541 multo
1392 2505 1455 2540 est
1479 2500 1698 2552 elegantius
1723 2506 1762 2540 et
1784 2514 1893 2541 nnnc
1924 2503 2018 2551 post
2045 2503 2125 2538 tam

1243 2558 1460 2597 scelestum
1486 2557 1654 2604 facinus,
1681 2561 1720 2596 et
1744 2557 1986 2596 efficaciores
2005 2556 2127 2594 habet

1243 2628 1429 2658 veneres,
1462 2628 1576 2666 quam
1608 2613 1801 2665 languens
1831 2613 1937 2652 istud
1967 2612 2122 2664 metus]

1301 2673 1522 2712 miseretur.
1570 2670 1802 2709 Lectionem
1827 2669 1940 2708 codd.
1973 2669 2124 2719 aliquot

1242 2732 1283 2767 et
1308 2728 1395 2767 edd.
1420 2731 1513 2766 vett.
1538 2727 1706 2766 miserae
1729 2728 1783 2765 ita
1801 2725 2015 2765 defendere
2034 2725 2123 2776 quis

1243 2786 1390 2837 possit,
1415 2788 1458 2823 ut
1481 2783 1653 2836 pendeat
1672 2796 1694 2821 e
1714 2783 1974 2829 recordatur,
2001 2782 2124 2821 diver-

1242 2841 1301 2880 sis
1327 2842 1486 2880 casibus
1506 2841 1570 2879 uni
1585 2839 1702 2877 verbo
1717 2840 1875 2884 iunctis,
1902 2851 2018 2889 quam
2033 2851 2124 2876 con·

1241 2899 1494 2936 structionem
1523 2895 1696 2949 Apuleio
1732 2909 1808 2933 non
1846 2894 1974 2933 fuisse
2009 2893 2123 2932 infre·

1241 2957 1424 3005 quentem
1451 2953 1658 3005 aliquoties
1683 2951 1862 2990 vidimus.
1914 2951 1997 2989 Sed
2015 2949 2120 2989 Mss.

1238 3011 1342 3050 bene
1367 3011 1515 3049 hahent
1526 3011 1747 3054 miseretur,
1774 3021 1877 3059 quae
1902 3007 2027 3046 forma
2050 3020 2120 3058 po-

1237 3067 1431 3106 tissimum
1445 3066 1549 3118 apud
1563 3066 1717 3117 priscae
1736 3064 1937 3103 latinitatis
1957 3064 2120 3115 scripto-

1237 3137 1303 3163 res
1328 3127 1413 3165 erat
1436 3124 1473 3162 in
1499 3136 1592 3171 usu3
1630 3121 1679 3161 cf.
1704 3120 1841 3160 Lexic.
1867 3119 2039 3160 Forcell.
