<?xml version="1.0" encoding="UTF-8"?>
<!DOCTYPE html PUBLIC "-//W3C//DTD XHTML 1.0 Transitional//EN"
    "http://www.w3.org/TR/xhtml1/DTD/xhtml1-transitional.dtd">
<html xmlns="http://www.w3.org/1999/xhtml" xml:lang="en" lang="en">
 <head>
  <title>
</title>
<meta http-equiv="Content-Type" content="text/html;charset=utf-8" />
  <meta name='ocr-system' content='tesseract 3.04.00' />
  <meta name='ocr-capabilities' content='ocr_page ocr_carea ocr_par ocr_line ocrx_word'/>
</head>
<body>
  <div class='ocr_page' id='page_1' title='image "./operaomnia01apuluoft/operaomnia01apuluoft_0905.png"; bbox 0 0 2155 3590; ppageno 0'>
   <div class='ocr_carea' id='block_1_1' title="bbox 677 133 1012 176">
    <p class='ocr_par' dir='ltr' id='par_1_1' title="bbox 677 133 1012 176">
     <span class='ocr_line' id='line_1_1' title="bbox 677 133 1012 176; baseline 0.006 -2"><span class='ocrx_word' id='word_1_1' title='bbox 677 134 864 175; x_wconf 85' lang='lat' dir='ltr'>LIBER</span> <span class='ocrx_word' id='word_1_2' title='bbox 890 133 1012 176; x_wconf 77' lang='lat' dir='ltr'><strong>vul.</strong></span> 
     </span>
    </p>
   </div>
   <div class='ocr_carea' id='block_1_2' title="bbox 121 238 2011 306">
    <p class='ocr_par' dir='ltr' id='par_1_2' title="bbox 121 238 2011 306">
     <span class='ocr_line' id='line_1_2' title="bbox 121 238 2011 306; baseline -0.001 -16"><span class='ocrx_word' id='word_1_3' title='bbox 121 251 218 291; x_wconf 85' lang='lat' dir='ltr'>serta</span> <span class='ocrx_word' id='word_1_4' title='bbox 240 247 435 306; x_wconf 66' lang='lat' dir='ltr'>iulmenta</span> <span class='ocrx_word' id='word_1_5' title='bbox 454 249 626 289; x_wconf 78' lang='lat' dir='ltr'>latenter</span> <span class='ocrx_word' id='word_1_6' title='bbox 645 248 915 300; x_wconf 82' lang='lat' dir='ltr'>absconditus,</span> <span class='ocrx_word' id='word_1_7' title='bbox 939 248 1118 289; x_wconf 75' lang='lat' dir='ltr'><strong>clunibus</strong></span> <span class='ocrx_word' id='word_1_8' title='bbox 1145 248 1241 288; x_wconf 84' lang='lat' dir='ltr'>meis</span> <span class='ocrx_word' id='word_1_9' title='bbox 1257 247 1279 273; x_wconf 87' lang='lat'><em>*</em></span> <span class='ocrx_word' id='word_1_10' title='bbox 1295 247 1622 302; x_wconf 81' lang='lat' dir='ltr'>aggressionibus</span> <span class='ocrx_word' id='word_1_11' title='bbox 1637 238 1811 288; x_wconf 78' lang='lat' dir='ltr'>*ferinis</span> <span class='ocrx_word' id='word_1_12' title='bbox 1827 255 1918 288; x_wconf 86' lang='lat' dir='ltr'>eon·</span> <span class='ocrx_word' id='word_1_13' title='bbox 1946 256 2011 288; x_wconf 76' lang='lat'>552</span> 
     </span>
    </p>
   </div>
   <div class='ocr_carea' id='block_1_3' title="bbox 1072 133 1924 177">
    <p class='ocr_par' dir='ltr' id='par_1_3' title="bbox 1072 133 1924 177">
     <span class='ocr_line' id='line_1_3' title="bbox 1072 133 1924 177; baseline 0.004 -3"><span class='ocrx_word' id='word_1_14' title='bbox 1072 134 1144 174; x_wconf 82' lang='lat' dir='ltr'>CA</span> <span class='ocrx_word' id='word_1_15' title='bbox 1155 134 1199 174; x_wconf 90' lang='lat' dir='ltr'>P.</span> <span class='ocrx_word' id='word_1_16' title='bbox 1232 135 1270 174; x_wconf 89' lang='lat' dir='ltr'>X</span> <span class='ocrx_word' id='word_1_17' title='bbox 1280 134 1351 174; x_wconf 77' lang='lat' dir='ltr'>Vl.</span> <span class='ocrx_word' id='word_1_18' title='bbox 1840 133 1924 177; x_wconf 86' lang='lat'><strong>697</strong></span> 
     </span>
    </p>
   </div>
   <div class='ocr_carea' id='block_1_4' title="bbox 119 304 1919 417">
    <p class='ocr_par' dir='ltr' id='par_1_4' title="bbox 119 304 1919 417">
     <span class='ocr_line' id='line_1_4' title="bbox 119 304 1918 360; baseline -0.001 -13"><span class='ocrx_word' id='word_1_19' title='bbox 119 305 307 347; x_wconf 85' lang='lat' dir='ltr'>sulebam.</span> <span class='ocrx_word' id='word_1_20' title='bbox 338 304 498 359; x_wconf 84' lang='lat' dir='ltr'>lamque</span> <span class='ocrx_word' id='word_1_21' title='bbox 519 320 579 345; x_wconf 90' lang='lat' dir='ltr'>me</span> <span class='ocrx_word' id='word_1_22' title='bbox 601 319 720 346; x_wconf 79' lang='lat' dir='ltr'>cursu</span> <span class='ocrx_word' id='word_1_23' title='bbox 740 305 859 346; x_wconf 86' lang='lat' dir='ltr'>celeri</span> <span class='ocrx_word' id='word_1_24' title='bbox 880 313 1034 346; x_wconf 80' lang='lat' dir='ltr'>ceteros</span> <span class='ocrx_word' id='word_1_25' title='bbox 1054 319 1174 360; x_wconf 86' lang='lat' dir='ltr'>equos</span> <span class='ocrx_word' id='word_1_26' title='bbox 1195 304 1495 345; x_wconf 77' lang='lat' dir='ltr'>antecellentem</span> <span class='ocrx_word' id='word_1_27' title='bbox 1510 305 1757 346; x_wconf 83' lang='lat' dir='ltr'><strong>mirabantur</strong></span> <span class='ocrx_word' id='word_1_28' title='bbox 1771 319 1918 345; x_wconf 89' lang='lat' dir='ltr'>omnes.</span> 
     </span>
     <span class='ocr_line' id='line_1_5' title="bbox 119 360 1919 417; baseline -0.001 -13"><span class='ocrx_word' id='word_1_29' title='bbox 119 361 196 404; x_wconf 88' lang='lat' dir='ltr'>Sed</span> <span class='ocrx_word' id='word_1_30' title='bbox 220 362 287 402; x_wconf 85' lang='lat' dir='ltr'>illa</span> <span class='ocrx_word' id='word_1_31' title='bbox 313 362 526 417; x_wconf 80' lang='lat' dir='ltr'>pernicitas</span> <span class='ocrx_word' id='word_1_32' title='bbox 551 376 630 402; x_wconf 91' lang='lat' dir='ltr'>non</span> <span class='ocrx_word' id='word_1_33' title='bbox 657 370 744 403; x_wconf 85' lang='lat' dir='ltr'>erat</span> <span class='ocrx_word' id='word_1_34' title='bbox 769 362 981 403; x_wconf 78' lang='lat' dir='ltr'>alacritatis</span> <span class='ocrx_word' id='word_1_35' title='bbox 1015 376 1125 403; x_wconf 84' lang='lat' dir='ltr'>meae</span> <span class='ocrx_word' id='word_1_36' title='bbox 1156 362 1224 402; x_wconf 86' lang='lat' dir='ltr'>sed</span> <span class='ocrx_word' id='word_1_37' title='bbox 1251 361 1471 401; x_wconf 80' lang='lat' dir='ltr'>formidinis</span> <span class='ocrx_word' id='word_1_38' title='bbox 1497 361 1698 402; x_wconf 75' lang='lat' dir='ltr'>indicium.</span> <span class='ocrx_word' id='word_1_39' title='bbox 1738 360 1919 415; x_wconf 86' lang='lat' dir='ltr'>Denique</span> 
     </span>
    </p>
   </div>
   <div class='ocr_carea' id='block_1_5' title="bbox 116 477 1154 515">
    <p class='ocr_par' dir='ltr' id='par_1_5' title="bbox 116 477 1154 515">
     <span class='ocr_line' id='line_1_6' title="bbox 116 477 1154 515; baseline 0.001 -8"><span class='ocrx_word' id='word_1_40' title='bbox 116 482 279 507; x_wconf 79' lang='lat' dir='ltr'>conserta</span> <span class='ocrx_word' id='word_1_41' title='bbox 291 481 328 509; x_wconf 90' lang='lat' dir='ltr'>B.</span> <span class='ocrx_word' id='word_1_42' title='bbox 344 489 376 514; x_wconf 85' lang='grc' dir='ltr'><strong>φ.</strong></span> <span class='ocrx_word' id='word_1_43' title='bbox 391 477 420 509; x_wconf 80' lang='grc' dir='ltr'><strong>ὃ.</strong></span> <span class='ocrx_word' id='word_1_44' title='bbox 434 482 482 509; x_wconf 83' lang='lat' dir='ltr'>ed.</span> <span class='ocrx_word' id='word_1_45' title='bbox 497 489 542 515; x_wconf 78' lang='lat' dir='ltr'>nr.</span> <span class='ocrx_word' id='word_1_46' title='bbox 556 480 684 510; x_wconf 78' lang='lat' dir='ltr'>Vicent.</span> <span class='ocrx_word' id='word_1_47' title='bbox 699 482 813 510; x_wconf 69' lang='lat' dir='ltr'>venet.</span> <span class='ocrx_word' id='word_1_48' title='bbox 829 482 859 509; x_wconf 74' lang='lat'>2².</span> <span class='ocrx_word' id='word_1_49' title='bbox 875 483 903 509; x_wconf 77' lang='grc'><strong>4.</strong></span> <span class='ocrx_word' id='word_1_50' title='bbox 925 480 1028 509; x_wconf 69' lang='lat' dir='ltr'>Basti.</span> <span class='ocrx_word' id='word_1_51' title='bbox 1047 480 1154 509; x_wconf 70' lang='lat' dir='ltr'>Paris.</span> 
     </span>
    </p>
   </div>
   <div class='ocr_carea' id='block_1_6' title="bbox 1202 477 1921 515">
    <p class='ocr_par' dir='ltr' id='par_1_6' title="bbox 1202 477 1921 515">
     <span class='ocr_line' id='line_1_7' title="bbox 1202 477 1921 515; baseline -0.001 -9"><span class='ocrx_word' id='word_1_52' title='bbox 1202 477 1262 515; x_wconf 79' lang='lat' dir='ltr'>ab,</span> <span class='ocrx_word' id='word_1_53' title='bbox 1289 480 1373 513; x_wconf 82' lang='lat' dir='ltr'>quod</span> <span class='ocrx_word' id='word_1_54' title='bbox 1393 479 1426 507; x_wconf 90' lang='lat' dir='ltr'>in</span> <span class='ocrx_word' id='word_1_55' title='bbox 1447 479 1616 507; x_wconf 74' lang='lat' dir='ltr'>nonnullis</span> <span class='ocrx_word' id='word_1_56' title='bbox 1638 480 1727 507; x_wconf 82' lang='lat' dir='ltr'>codd.</span> <span class='ocrx_word' id='word_1_57' title='bbox 1750 483 1820 513; x_wconf 79' lang='lat' dir='ltr'>nost</span> <span class='ocrx_word' id='word_1_58' title='bbox 1840 478 1921 506; x_wconf 67' lang='lat' dir='ltr'>meis</span> 
     </span>
    </p>
   </div>
   <div class='ocr_carea' id='block_1_7' title="bbox 117 523 1923 652">
    <p class='ocr_par' dir='ltr' id='par_1_7' title="bbox 117 523 1923 652">
     <span class='ocr_line' id='line_1_8' title="bbox 117 523 1922 563; baseline -0.001 -9"><span class='ocrx_word' id='word_1_59' title='bbox 117 525 250 563; x_wconf 77' lang='lat' dir='ltr'>legitur,</span> <span class='ocrx_word' id='word_1_60' title='bbox 276 534 340 554; x_wconf 85' lang='lat' dir='ltr'>non</span> <span class='ocrx_word' id='word_1_61' title='bbox 354 530 516 560; x_wconf 80' lang='lat' dir='ltr'>comparet</span> <span class='ocrx_word' id='word_1_62' title='bbox 531 526 565 554; x_wconf 89' lang='lat' dir='ltr'>in</span> <span class='ocrx_word' id='word_1_63' title='bbox 578 527 613 555; x_wconf 80' lang='lat' dir='ltr'>F.</span> <span class='ocrx_word' id='word_1_64' title='bbox 629 528 658 555; x_wconf 90' lang='lat'>1.</span> <span class='ocrx_word' id='word_1_65' title='bbox 674 527 704 555; x_wconf 80' lang='lat'>3.</span> <span class='ocrx_word' id='word_1_66' title='bbox 719 528 755 555; x_wconf 79' lang='lat' dir='ltr'>G.</span> <span class='ocrx_word' id='word_1_67' title='bbox 771 528 800 555; x_wconf 86' lang='lat'>1.</span> <span class='ocrx_word' id='word_1_68' title='bbox 816 528 845 555; x_wconf 84' lang='lat'>2.</span> <span class='ocrx_word' id='word_1_69' title='bbox 861 527 896 554; x_wconf 89' lang='lat' dir='ltr'>P.</span> <span class='ocrx_word' id='word_1_70' title='bbox 910 527 947 554; x_wconf 92' lang='lat' dir='ltr'>D.</span> <span class='ocrx_word' id='word_1_71' title='bbox 962 528 1000 554; x_wconf 82' lang='lat' dir='ltr'>R.</span> <span class='ocrx_word' id='word_1_72' title='bbox 1016 525 1037 554; x_wconf 82' lang='lat' dir='ltr'>f.</span> <span class='ocrx_word' id='word_1_73' title='bbox 1053 534 1080 560; x_wconf 78' lang='grc' dir='ltr'><strong>ρ.</strong></span> <span class='ocrx_word' id='word_1_74' title='bbox 1096 523 1124 554; x_wconf 78' lang='grc' dir='ltr'>δ.</span> <span class='ocrx_word' id='word_1_75' title='bbox 1173 523 1425 561; x_wconf 66' lang='grc' dir='ltr'>(ιιζξεεείηηίύιιε</span> <span class='ocrx_word' id='word_1_76' title='bbox 1437 525 1473 552; x_wconf 82' lang='lat' dir='ltr'>F.</span> <span class='ocrx_word' id='word_1_77' title='bbox 1492 526 1520 553; x_wconf 95' lang='lat'>1.</span> <span class='ocrx_word' id='word_1_78' title='bbox 1536 525 1564 552; x_wconf 82' lang='lat'>³.</span> <span class='ocrx_word' id='word_1_79' title='bbox 1593 526 1629 552; x_wconf 90' lang='lat' dir='ltr'>In</span> <span class='ocrx_word' id='word_1_80' title='bbox 1643 528 1715 553; x_wconf 89' lang='lat' dir='ltr'>cett.</span> <span class='ocrx_word' id='word_1_81' title='bbox 1729 523 1922 561; x_wconf 73' lang='lat' dir='ltr'>adgressio-</span> 
     </span>
     <span class='ocr_line' id='line_1_9' title="bbox 117 569 1923 606; baseline 0.001 -8"><span class='ocrx_word' id='word_1_82' title='bbox 117 570 223 600; x_wconf 81' lang='lat' dir='ltr'>nibus.</span> <span class='ocrx_word' id='word_1_83' title='bbox 260 570 477 599; x_wconf 78' lang='lat' dir='ltr'>mirabuntur</span> <span class='ocrx_word' id='word_1_84' title='bbox 489 573 572 600; x_wconf 85' lang='lat' dir='ltr'>Etru.</span> <span class='ocrx_word' id='word_1_85' title='bbox 587 572 668 599; x_wconf 78' lang='lat' dir='ltr'>vitio</span> <span class='ocrx_word' id='word_1_86' title='bbox 683 575 932 606; x_wconf 68' lang='lat' dir='ltr'>typothetarum.</span> <span class='ocrx_word' id='word_1_87' title='bbox 969 569 1174 598; x_wconf 69' lang='lat' dir='ltr'>alacritatis</span> <span class='ocrx_word' id='word_1_88' title='bbox 1188 570 1334 598; x_wconf 75' lang='lat' dir='ltr'>materia</span> <span class='ocrx_word' id='word_1_89' title='bbox 1350 570 1537 599; x_wconf 83' lang='lat' dir='ltr'>c011.voss.</span> <span class='ocrx_word' id='word_1_90' title='bbox 1563 571 1623 597; x_wconf 74' lang='lat' dir='ltr'>Sed</span> <span class='ocrx_word' id='word_1_91' title='bbox 1636 570 1768 603; x_wconf 75' lang='lat' dir='ltr'>Lipsius</span> <span class='ocrx_word' id='word_1_92' title='bbox 1783 571 1923 605; x_wconf 85' lang='lat' dir='ltr'>margini</span> 
     </span>
     <span class='ocr_line' id='line_1_10' title="bbox 117 611 1922 652; baseline -0.001 -7"><span class='ocrx_word' id='word_1_93' title='bbox 117 617 240 645; x_wconf 64' lang='lat' dir='ltr'>adierit</span> <span class='ocrx_word' id='word_1_94' title='bbox 254 615 318 644; x_wconf 75' lang='lat' dir='ltr'>alii</span> <span class='ocrx_word' id='word_1_95' title='bbox 328 616 501 645; x_wconf 68' lang='lat' dir='ltr'>menum-ia.</span> <span class='ocrx_word' id='word_1_96' title='bbox 527 615 691 652; x_wconf 79' lang='lat' dir='ltr'>[Errorem</span> <span class='ocrx_word' id='word_1_97' title='bbox 707 621 852 645; x_wconf 83' lang='lat' dir='ltr'>exortum</span> <span class='ocrx_word' id='word_1_98' title='bbox 869 621 943 652; x_wconf 81' lang='lat' dir='ltr'>puto</span> <span class='ocrx_word' id='word_1_99' title='bbox 958 624 998 645; x_wconf 76' lang='lat' dir='ltr'>cx</span> <span class='ocrx_word' id='word_1_100' title='bbox 1012 616 1212 651; x_wconf 67' lang='lat' dir='ltr'>compendiis</span> <span class='ocrx_word' id='word_1_101' title='bbox 1226 617 1311 645; x_wconf 81' lang='lat' dir='ltr'>male</span> <span class='ocrx_word' id='word_1_102' title='bbox 1326 615 1502 644; x_wconf 56' lang='lat' dir='ltr'>intent-cus</span> <span class='ocrx_word' id='word_1_103' title='bbox 1515 618 1568 646; x_wconf 71' lang='lat' dir='ltr'>ml!</span> <span class='ocrx_word' id='word_1_104' title='bbox 1582 624 1607 644; x_wconf 77' lang='lat' dir='ltr'>s.</span> <span class='ocrx_word' id='word_1_105' title='bbox 1623 611 1676 642; x_wconf 60' lang='lat' dir='ltr'>m‘a</span> <span class='ocrx_word' id='word_1_106' title='bbox 1695 615 1715 643; x_wconf 93' lang='lat' dir='ltr'>i.</span> <span class='ocrx_word' id='word_1_107' title='bbox 1731 624 1757 644; x_wconf 85' lang='lat' dir='ltr'>e.</span> <span class='ocrx_word' id='word_1_108' title='bbox 1772 615 1922 643; x_wconf 66' lang='lat' dir='ltr'>maneria</span> 
     </span>
    </p>
   </div>
   <div class='ocr_carea' id='block_1_8' title="bbox 118 650 411 698">
    <p class='ocr_par' dir='ltr' id='par_1_8' title="bbox 118 650 411 698">
     <span class='ocr_line' id='line_1_11' title="bbox 118 650 411 698; baseline -0.007 -7"><span class='ocrx_word' id='word_1_109' title='bbox 118 666 148 691; x_wconf 85' lang='grc' dir='ltr'>θῑ</span> <span class='ocrx_word' id='word_1_110' title='bbox 159 650 214 690; x_wconf 61' lang='grc' dir='ltr'>ἤια</span> <span class='ocrx_word' id='word_1_111' title='bbox 227 662 248 690; x_wconf 87' lang='lat' dir='ltr'>i.</span> <span class='ocrx_word' id='word_1_112' title='bbox 262 670 289 691; x_wconf 86' lang='lat' dir='ltr'>e.</span> <span class='ocrx_word' id='word_1_113' title='bbox 304 661 411 698; x_wconf 66' lang='lat' dir='ltr'>mea]</span> 
     </span>
    </p>
   </div>
   <div class='ocr_carea' id='block_1_9' title="bbox 118 761 1002 3127">
    <p class='ocr_par' dir='ltr' id='par_1_9' title="bbox 118 761 992 1436">
     <span class='ocr_line' id='line_1_12' title="bbox 119 761 990 815; baseline -0.001 -15"><span class='ocrx_word' id='word_1_114' title='bbox 119 763 223 800; x_wconf 73' lang='lat' dir='ltr'>tanti</span> <span class='ocrx_word' id='word_1_115' title='bbox 236 761 333 801; x_wconf 74' lang='grc' dir='ltr'>ιηαῖἰ</span> <span class='ocrx_word' id='word_1_116' title='bbox 347 762 563 815; x_wconf 79' lang='lat' dir='ltr'>confinium</span> <span class='ocrx_word' id='word_1_117' title='bbox 577 762 655 800; x_wconf 71' lang='lat' dir='ltr'>sibi</span> <span class='ocrx_word' id='word_1_118' title='bbox 668 762 786 800; x_wconf 76' lang='lat' dir='ltr'>etiam.</span> <span class='ocrx_word' id='word_1_119' title='bbox 811 762 892 801; x_wconf 63' lang='lat' dir='ltr'>emi</span> <span class='ocrx_word' id='word_1_120' title='bbox 901 762 990 800; x_wconf 76' lang='lat' dir='ltr'>mie</span> 
     </span>
     <span class='ocr_line' id='line_1_13' title="bbox 118 817 992 869; baseline 0 -12"><span class='ocrx_word' id='word_1_121' title='bbox 118 823 389 858; x_wconf 77' lang='lat' dir='ltr'>metuentes.</span> <span class='ocrx_word' id='word_1_122' title='bbox 436 817 543 856; x_wconf 87' lang='lat' dir='ltr'>Alibi</span> <span class='ocrx_word' id='word_1_123' title='bbox 592 819 738 857; x_wconf 70' lang='lat' dir='ltr'>eximie</span> <span class='ocrx_word' id='word_1_124' title='bbox 787 819 992 869; x_wconf 73' lang='lat' dir='ltr'>trepidus,</span> 
     </span>
     <span class='ocr_line' id='line_1_14' title="bbox 119 874 992 927; baseline -0.003 -13"><span class='ocrx_word' id='word_1_125' title='bbox 119 875 263 914; x_wconf 70' lang='lat' dir='ltr'>eximie</span> <span class='ocrx_word' id='word_1_126' title='bbox 299 875 519 927; x_wconf 73' lang='lat' dir='ltr'>trepidans</span> <span class='ocrx_word' id='word_1_127' title='bbox 555 874 742 924; x_wconf 77' lang='lat' dir='ltr'>teguntur.</span> <span class='ocrx_word' id='word_1_128' title='bbox 793 874 894 926; x_wconf 86' lang='lat' dir='ltr'>[Sed</span> <span class='ocrx_word' id='word_1_129' title='bbox 919 874 992 913; x_wconf 87' lang='lat' dir='ltr'>loci</span> 
     </span>
     <span class='ocr_line' id='line_1_15' title="bbox 119 931 991 982; baseline 0 -13"><span class='ocrx_word' id='word_1_130' title='bbox 119 931 231 969; x_wconf 79' lang='lat' dir='ltr'>ulcus</span> <span class='ocrx_word' id='word_1_131' title='bbox 251 931 367 970; x_wconf 81' lang='lat' dir='ltr'>altius</span> <span class='ocrx_word' id='word_1_132' title='bbox 389 932 510 970; x_wconf 86' lang='lat' dir='ltr'>latere</span> <span class='ocrx_word' id='word_1_133' title='bbox 530 931 731 976; x_wconf 83' lang='lat' dir='ltr'>existimo,</span> <span class='ocrx_word' id='word_1_134' title='bbox 759 944 871 982; x_wconf 83' lang='lat' dir='ltr'>quam</span> <span class='ocrx_word' id='word_1_135' title='bbox 888 931 991 981; x_wconf 85' lang='lat' dir='ltr'>quod</span> 
     </span>
     <span class='ocr_line' id='line_1_16' title="bbox 118 988 990 1039; baseline 0 -14"><span class='ocrx_word' id='word_1_136' title='bbox 118 992 196 1025; x_wconf 86' lang='lat' dir='ltr'>tam</span> <span class='ocrx_word' id='word_1_137' title='bbox 241 988 315 1026; x_wconf 86' lang='lat' dir='ltr'>levi</span> <span class='ocrx_word' id='word_1_138' title='bbox 358 992 397 1026; x_wconf 89' lang='lat' dir='ltr'>et</span> <span class='ocrx_word' id='word_1_139' title='bbox 433 988 676 1039; x_wconf 84' lang='lat' dir='ltr'>inauspicata</span> <span class='ocrx_word' id='word_1_140' title='bbox 718 988 990 1026; x_wconf 79' lang='lat' dir='ltr'>emendatione</span> 
     </span>
     <span class='ocr_line' id='line_1_17' title="bbox 118 1044 990 1096; baseline 0.001 -15"><span class='ocrx_word' id='word_1_141' title='bbox 118 1045 245 1096; x_wconf 81' lang='lat' dir='ltr'>possit</span> <span class='ocrx_word' id='word_1_142' title='bbox 272 1047 412 1083; x_wconf 84' lang='lat' dir='ltr'>sanari.</span> <span class='ocrx_word' id='word_1_143' title='bbox 462 1044 613 1083; x_wconf 84' lang='lat' dir='ltr'>Locum</span> <span class='ocrx_word' id='word_1_144' title='bbox 645 1057 739 1082; x_wconf 88' lang='lat' dir='ltr'>esse</span> <span class='ocrx_word' id='word_1_145' title='bbox 771 1048 990 1095; x_wconf 89' lang='lat' dir='ltr'>corruptum</span> 
     </span>
     <span class='ocr_line' id='line_1_18' title="bbox 120 1099 989 1152; baseline -0.001 -13"><span class='ocrx_word' id='word_1_146' title='bbox 120 1114 234 1140; x_wconf 88' lang='lat' dir='ltr'>nemo</span> <span class='ocrx_word' id='word_1_147' title='bbox 260 1106 322 1140; x_wconf 83' lang='lat' dir='ltr'>est</span> <span class='ocrx_word' id='word_1_148' title='bbox 347 1101 437 1152; x_wconf 84' lang='lat' dir='ltr'>quin</span> <span class='ocrx_word' id='word_1_149' title='bbox 463 1101 664 1152; x_wconf 77' lang='lat' dir='ltr'>intelligat.</span> <span class='ocrx_word' id='word_1_150' title='bbox 724 1099 908 1138; x_wconf 82' lang='lat' dir='ltr'>Proxime</span> <span class='ocrx_word' id='word_1_151' title='bbox 940 1101 989 1139; x_wconf 86' lang='lat' dir='ltr'>ad</span> 
     </span>
     <span class='ocr_line' id='line_1_19' title="bbox 120 1158 990 1198; baseline -0.001 -2"><span class='ocrx_word' id='word_1_152' title='bbox 120 1158 237 1198; x_wconf 85' lang='lat' dir='ltr'>codd.</span> <span class='ocrx_word' id='word_1_153' title='bbox 259 1158 466 1196; x_wconf 84' lang='lat' dir='ltr'>lectionem</span> <span class='ocrx_word' id='word_1_154' title='bbox 493 1158 644 1196; x_wconf 85' lang='lat' dir='ltr'>accedit</span> <span class='ocrx_word' id='word_1_155' title='bbox 662 1158 883 1195; x_wconf 84' lang='lat' dir='ltr'>coniectura</span> <span class='ocrx_word' id='word_1_156' title='bbox 897 1171 990 1196; x_wconf 80' lang='lat' dir='ltr'>eon-</span> 
     </span>
     <span class='ocr_line' id='line_1_20' title="bbox 119 1213 991 1266; baseline -0.006 -12"><span class='ocrx_word' id='word_1_157' title='bbox 119 1215 242 1261; x_wconf 77' lang='lat' dir='ltr'>seius,</span> <span class='ocrx_word' id='word_1_158' title='bbox 270 1227 372 1266; x_wconf 84' lang='lat' dir='ltr'>quae</span> <span class='ocrx_word' id='word_1_159' title='bbox 390 1218 519 1254; x_wconf 84' lang='lat' dir='ltr'>tamen</span> <span class='ocrx_word' id='word_1_160' title='bbox 536 1214 625 1252; x_wconf 88' lang='lat' dir='ltr'>mihi</span> <span class='ocrx_word' id='word_1_161' title='bbox 641 1214 715 1265; x_wconf 81' lang='lat' dir='ltr'>ipsi</span> <span class='ocrx_word' id='word_1_162' title='bbox 730 1213 901 1264; x_wconf 77' lang='lat' dir='ltr'>frigidior</span> <span class='ocrx_word' id='word_1_163' title='bbox 919 1218 991 1259; x_wconf 74' lang='lat' dir='ltr'>est,</span> 
     </span>
     <span class='ocr_line' id='line_1_21' title="bbox 119 1269 992 1323; baseline -0.002 -14"><span class='ocrx_word' id='word_1_164' title='bbox 119 1284 234 1322; x_wconf 91' lang='lat' dir='ltr'>quum</span> <span class='ocrx_word' id='word_1_165' title='bbox 248 1272 475 1323; x_wconf 81' lang='lat' dir='ltr'>praesertim</span> <span class='ocrx_word' id='word_1_166' title='bbox 490 1284 539 1309; x_wconf 82' lang='lat' dir='ltr'>ea</span> <span class='ocrx_word' id='word_1_167' title='bbox 552 1284 625 1309; x_wconf 90' lang='lat' dir='ltr'>non</span> <span class='ocrx_word' id='word_1_168' title='bbox 642 1269 856 1321; x_wconf 82' lang='lat' dir='ltr'>explicetur</span> <span class='ocrx_word' id='word_1_169' title='bbox 868 1301 877 1316; x_wconf 77' lang='grc'><strong>,</strong></span> <span class='ocrx_word' id='word_1_170' title='bbox 898 1283 992 1320; x_wconf 88' lang='lat' dir='ltr'>quo-</span> 
     </span>
     <span class='ocr_line' id='line_1_22' title="bbox 118 1326 992 1379; baseline 0 -15"><span class='ocrx_word' id='word_1_171' title='bbox 118 1327 236 1366; x_wconf 90' lang='lat' dir='ltr'>modo</span> <span class='ocrx_word' id='word_1_172' title='bbox 251 1333 355 1367; x_wconf 74' lang='lat' dir='ltr'>metu.</span> <span class='ocrx_word' id='word_1_173' title='bbox 367 1328 557 1379; x_wconf 80' lang='lat' dir='ltr'>scriptura</span> <span class='ocrx_word' id='word_1_174' title='bbox 572 1331 709 1365; x_wconf 76' lang='lat' dir='ltr'>exorta</span> <span class='ocrx_word' id='word_1_175' title='bbox 728 1327 790 1365; x_wconf 80' lang='lat' dir='ltr'>sit.</span> <span class='ocrx_word' id='word_1_176' title='bbox 840 1326 992 1365; x_wconf 86' lang='lat' dir='ltr'>Locum</span> 
     </span>
     <span class='ocr_line' id='line_1_23' title="bbox 119 1383 686 1436; baseline 0.002 -15"><span class='ocrx_word' id='word_1_177' title='bbox 119 1384 230 1434; x_wconf 83' lang='lat' dir='ltr'>igitur</span> <span class='ocrx_word' id='word_1_178' title='bbox 254 1385 290 1422; x_wconf 90' lang='lat' dir='ltr'>in</span> <span class='ocrx_word' id='word_1_179' title='bbox 316 1384 446 1422; x_wconf 87' lang='lat' dir='ltr'>medio</span> <span class='ocrx_word' id='word_1_180' title='bbox 472 1383 686 1436; x_wconf 85' lang='lat' dir='ltr'>relinquo.]</span> 
     </span>
    </p>

    <p class='ocr_par' dir='ltr' id='par_1_10' title="bbox 119 1439 995 2172">
     <span class='ocr_line' id='line_1_24' title="bbox 178 1439 989 1493; baseline -0.005 -13"><span class='ocrx_word' id='word_1_181' title='bbox 178 1445 373 1493; x_wconf 73' lang='lat' dir='ltr'>quantum</span> <span class='ocrx_word' id='word_1_182' title='bbox 393 1442 528 1492; x_wconf 75' lang='lat' dir='ltr'>potui.</span> <span class='ocrx_word' id='word_1_183' title='bbox 577 1439 706 1487; x_wconf 83' lang='lat' dir='ltr'>Quum</span> <span class='ocrx_word' id='word_1_184' title='bbox 738 1439 802 1477; x_wconf 83' lang='lat' dir='ltr'>hie</span> <span class='ocrx_word' id='word_1_185' title='bbox 833 1452 989 1490; x_wconf 88' lang='lat' dir='ltr'>quoque</span> 
     </span>
     <span class='ocr_line' id='line_1_25' title="bbox 119 1495 989 1548; baseline -0.003 -12"><span class='ocrx_word' id='word_1_186' title='bbox 119 1497 230 1536; x_wconf 85' lang='lat' dir='ltr'>codd.</span> <span class='ocrx_word' id='word_1_187' title='bbox 263 1497 440 1536; x_wconf 76' lang='lat' dir='ltr'>diversas</span> <span class='ocrx_word' id='word_1_188' title='bbox 473 1497 508 1535; x_wconf 93' lang='lat' dir='ltr'>in</span> <span class='ocrx_word' id='word_1_189' title='bbox 541 1501 674 1548; x_wconf 82' lang='lat' dir='ltr'>partes</span> <span class='ocrx_word' id='word_1_190' title='bbox 700 1495 900 1541; x_wconf 78' lang='lat' dir='ltr'>fluctuent,</span> <span class='ocrx_word' id='word_1_191' title='bbox 932 1509 989 1534; x_wconf 89' lang='lat' dir='ltr'>re-</span> 
     </span>
     <span class='ocr_line' id='line_1_26' title="bbox 119 1553 989 1607; baseline 0 -15"><span class='ocrx_word' id='word_1_192' title='bbox 119 1554 241 1593; x_wconf 82' lang='lat' dir='ltr'>stituit</span> <span class='ocrx_word' id='word_1_193' title='bbox 264 1553 367 1593; x_wconf 82' lang='lat' dir='ltr'>Oud.</span> <span class='ocrx_word' id='word_1_194' title='bbox 406 1554 608 1592; x_wconf 85' lang='lat' dir='ltr'>lectionem</span> <span class='ocrx_word' id='word_1_195' title='bbox 649 1558 843 1607; x_wconf 69' lang='lat' dir='ltr'>qnantum</span> <span class='ocrx_word' id='word_1_196' title='bbox 875 1558 989 1605; x_wconf 70' lang='lat' dir='ltr'>pole,</span> 
     </span>
     <span class='ocr_line' id='line_1_27' title="bbox 119 1609 990 1662; baseline -0.001 -14"><span class='ocrx_word' id='word_1_197' title='bbox 119 1624 220 1662; x_wconf 83' lang='lat' dir='ltr'>quae</span> <span class='ocrx_word' id='word_1_198' title='bbox 244 1609 345 1649; x_wconf 80' lang='lat' dir='ltr'>Pith.</span> <span class='ocrx_word' id='word_1_199' title='bbox 372 1611 487 1649; x_wconf 83' lang='lat' dir='ltr'>etiam</span> <span class='ocrx_word' id='word_1_200' title='bbox 513 1615 576 1649; x_wconf 82' lang='lat' dir='ltr'>est</span> <span class='ocrx_word' id='word_1_201' title='bbox 606 1611 771 1654; x_wconf 80' lang='lat' dir='ltr'>codicis,</span> <span class='ocrx_word' id='word_1_202' title='bbox 802 1614 841 1648; x_wconf 88' lang='lat' dir='ltr'>et</span> <span class='ocrx_word' id='word_1_203' title='bbox 866 1610 915 1648; x_wconf 82' lang='lat' dir='ltr'>ab</span> <span class='ocrx_word' id='word_1_204' title='bbox 942 1624 990 1647; x_wconf 88' lang='lat' dir='ltr'>eo</span> 
     </span>
     <span class='ocr_line' id='line_1_28' title="bbox 120 1666 992 1716; baseline 0 -10"><span class='ocrx_word' id='word_1_205' title='bbox 120 1669 193 1706; x_wconf 84' lang='lat' dir='ltr'>iam</span> <span class='ocrx_word' id='word_1_206' title='bbox 208 1668 244 1706; x_wconf 89' lang='lat' dir='ltr'>in</span> <span class='ocrx_word' id='word_1_207' title='bbox 259 1667 374 1706; x_wconf 83' lang='lat' dir='ltr'>Mise.</span> <span class='ocrx_word' id='word_1_208' title='bbox 390 1666 558 1707; x_wconf 86' lang='lat' dir='ltr'>Observ.</span> <span class='ocrx_word' id='word_1_209' title='bbox 573 1666 843 1707; x_wconf 78' lang='lat' dir='ltr'><strong>V01.111.&#39;r.t.</strong></span> <span class='ocrx_word' id='word_1_210' title='bbox 862 1681 894 1716; x_wconf 83' lang='lat' dir='ltr'>p.</span> <span class='ocrx_word' id='word_1_211' title='bbox 914 1670 992 1706; x_wconf 78' lang='lat'>132</span> 
     </span>
     <span class='ocr_line' id='line_1_29' title="bbox 119 1723 992 1776; baseline 0.002 -16"><span class='ocrx_word' id='word_1_212' title='bbox 119 1738 180 1776; x_wconf 79' lang='lat' dir='ltr'><strong>sq.</strong></span> <span class='ocrx_word' id='word_1_213' title='bbox 193 1725 376 1776; x_wconf 83' lang='lat' dir='ltr'>probatur</span> <span class='ocrx_word' id='word_1_214' title='bbox 389 1725 449 1763; x_wconf 73' lang='lat' dir='ltr'>cit.</span> <span class='ocrx_word' id='word_1_215' title='bbox 459 1724 556 1763; x_wconf 86' lang='lat' dir='ltr'>Faln</span> <span class='ocrx_word' id='word_1_216' title='bbox 566 1725 609 1763; x_wconf 90' lang='lat' dir='ltr'>ic.</span> <span class='ocrx_word' id='word_1_217' title='bbox 619 1725 667 1762; x_wconf 89' lang='lat' dir='ltr'>ad</span> <span class='ocrx_word' id='word_1_218' title='bbox 679 1723 834 1762; x_wconf 68' lang='lat' dir='ltr'>&#39;reu—nt.</span> <span class='ocrx_word' id='word_1_219' title='bbox 847 1723 992 1762; x_wconf 61' lang='lat' dir='ltr'>liunjt.</span> 
     </span>
     <span class='ocr_line' id='line_1_30' title="bbox 119 1780 991 1822; baseline -0.003 0"><span class='ocrx_word' id='word_1_220' title='bbox 119 1785 212 1822; x_wconf 88' lang='lat'>385.</span> <span class='ocrx_word' id='word_1_221' title='bbox 263 1780 419 1819; x_wconf 78' lang='lat' dir='ltr'>phorm.</span> <span class='ocrx_word' id='word_1_222' title='bbox 451 1781 520 1821; x_wconf 71' lang='lat' dir='ltr'>lv.</span> <span class='ocrx_word' id='word_1_223' title='bbox 552 1785 587 1821; x_wconf 89' lang='grc'>3.</span> <span class='ocrx_word' id='word_1_224' title='bbox 615 1785 682 1822; x_wconf 82' lang='grc'><strong>69.</strong></span> <span class='ocrx_word' id='word_1_225' title='bbox 714 1781 834 1819; x_wconf 79' lang='lat' dir='ltr'>Solin.</span> <span class='ocrx_word' id='word_1_226' title='bbox 868 1794 899 1818; x_wconf 86' lang='lat' dir='ltr'>c.</span> <span class='ocrx_word' id='word_1_227' title='bbox 927 1784 991 1821; x_wconf 81' lang='lat'>30.</span> 
     </span>
     <span class='ocr_line' id='line_1_31' title="bbox 119 1837 993 1889; baseline 0 -14"><span class='ocrx_word' id='word_1_228' title='bbox 119 1838 250 1889; x_wconf 70' lang='lat' dir='ltr'>iiiique</span> <span class='ocrx_word' id='word_1_229' title='bbox 276 1837 396 1876; x_wconf 83' lang='lat' dir='ltr'>Salm.</span> <span class='ocrx_word' id='word_1_230' title='bbox 426 1852 459 1889; x_wconf 92' lang='lat' dir='ltr'>p.</span> <span class='ocrx_word' id='word_1_231' title='bbox 488 1842 583 1878; x_wconf 86' lang='lat'><strong>275.</strong></span> <span class='ocrx_word' id='word_1_232' title='bbox 618 1837 721 1876; x_wconf 83' lang='lat' dir='ltr'>Idem</span> <span class='ocrx_word' id='word_1_233' title='bbox 751 1838 993 1875; x_wconf 78' lang='lat' dir='ltr'>divinarerat</span> 
     </span>
     <span class='ocr_line' id='line_1_32' title="bbox 119 1892 995 1946; baseline -0.002 -13"><span class='ocrx_word' id='word_1_234' title='bbox 119 1894 222 1933; x_wconf 89' lang='lat' dir='ltr'>Oud.</span> <span class='ocrx_word' id='word_1_235' title='bbox 247 1892 344 1933; x_wconf 75' lang='lat' dir='ltr'>Met.</span> <span class='ocrx_word' id='word_1_236' title='bbox 371 1893 433 1932; x_wconf 85' lang='grc' dir='ltr'><strong>ΙΙΙ.</strong></span> <span class='ocrx_word' id='word_1_237' title='bbox 466 1909 505 1946; x_wconf 92' lang='lat' dir='ltr'>p.</span> <span class='ocrx_word' id='word_1_238' title='bbox 531 1899 624 1936; x_wconf 78' lang='lat'><strong>230.</strong></span> <span class='ocrx_word' id='word_1_239' title='bbox 657 1894 721 1933; x_wconf 88' lang='lat' dir='ltr'>De</span> <span class='ocrx_word' id='word_1_240' title='bbox 755 1894 875 1931; x_wconf 77' lang='lat' dir='ltr'>forma</span> <span class='ocrx_word' id='word_1_241' title='bbox 905 1893 995 1931; x_wconf 85' lang='lat' dir='ltr'>vide</span> 
     </span>
     <span class='ocr_line' id='line_1_33' title="bbox 121 1950 995 2003; baseline -0.001 -14"><span class='ocrx_word' id='word_1_242' title='bbox 121 1951 170 1989; x_wconf 85' lang='lat' dir='ltr'>ad</span> <span class='ocrx_word' id='word_1_243' title='bbox 195 1951 290 1989; x_wconf 77' lang='lat' dir='ltr'>Met.</span> <span class='ocrx_word' id='word_1_244' title='bbox 318 1950 343 1989; x_wconf 91' lang='grc'><strong>1.</strong></span> <span class='ocrx_word' id='word_1_245' title='bbox 381 1966 418 2003; x_wconf 89' lang='lat' dir='ltr'>p.</span> <span class='ocrx_word' id='word_1_246' title='bbox 447 1955 511 1992; x_wconf 70' lang='lat'>43.</span> <span class='ocrx_word' id='word_1_247' title='bbox 552 1952 636 1989; x_wconf 75' lang='lat' dir='ltr'>Nec</span> <span class='ocrx_word' id='word_1_248' title='bbox 673 1951 894 2001; x_wconf 81' lang='lat' dir='ltr'>spernenda</span> <span class='ocrx_word' id='word_1_249' title='bbox 933 1954 995 1988; x_wconf 85' lang='lat' dir='ltr'>est</span> 
     </span>
     <span class='ocr_line' id='line_1_34' title="bbox 122 2007 993 2060; baseline 0.002 -15"><span class='ocrx_word' id='word_1_250' title='bbox 122 2008 235 2046; x_wconf 81' lang='lat' dir='ltr'>lectio</span> <span class='ocrx_word' id='word_1_251' title='bbox 265 2022 383 2060; x_wconf 79' lang='lat' dir='ltr'>quam</span> <span class='ocrx_word' id='word_1_252' title='bbox 406 2009 537 2060; x_wconf 75' lang='lat' dir='ltr'>potui.</span> <span class='ocrx_word' id='word_1_253' title='bbox 565 2008 611 2045; x_wconf 82' lang='lat' dir='ltr'><strong>cf.</strong></span> <span class='ocrx_word' id='word_1_254' title='bbox 641 2007 777 2046; x_wconf 75' lang='lat' dir='ltr'>Heius.</span> <span class='ocrx_word' id='word_1_255' title='bbox 803 2007 850 2044; x_wconf 84' lang='lat' dir='ltr'>ad</span> <span class='ocrx_word' id='word_1_256' title='bbox 878 2007 993 2047; x_wconf 80' lang='lat' dir='ltr'>Ovid.</span> 
     </span>
     <span class='ocr_line' id='line_1_35' title="bbox 120 2063 994 2105; baseline 0.002 -3"><span class='ocrx_word' id='word_1_257' title='bbox 120 2065 203 2103; x_wconf 83' lang='lat' dir='ltr'>Art.</span> <span class='ocrx_word' id='word_1_258' title='bbox 229 2064 320 2102; x_wconf 88' lang='lat' dir='ltr'>Am.</span> <span class='ocrx_word' id='word_1_259' title='bbox 345 2063 407 2102; x_wconf 78' lang='lat' dir='ltr'>lli,</span> <span class='ocrx_word' id='word_1_260' title='bbox 435 2068 528 2105; x_wconf 91' lang='lat'><strong>262.</strong></span> <span class='ocrx_word' id='word_1_261' title='bbox 577 2064 746 2104; x_wconf 61' lang='lat' dir='ltr'>lit-med.</span> <span class='ocrx_word' id='word_1_262' title='bbox 777 2065 866 2103; x_wconf 85' lang='lat' dir='ltr'>Am.</span> <span class='ocrx_word' id='word_1_263' title='bbox 899 2068 994 2104; x_wconf 81' lang='lat'><strong>325.</strong></span> 
     </span>
     <span class='ocr_line' id='line_1_36' title="bbox 124 2121 993 2172; baseline -0.001 -12"><span class='ocrx_word' id='word_1_264' title='bbox 124 2121 208 2171; x_wconf 76' lang='lat' dir='ltr'>Ego</span> <span class='ocrx_word' id='word_1_265' title='bbox 234 2135 325 2158; x_wconf 80' lang='lat' dir='ltr'>vero</span> <span class='ocrx_word' id='word_1_266' title='bbox 357 2134 381 2158; x_wconf 81' lang='lat' dir='ltr'>a</span> <span class='ocrx_word' id='word_1_267' title='bbox 412 2121 525 2160; x_wconf 90' lang='lat' dir='ltr'>codd.</span> <span class='ocrx_word' id='word_1_268' title='bbox 551 2122 705 2172; x_wconf 77' lang='lat' dir='ltr'>optimis</span> <span class='ocrx_word' id='word_1_269' title='bbox 733 2125 838 2158; x_wconf 78' lang='lat' dir='ltr'>stare</span> <span class='ocrx_word' id='word_1_270' title='bbox 862 2121 993 2159; x_wconf 84' lang='lat' dir='ltr'>malui.</span> 
     </span>
    </p>

    <p class='ocr_par' dir='ltr' id='par_1_11' title="bbox 122 2177 1002 3127">
     <span class='ocr_line' id='line_1_37' title="bbox 178 2177 996 2229; baseline 0.001 -14"><span class='ocrx_word' id='word_1_271' title='bbox 178 2179 284 2216; x_wconf 71' lang='lat' dir='ltr'>inter</span> <span class='ocrx_word' id='word_1_272' title='bbox 299 2180 487 2229; x_wconf 77' lang='lat' dir='ltr'>conferta</span> <span class='ocrx_word' id='word_1_273' title='bbox 503 2179 689 2217; x_wconf 80' lang='lat' dir='ltr'>imnenla.</span> <span class='ocrx_word' id='word_1_274' title='bbox 722 2177 850 2215; x_wconf 78' lang='lat' dir='ltr'>Recte</span> <span class='ocrx_word' id='word_1_275' title='bbox 864 2182 996 2216; x_wconf 79' lang='lat' dir='ltr'>contra</span> 
     </span>
     <span class='ocr_line' id='line_1_38' title="bbox 122 2233 994 2290; baseline 0 -18"><span class='ocrx_word' id='word_1_276' title='bbox 122 2233 349 2286; x_wconf 86' lang='lat' dir='ltr'>Scioppium</span> <span class='ocrx_word' id='word_1_277' title='bbox 362 2233 461 2290; x_wconf 76' lang='lat' dir='ltr'>Elin.</span> <span class='ocrx_word' id='word_1_278' title='bbox 478 2234 647 2272; x_wconf 82' lang='lat' dir='ltr'>vindicat</span> <span class='ocrx_word' id='word_1_279' title='bbox 660 2234 760 2273; x_wconf 83' lang='lat' dir='ltr'>hanc</span> <span class='ocrx_word' id='word_1_280' title='bbox 777 2234 994 2279; x_wconf 84' lang='lat' dir='ltr'>lectionem,</span> 
     </span>
     <span class='ocr_line' id='line_1_39' title="bbox 126 2290 996 2342; baseline 0.002 -14"><span class='ocrx_word' id='word_1_281' title='bbox 126 2290 216 2329; x_wconf 86' lang='lat' dir='ltr'>licet</span> <span class='ocrx_word' id='word_1_282' title='bbox 249 2296 436 2330; x_wconf 75' lang='lat' dir='ltr'>conserta</span> <span class='ocrx_word' id='word_1_283' title='bbox 469 2291 505 2328; x_wconf 91' lang='lat' dir='ltr'>in</span> <span class='ocrx_word' id='word_1_284' title='bbox 543 2291 690 2342; x_wconf 85' lang='lat' dir='ltr'>aliquot</span> <span class='ocrx_word' id='word_1_285' title='bbox 726 2292 842 2329; x_wconf 77' lang='lat' dir='ltr'>etiam</span> <span class='ocrx_word' id='word_1_286' title='bbox 880 2291 996 2330; x_wconf 82' lang='lat' dir='ltr'>codd.</span> 
     </span>
     <span class='ocr_line' id='line_1_40' title="bbox 124 2346 995 2399; baseline 0.001 -14"><span class='ocrx_word' id='word_1_287' title='bbox 124 2347 283 2397; x_wconf 66' lang='lat' dir='ltr'>legatur.</span> <span class='ocrx_word' id='word_1_288' title='bbox 310 2346 455 2385; x_wconf 83' lang='lat' dir='ltr'>Harum</span> <span class='ocrx_word' id='word_1_289' title='bbox 469 2361 605 2385; x_wconf 84' lang='lat' dir='ltr'>vocum</span> <span class='ocrx_word' id='word_1_290' title='bbox 626 2352 818 2399; x_wconf 82' lang='lat' dir='ltr'>perpetua</span> <span class='ocrx_word' id='word_1_291' title='bbox 833 2352 894 2386; x_wconf 81' lang='lat' dir='ltr'>est</span> <span class='ocrx_word' id='word_1_292' title='bbox 908 2362 995 2386; x_wconf 86' lang='lat' dir='ltr'>con·</span> 
     </span>
     <span class='ocr_line' id='line_1_41' title="bbox 124 2404 995 2455; baseline 0.001 -14"><span class='ocrx_word' id='word_1_293' title='bbox 124 2405 244 2451; x_wconf 79' lang='lat' dir='ltr'>fusio,</span> <span class='ocrx_word' id='word_1_294' title='bbox 272 2404 437 2442; x_wconf 80' lang='lat' dir='ltr'>librariis</span> <span class='ocrx_word' id='word_1_295' title='bbox 464 2408 502 2442; x_wconf 82' lang='lat' dir='ltr'>et</span> <span class='ocrx_word' id='word_1_296' title='bbox 521 2418 793 2455; x_wconf 82' lang='lat' dir='ltr'>nonnunquam</span> <span class='ocrx_word' id='word_1_297' title='bbox 814 2405 907 2444; x_wconf 83' lang='lat' dir='ltr'>viris</span> <span class='ocrx_word' id='word_1_298' title='bbox 928 2405 995 2443; x_wconf 93' lang='lat' dir='ltr'>do-</span> 
     </span>
     <span class='ocr_line' id='line_1_42' title="bbox 123 2460 995 2511; baseline 0.001 -12"><span class='ocrx_word' id='word_1_299' title='bbox 123 2461 195 2499; x_wconf 83' lang='lat' dir='ltr'>ctis</span> <span class='ocrx_word' id='word_1_300' title='bbox 221 2460 326 2499; x_wconf 85' lang='lat' dir='ltr'>haud</span> <span class='ocrx_word' id='word_1_301' title='bbox 350 2465 455 2499; x_wconf 82' lang='lat' dir='ltr'>recte</span> <span class='ocrx_word' id='word_1_302' title='bbox 480 2462 555 2499; x_wconf 77' lang='lat' dir='ltr'>vim</span> <span class='ocrx_word' id='word_1_303' title='bbox 583 2475 711 2499; x_wconf 84' lang='lat' dir='ltr'>earmu</span> <span class='ocrx_word' id='word_1_304' title='bbox 740 2465 778 2499; x_wconf 82' lang='lat' dir='ltr'>et</span> <span class='ocrx_word' id='word_1_305' title='bbox 806 2462 995 2511; x_wconf 59' lang='lat' dir='ltr'>signitica-</span> 
     </span>
     <span class='ocr_line' id='line_1_43' title="bbox 123 2517 997 2568; baseline 0.002 -13"><span class='ocrx_word' id='word_1_306' title='bbox 123 2518 267 2556; x_wconf 80' lang='lat' dir='ltr'>tionent</span> <span class='ocrx_word' id='word_1_307' title='bbox 293 2517 624 2563; x_wconf 67' lang='lat' dir='ltr'>discernentibus,</span> <span class='ocrx_word' id='word_1_308' title='bbox 651 2531 765 2568; x_wconf 80' lang='lat' dir='ltr'>quam</span> <span class='ocrx_word' id='word_1_309' title='bbox 803 2517 906 2557; x_wconf 88' lang='lat' dir='ltr'>Oud.</span> <span class='ocrx_word' id='word_1_310' title='bbox 945 2519 997 2557; x_wconf 77' lang='lat' dir='ltr'>ita</span> 
     </span>
     <span class='ocr_line' id='line_1_44' title="bbox 123 2575 994 2626; baseline -0.002 -12"><span class='ocrx_word' id='word_1_311' title='bbox 123 2575 338 2614; x_wconf 84' lang='lat' dir='ltr'>constituit:</span> <span class='ocrx_word' id='word_1_312' title='bbox 370 2575 589 2626; x_wconf 77' lang='lat' dir='ltr'>Conferlus</span> <span class='ocrx_word' id='word_1_313' title='bbox 606 2575 798 2622; x_wconf 65' lang='lat' dir='ltr'>significat</span> <span class='ocrx_word' id='word_1_314' title='bbox 817 2575 994 2621; x_wconf 83' lang='lat' dir='ltr'>densum,</span> 
     </span>
     <span class='ocr_line' id='line_1_45' title="bbox 122 2631 995 2684; baseline 0.001 -15"><span class='ocrx_word' id='word_1_315' title='bbox 122 2632 315 2684; x_wconf 84' lang='lat' dir='ltr'>spissum.</span> <span class='ocrx_word' id='word_1_316' title='bbox 332 2631 569 2682; x_wconf 82' lang='lat' dir='ltr'>frequentem</span> <span class='ocrx_word' id='word_1_317' title='bbox 582 2663 591 2677; x_wconf 90' lang='lat'>,</span> <span class='ocrx_word' id='word_1_318' title='bbox 612 2631 793 2683; x_wconf 79' lang='lat' dir='ltr'>adeoque</span> <span class='ocrx_word' id='word_1_319' title='bbox 806 2632 896 2670; x_wconf 87' lang='lat' dir='ltr'>huic</span> <span class='ocrx_word' id='word_1_320' title='bbox 911 2632 995 2670; x_wconf 85' lang='lat' dir='ltr'>loco</span> 
     </span>
     <span class='ocr_line' id='line_1_46' title="bbox 124 2688 996 2740; baseline 0 -13"><span class='ocrx_word' id='word_1_321' title='bbox 124 2690 268 2740; x_wconf 84' lang='lat' dir='ltr'>optime</span> <span class='ocrx_word' id='word_1_322' title='bbox 305 2690 498 2727; x_wconf 83' lang='lat' dir='ltr'>convenit.</span> <span class='ocrx_word' id='word_1_323' title='bbox 547 2689 615 2726; x_wconf 79' lang='lat' dir='ltr'>sie</span> <span class='ocrx_word' id='word_1_324' title='bbox 651 2691 752 2726; x_wconf 89' lang='lat' dir='ltr'>euim</span> <span class='ocrx_word' id='word_1_325' title='bbox 788 2688 996 2740; x_wconf 81' lang='lat' dir='ltr'>legendum</span> 
     </span>
     <span class='ocr_line' id='line_1_47' title="bbox 124 2745 999 2797; baseline 0 -14"><span class='ocrx_word' id='word_1_326' title='bbox 124 2745 224 2783; x_wconf 79' lang='lat' dir='ltr'>hene</span> <span class='ocrx_word' id='word_1_327' title='bbox 239 2746 384 2783; x_wconf 86' lang='lat' dir='ltr'>monuit</span> <span class='ocrx_word' id='word_1_328' title='bbox 397 2746 470 2783; x_wconf 87' lang='lat' dir='ltr'>iam</span> <span class='ocrx_word' id='word_1_329' title='bbox 485 2745 658 2783; x_wconf 48' lang='lat' dir='ltr'>XVower.</span> <span class='ocrx_word' id='word_1_330' title='bbox 669 2745 708 2783; x_wconf 73' lang='lat' dir='ltr'>M</span> <span class='ocrx_word' id='word_1_331' title='bbox 716 2749 764 2784; x_wconf 86' lang='lat' dir='ltr'>et.</span> <span class='ocrx_word' id='word_1_332' title='bbox 775 2745 841 2784; x_wconf 79' lang='lat' dir='ltr'><strong>lV.</strong></span> <span class='ocrx_word' id='word_1_333' title='bbox 858 2759 895 2797; x_wconf 93' lang='lat' dir='ltr'>p.</span> <span class='ocrx_word' id='word_1_334' title='bbox 905 2750 954 2786; x_wconf 85' lang='grc'>27</span> <span class='ocrx_word' id='word_1_335' title='bbox 963 2749 999 2786; x_wconf 89' lang='grc'><strong>9.</strong></span> 
     </span>
     <span class='ocr_line' id='line_1_48' title="bbox 127 2801 1000 2853; baseline 0.001 -14"><span class='ocrx_word' id='word_1_336' title='bbox 127 2815 149 2840; x_wconf 86' lang='lat' dir='ltr'>c</span> <span class='ocrx_word' id='word_1_337' title='bbox 160 2804 387 2852; x_wconf 71' lang='lat' dir='ltr'>aufer-tae</span> <span class='ocrx_word' id='word_1_338' title='bbox 401 2817 541 2842; x_wconf 78' lang='lat' dir='ltr'>manus</span> <span class='ocrx_word' id='word_1_339' title='bbox 556 2803 759 2847; x_wconf 69' lang='lat' dir='ltr'>violentia,</span> <span class='ocrx_word' id='word_1_340' title='bbox 779 2801 896 2853; x_wconf 62' lang='lat' dir='ltr'>lxp.</span> <span class='ocrx_word' id='word_1_341' title='bbox 907 2806 1000 2843; x_wconf 89' lang='lat'><strong>662.</strong></span> 
     </span>
     <span class='ocr_line' id='line_1_49' title="bbox 127 2858 1002 2911; baseline 0.002 -16"><span class='ocrx_word' id='word_1_342' title='bbox 127 2858 229 2897; x_wconf 77' lang='lat' dir='ltr'>inter</span> <span class='ocrx_word' id='word_1_343' title='bbox 243 2861 473 2910; x_wconf 75' lang='lat' dir='ltr'>conferta</span> <span class='ocrx_word' id='word_1_344' title='bbox 483 2874 519 2898; x_wconf 72' lang='lat' dir='ltr'>tn</span> <span class='ocrx_word' id='word_1_345' title='bbox 533 2858 1002 2911; x_wconf 72' lang='lat' dir='ltr'>trepidaenndca&#39;tmliuis</span> 
     </span>
     <span class='ocr_line' id='line_1_50' title="bbox 125 2915 1002 2967; baseline 0.005 -16"><span class='ocrx_word' id='word_1_346' title='bbox 125 2918 317 2967; x_wconf 67' lang='lat' dir='ltr'>strayem.</span> <span class='ocrx_word' id='word_1_347' title='bbox 343 2916 391 2954; x_wconf 79' lang='grc' dir='ltr'>οῖ’.</span> <span class='ocrx_word' id='word_1_348' title='bbox 418 2916 468 2954; x_wconf 90' lang='lat' dir='ltr'>ad</span> <span class='ocrx_word' id='word_1_349' title='bbox 489 2915 659 2954; x_wconf 88' lang='lat' dir='ltr'>Frontin.</span> <span class='ocrx_word' id='word_1_350' title='bbox 676 2915 721 2954; x_wconf 78' lang='lat' dir='ltr'><strong>lt.</strong></span> <span class='ocrx_word' id='word_1_351' title='bbox 736 2919 772 2955; x_wconf 90' lang='lat'>8.</span> <span class='ocrx_word' id='word_1_352' title='bbox 798 2915 830 2965; x_wconf 58' lang='grc' dir='ltr'><strong>ᾧ.</strong></span> <span class='ocrx_word' id='word_1_353' title='bbox 854 2920 888 2955; x_wconf 90' lang='grc'><strong>1.</strong></span> <span class='ocrx_word' id='word_1_354' title='bbox 915 2915 1002 2955; x_wconf 81' lang='lat' dir='ltr'>Liv.</span> 
     </span>
     <span class='ocr_line' id='line_1_51' title="bbox 126 2968 997 3024; baseline 0.003 -17"><span class='ocrx_word' id='word_1_355' title='bbox 126 2968 254 3009; x_wconf 83' lang='lat' dir='ltr'><strong>XXII.</strong></span> <span class='ocrx_word' id='word_1_356' title='bbox 281 2975 345 3012; x_wconf 89' lang='lat'>28.</span> <span class='ocrx_word' id='word_1_357' title='bbox 371 2973 402 3024; x_wconf 67' lang='grc' dir='ltr'><strong>ξ.</strong></span> <span class='ocrx_word' id='word_1_358' title='bbox 421 2977 484 3014; x_wconf 89' lang='grc'>10.</span> <span class='ocrx_word' id='word_1_359' title='bbox 510 2972 618 3023; x_wconf 67' lang='lat' dir='ltr'>Virg.</span> <span class='ocrx_word' id='word_1_360' title='bbox 646 2972 793 3023; x_wconf 77' lang='lat' dir='ltr'>Georg.</span> <span class='ocrx_word' id='word_1_361' title='bbox 815 2971 878 3011; x_wconf 80' lang='lat' dir='ltr'><strong>III.</strong></span> <span class='ocrx_word' id='word_1_362' title='bbox 904 2976 997 3013; x_wconf 80' lang='lat'><strong>369.</strong></span> 
     </span>
     <span class='ocr_line' id='line_1_52' title="bbox 128 3026 997 3069; baseline 0.002 -5"><span class='ocrx_word' id='word_1_363' title='bbox 128 3026 432 3068; x_wconf 82' lang='lat' dir='ltr'>Senec.Consol.</span> <span class='ocrx_word' id='word_1_364' title='bbox 443 3030 492 3068; x_wconf 86' lang='lat' dir='ltr'>ad</span> <span class='ocrx_word' id='word_1_365' title='bbox 502 3028 644 3069; x_wconf 71' lang='lat' dir='ltr'>Mare!</span> <span class='ocrx_word' id='word_1_366' title='bbox 659 3033 695 3069; x_wconf 83' lang='lat'>6.</span> <span class='ocrx_word' id='word_1_367' title='bbox 705 3028 836 3068; x_wconf 80' lang='lat' dir='ltr'>lustin.</span> <span class='ocrx_word' id='word_1_368' title='bbox 845 3027 997 3067; x_wconf 79' lang='lat' dir='ltr'><strong>XXIV.</strong></span> 
     </span>
     <span class='ocr_line' id='line_1_53' title="bbox 128 3083 998 3127; baseline 0 -3"><span class='ocrx_word' id='word_1_369' title='bbox 128 3086 167 3124; x_wconf 90' lang='lat'>8.</span> <span class='ocrx_word' id='word_1_370' title='bbox 183 3083 281 3123; x_wconf 78' lang='lat' dir='ltr'>Stat.</span> <span class='ocrx_word' id='word_1_371' title='bbox 296 3083 511 3126; x_wconf 77' lang='lat' dir='ltr'><strong>Theb.vtl.</strong></span> <span class='ocrx_word' id='word_1_372' title='bbox 527 3090 620 3127; x_wconf 88' lang='lat'><strong>728.</strong></span> <span class='ocrx_word' id='word_1_373' title='bbox 635 3085 738 3125; x_wconf 85' lang='lat' dir='ltr'>Flor.</span> <span class='ocrx_word' id='word_1_374' title='bbox 757 3085 786 3124; x_wconf 81' lang='grc' dir='ltr'><strong>Ι.</strong></span> <span class='ocrx_word' id='word_1_375' title='bbox 801 3089 866 3126; x_wconf 72' lang='grc'><strong>24.</strong></span> <span class='ocrx_word' id='word_1_376' title='bbox 897 3083 998 3124; x_wconf 82' lang='lat' dir='ltr'>Con·</span> 
     </span>
    </p>
   </div>
   <div class='ocr_carea' id='block_1_10' title="bbox 128 3143 998 3195">
    <p class='ocr_par' dir='ltr' id='par_1_12' title="bbox 128 3143 998 3195">
     <span class='ocr_line' id='line_1_54' title="bbox 128 3143 998 3195; baseline 0.003 -17"><span class='ocrx_word' id='word_1_377' title='bbox 128 3144 260 3181; x_wconf 74' lang='lat' dir='ltr'>sertus</span> <span class='ocrx_word' id='word_1_378' title='bbox 285 3155 376 3181; x_wconf 80' lang='lat' dir='ltr'>vero</span> <span class='ocrx_word' id='word_1_379' title='bbox 402 3143 595 3195; x_wconf 76' lang='lat' dir='ltr'>significat</span> <span class='ocrx_word' id='word_1_380' title='bbox 618 3143 883 3182; x_wconf 80' lang='lat' dir='ltr'>commixtum.</span> <span class='ocrx_word' id='word_1_381' title='bbox 910 3156 998 3181; x_wconf 79' lang='lat' dir='ltr'>con-</span> 
     </span>
    </p>
   </div>
   <div class='ocr_carea' id='block_1_11' title="bbox 1047 758 1935 3197">
    <p class='ocr_par' dir='ltr' id='par_1_13' title="bbox 1047 758 1935 3197">
     <span class='ocr_line' id='line_1_55' title="bbox 1052 758 1921 808; baseline 0 -10"><span class='ocrx_word' id='word_1_382' title='bbox 1052 774 1211 808; x_wconf 77' lang='lat' dir='ltr'>nexum,</span> <span class='ocrx_word' id='word_1_383' title='bbox 1238 765 1277 798; x_wconf 80' lang='lat' dir='ltr'>ut</span> <span class='ocrx_word' id='word_1_384' title='bbox 1304 765 1490 799; x_wconf 75' lang='lat' dir='ltr'>conserta</span> <span class='ocrx_word' id='word_1_385' title='bbox 1517 760 1736 799; x_wconf 78' lang='lat' dir='ltr'>eadm-era.</span> <span class='ocrx_word' id='word_1_386' title='bbox 1775 758 1921 798; x_wconf 88' lang='lat' dir='ltr'>Lucan.</span> 
     </span>
     <span class='ocr_line' id='line_1_56' title="bbox 1051 816 1922 863; baseline -0.002 -7"><span class='ocrx_word' id='word_1_387' title='bbox 1051 817 1115 857; x_wconf 86' lang='grc' dir='ltr'><strong>ΙΙΙ.</strong></span> <span class='ocrx_word' id='word_1_388' title='bbox 1141 822 1234 858; x_wconf 82' lang='grc'><strong>575.</strong></span> <span class='ocrx_word' id='word_1_389' title='bbox 1275 818 1342 856; x_wconf 84' lang='lat' dir='ltr'>Sic</span> <span class='ocrx_word' id='word_1_390' title='bbox 1374 818 1489 855; x_wconf 82' lang='lat' dir='ltr'>etiam</span> <span class='ocrx_word' id='word_1_391' title='bbox 1518 821 1726 856; x_wconf 78' lang='lat' dir='ltr'>consertus</span> <span class='ocrx_word' id='word_1_392' title='bbox 1752 816 1922 863; x_wconf 83' lang='lat' dir='ltr'>clamor,</span> 
     </span>
     <span class='ocr_line' id='line_1_57' title="bbox 1052 873 1923 914; baseline -0.003 0"><span class='ocrx_word' id='word_1_393' title='bbox 1052 879 1238 914; x_wconf 74' lang='lat' dir='ltr'>conserta</span> <span class='ocrx_word' id='word_1_394' title='bbox 1265 888 1347 913; x_wconf 71' lang='lat' dir='ltr'>voa,-</span> <span class='ocrx_word' id='word_1_395' title='bbox 1371 878 1433 912; x_wconf 82' lang='lat' dir='ltr'>est</span> <span class='ocrx_word' id='word_1_396' title='bbox 1455 874 1574 912; x_wconf 84' lang='lat' dir='ltr'>mixta</span> <span class='ocrx_word' id='word_1_397' title='bbox 1594 877 1634 911; x_wconf 90' lang='lat' dir='ltr'>et</span> <span class='ocrx_word' id='word_1_398' title='bbox 1652 873 1749 911; x_wconf 89' lang='lat' dir='ltr'>inter</span> <span class='ocrx_word' id='word_1_399' title='bbox 1768 886 1815 911; x_wconf 89' lang='lat' dir='ltr'>se</span> <span class='ocrx_word' id='word_1_400' title='bbox 1834 887 1923 912; x_wconf 89' lang='lat' dir='ltr'>con·</span> 
     </span>
     <span class='ocr_line' id='line_1_58' title="bbox 1053 929 1924 982; baseline -0.002 -13"><span class='ocrx_word' id='word_1_401' title='bbox 1053 931 1157 977; x_wconf 82' lang='lat' dir='ltr'>fusa,</span> <span class='ocrx_word' id='word_1_402' title='bbox 1184 931 1234 969; x_wconf 86' lang='lat' dir='ltr'>de</span> <span class='ocrx_word' id='word_1_403' title='bbox 1260 945 1336 981; x_wconf 86' lang='lat' dir='ltr'>qua</span> <span class='ocrx_word' id='word_1_404' title='bbox 1360 930 1408 970; x_wconf 84' lang='lat' dir='ltr'>ef.</span> <span class='ocrx_word' id='word_1_405' title='bbox 1433 930 1534 969; x_wconf 80' lang='lat' dir='ltr'>Met.</span> <span class='ocrx_word' id='word_1_406' title='bbox 1558 929 1626 968; x_wconf 89' lang='lat' dir='ltr'>lX.</span> <span class='ocrx_word' id='word_1_407' title='bbox 1647 944 1685 981; x_wconf 86' lang='lat' dir='ltr'>p.</span> <span class='ocrx_word' id='word_1_408' title='bbox 1707 934 1801 971; x_wconf 86' lang='lat'><strong>615.</strong></span> <span class='ocrx_word' id='word_1_409' title='bbox 1828 929 1924 982; x_wconf 90' lang='lat' dir='ltr'>[Alii</span> 
     </span>
     <span class='ocr_line' id='line_1_59' title="bbox 1049 986 1926 1038; baseline -0.002 -11"><span class='ocrx_word' id='word_1_410' title='bbox 1049 987 1159 1027; x_wconf 85' lang='lat' dir='ltr'>aliter</span> <span class='ocrx_word' id='word_1_411' title='bbox 1197 986 1269 1026; x_wconf 88' lang='lat' dir='ltr'>hoc</span> <span class='ocrx_word' id='word_1_412' title='bbox 1304 987 1509 1026; x_wconf 75' lang='lat' dir='ltr'>discrimen</span> <span class='ocrx_word' id='word_1_413' title='bbox 1547 986 1758 1038; x_wconf 87' lang='lat' dir='ltr'>proferunt.</span> <span class='ocrx_word' id='word_1_414' title='bbox 1824 986 1926 1025; x_wconf 86' lang='lat' dir='ltr'>Sunt</span> 
     </span>
     <span class='ocr_line' id='line_1_60' title="bbox 1049 1043 1924 1094; baseline -0.001 -11"><span class='ocrx_word' id='word_1_415' title='bbox 1049 1045 1149 1083; x_wconf 89' lang='lat' dir='ltr'>enim</span> <span class='ocrx_word' id='word_1_416' title='bbox 1166 1044 1228 1094; x_wconf 89' lang='lat' dir='ltr'>qui</span> <span class='ocrx_word' id='word_1_417' title='bbox 1245 1045 1456 1094; x_wconf 77' lang='lat' dir='ltr'>confertus</span> <span class='ocrx_word' id='word_1_418' title='bbox 1471 1048 1509 1082; x_wconf 90' lang='lat' dir='ltr'>et</span> <span class='ocrx_word' id='word_1_419' title='bbox 1524 1049 1732 1084; x_wconf 79' lang='lat' dir='ltr'>consertus</span> <span class='ocrx_word' id='word_1_420' title='bbox 1745 1043 1924 1091; x_wconf 82' lang='lat' dir='ltr'>densum,</span> 
     </span>
     <span class='ocr_line' id='line_1_61' title="bbox 1048 1100 1922 1152; baseline 0 -13"><span class='ocrx_word' id='word_1_421' title='bbox 1048 1101 1232 1151; x_wconf 81' lang='lat' dir='ltr'>stipatum</span> <span class='ocrx_word' id='word_1_422' title='bbox 1259 1113 1354 1138; x_wconf 78' lang='lat' dir='ltr'>esse</span> <span class='ocrx_word' id='word_1_423' title='bbox 1378 1104 1612 1152; x_wconf 80' lang='lat' dir='ltr'>proponant3</span> <span class='ocrx_word' id='word_1_424' title='bbox 1649 1104 1690 1139; x_wconf 92' lang='lat' dir='ltr'>ut</span> <span class='ocrx_word' id='word_1_425' title='bbox 1721 1100 1826 1151; x_wconf 85' lang='lat' dir='ltr'>apud</span> <span class='ocrx_word' id='word_1_426' title='bbox 1851 1100 1922 1139; x_wconf 85' lang='lat' dir='ltr'>Sit.</span> 
     </span>
     <span class='ocr_line' id='line_1_62' title="bbox 1049 1156 1923 1203; baseline 0.001 -8"><span class='ocrx_word' id='word_1_427' title='bbox 1049 1157 1117 1195; x_wconf 61' lang='grc' dir='ltr'>ΥῘ.</span> <span class='ocrx_word' id='word_1_428' title='bbox 1134 1161 1228 1197; x_wconf 88' lang='lat'><strong>316.</strong></span> <span class='ocrx_word' id='word_1_429' title='bbox 1256 1157 1303 1195; x_wconf 84' lang='lat' dir='ltr'>cf.</span> <span class='ocrx_word' id='word_1_430' title='bbox 1319 1156 1448 1195; x_wconf 76' lang='lat' dir='ltr'>Burni.</span> <span class='ocrx_word' id='word_1_431' title='bbox 1471 1157 1519 1195; x_wconf 86' lang='lat' dir='ltr'>ad</span> <span class='ocrx_word' id='word_1_432' title='bbox 1543 1156 1673 1203; x_wconf 83' lang='lat' dir='ltr'>Quint.</span> <span class='ocrx_word' id='word_1_433' title='bbox 1688 1157 1802 1196; x_wconf 66' lang='lat' dir='ltr'>&#39;Dect</span> <span class='ocrx_word' id='word_1_434' title='bbox 1817 1156 1923 1196; x_wconf 85' lang='lat' dir='ltr'><strong>XIII.</strong></span> 
     </span>
     <span class='ocr_line' id='line_1_63' title="bbox 1052 1212 1922 1266; baseline -0.001 -12"><span class='ocrx_word' id='word_1_435' title='bbox 1052 1218 1087 1254; x_wconf 87' lang='lat'>3.</span> <span class='ocrx_word' id='word_1_436' title='bbox 1114 1228 1152 1266; x_wconf 90' lang='lat' dir='ltr'>p.</span> <span class='ocrx_word' id='word_1_437' title='bbox 1180 1218 1274 1254; x_wconf 78' lang='lat'><strong>274.</strong></span> <span class='ocrx_word' id='word_1_438' title='bbox 1302 1213 1436 1252; x_wconf 86' lang='lat' dir='ltr'>Heius.</span> <span class='ocrx_word' id='word_1_439' title='bbox 1462 1213 1510 1251; x_wconf 84' lang='lat' dir='ltr'>ad</span> <span class='ocrx_word' id='word_1_440' title='bbox 1538 1212 1656 1252; x_wconf 77' lang='lat' dir='ltr'>Ovid.</span> <span class='ocrx_word' id='word_1_441' title='bbox 1689 1213 1787 1254; x_wconf 79' lang='lat' dir='ltr'>Met.</span> <span class='ocrx_word' id='word_1_442' title='bbox 1811 1212 1922 1253; x_wconf 85' lang='lat' dir='ltr'><strong>XIV.</strong></span> 
     </span>
     <span class='ocr_line' id='line_1_64' title="bbox 1054 1269 1926 1321; baseline -0.003 -10"><span class='ocrx_word' id='word_1_443' title='bbox 1054 1274 1146 1311; x_wconf 83' lang='lat'><strong>166.</strong></span> <span class='ocrx_word' id='word_1_444' title='bbox 1173 1270 1258 1308; x_wconf 83' lang='lat' dir='ltr'>Res</span> <span class='ocrx_word' id='word_1_445' title='bbox 1284 1269 1451 1307; x_wconf 81' lang='lat' dir='ltr'>difficilis</span> <span class='ocrx_word' id='word_1_446' title='bbox 1478 1274 1540 1308; x_wconf 80' lang='lat' dir='ltr'>est</span> <span class='ocrx_word' id='word_1_447' title='bbox 1561 1270 1782 1317; x_wconf 86' lang='lat' dir='ltr'>diiudicatu,</span> <span class='ocrx_word' id='word_1_448' title='bbox 1809 1284 1926 1321; x_wconf 89' lang='lat' dir='ltr'>quum</span> 
     </span>
     <span class='ocr_line' id='line_1_65' title="bbox 1053 1326 1925 1378; baseline 0.001 -14"><span class='ocrx_word' id='word_1_449' title='bbox 1053 1327 1200 1365; x_wconf 75' lang='lat' dir='ltr'>facilior</span> <span class='ocrx_word' id='word_1_450' title='bbox 1236 1328 1287 1364; x_wconf 81' lang='lat' dir='ltr'>sit</span> <span class='ocrx_word' id='word_1_451' title='bbox 1327 1326 1535 1364; x_wconf 82' lang='lat' dir='ltr'>litterarum</span> <span class='ocrx_word' id='word_1_452' title='bbox 1572 1341 1590 1365; x_wconf 85' lang='lat' dir='ltr'>s</span> <span class='ocrx_word' id='word_1_453' title='bbox 1622 1331 1660 1365; x_wconf 90' lang='lat' dir='ltr'>et</span> <span class='ocrx_word' id='word_1_454' title='bbox 1687 1329 1718 1378; x_wconf 83' lang='lat' dir='ltr'><em>f</em></span> <span class='ocrx_word' id='word_1_455' title='bbox 1742 1328 1777 1365; x_wconf 91' lang='lat' dir='ltr'>in</span> <span class='ocrx_word' id='word_1_456' title='bbox 1811 1327 1925 1365; x_wconf 88' lang='lat' dir='ltr'>codd.</span> 
     </span>
     <span class='ocr_line' id='line_1_66' title="bbox 1052 1383 1926 1433; baseline 0 -12"><span class='ocrx_word' id='word_1_457' title='bbox 1052 1385 1224 1422; x_wconf 82' lang='lat' dir='ltr'>mutatio.</span> <span class='ocrx_word' id='word_1_458' title='bbox 1261 1383 1338 1420; x_wconf 64' lang='lat' dir='ltr'>vix</span> <span class='ocrx_word' id='word_1_459' title='bbox 1354 1387 1480 1421; x_wconf 79' lang='lat' dir='ltr'>tamen</span> <span class='ocrx_word' id='word_1_460' title='bbox 1504 1387 1595 1433; x_wconf 87' lang='lat' dir='ltr'>puto</span> <span class='ocrx_word' id='word_1_461' title='bbox 1613 1389 1820 1423; x_wconf 72' lang='lat' dir='ltr'>consertus</span> <span class='ocrx_word' id='word_1_462' title='bbox 1834 1384 1926 1422; x_wconf 90' lang='lat' dir='ltr'>den-</span> 
     </span>
     <span class='ocr_line' id='line_1_67' title="bbox 1049 1440 1926 1491; baseline 0.002 -15"><span class='ocrx_word' id='word_1_463' title='bbox 1049 1454 1133 1478; x_wconf 74' lang='lat' dir='ltr'>sum</span> <span class='ocrx_word' id='word_1_464' title='bbox 1161 1440 1380 1490; x_wconf 71' lang='lat' dir='ltr'>significare</span> <span class='ocrx_word' id='word_1_465' title='bbox 1407 1452 1548 1491; x_wconf 80' lang='lat' dir='ltr'>posse,</span> <span class='ocrx_word' id='word_1_466' title='bbox 1577 1441 1646 1478; x_wconf 74' lang='lat' dir='ltr'>nisi</span> <span class='ocrx_word' id='word_1_467' title='bbox 1662 1440 1825 1479; x_wconf 84' lang='lat' dir='ltr'>accedat</span> <span class='ocrx_word' id='word_1_468' title='bbox 1846 1440 1926 1478; x_wconf 81' lang='lat' dir='ltr'>bet-</span> 
     </span>
     <span class='ocr_line' id='line_1_68' title="bbox 1050 1496 1929 1548; baseline -0.002 -13"><span class='ocrx_word' id='word_1_469' title='bbox 1050 1497 1170 1535; x_wconf 85' lang='lat' dir='ltr'>lorum</span> <span class='ocrx_word' id='word_1_470' title='bbox 1202 1496 1486 1548; x_wconf 85' lang='lat' dir='ltr'>proeliorumve</span> <span class='ocrx_word' id='word_1_471' title='bbox 1518 1497 1637 1536; x_wconf 84' lang='lat' dir='ltr'>notio.</span> <span class='ocrx_word' id='word_1_472' title='bbox 1692 1496 1791 1535; x_wconf 86' lang='lat' dir='ltr'>Hine</span> <span class='ocrx_word' id='word_1_473' title='bbox 1822 1496 1929 1548; x_wconf 85' lang='lat' dir='ltr'>apud</span> 
     </span>
     <span class='ocr_line' id='line_1_69' title="bbox 1049 1553 1927 1604; baseline 0.001 -13"><span class='ocrx_word' id='word_1_474' title='bbox 1049 1553 1196 1591; x_wconf 81' lang='lat' dir='ltr'>Lucan.</span> <span class='ocrx_word' id='word_1_475' title='bbox 1233 1554 1255 1592; x_wconf 89' lang='grc' dir='ltr'><strong>Ι.</strong></span> <span class='ocrx_word' id='word_1_476' title='bbox 1283 1567 1312 1592; x_wconf 92' lang='lat' dir='ltr'>c.</span> <span class='ocrx_word' id='word_1_477' title='bbox 1345 1553 1476 1604; x_wconf 81' lang='lat' dir='ltr'>potius</span> <span class='ocrx_word' id='word_1_478' title='bbox 1502 1553 1712 1603; x_wconf 72' lang='lat' dir='ltr'>legendum</span> <span class='ocrx_word' id='word_1_479' title='bbox 1744 1558 1806 1592; x_wconf 83' lang='lat' dir='ltr'>est</span> <span class='ocrx_word' id='word_1_480' title='bbox 1833 1567 1927 1594; x_wconf 78' lang='lat' dir='ltr'>con-</span> 
     </span>
     <span class='ocr_line' id='line_1_70' title="bbox 1047 1609 1927 1662; baseline 0.001 -14"><span class='ocrx_word' id='word_1_481' title='bbox 1047 1612 1158 1661; x_wconf 70' lang='lat' dir='ltr'>serta</span> <span class='ocrx_word' id='word_1_482' title='bbox 1175 1611 1393 1655; x_wconf 68' lang='lat' dir='ltr'>cadavera,</span> <span class='ocrx_word' id='word_1_483' title='bbox 1420 1610 1521 1660; x_wconf 88' lang='lat' dir='ltr'>quod</span> <span class='ocrx_word' id='word_1_484' title='bbox 1540 1610 1655 1648; x_wconf 82' lang='lat' dir='ltr'>etiam</span> <span class='ocrx_word' id='word_1_485' title='bbox 1673 1609 1828 1650; x_wconf 83' lang='lat' dir='ltr'>Cortius</span> <span class='ocrx_word' id='word_1_486' title='bbox 1844 1623 1927 1662; x_wconf 86' lang='lat' dir='ltr'>pro-</span> 
     </span>
     <span class='ocr_line' id='line_1_71' title="bbox 1054 1667 1927 1718; baseline 0.001 -14"><span class='ocrx_word' id='word_1_487' title='bbox 1054 1668 1128 1705; x_wconf 85' lang='lat' dir='ltr'>bat.</span> <span class='ocrx_word' id='word_1_488' title='bbox 1156 1668 1402 1717; x_wconf 74' lang='lat' dir='ltr'>Quamquam</span> <span class='ocrx_word' id='word_1_489' title='bbox 1418 1668 1449 1704; x_wconf 80' lang='lat' dir='ltr'>si</span> <span class='ocrx_word' id='word_1_490' title='bbox 1466 1667 1541 1705; x_wconf 85' lang='lat' dir='ltr'>hoc</span> <span class='ocrx_word' id='word_1_491' title='bbox 1556 1667 1772 1717; x_wconf 76' lang='lat' dir='ltr'>significare</span> <span class='ocrx_word' id='word_1_492' title='bbox 1786 1668 1927 1718; x_wconf 79' lang='lat' dir='ltr'>possit,</span> 
     </span>
     <span class='ocr_line' id='line_1_72' title="bbox 1053 1723 1927 1775; baseline 0.001 -14"><span class='ocrx_word' id='word_1_493' title='bbox 1053 1723 1167 1762; x_wconf 76' lang='lat' dir='ltr'>facile</span> <span class='ocrx_word' id='word_1_494' title='bbox 1195 1724 1393 1761; x_wconf 78' lang='lat' dir='ltr'>emendari</span> <span class='ocrx_word' id='word_1_495' title='bbox 1427 1728 1545 1775; x_wconf 75' lang='lat' dir='ltr'>queat</span> <span class='ocrx_word' id='word_1_496' title='bbox 1578 1724 1689 1761; x_wconf 84' lang='lat' dir='ltr'>locus</span> <span class='ocrx_word' id='word_1_497' title='bbox 1721 1724 1873 1763; x_wconf 80' lang='lat' dir='ltr'>Colum.</span> <span class='ocrx_word' id='word_1_498' title='bbox 1898 1724 1927 1762; x_wconf 84' lang='lat' dir='ltr'>I.</span> 
     </span>
     <span class='ocr_line' id='line_1_73' title="bbox 1052 1780 1929 1829; baseline -0.002 -8"><span class='ocrx_word' id='word_1_499' title='bbox 1052 1785 1089 1821; x_wconf 87' lang='lat'>8.</span> <span class='ocrx_word' id='word_1_500' title='bbox 1106 1784 1142 1821; x_wconf 77' lang='lat'>9.</span> <span class='ocrx_word' id='word_1_501' title='bbox 1165 1780 1252 1829; x_wconf 76' lang='lat' dir='ltr'><strong>(XI.</strong></span> <span class='ocrx_word' id='word_1_502' title='bbox 1274 1786 1306 1820; x_wconf 89' lang='grc' dir='ltr'><strong>Ι.</strong></span> <span class='ocrx_word' id='word_1_503' title='bbox 1321 1784 1404 1829; x_wconf 88' lang='lat'><strong>21.)</strong></span> <span class='ocrx_word' id='word_1_504' title='bbox 1427 1781 1663 1819; x_wconf 68' lang='lat' dir='ltr'>centonibus</span> <span class='ocrx_word' id='word_1_505' title='bbox 1689 1782 1929 1820; x_wconf 69' lang='lat' dir='ltr'>consertis</span> 
     </span>
     <span class='ocr_line' id='line_1_74' title="bbox 1054 1836 1928 1890; baseline 0 -14"><span class='ocrx_word' id='word_1_506' title='bbox 1054 1838 1114 1876; x_wconf 77' lang='lat' dir='ltr'>rel</span> <span class='ocrx_word' id='word_1_507' title='bbox 1135 1838 1229 1889; x_wconf 66' lang='lat' dir='ltr'>sassi</span> <span class='ocrx_word' id='word_1_508' title='bbox 1255 1838 1421 1877; x_wconf 54' lang='lat' dir='ltr'>orandi&amp;</span> <span class='ocrx_word' id='word_1_509' title='bbox 1449 1837 1586 1875; x_wconf 25' lang='lat' dir='ltr'>(ritoss.</span> <span class='ocrx_word' id='word_1_510' title='bbox 1614 1836 1744 1888; x_wconf 43' lang='lat' dir='ltr'>syrm-</span> <span class='ocrx_word' id='word_1_511' title='bbox 1773 1853 1808 1890; x_wconf 93' lang='lat' dir='ltr'>p.</span> <span class='ocrx_word' id='word_1_512' title='bbox 1835 1841 1928 1878; x_wconf 79' lang='lat'><strong>625.</strong></span> 
     </span>
     <span class='ocr_line' id='line_1_75' title="bbox 1053 1893 1929 1945; baseline 0 -12"><span class='ocrx_word' id='word_1_513' title='bbox 1053 1893 1355 1945; x_wconf 54' lang='grc' dir='ltr'>σιϊιρραμμμήτψ</span> <span class='ocrx_word' id='word_1_514' title='bbox 1367 1899 1509 1933; x_wconf 73' lang='lat' dir='ltr'>sutum.</span> <span class='ocrx_word' id='word_1_515' title='bbox 1526 1898 1737 1933; x_wconf 66' lang='lat' dir='ltr'>consulum</span> <span class='ocrx_word' id='word_1_516' title='bbox 1747 1924 1756 1933; x_wconf 80' lang='grc'><strong>.</strong></span> <span class='ocrx_word' id='word_1_517' title='bbox 1772 1909 1929 1933; x_wconf 64' lang='grc' dir='ltr'>θωπευτ-</span> 
     </span>
     <span class='ocr_line' id='line_1_76' title="bbox 1055 1950 1929 2003; baseline 0 -14"><span class='ocrx_word' id='word_1_518' title='bbox 1055 1956 1135 1989; x_wconf 77' lang='lat' dir='ltr'>Ium</span> <span class='ocrx_word' id='word_1_519' title='bbox 1163 1955 1203 1988; x_wconf 83' lang='grc' dir='ltr'>θῖ</span> <span class='ocrx_word' id='word_1_520' title='bbox 1227 1966 1371 2003; x_wconf 63' lang='lat' dir='ltr'>sussum</span> <span class='ocrx_word' id='word_1_521' title='bbox 1391 1954 1453 1988; x_wconf 74' lang='lat' dir='ltr'>est</span> <span class='ocrx_word' id='word_1_522' title='bbox 1474 1950 1619 1995; x_wconf 60' lang='lat' dir='ltr'>voltum,</span> <span class='ocrx_word' id='word_1_523' title='bbox 1649 1951 1754 1997; x_wconf 81' lang='lat' dir='ltr'>lana,</span> <span class='ocrx_word' id='word_1_524' title='bbox 1783 1965 1830 1989; x_wconf 82' lang='lat' dir='ltr'>ex</span> <span class='ocrx_word' id='word_1_525' title='bbox 1852 1965 1929 2002; x_wconf 85' lang='lat' dir='ltr'>quo</span> 
     </span>
     <span class='ocr_line' id='line_1_77' title="bbox 1052 2007 1931 2057; baseline 0 -13"><span class='ocrx_word' id='word_1_526' title='bbox 1052 2021 1191 2057; x_wconf 56' lang='lat' dir='ltr'>sagum</span> <span class='ocrx_word' id='word_1_527' title='bbox 1217 2008 1422 2047; x_wconf 80' lang='lat' dir='ltr'>conficitur.</span> <span class='ocrx_word' id='word_1_528' title='bbox 1450 2007 1499 2047; x_wconf 85' lang='lat' dir='ltr'><strong>cs.</strong></span> <span class='ocrx_word' id='word_1_529' title='bbox 1519 2007 1629 2045; x_wconf 84' lang='lat' dir='ltr'>Varr.</span> <span class='ocrx_word' id='word_1_530' title='bbox 1657 2007 1724 2047; x_wconf 74' lang='lat' dir='ltr'>IV.</span> <span class='ocrx_word' id='word_1_531' title='bbox 1750 2012 1817 2049; x_wconf 86' lang='lat'>35.</span> <span class='ocrx_word' id='word_1_532' title='bbox 1842 2008 1931 2047; x_wconf 71' lang='lat' dir='ltr'>Nisi</span> 
     </span>
     <span class='ocr_line' id='line_1_78' title="bbox 1053 2064 1931 2115; baseline 0.001 -14"><span class='ocrx_word' id='word_1_533' title='bbox 1053 2066 1088 2101; x_wconf 93' lang='lat' dir='ltr'>in</span> <span class='ocrx_word' id='word_1_534' title='bbox 1105 2068 1267 2114; x_wconf 83' lang='lat' dir='ltr'>utroque</span> <span class='ocrx_word' id='word_1_535' title='bbox 1284 2064 1370 2102; x_wconf 88' lang='lat' dir='ltr'>loco</span> <span class='ocrx_word' id='word_1_536' title='bbox 1389 2064 1593 2115; x_wconf 75' lang='lat' dir='ltr'>legendum</span> <span class='ocrx_word' id='word_1_537' title='bbox 1610 2068 1673 2102; x_wconf 77' lang='lat' dir='ltr'>est</span> <span class='ocrx_word' id='word_1_538' title='bbox 1695 2070 1931 2105; x_wconf 78' lang='lat' dir='ltr'>consurlmn</span> 
     </span>
     <span class='ocr_line' id='line_1_79' title="bbox 1055 2121 1931 2161; baseline 0.002 -4"><span class='ocrx_word' id='word_1_539' title='bbox 1055 2121 1114 2158; x_wconf 74' lang='lat' dir='ltr'>vel</span> <span class='ocrx_word' id='word_1_540' title='bbox 1143 2126 1373 2161; x_wconf 77' lang='lat' dir='ltr'>eonsertwn</span> <span class='ocrx_word' id='word_1_541' title='bbox 1398 2137 1423 2160; x_wconf 85' lang='grc' dir='ltr'><em>α</em></span> <span class='ocrx_word' id='word_1_542' title='bbox 1451 2122 1669 2160; x_wconf 65' lang='lat' dir='ltr'>comm-cio</span> <span class='ocrx_word' id='word_1_543' title='bbox 1695 2126 1842 2161; x_wconf 80' lang='lat' dir='ltr'>mutata</span> <span class='ocrx_word' id='word_1_544' title='bbox 1875 2122 1931 2159; x_wconf 90' lang='lat' dir='ltr'>lit-</span> 
     </span>
     <span class='ocr_line' id='line_1_80' title="bbox 1054 2180 1930 2231; baseline 0.002 -15"><span class='ocrx_word' id='word_1_545' title='bbox 1054 2182 1153 2219; x_wconf 79' lang='lat' dir='ltr'>tera.</span> <span class='ocrx_word' id='word_1_546' title='bbox 1181 2180 1240 2227; x_wconf 90' lang='lat' dir='ltr'>(ut</span> <span class='ocrx_word' id='word_1_547' title='bbox 1265 2191 1610 2229; x_wconf 77' lang='lat' dir='ltr'>eonsperswnpro</span> <span class='ocrx_word' id='word_1_548' title='bbox 1626 2181 1930 2231; x_wconf 73' lang='lat' dir='ltr'>consparsum),</span> 
     </span>
     <span class='ocr_line' id='line_1_81' title="bbox 1055 2234 1932 2285; baseline 0.002 -13"><span class='ocrx_word' id='word_1_549' title='bbox 1055 2234 1157 2285; x_wconf 88' lang='lat' dir='ltr'>quod</span> <span class='ocrx_word' id='word_1_550' title='bbox 1184 2247 1258 2272; x_wconf 80' lang='lat' dir='ltr'>sua</span> <span class='ocrx_word' id='word_1_551' title='bbox 1284 2235 1504 2272; x_wconf 78' lang='lat' dir='ltr'>coniectura</span> <span class='ocrx_word' id='word_1_552' title='bbox 1537 2241 1748 2275; x_wconf 75' lang='lat' dir='ltr'>consulum</span> <span class='ocrx_word' id='word_1_553' title='bbox 1774 2236 1932 2274; x_wconf 79' lang='lat' dir='ltr'>efficere</span> 
     </span>
     <span class='ocr_line' id='line_1_82' title="bbox 1053 2290 1932 2341; baseline 0.005 -13"><span class='ocrx_word' id='word_1_554' title='bbox 1053 2291 1202 2329; x_wconf 73' lang='lat' dir='ltr'>studuit</span> <span class='ocrx_word' id='word_1_555' title='bbox 1228 2290 1357 2329; x_wconf 88' lang='lat' dir='ltr'>Herm.</span> <span class='ocrx_word' id='word_1_556' title='bbox 1385 2293 1420 2329; x_wconf 93' lang='lat' dir='ltr'>in</span> <span class='ocrx_word' id='word_1_557' title='bbox 1450 2290 1586 2341; x_wconf 64' lang='lat' dir='ltr'>&#39;Pi-ogr.</span> <span class='ocrx_word' id='word_1_558' title='bbox 1613 2291 1663 2329; x_wconf 91' lang='lat' dir='ltr'>de</span> <span class='ocrx_word' id='word_1_559' title='bbox 1690 2291 1820 2332; x_wconf 70' lang='lat' dir='ltr'>lux-en.</span> <span class='ocrx_word' id='word_1_560' title='bbox 1847 2293 1932 2332; x_wconf 74' lang='lat' dir='ltr'>Sat.</span> 
     </span>
     <span class='ocr_line' id='line_1_83' title="bbox 1056 2347 1865 2402; baseline 0.004 -17"><span class='ocrx_word' id='word_1_561' title='bbox 1056 2347 1118 2386; x_wconf 85' lang='lat' dir='ltr'><strong>III.</strong></span> <span class='ocrx_word' id='word_1_562' title='bbox 1146 2360 1181 2399; x_wconf 82' lang='lat' dir='ltr'>p.</span> <span class='ocrx_word' id='word_1_563' title='bbox 1210 2353 1254 2393; x_wconf 82' lang='grc' dir='ltr'>Ιι,</span> <span class='ocrx_word' id='word_1_564' title='bbox 1280 2349 1344 2387; x_wconf 78' lang='lat' dir='ltr'>ubi</span> <span class='ocrx_word' id='word_1_565' title='bbox 1373 2348 1473 2387; x_wconf 82' lang='lat' dir='ltr'>hunc</span> <span class='ocrx_word' id='word_1_566' title='bbox 1501 2348 1627 2386; x_wconf 84' lang='lat' dir='ltr'>locum</span> <span class='ocrx_word' id='word_1_567' title='bbox 1654 2350 1865 2402; x_wconf 61' lang='lat' dir='ltr'>tractavit]</span> 
     </span>
     <span class='ocr_line' id='line_1_84' title="bbox 1114 2405 1933 2457; baseline 0.001 -13"><span class='ocrx_word' id='word_1_568' title='bbox 1114 2405 1303 2445; x_wconf 75' lang='lat' dir='ltr'>clunibus</span> <span class='ocrx_word' id='word_1_569' title='bbox 1323 2406 1418 2444; x_wconf 78' lang='lat' dir='ltr'>meis</span> <span class='ocrx_word' id='word_1_570' title='bbox 1432 2406 1770 2457; x_wconf 60' lang='lat' dir='ltr'>aygsressionibns</span> <span class='ocrx_word' id='word_1_571' title='bbox 1782 2408 1933 2457; x_wconf 78' lang='lat' dir='ltr'>feriniS</span> 
     </span>
     <span class='ocr_line' id='line_1_85' title="bbox 1056 2461 1932 2513; baseline -0.001 -12"><span class='ocrx_word' id='word_1_572' title='bbox 1056 2462 1327 2501; x_wconf 75' lang='lat' dir='ltr'>consulebam.</span> <span class='ocrx_word' id='word_1_573' title='bbox 1356 2461 1431 2513; x_wconf 78' lang='lat' dir='ltr'>[tta</span> <span class='ocrx_word' id='word_1_574' title='bbox 1456 2461 1556 2501; x_wconf 72' lang='lat' dir='ltr'>lianc</span> <span class='ocrx_word' id='word_1_575' title='bbox 1583 2462 1802 2509; x_wconf 80' lang='lat' dir='ltr'>lectionem,</span> <span class='ocrx_word' id='word_1_576' title='bbox 1830 2476 1932 2513; x_wconf 85' lang='lat' dir='ltr'>qnae</span> 
     </span>
     <span class='ocr_line' id='line_1_86' title="bbox 1054 2518 1931 2569; baseline 0 -13"><span class='ocrx_word' id='word_1_577' title='bbox 1054 2518 1146 2556; x_wconf 78' lang='lat' dir='ltr'>mibi</span> <span class='ocrx_word' id='word_1_578' title='bbox 1174 2532 1361 2569; x_wconf 72' lang='lat' dir='ltr'>perversa</span> <span class='ocrx_word' id='word_1_579' title='bbox 1386 2519 1557 2564; x_wconf 75' lang='lat' dir='ltr'>videtur,</span> <span class='ocrx_word' id='word_1_580' title='bbox 1584 2531 1633 2556; x_wconf 79' lang='lat' dir='ltr'>ex</span> <span class='ocrx_word' id='word_1_581' title='bbox 1659 2520 1772 2558; x_wconf 87' lang='lat' dir='ltr'>codd.</span> <span class='ocrx_word' id='word_1_582' title='bbox 1799 2523 1931 2558; x_wconf 82' lang='lat' dir='ltr'>aueto-</span> 
     </span>
     <span class='ocr_line' id='line_1_87' title="bbox 1055 2573 1931 2628; baseline 0 -15"><span class='ocrx_word' id='word_1_583' title='bbox 1055 2577 1166 2613; x_wconf 81' lang='lat' dir='ltr'>ritate</span> <span class='ocrx_word' id='word_1_584' title='bbox 1192 2577 1352 2614; x_wconf 81' lang='lat' dir='ltr'>restitui.</span> <span class='ocrx_word' id='word_1_585' title='bbox 1399 2573 1571 2613; x_wconf 87' lang='lat' dir='ltr'>Primum</span> <span class='ocrx_word' id='word_1_586' title='bbox 1603 2577 1703 2614; x_wconf 89' lang='lat' dir='ltr'>enim</span> <span class='ocrx_word' id='word_1_587' title='bbox 1729 2577 1931 2628; x_wconf 80' lang='lat' dir='ltr'>praeposi-</span> 
     </span>
     <span class='ocr_line' id='line_1_88' title="bbox 1055 2632 1932 2683; baseline 0.001 -13"><span class='ocrx_word' id='word_1_588' title='bbox 1055 2633 1197 2670; x_wconf 86' lang='lat' dir='ltr'>tionem</span> <span class='ocrx_word' id='word_1_589' title='bbox 1226 2633 1278 2671; x_wconf 78' lang='lat' dir='ltr'>ab</span> <span class='ocrx_word' id='word_1_590' title='bbox 1305 2632 1419 2670; x_wconf 82' lang='lat' dir='ltr'>codd.</span> <span class='ocrx_word' id='word_1_591' title='bbox 1443 2633 1613 2683; x_wconf 75' lang='lat' dir='ltr'>optimae</span> <span class='ocrx_word' id='word_1_592' title='bbox 1635 2637 1750 2671; x_wconf 84' lang='lat' dir='ltr'>notae</span> <span class='ocrx_word' id='word_1_593' title='bbox 1770 2637 1932 2672; x_wconf 82' lang='lat' dir='ltr'>secutus</span> 
     </span>
     <span class='ocr_line' id='line_1_89' title="bbox 1056 2688 1934 2741; baseline 0.003 -16"><span class='ocrx_word' id='word_1_594' title='bbox 1056 2688 1166 2734; x_wconf 84' lang='lat' dir='ltr'>dedi,</span> <span class='ocrx_word' id='word_1_595' title='bbox 1215 2690 1304 2741; x_wconf 84' lang='lat' dir='ltr'>quia</span> <span class='ocrx_word' id='word_1_596' title='bbox 1346 2688 1562 2740; x_wconf 79' lang='lat' dir='ltr'>respondet</span> <span class='ocrx_word' id='word_1_597' title='bbox 1611 2689 1754 2727; x_wconf 87' lang='lat' dir='ltr'>locutio</span> <span class='ocrx_word' id='word_1_598' title='bbox 1793 2703 1934 2730; x_wconf 76' lang='lat' dir='ltr'>carere</span> 
     </span>
     <span class='ocr_line' id='line_1_90' title="bbox 1061 2745 1932 2798; baseline -0.001 -13"><span class='ocrx_word' id='word_1_599' title='bbox 1061 2746 1204 2798; x_wconf 70' lang='lat' dir='ltr'>aliqua</span> <span class='ocrx_word' id='word_1_600' title='bbox 1235 2759 1296 2791; x_wconf 79' lang='lat' dir='ltr'>re,</span> <span class='ocrx_word' id='word_1_601' title='bbox 1330 2745 1435 2796; x_wconf 87' lang='lat' dir='ltr'>quod</span> <span class='ocrx_word' id='word_1_602' title='bbox 1467 2745 1622 2784; x_wconf 76' lang='lat' dir='ltr'>dixisse</span> <span class='ocrx_word' id='word_1_603' title='bbox 1647 2746 1799 2785; x_wconf 75' lang='lat' dir='ltr'>videtur</span> <span class='ocrx_word' id='word_1_604' title='bbox 1824 2747 1932 2798; x_wconf 87' lang='lat' dir='ltr'>Apu-</span> 
     </span>
     <span class='ocr_line' id='line_1_91' title="bbox 1061 2801 1933 2854; baseline 0.001 -14"><span class='ocrx_word' id='word_1_605' title='bbox 1061 2802 1162 2840; x_wconf 84' lang='lat' dir='ltr'>leius</span> <span class='ocrx_word' id='word_1_606' title='bbox 1200 2802 1247 2841; x_wconf 78' lang='lat' dir='ltr'>cf.</span> <span class='ocrx_word' id='word_1_607' title='bbox 1278 2802 1327 2840; x_wconf 83' lang='lat' dir='ltr'>ad</span> <span class='ocrx_word' id='word_1_608' title='bbox 1359 2801 1455 2840; x_wconf 87' lang='lat' dir='ltr'>Met.</span> <span class='ocrx_word' id='word_1_609' title='bbox 1489 2815 1525 2853; x_wconf 90' lang='lat' dir='ltr'>p.</span> <span class='ocrx_word' id='word_1_610' title='bbox 1552 2806 1664 2849; x_wconf 86' lang='lat'><strong>555.‚</strong></span> <span class='ocrx_word' id='word_1_611' title='bbox 1698 2816 1933 2854; x_wconf 85' lang='lat' dir='ltr'>quamquam</span> 
     </span>
     <span class='ocr_line' id='line_1_92' title="bbox 1060 2858 1932 2911; baseline 0.003 -15"><span class='ocrx_word' id='word_1_612' title='bbox 1060 2859 1096 2897; x_wconf 93' lang='lat' dir='ltr'>in</span> <span class='ocrx_word' id='word_1_613' title='bbox 1134 2859 1248 2897; x_wconf 82' lang='lat' dir='ltr'>codd.</span> <span class='ocrx_word' id='word_1_614' title='bbox 1287 2858 1403 2897; x_wconf 82' lang='lat' dir='ltr'>facile</span> <span class='ocrx_word' id='word_1_615' title='bbox 1440 2859 1560 2897; x_wconf 86' lang='lat' dir='ltr'>omitti</span> <span class='ocrx_word' id='word_1_616' title='bbox 1602 2860 1844 2911; x_wconf 82' lang='lat' dir='ltr'>praepositio</span> <span class='ocrx_word' id='word_1_617' title='bbox 1880 2860 1932 2899; x_wconf 83' lang='lat' dir='ltr'>ab</span> 
     </span>
     <span class='ocr_line' id='line_1_93' title="bbox 1061 2914 1933 2967; baseline 0.005 -15"><span class='ocrx_word' id='word_1_618' title='bbox 1061 2920 1215 2966; x_wconf 82' lang='lat' dir='ltr'>poterat</span> <span class='ocrx_word' id='word_1_619' title='bbox 1246 2919 1441 2966; x_wconf 86' lang='lat' dir='ltr'>sequente</span> <span class='ocrx_word' id='word_1_620' title='bbox 1473 2914 1556 2953; x_wconf 87' lang='lat' dir='ltr'>fere</span> <span class='ocrx_word' id='word_1_621' title='bbox 1592 2915 1730 2954; x_wconf 89' lang='lat' dir='ltr'>eadem</span> <span class='ocrx_word' id='word_1_622' title='bbox 1761 2916 1933 2967; x_wconf 76' lang='lat' dir='ltr'><strong>syllaba.</strong></span> 
     </span>
     <span class='ocr_line' id='line_1_94' title="bbox 1057 2971 1933 3012; baseline 0.002 -2"><span class='ocrx_word' id='word_1_623' title='bbox 1057 2971 1158 3010; x_wconf 86' lang='lat' dir='ltr'>Dein</span> <span class='ocrx_word' id='word_1_624' title='bbox 1202 2972 1468 3010; x_wconf 83' lang='lat' dir='ltr'>memorabilis</span> <span class='ocrx_word' id='word_1_625' title='bbox 1511 2976 1574 3010; x_wconf 84' lang='lat' dir='ltr'>est</span> <span class='ocrx_word' id='word_1_626' title='bbox 1608 2973 1723 3012; x_wconf 86' lang='lat' dir='ltr'>codd.</span> <span class='ocrx_word' id='word_1_627' title='bbox 1760 2971 1933 3012; x_wconf 82' lang='lat' dir='ltr'>Florent.</span> 
     </span>
     <span class='ocr_line' id='line_1_95' title="bbox 1057 3029 1933 3081; baseline 0.005 -15"><span class='ocrx_word' id='word_1_628' title='bbox 1057 3030 1244 3080; x_wconf 81' lang='lat' dir='ltr'>scriptura</span> <span class='ocrx_word' id='word_1_629' title='bbox 1294 3029 1627 3081; x_wconf 48' lang='lat' dir='ltr'>adstiti-ionibus,</span> <span class='ocrx_word' id='word_1_630' title='bbox 1676 3043 1792 3081; x_wconf 83' lang='lat' dir='ltr'>quam</span> <span class='ocrx_word' id='word_1_631' title='bbox 1829 3029 1933 3070; x_wconf 86' lang='lat' dir='ltr'>Oud.</span> 
     </span>
     <span class='ocr_line' id='line_1_96' title="bbox 1056 3085 1934 3136; baseline 0.002 -13"><span class='ocrx_word' id='word_1_632' title='bbox 1056 3086 1162 3124; x_wconf 79' lang='lat' dir='ltr'>sicco</span> <span class='ocrx_word' id='word_1_633' title='bbox 1194 3085 1297 3136; x_wconf 85' lang='lat' dir='ltr'>pede</span> <span class='ocrx_word' id='word_1_634' title='bbox 1332 3085 1559 3124; x_wconf 77' lang='lat' dir='ltr'>transsituit.</span> <span class='ocrx_word' id='word_1_635' title='bbox 1610 3085 1934 3125; x_wconf 86' lang='lat' dir='ltr'>Emendationem</span> 
     </span>
     <span class='ocr_line' id='line_1_97' title="bbox 1057 3141 1935 3197; baseline 0.005 -17"><span class='ocrx_word' id='word_1_636' title='bbox 1057 3143 1156 3180; x_wconf 86' lang='lat' dir='ltr'>enim</span> <span class='ocrx_word' id='word_1_637' title='bbox 1190 3141 1424 3181; x_wconf 81' lang='lat' dir='ltr'>librariorum</span> <span class='ocrx_word' id='word_1_638' title='bbox 1464 3155 1559 3180; x_wconf 82' lang='lat' dir='ltr'>esse</span> <span class='ocrx_word' id='word_1_639' title='bbox 1595 3144 1935 3197; x_wconf 67' lang='lat' dir='ltr'>aqyressr&#39;mzibns</span> 
     </span>
    </p>
   </div>
  </div>
 </body>
</html>
