2155 3590
663 152 849 192 LIBER
877 152 949 191 Vl.

1003 150 1126 191 CAP.
1158 149 1277 189 XlX.
1781 147 1859 189 401

84 265 337 320 praegrandis
370 264 521 318 teriugo
553 271 592 304 et
621 264 718 304 salis
750 265 875 319 amplo
907 264 1032 319 capite
1062 262 1281 318 praedituS,
1315 259 1495 300 immanis
1526 267 1565 300 et
1591 259 1860 309 formidabilis,

83 321 307 361 tonantibus
329 321 529 360 oblatrans
550 320 743 370 faucibus,
767 328 958 371 mortuos,
981 320 1119 374 quibus
1138 319 1214 359 iam
1235 317 1289 357 nil
1302 317 1393 356 mali
1413 323 1540 370 potest
1554 317 1699 366 facere,
1716 316 1879 355 frustra

83 377 314 427 territando,
342 383 432 417 ante
451 377 576 430 ipsum
595 376 711 416 limen
731 384 770 417 et
794 384 881 417 atra
899 376 1000 416 atria
1023 374 1285 429 Proserpinae
1305 386 1458 426 semper
1481 372 1704 422 excubans,
1731 377 1867 411 servat

82 446 245 474 vacuam
268 431 373 474 Ditis
399 433 569 473 domum.
608 430 724 473 Hunc
749 433 980 473 offrenatum
1005 432 1119 472 unius
1145 431 1285 472 offulae
1311 429 1453 485 praeda
1478 428 1592 469 facile
1616 427 1864 482 praeteribis,

77 559 304 598 praegrandis
328 562 365 590 F.
384 561 414 590 3.
435 563 472 590 G.
490 562 530 591 D.
554 564 585 590 et
609 562 679 590 edd.
705 562 781 590 Bas.
801 563 832 590 2.
858 560 992 596 priores.
1027 563 1065 589 In
1078 563 1151 589 cett.
1171 562 1259 589 extat
1272 554 1487 595 pergrandis.
1535 555 1664 592 teriugo
1684 556 1720 584 F.
1734 557 1764 583 3.
1778 557 1815 583 G.
1828 555 1867 583 D.

84 605 246 642 mingero
265 603 294 635 ὃ.
332 605 367 634 In
385 609 457 635 cett.
477 610 525 635 est
545 605 679 643 triz'ugo.
726 608 761 632 et
778 609 854 634 ante
872 606 960 633 satis
979 608 1071 634 abest
1090 613 1110 634 a
1129 605 1150 634 f.
1197 602 1395 631 conantibus
1414 604 1451 631 G.
1465 603 1501 631 Β.
1515 603 1553 630 D.
1566 602 1601 629 0.
1615 602 1653 630 R.
1668 600 1690 628 f.
1706 607 1742 629 π.
1757 601 1805 628 ed.
1820 607 1867 634 pr.

81 651 208 680 Vicent.
235 649 286 686 [in
304 651 398 680 cuius
417 658 518 686 marg.
536 651 587 679 vir
607 652 721 680 doctus
734 650 918 679 emendavit
937 649 1176 685 comantibus]
1201 650 1315 678 Venet.
1334 650 1364 677 2.
1384 649 1414 676 4.
1434 648 1509 676 Par.
1535 644 1730 673 tonantibus
1743 645 1778 673 F.
1796 646 1822 672 ι.
1835 646 1868 672 3.

82 696 176 725 Vulc.
190 697 221 724 2.
235 698 317 724 Elm.
341 698 379 724 In
398 699 470 725 cett.
490 694 677 723 conatibus.
723 694 807 722 mali
818 697 909 724 abest
923 702 943 724 a
956 697 992 724 P.
1039 693 1172 732 quando
1186 693 1292 731 (psum
1307 693 1404 721 limen
1422 694 1459 720 B.
1482 691 1619 720 Videtur
1632 692 1815 724 corruptum
1828 697 1871 718 ex

82 741 294 775 praecedente
310 739 516 777 territando,
542 749 601 770 nec
620 742 658 769 de
671 741 740 769 alia
758 741 896 769 lectione
915 741 966 768 hic
981 741 1197 775 cogitandum.
1244 736 1516 776 superea-cubans
1529 737 1566 765 B.
1591 737 1627 764 In
1641 738 1822 763 contextum
1838 734 1870 762 id

82 785 202 819 recepit
215 793 382 820 perperam
394 787 534 815 Scriver.
547 786 588 814 cf.
602 787 641 814 ad
657 788 733 814 Met.
745 786 799 814 IV.
814 793 844 820 p.
859 785 934 813 277.
948 787 982 812 et
994 783 1094 813 colles
1099 782 1252 824 frigidos
1266 791 1395 820 semper
1413 780 1621 810 incubare.
1665 777 1871 817 proserpina

83 837 212 867 semper
223 832 337 860 venet.
350 833 381 860 2.
429 828 640 868 offrenatum
653 832 768 859 Venet.
782 832 812 858 4.
826 831 902 859 Bas.
917 831 947 858 1.
985 829 1097 869 futile
1108 830 1234 859 Vicent.
1250 829 1379 857 vitiose.
1422 825 1587 864 praedam
1601 827 1636 855 Ο.

82 940 175 978 teris
199 939 387 979 Romanis
412 944 543 991 potest
567 940 787 979 confirmari.
837 938 948 977 Certe

83 996 186 1046 apud
199 996 408 1046 Apuleium
422 997 567 1035 nullum
587 996 791 1034 discrimen
817 999 950 1047 potest

83 1052 250 1090 inveniri.
298 1052 388 1090 Non
406 1067 489 1092 raro
504 1054 604 1091 enim
619 1058 763 1091 namet
777 1065 950 1104 namque

83 1121 178 1146 sese
208 1108 414 1159 excipiunt,
447 1114 487 1148 et
516 1109 565 1147 de
589 1108 758 1160 Apuleio
785 1112 887 1146 certe
911 1107 949 1144 id

85 1164 175 1202 licet
199 1178 267 1215 pro
287 1177 378 1203 vero
396 1166 505 1215 poni,
532 1178 723 1215 nunquam
744 1164 948 1202 discrimen

84 1220 280 1258 observari
315 1234 455 1271 posse,
499 1235 547 1259 ne
582 1221 657 1258 hoc
693 1221 865 1271 quidem,
908 1223 949 1257 ut

83 1277 224 1315 arctius
250 1277 452 1315 enunciata
477 1277 691 1327 coniungat.
725 1276 810 1314 Nec
824 1276 948 1313 minus

85 1332 160 1370 alia
184 1332 351 1383 Zumptii
377 1334 597 1372 observatio
629 1345 679 1370 ex
703 1336 834 1370 nostro
859 1331 948 1369 scri-

83 1392 194 1440 ptore
224 1388 379 1426 defendi
413 1393 560 1439 potest,
591 1401 764 1440 namque
788 1388 949 1438 saepius

83 1445 172 1496 poni
187 1448 275 1483 ante
283 1445 453 1491 vocales,
463 1459 575 1496 quam
583 1448 673 1483 ante
688 1447 950 1483 consonantes

86 1501 245 1539 litteras.
292 1500 394 1538 Nam
431 1501 481 1539 de
525 1502 665 1540 ceteris
703 1502 765 1551 qui
804 1502 952 1538 restant

83 1557 237 1608 triginta
257 1557 352 1596 locis
371 1558 491 1596 vicies
510 1558 572 1596 bis
592 1561 679 1596 ante
695 1556 854 1595 vocales
875 1555 951 1594 col-

85 1612 250 1651 locatam
274 1613 498 1664 particulam
512 1615 655 1659 inveni,
681 1617 721 1651 ut
735 1614 858 1651 octies
872 1616 952 1650 tan-

85 1673 164 1708 tum
184 1673 272 1708 ante
286 1674 546 1709 consonantes
561 1671 698 1708 sedem
713 1670 871 1720 primam
889 1668 954 1707 ha-

84 1726 186 1764 beat.
205 1724 262 1764 lta
270 1727 384 1765 etiam
399 1727 500 1778 apud
509 1727 611 1765 Dict.
621 1725 796 1764 Cretens.
806 1725 880 1763 hoc
888 1738 954 1776 po-

85 1785 165 1820 test
179 1782 388 1821 observari.
409 1782 457 1822 cf.
471 1782 497 1821 Ι.
508 1787 543 1822 5.
554 1782 596 1821 ll.
607 1787 672 1822 24.
683 1786 749 1822 30.
763 1780 953 1832 saepius]

138 1839 430 1891 praeyrandis.
469 1838 589 1890 [Oud.
604 1842 760 1889 propter
773 1840 953 1876 maiorem

88 1893 199 1932 codd.
237 1907 434 1933 numerum
465 1895 721 1947 peryranrlis
762 1893 954 1944 praetulit,

89 1963 320 2001 quamquam
344 1951 430 1988 sine
454 1950 534 1988 ulla
559 1950 669 1989 codd.
696 1950 955 2000 discrepantia

88 2006 250 2044 alterum
271 2006 408 2056 legitur
426 2006 521 2044 Met.
537 2005 581 2045 ll.
594 2021 630 2057 p.
649 2010 738 2046 149.
766 2006 955 2045 Lucerna

85 2062 367 2114 praeqrandix
392 2062 631 2112 aliorumque
657 2063 772 2100 etiam
797 2062 955 2111 scripto-

87 2130 170 2155 rum
194 2119 422 2167 praesertim
440 2117 553 2155 Plinii
580 2117 772 2168 exemplis
797 2117 872 2155 hoc
891 2117 955 2154 ad-

88 2173 265 2211 iectivum
282 2173 509 2212 detenditur.
525 2174 636 2212 Prae
644 2171 789 2211 enimin
804 2186 959 2223 compo-

89 2228 295 2267 sitionibus
309 2230 384 2267 vim
405 2230 602 2280 adaugere
622 2230 864 2267 notissimum
885 2232 959 2275 est,

90 2286 322 2335 quotiesque
332 2299 450 2337 prae,
463 2299 545 2337 pro
553 2290 591 2323 et
595 2299 672 2337 per
688 2287 721 2323 in
738 2285 849 2324 codd.
859 2298 960 2323 com-

89 2341 631 2386 mutentur‚utlsid0r.G10ss.
641 2344 959 2393 p.689.propos.·

89 2397 360 2449 valdepotens
368 2397 611 2436 emendanda
624 2399 733 2436 estin
746 2397 958 2449 praepos]

148 2454 322 2505 teria-qo.
373 2453 501 2506 [Hanc
533 2453 694 2492 formam
726 2466 775 2491 ex
801 2454 956 2504 optimis

92 2508 203 2547 codd.
217 2510 385 2556 restitui,
400 2523 500 2560 quae
513 2510 560 2548 ad
575 2506 793 2561 analogiam
807 2509 958 2548 videtur

92 2578 185 2603 esse
214 2567 332 2604 rarior
360 2566 484 2604 altera
515 2568 682 2619 triiuyis
706 2570 744 2603 et
769 2566 956 2619 triiuyus.

92 2621 174 2659 Sed
199 2621 338 2659 eadem
364 2620 501 2673 legitur
526 2622 630 2673 apud
653 2622 803 2660 Auson.
836 2635 897 2672 ep.
918 2625 957 2666 8,

95 2681 157 2718 ss.
190 2681 335 2730 perfer
371 2680 413 2717 in
450 2692 627 2718 excursu
662 2679 726 2718 vel
759 2679 958 2730 teriuya

91 2732 220 2773 millia
256 2735 440 2785 epodon,
477 2748 524 2773 eo
560 2739 688 2773 tamen
725 2734 959 2780 discrimine,

90 2791 134 2826 ut
155 2788 217 2828 hic
240 2803 314 2828 non
340 2792 501 2842 triplex
522 2791 596 2829 sed
616 2796 751 2830 ternus
771 2790 961 2842 significet

94 2843 141 2882 cs.
167 2845 216 2883 ad
239 2845 334 2885 Met.
359 2845 421 2885 Ill.
448 2862 486 2899 p.
512 2847 622 2899 208]

152 2903 396 2943 tonantibus.
433 2903 655 2942 Beroaldus
674 2903 876 2954 rescripsit
895 2917 960 2943 co-

95 2957 293 3004 nantibus,
319 2957 425 2998 Colv.
450 2960 685 2998 sonantibus
711 2958 772 2997 vel
797 2960 958 3008 inhian-

96 3011 200 3050 tibus
224 3025 257 3052 S.
281 3014 485 3055 hiantibus
509 3016 596 3053 coll.
616 3015 713 3054 Met.
730 3015 794 3054 IV.
810 3029 848 3067 p.
863 3019 959 3056 28¹.

95 3067 176 3105 iam
196 3069 387 3119 faucibus
409 3073 509 3123 ipsis
534 3073 684 3111 lzz'cmtis
712 3071 877 3112 Cerberi
899 3085 958 3111 re-

99 3122 279 3163 luctabat
292 3128 463 3175 coniecit,
473 3141 632 3179 quorum
647 3129 753 3180 prius
762 3128 956 3169 Stewech.

1007 938 1251 978 commendat
1275 938 1325 976 ad
1351 937 1496 975 Arnol).
1513 935 1600 974 VH.
1626 949 1663 988 p.
1694 939 1783 975 142.
1809 934 1870 972 ed.

1005 995 1132 1046 Lugd.
1163 994 1429 1040 Conantibus,
1456 992 1559 1044 quod
1582 993 1697 1030 etiam
1710 990 1871 1029 Pricaeo

1008 1065 1081 1089 non
1107 1050 1303 1101 displicuit
1326 1049 1604 1100 significatione
1630 1052 1780 1087 conata
1791 1061 1872 1086 ma—

1007 1109 1119 1146 ximo
1132 1106 1352 1150 hiantibus,
1377 1105 1467 1144 mihi
1482 1118 1566 1143 cum
1576 1104 1677 1142 Oud.
1693 1108 1731 1142 et
1744 1103 1873 1141 durius

1008 1167 1047 1201 et
1072 1163 1275 1200 obscurius
1300 1162 1450 1199 videtur
1474 1174 1577 1199 esse.
1617 1160 1758 1212 [Unice
1783 1173 1875 1198 vera

1008 1223 1069 1257 est
1084 1218 1197 1256 lectio
1212 1216 1572 1268 optimorumcodd.,
1587 1230 1701 1268 quam
1715 1216 1875 1267 Lipsius

1008 1287 1162 1326 quoque
1176 1275 1391 1311 coniectura
1413 1277 1620 1311 assecutus
1640 1276 1714 1317 est,
1735 1277 1876 1311 tonan-

1008 1331 1112 1370 tibus
1136 1330 1158 1369 i.
1175 1343 1208 1368 e.
1234 1329 1398 1367 horridis
1418 1333 1457 1367 et
1476 1329 1633 1380 longum
1653 1328 1877 1367 sonaeibus.

1009 1389 1170 1427 Tonare
1195 1389 1233 1424 et
1247 1387 1436 1424 ‘intonare
1450 1399 1516 1423 ore
1530 1385 1689 1435 saepius
1705 1388 1876 1422 oratores

1008 1443 1199 1487 dicuntur,
1226 1442 1289 1492 qui
1315 1454 1494 1491 magnum
1515 1441 1682 1479 clamant
1704 1444 1743 1478 et
1763 1441 1878 1478 boatu

1009 1500 1318 1537 omniamiscent.
1333 1497 1452 1535 ct'.Dr.
1461 1498 1510 1535 ad
1519 1493 1662 1535 Sitxl.
1674 1500 1765 1537 525.
1777 1495 1877 1534 Cort.

1010 1556 1059 1594 ad
1083 1553 1272 1593 Lucani.
1287 1557 1379 1594 210.
1406 1552 1488 1591 lntt.
1505 1554 1555 1591 ad
1570 1552 1747 1603 Prop.11.
1767 1557 1799 1592 1.
1814 1556 1878 1592 40.

1010 1616 1049 1650 et
1064 1610 1125 1649 ΙΙΙ.
1146 1615 1208 1651 16.
1224 1615 1288 1651 40.
1304 1610 1389 1649 lntt.
1403 1610 1453 1648 ad
1469 1610 1574 1661 Virg.
1592 1609 1685 1647 Aen.
1703 1608 1771 1647 Xl.
1787 1612 1880 1649 383.

1013 1672 1052 1706 et
1077 1667 1142 1706 lV.
1159 1671 1251 1708 510.
1278 1666 1377 1705 Hinc
1401 1670 1532 1716 potest
1555 1665 1738 1716 intelligi,
1765 1678 1877 1715 quam

1012 1736 1330 1775 supervacaneae
1359 1724 1437 1761 sint
1460 1721 1562 1761 Oud.
1588 1722 1880 1760 emendationes

1013 1780 1229 1820 tonacibus
1245 1779 1307 1817 vel
1322 1779 1550 1823 sonacibus,
1577 1791 1674 1828 quas
1697 1791 1719 1815 e
1741 1778 1881 1816 vitiosa

1013 1836 1108 1875 lunt.
1140 1841 1179 1874 et
1209 1836 1307 1874 Ald.
1333 1835 1423 1874 edd.
1461 1834 1629 1872 lectione
1665 1833 1880 1873 conatibus

1013 1892 1260 1944 enucleavit]

1068 1953 1161 1988 atra
1185 1949 1305 1987 atria.
1355 1947 1492 1999 [Ludit
1523 1948 1558 1985 in
1589 1946 1653 1985 his
1677 1945 1880 1984 vocabulis

1011 2018 1081 2056 pro
1102 2017 1208 2042 more
1224 2003 1427 2055 Apuleius.
1456 2005 1559 2042 Atra
1574 2002 1881 2053 Kulenkampius

1014 2062 1048 2099 in
1075 2073 1194 2110 marg.
1221 2060 1282 2098 ed.
1309 2059 1454 2098 Florid.
1486 2073 1599 2098 meae
1626 2059 1796 2110 explicat
1816 2060 1881 2110 fu-

1013 2121 1145 2161 nesta,
1172 2116 1285 2161 (lira,
1316 2115 1423 2166 quod
1452 2128 1523 2166 per
1552 2129 1599 2154 se
1626 2114 1713 2153 ferri
1737 2118 1882 2166 potest.

1018 2172 1063 2211 cs.
1075 2172 1201 2211 Bentl.
1212 2172 1260 2210 ad
1275 2171 1407 2210 Horat.
1424 2172 1504 2210 Sat.
1514 2171 1560 2211 Il.
1570 2176 1606 2212 8.
1618 2175 1681 2212 95.
1698 2170 1824 2222 Heyn.
1834 2171 1883 2210 ad

1018 2227 1336 2279 Virg.Georg.lll.
1347 2227 1719 2269 430.Aen.1V.38-4.
1731 2232 1770 2266 et
1783 2241 1883 2266 com-

1017 2286 1140 2336 parari
1154 2288 1287 2337 potest
1301 2285 1412 2323 locus
1426 2284 1542 2335 Apul.
1554 2283 1728 2323 Met.X1.
1742 2298 1781 2336 p.
1791 2288 1882 2324 776.

1018 2341 1087 2380 ille
1113 2341 1317 2393 Superum
1348 2345 1590 2380 commeator
1621 2346 1659 2380 et
1688 2341 1884 2394 Inferum,

1017 2411 1126 2437 nunc
1149 2402 1261 2436 atra
1285 2411 1394 2436 nunc
1419 2411 1545 2437 aurea
1562 2399 1676 2449 facie
1695 2398 1883 2438 sublimis.

1014 2454 1069 2493 At
1099 2466 1172 2505 ego
1204 2454 1293 2492 huic
1322 2454 1567 2504 explicationi
1598 2454 1782 2492 adsentiri
1819 2466 1884 2490 ne-

1016 2523 1128 2561 queo.
1157 2509 1257 2549 Ater
1276 2514 1316 2548 ut
1328 2511 1448 2563 niyer
1461 2515 1645 2549 constans
1660 2516 1722 2548 est
1736 2509 1885 2548 Tartari

1015 2567 1231 2617 epitheton,
1258 2579 1372 2618 quem
1391 2567 1597 2605 obscurum
1619 2570 1657 2605 et
1676 2567 1886 2605 tenebrico-

1015 2636 1101 2661 sum
1127 2622 1251 2660 fuisse
1277 2636 1414 2660 omnes
1440 2623 1566 2660 sciunt
1590 2623 1638 2661 cf.
1664 2622 1768 2673 Virg.
1784 2623 1884 2660 Aen.

1015 2678 1083 2718 Vl.
1113 2682 1202 2719 135.
1229 2679 1287 2718 bis
1313 2681 1437 2731 niqra
1464 2679 1601 2717 videre
1627 2680 1820 2724 Tartara,
1847 2681 1887 2716 et

1017 2735 1070 2774 ita
1094 2739 1256 2786 utroque
1282 2735 1367 2773 loco
1393 2740 1482 2774 ater
1507 2735 1692 2787 explico]

1078 2795 1330 2845 offrenatum.
1365 2791 1494 2842 [Hanc
1507 2791 1712 2829 lectionem
1727 2803 1776 2828 ex
1789 2791 1885 2842 opti-

1018 2849 1090 2886 mis
1106 2848 1227 2886 codd.
1246 2849 1393 2899 recepi,
1420 2860 1536 2898 quum
1551 2860 1625 2885 vox
1638 2860 1745 2884 mere
1757 2845 1886 2886 Plauti

1018 2905 1069 2942 sit
1091 2905 1260 2955 propria,
1293 2917 1407 2954 quem
1433 2903 1625 2954 Apuleius
1650 2904 1886 2955 praeceteris

1015 2960 1190 2998 imitatur.
1218 2959 1265 2998 ct'.
1293 2959 1455 2997 Taubm.
1482 2959 1532 2997 ad
1558 2959 1805 3012 Plaut.Capt.
1821 2958 1887 2999 ΙΙΙ.

1017 3020 1055 3056 5.
1069 3019 1133 3057 97.
1159 3020 1200 3054 et
1212 3015 1328 3066 Apol.
1353 3029 1391 3067 p.
1407 3018 1500 3056 559.
1524 3021 1742 3068 praeterea
1759 3030 1887 3055 novae

1015 3078 1169 3125 nuptae
1191 3071 1394 3111 illecebris
1419 3072 1692 3125 offrenatum]

1074 3129 1223 3182 offulae
1243 3128 1419 3180 praeda.
1457 3127 1550 3180 [Qui
1575 3130 1678 3168 enim
1705 3129 1883 3169 viventes
