2155 3590
659 145 846 188 LIBER
876 145 950 188 VI.

1009 143 1136 189 cAP.
1166 142 1240 184 w.
1769 134 1853 186 409

61 267 161 307 ultro
186 261 412 304 subvenire.
462 261 526 301 Ad
550 259 667 300 istum
694 260 847 300 modum
873 257 1107 313 supplicanti
1130 256 1262 297 statim
1287 269 1375 296 sese
1400 253 1499 296 Iuno
1531 269 1618 296 cum
1642 254 1762 295 totius
1793 254 1854 295 sui

60 319 228 363 numinis
254 324 422 372 augusta
446 317 636 371 dignitate
662 323 912 370 praesentat,
947 323 987 356 et
1017 313 1214 369 protinus:

1246 311 1374 366 Quam
1405 312 1571 362 vellem,
1603 311 1752 365 inquit,
1784 325 1855 365 per

58 378 170 420 tidem
194 382 330 416 nutum
354 388 482 414 meum
507 372 686 427 precihus
711 372 788 412 tuis
815 372 1127 422 accommodare,
1154 369 1222 411 sed
1248 375 1386 409 contra
1406 368 1649 408 voluntatem
1665 367 1851 419 Veneris,

58 446 180 475 nurus
211 444 344 480 meae,
379 444 494 484 quam
525 429 627 470 filiae
657 443 813 483 semper
837 428 958 469 dilexi
988 429 1097 478 loco,
1130 424 1356 482 praclstare
1387 438 1449 464 me
1479 424 1602 477 pudor
1632 438 1711 464 non
1742 423 1851 464 sinit.
1878 427 1941 463 391

57 489 169 532 Tunc
193 487 311 528 etiam
332 486 485 541 legibus
498 517 509 537 ,
538 499 637 540 quae
657 499 799 526 servos
814 485 964 525 alienos
985 485 1174 539 profugas
1192 481 1328 524 invitis
1349 480 1516 521 dominis
1534 487 1672 521 vetant
1691 479 1852 535 suscipi,

59 544 282 602 prohibeor.

56 663 175 693 statim
187 669 252 691 non
265 664 313 690 est
327 661 361 689 in
373 662 409 689 B.
419 683 427 698 ‚
452 661 537 689 unde
550 659 735 689 Scriverius
749 659 783 688 in
796 659 892 688 uncis
905 658 1052 696 inclusit,
1065 662 1101 688 ut
1114 661 1145 687 et
1157 654 1287 695 Psyche
1301 659 1372 692 post
1383 655 1496 694 inquit
1508 655 1542 684 in
1556 655 1667 683 eodem
1681 654 1750 682 cod.
1765 655 1858 683 abest

57 710 91 738 in
104 707 251 742 sequenti
265 714 377 743 versu,
403 709 437 735 ut
449 706 484 734 in
497 705 656 734 omnibus.
704 707 853 742 angusta
866 706 948 733 Elm.
962 704 1083 732 vitiose
1097 705 1244 741 augusta
1257 704 1295 732 D.
1342 701 1455 739 inquit
1467 698 1598 737 Psyche
1612 700 1702 729 Colv.
1716 700 1810 728 vulc.
1825 701 1857 728 2.

57 753 279 789 Bas.2.‚qu0d
290 752 374 780 Elm.
390 751 504 780 deinde
518 751 614 779 tacite
627 750 763 779 mutavit
775 751 809 778 in
817 747 1004 786 perfidem,
1020 756 1103 783 quae
1115 749 1212 778 lectio
1225 752 1275 777 est
1288 748 1430 777 omnium
1445 747 1551 781 codd.,
1568 753 1648 780 quos
1657 744 1724 773 vidi
1737 748 1766 772 et
1787 745 1858 773 edd.

56 802 132 828 wit.
154 805 254 835 quam
268 795 382 824 vellem
396 799 511 824 nutum
525 803 630 823 meum
639 797 673 824 B.
698 803 819 823 nurum
833 803 938 822 meam
948 793 1105 831 precibus
1118 801 1155 823 π.
1184 793 1250 821 tuis
1265 796 1356 822 abest
1371 794 1410 821 ab
1419 793 1453 821 0.
1468 799 1525 826 ap.
1539 798 1581 820 m.
1609 787 1694 818 taio.
1719 787 1859 816 Veneris

58 852 121 873 non
140 845 303 877 comparet
316 841 352 870 in
365 838 394 870 ὃ.
415 844 445 870 et
459 841 588 877 forsan,
614 844 649 869 ut
663 841 741 869 Oud.
757 844 865 877 putat,
890 848 932 868 ex
952 840 1171 874 explicatione
1191 837 1368 874 marginali
1382 839 1435 866 vel
1453 835 1671 872 superlineari
1688 834 1723 862 in
1739 837 1861 863 textum

57 889 197 924 irrepsit.
221 889 303 916 Nam
323 887 374 916 sic
386 894 487 921 supra
501 887 598 916 Ceres
611 894 674 915 non
688 886 855 914 nominata
873 883 1001 912 Venere
1020 884 1065 913 ait
1086 893 1114 919 p.
1129 886 1205 913 386.
1220 881 1279 911 sed
1290 884 1457 921 cognatae
1469 888 1572 917 nime,
1588 889 1660 909 cum
1675 887 1743 917 qua
1756 879 1861 907 etiam

48 932 177 974 faedus
190 931 367 960 amicitiae
381 931 463 960 colo.
488 939 563 959 mea
576 939 632 966 pro
646 938 739 958 meae
751 932 827 960 Bas.
841 930 870 959 1.
903 933 972 958 tum
988 929 1090 957 etiam
1105 937 1134 963 p.
1150 930 1221 958 edd.
1237 930 1308 963 qdd.
1323 932 1353 957 et
1368 927 1489 956 Florid.
1516 928 1628 954 tamen
1636 923 1664 954 δ.
1691 923 1863 964 perfuga!

58 981 93 1008 G.
103 980 184 1008 P.D.
194 979 229 1007 Ο.
243 987 276 1011 φ.
291 977 414 1012 aliique
427 980 457 1006 et
469 978 552 1006 lunt.
565 978 597 1006 2.
611 976 747 1005 solemni
763 973 1197 1014 permutatione:prosugas
1210 975 1247 1004 F.
1261 976 1292 1003 3.
1308 973 1328 1003 f.
1349 972 1517 1013 profugos
1530 972 1567 1002 F.
1581 972 1611 1001 1.
1623 973 1708 1002 Elm.
1738 967 1862 1008 prohi-

60 1023 159 1053 bebor
171 1024 211 1052 R.
228 1023 250 1052 f.

56 1134 162 1168 esse,
178 1121 242 1173 qui
255 1120 347 1159 talia
359 1120 531 1171 Apuleio
545 1121 772 1171 vituperent.
798 1118 931 1157 Minus

57 1179 186 1232 placet
210 1176 312 1215 Oud.
339 1177 488 1227 opinio,
515 1177 577 1227 qui
600 1176 933 1228 periclitantibus

56 1247 193 1274 vocem
215 1234 362 1271 abesse
380 1232 531 1279 maluit,
558 1245 672 1283 quam
694 1233 854 1270 alterius
870 1245 931 1269 va-

56 1293 150 1331 riam
165 1291 371 1328 lectionem
386 1301 499 1335 esse,
525 1293 564 1326 et
577 1288 720 1326 deinde
734 1289 769 1326 in
785 1292 931 1326 textum

57 1349 237 1400 elapsam
261 1346 335 1384 sibi
359 1344 635 1396 persuadebat.
685 1344 800 1383 Certe
815 1357 930 1382 versu

59 1404 233 1457 proximo
267 1401 540 1453 praecessisse
572 1401 766 1453 periculi.
820 1400 932 1439 Haec

59 1475 148 1500 vero
162 1461 249 1512 ipsa
261 1471 404 1497 caussa
413 1461 487 1503 est,
498 1471 563 1495 cur
577 1458 757 1508 equidem
770 1457 930 1496 retineo.

59 1516 158 1557 Tum
190 1527 346 1567 quoque
371 1514 617 1552 verisimilius
642 1513 794 1552 videtur
824 1526 931 1559 esse,

55 1571 387 1627 periclitantibus
395 1570 600 1609 lectionem
609 1583 702 1609 esse
711 1569 932 1622 genuinam,

61 1631 170 1670 cuius
194 1628 396 1681 glossema
420 1641 515 1666 esse
539 1628 667 1679 possit
692 1641 932 1680 praeynarz-

60 1686 184 1733 tibus,
211 1685 301 1737 quia
322 1684 553 1737 periculum
584 1685 620 1722 in
653 1684 933 1735 praegnatione

61 1742 275 1783 constabat.
291 1739 432 1779 Contra
445 1741 555 1780 codd.
565 1744 712 1780 mutare
727 1741 932 1796 quicquam

61 1798 176 1839 nolui.
224 1797 290 1836 De
319 1811 362 1836 re
387 1802 589 1849 comparat
613 1797 709 1836 Elm.
735 1796 933 1835 Plutarch.

61 1855 226 1904 Quaest.
234 1853 348 1893 Rom.
357 1867 395 1906 p.
405 1858 498 1895 282.
509 1854 696 1906 Sympos.
706 1852 770 1892 Ill.
791 1867 828 1906 p.
839 1857 932 1895 658.

60 1914 223 1964 Λέγεται
234 1909 300 1963 τὴν
316 1907 487 1962 Σελήνην
504 1909 599 1963 πρὸς
617 1908 789 1950 εὐτοκίαν
808 1924 934 1961 συνερ-

61 1977 149 2022 γεῖν,
175 1962 266 2008 ὅταν
284 1961 306 2018 ἦ
327 1963 538 2020 διχόμηνος,
565 1965 689 2006 ἀνέσει
712 1969 788 2005 τῶν
812 1964 935 2019 ὑγρῶν

61 2026 368 2078 μαλθακωτέρας
385 2025 532 2075 λοχείαν
550 2025 614 2062 καὶ
630 2025 846 2062 Εἰλειθυΐαν
866 2019 934 2061 οὐκ

63 2076 182 2121 οὖσαν
206 2082 350 2133 ἑτέραν,
379 2077 401 2131 ἢ
428 2078 493 2130 τὴν
523 2076 677 2131 σελήνην
701 2076 935 2129 ὀνομάσῦαι.

64 2136 234 2176 Primam
263 2148 400 2173 vocem
431 2137 516 2173 sive
547 2136 681 2175 dedita
711 2147 830 2186 opera
853 2135 940 2172 sive

67 2207 162 2234 casu
202 2192 304 2231 hunc
345 2192 472 2230 locum
509 2193 632 2231 citans
667 2191 848 2230 Brisson.
890 2190 940 2229 de

67 2248 254 2290 Formul..
279 2262 315 2299 p.
340 2261 390 2286 m.
417 2252 480 2288 55.
509 2247 668 2301 omisit]
744 2276 756 2282 ,

120 2319 199 2358 per
228 2305 363 2358 fidem.
413 2303 611 2358 [Psyche,
642 2304 745 2354 quod
782 2304 818 2342 in
850 2317 941 2342 non-

65 2360 194 2407 nullo,
242 2365 426 2412 quantum
468 2361 569 2406 scio,
613 2360 750 2399 codice
788 2360 942 2411 legitur,

67 2417 171 2458 male
197 2416 353 2456 Colvius
379 2418 414 2455 in
439 2421 548 2455 textu
571 2417 746 2468 reposuit
764 2421 856 2469 post
879 2418 938 2455 ‘in-

71 2476 178 2528 quit,
203 2474 341 2512 acriter
369 2475 445 2513 iam
476 2474 525 2511 ab
551 2472 653 2512 Oud.
685 2474 940 2524 vituperatus.

69 2530 157 2570 Nec
191 2529 334 2568 melius
370 2530 533 2569 coniecit
558 2529 750 2581 Scaliger.
782 2530 939 2581 praesi-

72 2587 162 2627 dem
196 2600 267 2639 pro
300 2601 379 2639 per
413 2587 548 2640 fidem,
591 2599 667 2636 qua
703 2587 941 2624 correctione

69 2656 317 2694 nequaquam
341 2656 442 2694 opus
468 2647 540 2682 est.
565 2643 789 2695 Persidem
813 2646 941 2680 autem

73 2713 159 2740 cum
167 2699 269 2738 Oud.
280 2712 407 2751 neque
420 2699 610 2750 intelligo:
625 2700 659 2737 si
667 2713 747 2750 per
756 2699 879 2751 ficiem
899 2699 945 2738 li-

74 2761 193 2803 ceret,
201 2769 274 2795 nec
281 2755 331 2796 ad
339 2756 599 2794 iusiurandum
609 2768 678 2806 per
690 2757 816 2806 ipsam
829 2754 945 2793 deam

76 2813 218 2852 Fidem
235 2812 384 2858 refero,
408 2826 477 2864 pro
498 2826 574 2863 quo
594 2811 774 2850 homines
789 2811 946 2849 soleant

78 2868 205 2907 dicere
234 2870 390 2909 medius
415 2869 557 2922 fidius,
592 2868 666 2907 sed
702 2868 752 2907 ad
788 2867 944 2906 lunonis

78 2923 201 2976 ipsius
224 2925 356 2972 fidem,
388 2938 488 2977 quae
512 2924 763 2976 precantibus
788 2937 945 2976 semper

75 2978 232 3020 'adsistit
256 2994 405 3033 easque
429 2981 660 3020 fidelissime
684 2981 851 3020 adiuvat.
881 2980 945 3019 Ne

81 3035 174 3086 quid
197 3037 360 3084 omittat,
385 3038 491 3078 Oud.
516 3037 724 3076 lectionem
733 3051 813 3089 per
823 3037 946 3090 fidem

82 3090 241 3146 Psyche
262 3094 469 3147 proponit]

138 3151 458 3191 accommodare.
530 3149 717 3204 [Pricaeo
764 3149 947 3203 placebat

989 1120 1152 1170 primam
1164 1118 1278 1157 huius
1291 1118 1400 1157 vocis
1413 1115 1611 1169 syllabam
1626 1116 1774 1160 deleri,
1788 1127 1866 1166 qua

990 1175 1040 1213 de
1050 1187 1193 1213 caussa
1201 1174 1347 1213 nescio.
1361 1172 1464 1212 Nam
1475 1172 1579 1223 quod
1589 1172 1750 1223 saepius
1761 1184 1865 1211 com·

991 1232 1161 1270 modare
1173 1235 1322 1276 nutum,
1346 1244 1465 1269 aures
1479 1229 1555 1268 alia
1569 1229 1755 1274 dicuntur,
1775 1227 1865 1265 hinc

990 1302 1066 1326 non
1085 1290 1220 1339 potest
1238 1285 1355 1331 effici,
1380 1287 1524 1336 ubique
1543 1285 1582 1323 id
1603 1287 1744 1322 iactum
1758 1297 1863 1322 esse.

990 1343 1048 1382 lta
1071 1344 1159 1394 ipse
1174 1341 1310 1381 Cicero
1325 1342 1416 1380 dicit
1429 1342 1478 1380 ad
1492 1341 1598 1380 Brut.
1615 1345 1651 1381 8.
1667 1339 1697 1390 §.
1714 1344 1781 1381 24.
1799 1354 1863 1379 vo-

992 1400 1184 1439 luntatem
1203 1412 1341 1438 eornm
1362 1400 1434 1451 qui
1453 1399 1630 1438 audiunt
1643 1398 1864 1441 intuentur,

991 1470 1159 1509 eamque
1175 1461 1214 1494 et
1225 1455 1283 1494 ad
1296 1468 1434 1494 eorum
1447 1455 1662 1493 arbitrium
1676 1458 1715 1492 et
1725 1457 1866 1492 nutum

992 1518 1098 1552 totos
1132 1526 1172 1551 se
1204 1514 1370 1565 finyzmt
1405 1516 1444 1550 et
1484 1509 1866 1550 accommodant.

991 1566 1133 1609 Mirum
1158 1582 1251 1606 vero
1279 1572 1356 1614 est,
1384 1567 1489 1618 quod
1514 1565 1616 1604 Oud.
1644 1578 1867 1605 accommo-

994 1626 1096 1665 dare
1121 1625 1182 1663 hic
1207 1623 1378 1675 explicat
1402 1624 1616 1663 admovere
1641 1626 1680 1660 et
1704 1623 1762 1660 sic
1791 1621 1868 1660 ad-

992 1684 1144 1728 iuvare,
1155 1682 1261 1733 quod
1275 1694 1323 1719 ne
1332 1680 1549 1732 significare
1557 1679 1713 1730 quidem
1721 1682 1868 1730 potest.

996 1738 1321 1780 Accommodare
1339 1738 1442 1775 enim
1459 1736 1523 1775 hic
1537 1739 1599 1774 est
1610 1748 1792 1786 graecum
1807 1732 1870 1788 ἁρ-

992 1792 1118 1847 μόζειν
1142 1795 1180 1833 id
1208 1798 1270 1833 est
1288 1797 1423 1845 aptare
1443 1797 1482 1831 et
1501 1806 1616 1844 quam
1635 1792 1715 1831 fieri
1736 1795 1871 1844 potest

993 1855 1123 1890 nutum
1149 1864 1262 1889 suum
1289 1850 1535 1889 commodum
1558 1848 1725 1887 reddere
1750 1847 1870 1899 preci-

992 1906 1271 1959 busPsycheS.
1286 1905 1394 1944 Idem
1408 1904 1869 1958 peccatBarth.Advers.

993 1962 1104 2003 XIX.
1123 1968 1232 2014 12.p.
1242 1966 1335 2004 993.
1350 1962 1398 2001 cf.
1408 1961 1548 2001 Loers.
1562 1961 1613 2000 ad
1627 1960 1742 2000 Ovid.
1753 1959 1870 2000 Trist.

994 2020 1043 2058 V.
1073 2024 1137 2061 12.
1163 2019 1246 2072 53]

1054 2077 1224 2129 leytbus,
1246 2089 1351 2129 quae
1370 2089 1504 2115 servos
1528 2079 1602 2114 etc.
1628 2074 1694 2128 [cs.
1712 2073 1869 2126 Coripp.

999 2135 1034 2171 in
1060 2132 1163 2171 laud.
1188 2131 1320 2172 lustin.
1347 2130 1410 2171 ΠΙ.
1438 2135 1530 2173 392.
1559 2132 1774 2172 Obstamns
1799 2131 1871 2170 ‹lo-

998 2191 1128 2235 minis‚
1138 2189 1344 2242 profugis
1357 2189 1499 2229 damus
1515 2190 1619 2229 ostia
1632 2189 1778 2228 servis?
1796 2187 1872 2227 Le-

999 2246 1121 2300 9ibus
1139 2246 1218 2284 ltoc
1237 2246 1386 2285 nostris
1409 2259 1493 2284 non
1514 2246 1712 2286 convenit.
1738 2244 1872 2284 Brant.

1000 2303 1134 2342 laudat
1162 2301 1209 2340 L.
1235 2300 1264 2341 Ι.
1296 2305 1335 2340 et
1363 2306 1430 2340 tot.
1463 2303 1516 2341 tit.
1552 2301 1643 2354 Dig.
1670 2301 1721 2340 de
1745 2301 1872 2339 servis

1001 2359 1173 2411 fugitivis
1199 2357 1395 2410 cf.Argol.
1409 2357 1458 2396 ad
1470 2356 1632 2397 Panvin.
1647 2358 1698 2396 de
1712 2357 1815 2396 ludis
1828 2355 1872 2396 Π.

998 2420 1035 2457 3.
1055 2416 1092 2454 in
1114 2414 1255 2454 Gracv.
1270 2413 1391 2454 Thes.
1405 2415 1538 2468 Antiq.
1554 2413 1598 2454 Τ.
1613 2414 1682 2454 ΙΧ.
1700 2428 1740 2466 p.
1754 2413 1871 2466 411.]

1051 2474 1279 2525 profuyas.
1305 2470 1487 2524 [Vari-ant
1500 2471 1612 2510 codd.
1627 2471 1727 2510 inter
1742 2469 1872 2509 lectio-

999 2542 1071 2568 nes
1100 2531 1329 2581 prosuyos,
1350 2531 1561 2581 perfuyas
1586 2532 1626 2566 et
1644 2529 1873 2580 proficyas,

999 2585 1074 2624 sed
1099 2585 1151 2623 ita
1174 2589 1216 2623 ut
1240 2585 1373 2636 optimi
1405 2588 1632 2623 constanter
1658 2586 1875 2637 profuyas

1001 2642 1204 2681 retineant.
1253 2641 1472 2694 Perfuyas
1503 2640 1591 2678 ferri
1625 2654 1699 2678 non
1735 2652 1876 2690 posse,

1004 2700 1094 2750 quia
1117 2711 1215 2736 usus
1241 2698 1372 2736 obstet
1395 2698 1639 2748 scriptorum,
1659 2695 1763 2735 Oud.
1787 2709 1875 2748 pro·

1002 2756 1160 2794 nuntiat.
1210 2753 1356 2793 Festus
1399 2768 1435 2806 p.
1477 2757 1566 2794 119.
1606 2752 1721 2792 Lind.
1765 2752 1874 2791 dicit:

1002 2812 1232 2864 Perfuya
1257 2816 1297 2850 et
1319 2813 1541 2862 transfiiya
1566 2810 1733 2855 dicitur,
1761 2810 1877 2862 quod

1003 2869 1061 2908 ad
1084 2868 1217 2907 hostes
1238 2868 1463 2920 perfuyiat
1487 2871 1525 2904 et
1548 2867 1807 2919 transfuyiat
1836 2869 1877 2905 et

1001 2938 1038 2976 p.
1049 2926 1141 2965 199.
1158 2923 1352 2975 Persas]
1364 2938 1387 2961 α
1397 2937 1431 2961 m
1450 2922 1595 2962 Gallus
1605 2921 1744 2962 Aelius
1758 2923 1874 2969 dicit,

1005 2982 1076 3034 qui
1098 2980 1198 3019 liber
1219 2985 1290 3019 aut
1303 2992 1452 3024 servm,
1479 2984 1552 3018 aut
1573 2978 1700 3018 hostis
1722 2980 1786 3019 sui
1809 2993 1874 3019 vo-

1003 3038 1159 3077 luntate
1183 3037 1242 3075 ad
1265 3035 1397 3074 hostes
1421 3036 1647 3080 transierit,
1674 3037 1746 3089 qui
1768 3036 1876 3076 idem

1005 3093 1162 3133 dicitur
1196 3094 1439 3144 transfuga,
1484 3105 1730 3145 quamquam
1769 3098 1874 3138 sunt,

1006 3150 1077 3206 qui
1101 3149 1293 3196 credant,
1311 3150 1544 3204 perfuyam
1566 3162 1660 3197 esse,
1684 3163 1768 3190 non
1792 3155 1875 3190 tam
