2155 3590
646 83 829 123 LIBER
853 83 925 124 IX.
986 83 1111 124 CAP.
1142 84 1281 124 XXV.

627 266 1065 314 CAPUT
1169 267 1353 314 XXV.

207 372 339 427 Atque
363 381 404 414 ut
429 374 593 437 primum
618 389 671 415 ex
695 376 858 430 regione
882 376 1057 416 mulieiis
1077 389 1177 430 pone
1202 383 1290 430 telo
1295 391 1355 415 um
1382 376 1464 416 eius
1491 377 1653 417 maritus
1678 384 1882 431 acceperat

99 442 236 469 sonum
262 430 581 481 sternutationis,
616 410 764 484 (quode,
760 433 862 472 enim
888 439 1040 486 putaret
1065 432 1111 471 ab
1138 445 1183 472 ea
1209 433 1444 485 pioseetum)
1474 433 1588 471 solito
1613 446 1793 473 sermone
1819 447 1882 473 sa-

99 485 216 525 lntem
240 486 277 526 ei
301 487 430 526 fuerat
453 487 710 540 imprecatus,
739 495 777 528 et
799 489 940 528 iteiato
966 501 1121 528 iuisum
1148 494 1187 528 et
1211 489 1458 541 frequentato
1479 488 1649 540 saepius,
1677 490 1799 529 donec
1824 490 1882 529 rei

99 541 297 583 nimietate
335 550 572 594 commotus,
613 545 713 597 quod
749 558 813 585 res
850 551 934 584 erat
972 544 1125 584 tandem
1162 544 1397 599 suspicatur.
1460 542 1512 582 Et
1547 544 1711 598 impulsa
1747 559 1881 585 mensa

188 678 211 698 a
229 669 363 708 regione
383 668 412 699 δ.
433 680 533 706 snpra
553 672 671 706 scripto
692 680 709 699 e
733 673 774 701 cf.
794 674 835 701 ad
855 675 932 701 Met.
945 673 998 700 ΙΙΙ.
1019 680 1046 706 p.
1065 674 1138 700 189.
1162 680 1276 710 meque
1298 671 1473 700 tundentes
1498 679 1514 699 e
1538 670 1648 708 regio
1658 680 1702 698 ne
1727 671 1883 701 laterum.

97 716 206 744 Verba
218 723 306 752 poue
327 719 573 754 tergmnusque
591 719 631 745 ad
652 717 693 744 ab
712 726 753 745 ea
771 718 922 746 inducere
946 718 1000 752 B.,
1027 721 1161 745 testatur
1183 719 1283 753 Etm.;
1309 721 1339 746 at
1365 719 1399 746 in
1423 719 1497 746 coll.
1523 718 1609 746 Mod.
1634 718 1777 750 equidem
1804 719 1884 746 nihil

99 762 284 790 adnotatum
304 770 376 790 esse
400 762 504 791 video.
551 762 710 789 maritum
743 765 779 792 G.
802 764 830 791 1.
879 760 959 799 quid
987 761 1070 788 em'm
1096 763 1130 790 P.
1162 766 1243 791 teste
1274 764 1351 791 oud.
1377 761 1466 799 quod
1483 771 1555 790 cum
1581 763 1728 791 Beroatd.
1754 764 1828 791 Bas.
1856 765 1884 791 1.

99 803 239 843 quodam
264 808 341 835 Bas.
365 808 397 836 2.
434 809 469 835 In
495 811 566 835 cett.
593 806 682 844 qnod
704 808 799 836 enim.
847 806 1038 846 perfectum
1065 809 1100 835 G.
1130 809 1156 835 1.
1184 809 1213 836 2.
1239 810 1278 836 D.
1336 808 1516 836 Enuntiata
1536 808 1570 836 in
1602 809 1637 836 G.
1665 809 1695 835 2.
1720 811 1749 835 et
1774 809 1812 835 D.
1841 808 1884 835 ita

97 854 173 880 sunt
203 852 362 880 ordinata.
401 852 564 886 Incipiunt
595 855 696 881 verba
726 853 801 881 inde
830 855 870 880 ab
901 854 1005 888 alque
1035 855 1074 879 ut
1099 851 1244 888 primum
1276 861 1378 887 usque
1407 854 1446 881 ad
1478 851 1694 889 imprecatus.
1736 853 1887 886 Sequitur

99 896 213 924 deinde
232 897 394 925 sententia
412 899 444 924 ec
464 896 607 933 impulsa
627 906 729 931 usque
748 899 788 926 ad
808 894 984 934 restantem
999 901 1027 926 et
1042 897 1185 932 pergitur
1198 898 1308 927 verbis
1322 901 1354 925 ec
1368 897 1494 925 iterato
1509 906 1611 932 usque
1624 898 1663 926 ad
1678 899 1884 933 suspicatur,

99 941 216 975 quibus
236 945 363 970 ceterae
382 943 622 971 enuntiationes
642 945 682 970 ab
701 940 999 979 inflammatusque
1018 950 1059 970 ex
1077 943 1203 979 ordine,
1229 951 1290 976 quo
1310 944 1342 971 in
1357 947 1428 971 cett.
1443 944 1532 971 codd.
1547 945 1713 975 leguntur.
1738 947 1811 970 sunt
1826 944 1885 971 ad-

97 993 213 1014 nexae.
253 986 396 1025 fecerat
408 986 695 1026 (nequefererat,
723 992 754 1015 ut
769 996 810 1015 ex
824 990 1061 1022 typothetarum
1075 988 1146 1015 sine
1161 988 1256 1016 dubio
1271 997 1374 1016 errore
1389 989 1507 1023 legitur
1519 988 1551 1016 in
1565 988 1773 1016 adnotatione
1787 988 1886 1023 Oud.]

99 1033 134 1059 G.
150 1033 178 1058 2.
193 1033 230 1059 D.
246 1032 282 1060 P.
304 1039 358 1066 pro
369 1031 506 1070 fuerat.
555 1030 643 1069 quod
658 1035 794 1059 reserat
813 1032 946 1060 iunctim
965 1032 1120 1066 seriptum
1140 1034 1175 1060 G.
1197 1035 1226 1060 2.
1245 1034 1283 1061 1).
1309 1033 1455 1062 Ceterum
1477 1031 1564 1070 quod
1580 1040 1634 1060 res
1652 1035 1729 1059 erne
1748 1036 1833 1061 extat
1854 1033 1887 1060 in

98 1076 134 1104 F.
151 1078 180 1104 1.
196 1078 226 1104 3.
240 1077 276 1106 P.
291 1078 326 1105 G.
337 1079 348 1104 1
359 1099 365 1104 .
380 1078 414 1104 0.
428 1078 464 1105 R.
480 1078 500 1105 s.
516 1086 543 1112 μ.
557 1074 586 1106 δ.
600 1085 636 1106 π.
652 1081 679 1105 et
695 1079 765 1105 edd.
776 1079 919 1105 u'ower.
934 1077 1176 1110 posterioribus,
1192 1086 1250 1106 nec
1265 1079 1385 1106 veroin
1400 1080 1434 1106 B.
1445 1101 1451 1113 ‚
1467 1083 1498 1106 ut
1515 1079 1607 1106 testis
1621 1081 1667 1105 est
1683 1078 1780 1114 Oud.‚
1802 1082 1887 1106 certe

99 1122 244 1154 equidem
259 1122 292 1149 in
306 1123 380 1150 coil.
394 1123 479 1151 Mod.
493 1130 533 1150 ex
548 1124 581 1150 B.
597 1123 677 1150 nihil
692 1123 894 1150 emendatum
910 1122 987 1155 ridi.
1003 1123 1280 1155 ‹11111111C1›1v.edit.
1307 1131 1392 1159 qnae
1406 1131 1461 1150 res
1475 1126 1551 1150 erat
1567 1125 1727 1157 praebeat.
1752 1125 1787 1151 In
1802 1130 1887 1151 inar-

99 1167 173 1201 gine
181 1164 450 1203 quodcorrectum
464 1169 586 1205 est,sed
602 1167 712 1195 addita
724 1168 888 1205 litteraP.,
904 1170 936 1195 ut
950 1167 1130 1196 emendatio
1143 1168 1182 1196 ad
1192 1168 1228 1196 P.
1236 1176 1294 1196 nec
1308 1170 1392 1197 adu.
1402 1169 1568 1203 pertineat.
1584 1169 1690 1197 Verba
1699 1171 1731 1196 et
1745 1166 1888 1204 impulsa

156 1263 242 1302 CAP.
268 1263 398 1302 XXV.
449 1265 562 1317 quod
586 1266 701 1303 enim.
750 1263 893 1315 [Plura
918 1265 967 1302 de

99 1320 172 1359 liae
186 1319 352 1359 dictione
366 1320 504 1371 protuli
517 1334 638 1371 supra
651 1321 698 1359 ad
714 1321 808 1358 Met.
824 1334 861 1371 p.
872 1324 964 1361 615.

102 1391 160 1429 qn
173 1377 233 1415 od
250 1379 367 1416 enim
381 1377 512 1416 rebar.
538 1376 830 1415 Parentheseos
844 1377 965 1428 signis

99 1433 197 1471 hanc
214 1436 334 1472 totam
354 1434 651 1472 enuntiationem
671 1433 811 1472 includi
827 1434 965 1480 curavi,

100 1490 206 1528 cuius
234 1491 307 1528 vim
337 1503 453 1541 quum
483 1490 651 1528 editores
676 1504 750 1528 non
776 1489 964 1540 intellige-

98 1550 198 1591 rent,
236 1545 378 1585 sactum
414 1550 493 1593 est,
529 1550 571 1584 ut
607 1546 704 1585 haec
742 1547 857 1585 verba
887 1549 963 1584 tam

100 1602 301 1641 infeliciter
324 1603 637 1655 corrumperent]

155 1659 320 1699 salutem
333 1660 370 1698 ei
380 1660 521 1710 fuerat
534 1661 788 1710 imprecatus.
815 1658 878 1697 De
890 1659 965 1697 hoc

99 1729 206 1754 more
231 1715 329 1754 haec
358 1716 516 1753 adnotat
541 1715 660 1754 Em:
692 1715 819 1753 Vetus
851 1719 966 1766 poeta

101 1772 328 1810 Ammianus
342 1770 473 1823 Epigr.
490 1772 627 1810 Giaec.
642 1772 676 1810 L
680 1772 728 1809 ib.
742 1771 786 1810 ll.
811 1771 856 1810 B.
877 1769 965 1811 οὐδὲ

101 1827 207 1880 λέγει,
222 1829 299 1867 Ζεῦ
314 1826 548 1875 603601381211
540 1832 680 1879 πταρῆ
697 1826 739 1867 οὐ
753 1825 823 1879 9τὶρ
836 1825 966 1867 ἀκούει

99 1885 163 1935 τῆς
187 1882 296 1936 ῥινός.
356 1883 496 1922 Tenuit
525 1888 563 1922 ct
589 1886 703 1923 etiam
733 1898 832 1922 nuuc
861 1887 967 1922 tenet

102 1941 359 1986 consuetudo,
383 1945 463 1978 stei
466 1942 686 1979 nutantibus
710 1941 910 1979 salutem
901 1954 966 1978 im-

102 1996 298 2048 precandi,
324 1996 478 2035 Petron.
505 2011 536 2035 c.
565 2000 630 2037 98.
667 1997 820 2050 Gyion,
846 1997 965 2036 colle-

104 2055 237 2092 ctione
272 2054 440 2104 spz'rz‘tus
474 2054 637 2105 plenus,
676 2055 870 2093 continuo
908 2055 968 2091 ita

103 2110 358 2154 sternzztavit,
395 2114 441 2148 ut
473 2109 691 2162 yrabatnm
723 2103 970 2153 concuteret,

103 2167 160 2205 ad
186 2179 299 2218 quem
324 2170 472 2204 motum.
496 2165 721 2217 Eumolpus
746 2179 968 2210 conversus,

102 2223 287 2263 salvere
314 2222 508 2276 Gytona
533 2222 681 2260 iubet.
728 2221 816 2260 Non
841 2222 967 2260 solum

103 2282 231 2317 autem
253 2281 487 2323 ominosum,
513 2278 585 2316 sed
607 2279 768 2316 numinis
787 2278 836 2317 ad
850 2279 969 2317 instar

103 2348 127 2373 a
140 2335 302 2386 paganis
316 2334 458 2372 cultum
472 2338 828 2373 sternutamentum.
848 2335 968 2373 Arist.

103 2390 236 2430 Probl.
257 2391 360 2429 Sect.
382 2394 446 2430 34.
473 2390 538 2429 fol.
553 2391 645 2431 478.
667 2391 715 2428 (le
728 2390 828 2430 Hist.
843 2391 968 2429 Anim.

102 2447 190 2486 Lib.
205 2447 233 2485 l.
248 2461 279 2486 c.
299 2452 360 2487 11.
380 2446 575 2486 Plutarch.
589 2448 639 2485 (le
654 2447 808 2486 Homer.
822 2461 858 2499 p.
874 2451 967 2488 315.

103 2502 269 2543 Philem.
295 2503 398 2556 apud
425 2502 661 2542 Theodoret.
683 2508 815 2542 eontra
829 2503 967 2542 Graec.

106 2559 171 2599 fol.
185 2564 250 2601 87.
265 2559 371 2598 Orat.
387 2558 435 2597 (le
449 2558 601 2598 Provid.
620 2564 683 2600 10.
708 2559 969 2612 [Saepissime

104 2616 205 2655 hunc
227 2630 372 2655 morem
398 2620 552 2654 veteres
578 2617 796 2666 attigerunt.
822 2615 969 2656 cs.1ntt.

105 2673 156 2711 ad
179 2672 355 2724 Propert.
375 2672 419 2710 ΙΙ.
440 2677 476 2713 2.
501 2676 566 2713 34.
592 2685 755 2718 aureus,
781 2678 971 2724 ary-utum

106 2731 315 2769 sternuit
340 2743 471 2768 omen
497 2729 622 2768 Amor
647 2728 695 2767 ad
721 2727 875 2767 Petron.
898 2729 968 2768 Le.

107 2797 143 2835 p.
171 2789 264 2826 603.
286 2785 443 2824 Ruhnk.
466 2784 568 2824 Dict.
594 2785 644 2824 ad
668 2783 783 2823 Ovid.
809 2784 969 2824 Heroid.

107 2853 144 2891 p.
167 2845 256 2882 108.
280 2839 357 2880 Pro
377 2855 482 2880 more
501 2855 574 2880 suo
594 2854 849 2892 quaecunque
867 2854 970 2880 com-

107 2896 240 2946 pilavit
263 2896 361 2937 OuZ.
386 2898 435 2937 ad
460 2897 607 2937 Minue.
630 2897 717 2936 Fel.
734 2911 772 2949 p.
791 2902 867 2938 154
880 2911 970 2949 sqq.

109 2952 169 2991 ed.
205 2952 353 3005 Lugd.;
400 2954 448 2993 cf.
484 2955 692 3006 Augustin.
727 2953 883 3006 Niphus
919 2955 970 2992 de

109 3009 253 3059 Augur.
289 3009 336 3048 L.
361 3009 388 3048 l.
425 3024 458 3050 c.
495 3015 532 3051 8.
569 3011 619 3049 de
655 3011 968 3049 sternutamentis

110 3066 324 3117 angurifiois
348 3067 383 3105 in
410 3066 551 3107 Graev.
578 3066 698 3106 Thes.
723 3067 854 3118 Antiq.
871 3067 967 3106 T.V.

1026 1278 1060 1315 p
1077 1269 1168 1306 029
1194 1269 1233 1303 et
1257 1265 1421 1308 Butem.
1448 1267 1496 1304 (le
1510 1265 1648 1304 Omine
1666 1266 1714 1306 L.
1727 1265 1788 1304 Ill.
1804 1281 1834 1305 c.
1850 1270 1888 1306 3.

1025 1321 1113 1359 ibid.
1140 1335 1177 1372 p.
1203 1326 1295 1361 454.
1323 1322 1355 1358 W
1361 1336 1441 1360 oss.
1469 1322 1543 1361 Etx
1549 1322 1637 1361 mol.
1687 1336 1748 1362 ..v
1779 1323 1888 1362 salas

1025 1381 1064 1414 et
1092 1382 1280 1416 steinetto.
1341 1378 1573 1429 Supeistitio
1604 1379 1638 1416 in
1670 1380 1886 1417 univ·e1suni

1025 1437 1107 1471 erat
1136 1437 1307 1472 veterum
1339 1436 1436 1472 satis
1466 1439 1698 1486 propagata,
1735 1436 1768 1472 si
1799 1448 1888 1485 pars

1023 1489 1152 1540 aliqua
1176 1491 1347 1542 corporis
1372 1504 1443 1530 sua
1467 1495 1608 1543 sponte
1626 1491 1889 1535 subsiluisset,

1023 1546 1177 1584 adversi
1209 1547 1299 1597 quid
1330 1547 1391 1585 vet
1426 1547 1540 1585 fausti
1566 1561 1612 1585 ea
1636 1547 1889 1599 palpitatione

1024 1602 1197 1651 indicari3
1227 1603 1276 1642 cs.
1303 1603 1465 1643 Taubm.
1490 1604 1537 1642 ad
1563 1602 1689 1643 Plaut.
1705 1604 1728 1643 l.
1749 1608 1889 1644 1.105.

1023 1658 1184 1710 Rupert.
1217 1660 1265 1697 ad
1298 1659 1506 1698 lnren.VI.
1533 1664 1625 1700 578.
1654 1660 1697 1699 Τ.
1723 1659 1768 1698 Il.
1800 1660 1887 1699 adn.

1028 1719 1117 1756 179.
1143 1720 1181 1753 et
1206 1718 1439 1767 praeceteris
1464 1716 1582 1768 Niph.
1608 1717 1643 1754 d.
1671 1717 1693 1755 l.
1714 1731 1744 1756 c.
1772 1720 1813 1757 9:
1839 1717 1889 1754 de

1024 1772 1202 1817 saltibus,
1227 1774 1456 1811 tremoribus
1482 1775 1666 1824 cuiusque
1681 1773 1890 1824 particulae

1025 1830 1194 1879 corporis
1219 1829 1479 1879 auguralibus.
1506 1829 1638 1867 lsidor.
1665 1830 1770 1880 Orig.
1788 1829 1888 1867 Vltt.

1026 1888 1063 1925 9.
1098 1888 1161 1925 29.
1202 1885 1444 1924 salisatores
1482 1887 1613 1924 vocati
1648 1891 1755 1932 sunl,
1793 1887 1887 1938 qw'a

1026 1942 1121 1981 dum
1135 1942 1188 1980 eis
1200 1942 1462 1981 membrorum
1477 1955 1741 1994 quaecunque
1748 1947 1891 1994 partes

1026 1997 1225 2043 salierint,
1259 1998 1422 2050 aliquid
1446 1998 1522 2036 sibi
1547 1999 1699 2037 exinde
1720 2012 1887 2050 prospe-

1025 2067 1113 2093 rum
1137 2068 1202 2092 sen
1228 2055 1339 2093 triste
1361 2055 1590 2107 siym‘ficarc'
1608 2055 1887 2106 praedicunt]

1083 2111 1336 2161 imprecatus.
1386 2110 1444 2162 [ln
1477 2111 1616 2148 bonam
1642 2115 1788 2162 partem
1814 2112 1890 2149 ista

1027 2179 1103 2203 vox
1138 2166 1200 2204 hie
1235 2166 1390 2217 legitur,
1428 2181 1542 2217 quum
1579 2167 1749 2217 alioquin
1786 2167 1886 2219 apud

1026 2223 1194 2273 optimos
1208 2223 1417 2274 scriptores
1426 2223 1522 2262 mali
1537 2224 1749 2276 quippiam
1763 2224 1890 2263 alicui

1022 2280 1192 2330 precari
1214 2279 1419 2330 significet,
1444 2284 1484 2318 ut
1508 2280 1606 2318 Met.
1626 2279 1712 2319 ΥΠ.
1739 2294 1773 2331 p.
1795 2284 1876 2321 472

1028 2335 1113 2374 ,Sed
1136 2349 1234 2387 quas
1258 2349 1338 2387 ⁰51⁰
1362 2337 1594 2389 coredi9nas
1617 2337 1755 2376 Fotidi
1776 2338 1889 2376 diras

1028 2392 1258 2431 devotiones
1272 2393 1506 2444 imprecer
1527 2392 1575 2431 cf.
1585 2392 1666 2431 lntt.
1677 2393 1723 2431 ad
1733 2392 1886 2431 Petron.

1027 2462 1058 2486 c.
1086 2452 1149 2488 78.
1174 2453 1218 2488 nt
1242 2453 1348 2488 totns
1373 2449 1470 2487 mila·
1488 2450 1673 2501 populus
1698 2449 1793 2488 bene
1815 2450 1889 2487 ’ἰηι-

1021 2509 1264 2556 precetur,
1291 2504 1421 2543 Burm.
1446 2519 1485 2557 p.
1509 2510 1603 2546 501.
1636 2505 1726 2544 Alia
1748 2505 1889 2556 signiti-

1027 2561 1176 2599 catione
1206 2561 1424 2612 imprecari
1453 2562 1555 2612 apud
1586 2561 1791 2613 Apuleium
1829 2565 1889 2599 est

1025 2630 1094 2669 pro
1118 2615 1281 2669 simplici
1305 2620 1474 2669 precari
1498 2618 1544 2656 ct.
1570 2617 1667 2656 Met.
1683 2617 1725 2656 ll.
1745 2631 1781 2669 p.
1800 2622 1888 2658 162.

1027 2675 1271 2713 incrementa
1307 2675 1403 2713 solis
1437 2675 1602 2727 (inflasti
1632 2676 1778 2713 tac-ilus
1813 2676 1889 2713 ἰηι-

1023 2735 1268 2781 precatus.
1295 2730 1428 2769 Gloss.
1455 2730 1567 2769 Vulc.
1593 2744 1629 2781 p.
1656 2734 1720 2772 66.
1746 2732 1888 2783 impre-

1029 2799 1102 2825 cor
1125 2784 1362 2838 ἐπιιἿ-ειάζω]

1088 2843 1202 2894 quod
1229 2856 1292 2881 res
1321 2847 1421 2882 erat.
1474 2842 1618 2895 [Dictio
1650 2856 1765 2893 quum
1789 2856 1890 2881 snm-

1026 2911 1128 2937 mam
1153 2898 1407 2937 offensionem
1432 2899 1517 2937 sine
1547 2899 1626 2937 ulla
1655 2899 1889 2938 dubitatione

1027 2953 1186 3000 habeat,
1229 2955 1398 2993 editores
1441 2955 1523 2992 sere
1565 2968 1699 2994 omnes
1735 2960 1889 2995 veteres

1026 3011 1268 3062 corrigebant
1294 3024 1396 3063 quae
1409 3025 1471 3050 res
1484 3016 1571 3050 erat
1585 3011 1709 3049 exilia
1734 3013 1889 3063 generis

1027 3079 1140 3118 quam
1166 3067 1294 3105 dicunt
1325 3068 1564 3115 attractione,
1591 3069 1690 3122 apud
1723 3071 1888 3123 optimos

1906 376 1966 408 641
