2155 3590
625 149 808 189 LIBER
843 148 916 188 111.
977 148 1104 188 CAP.
1128 146 1271 186 XXV.
1764 141 1844 184 197

53 263 249 319 privat-us,
288 263 388 316 quod
426 263 549 302 solum
588 269 760 316 poteram
799 269 996 316 postrema
1032 260 1180 301 deiecta
1204 258 1329 308 labia.
1371 257 1537 297 humidis
1563 264 1691 296 tamen
1718 255 1842 296 oculis

52 319 247 373 obliquum
271 319 486 372 respiciens
506 319 553 358 ad
573 318 717 374 illlam,
742 319 882 358 tacitus
903 316 1215 372 expostulabam.
1243 313 1355 368 Quae
1375 314 1440 353 ubi
1460 313 1624 367 primum
1644 327 1705 352 me
1725 311 1843 352 talem
1868 315 1928 349 221

50 376 251 430 adspexit,
287 375 482 429 percussit
511 375 650 414 faciem
682 388 791 414 suam
823 375 1001 414 manibus
1026 372 1180 413 infestis
1206 379 1261 411 et:
1289 369 1432 411 Occisa
1458 384 1542 409 sum
1569 369 1734 419 misera,
1763 368 1841 407 cla-

49 432 184 473 mavit.
222 430 290 472 Me
316 431 521 485 trepidatio
546 431 661 470 simul
685 438 724 471 et
748 431 948 470 festinatio
975 430 1132 479 fefellit,
1161 436 1200 468 et
1223 427 1408 482 pyxidum
1435 425 1648 465 similitudo
1674 424 1839 478 decepit.

48 488 126 531 Sed
150 488 271 538 hene.
299 488 397 541 quod
428 487 580 527 facilior
603 487 897 527 reformationis
925 487 1036 526 huius
1062 484 1210 525 medela
1235 483 1469 537 suppeditat.
1497 480 1601 522 Nam
1627 481 1730 521 rosis
1757 488 1844 521 tan-

46 553 127 586 tum
153 544 417 584 demorsitatis
442 544 770 601 exibis-Asinum,
799 543 1006 596 statimque
1031 543 1069 582 in
1091 555 1216 582 meum
1236 539 1401 581 Lucium
1422 537 1662 593 postliminio
1678 537 1838 577 redibis.

45 649 188 678 humidis
202 658 274 677 cum
288 658 343 684 pro
357 648 500 678 humidis
515 653 626 677 {auten
640 652 688 678 ed.
703 650 881 684 rii-‚Virmn
894 651 1007 679 Venet.
1018 651 1046 678 2.
1058 652 1086 678 4.
1102 651 1184 678 lunt.
1196 650 1223 677 1.
1249 647 1312 676 Sed
1324 647 1389 675 iam
1402 643 1541 674 correxit
1554 643 1724 672 Becicnem
1738 642 1842 677 Epist.

45 697 98 724 ⁷2.
124 696 350 730 expressitque
368 697 450 723 lunt.
472 697 501 723 2.
523 700 554 723 ut
574 696 670 723 eliam
690 699 738 723 est
759 696 790 723 iu
811 696 890 723 Edu.
911 698 981 729 post
1003 695 1151 723 Colvium
1168 693 1327 722 omnihus.
1374 689 1540 727 obliquum
1555 690 1641 717 male
1660 690 1750 716 abest
1766 695 1785 715 a
1804 688 1840 716 B.

45 739 184 768 oblicum
199 742 234 770 G.
283 739 330 767 ad
346 739 449 768 illam.
478 742 564 768 Haec
585 743 682 769 verba
701 744 782 769 teste
801 742 883 768 Elm.
900 749 963 768 non
977 740 1124 775 agnoscit
1138 740 1174 767 B.
1194 742 1222 767 et
1237 738 1312 766 hinc
1327 737 1422 765 uncis
1434 734 1566 763 inclusit
1582 734 1722 761 seris-er.
1737 734 1794 760 sed
1808 733 1842 760 in

44 787 206 820 excerptis
230 786 397 814 medianis
411 786 492 814 nihil
505 787 694 814 adnotatum
706 790 764 814 est.
812 784 1024 821 appellabam
1040 793 1094 819 pro
1107 781 1366 820 expostulabant
1381 783 1416 810 Ρ.
1465 779 1674 816 acbipre'mnm
1690 785 1740 804 me
1759 778 1793 806 F.
1809 779 1840 805 3.

44 833 80 860 G.
92 832 132 859 D.
145 832 181 859 P.
197 831 218 859 f.
244 831 435 866 ulprz’mum
450 839 500 857 me
513 828 541 859 δ’,
568 839 618 857 mr·
631 829 839 867 nbiprimum
855 839 903 857 me
917 832 950 859 O.
975 832 1011 858 In
1026 833 1099 858 cett.
1113 833 1199 857 extat
1215 827 1271 856 ubi
1282 835 1332 855 me
1340 825 1496 863 primum.
1522 823 1576 852 Me
1591 826 1686 858 plane
1700 825 1793 852 abest
1807 822 1841 850 in

43 877 79 905 B.
126 875 240 903 otiosa
253 883 324 903 sum
339 878 374 904 G.
389 877 426 904 D.
454 875 487 911 [a
503 884 531 910 p.
547 875 700 911 m.]1unt.
720 878 745 904 l.
783 874 889 902 clarit
902 877 938 903 D.
954 884 973 903 a
988 883 1017 909 p.
1032 883 1072 903 m.
1088 876 1144 903 sed
1160 874 1192 902 in
1206 873 1352 909 margine
1366 880 1385 900 a
1399 880 1438 900 m.
1453 879 1479 898 s.
1495 873 1541 898 est
1557 868 1741 899 clamabat.
1756 868 1840 901 quod

42 922 126 950 idem
139 924 226 950 extat
247 921 279 949 in
294 929 322 955 p.
343 925 371 949 er
393 922 540 949 omnibus
560 922 629 950 edd.
646 924 721 950 velt.
742 925 868 955 praeter
886 923 969 949 lunt.
985 922 1014 948 2².

1063 917 1216 955 superisne
1230 921 1344 948 Venet.
1364 919 1392 946 4.
1408 916 1512 945 Paris
1527 915 1604 944 Bas.
1621 916 1649 944 1.
1689 911 1841 954 facilior

42 964 132 1003 quod
142 967 177 994 B.
225 964 451 993 demersit-ans
466 974 494 1000 p.
542 974 647 993 erues
661 966 791 994 asinum
809 966 828 994 f.
843 975 876 999 φ.
923 965 958 993 ῠι
971 968 1045 993 ante
1061 972 1164 992 meum
1178 967 1268 993 abest
1283 965 1322 992 ab
1337 964 1370 991 0.

42 1052 211 1092 Observ.
241 1052 285 1091 T.
311 1052 355 1091 ll.
382 1053 471 1090 Vol.
498 1052 542 1091 11.
568 1068 604 1105 p.
633 1057 725 1093 305.
752 1053 909 1091 volebat

41 1111 305 1149 considerans
334 1123 433 1154 sum,
466 1123 573 1147 more
603 1123 761 1161 graeco,
793 1122 906 1159 quem

40 1166 143 1217 apud
175 1167 341 1218 optimos
372 1169 551 1203 auctores
586 1166 724 1204 latinos
755 1169 909 1217 praeter

39 1223 210 1261 comicos
236 1222 351 1259 etiam
377 1221 481 1272 apud
507 1220 731 1259 Ciceronem
765 1221 907 1259 inveni-

37 1292 134 1316 mus.
183 1277 274 1328 Ipse
300 1281 498 1326 comparat
524 1276 671 1316 smum.
692 1276 903 1315 adLivN.

38 1338 102 1374 34.
136 1339 171 1376 6.
208 1332 376 1372 XXVII.
401 1337 436 1373 8.
465 1337 499 1373 2.
532 1334 582 1371 ad
613 1333 714 1372 Bell.
740 1332 902 1384 Hispan.

37 1405 68 1430 c.
94 1395 161 1432 29.
187 1389 300 1428 Ovid.
316 1389 477 1428 Heroitl.
496 1389 641 1427 XVIII.
664 1394 728 1430 55.
754 1389 901 1428 Vitruv.

37 1446 80 1485 ll.
111 1451 144 1486 1.
172 1445 337 1498 [quibus
363 1445 465 1483 adde
495 1446 642 1484 Arnob.
670 1445 732 1483 lll.
760 1449 823 1485 38.
858 1445 904 1483 id

38 1503 152 1556 quod
186 1517 268 1541 ‘non
305 1507 363 1541 est
399 1502 543 1541 colens.
594 1501 815 1540 Casanbon.
854 1501 904 1539 ad

37 1558 200 1611 Capitol.
235 1560 296 1597 vit.
331 1558 416 1595 Ant.
449 1571 479 1596 c.
514 1562 577 1599 20.
613 1558 656 1595 Τ.
690 1557 715 1596 1.
748 1572 782 1609 p.
810 1562 902 1598 365.

33 1615 167 1654 Munk.
193 1615 243 1653 ad
268 1614 370 1666 Hyg.
397 1614 474 1652 fab.
500 1629 531 1653 c.
559 1619 623 1655 29.
651 1629 686 1666 p.
703 1618 768 1655 79.
795 1614 903 1653 Stav.

33 1671 132 1711 Dav.
159 1671 208 1710 ad
235 1670 312 1709 Cic.
333 1670 382 1708 de
399 1670 488 1709 Nat.
509 1670 558 1710 D.
574 1670 600 1710 l.
615 1685 646 1710 c.
663 1676 726 1711 44.
754 1671 902 1710 Moser.

33 1728 81 1768 ad
108 1728 184 1767 Cic.
211 1728 259 1766 de
285 1726 412 1766 Divin.
436 1726 464 1766 I.
491 1732 556 1768 25.
588 1742 625 1779 p.
656 1728 769 1780 126]
820 1728 901 1765 sed

33 1784 266 1823 sententiam
280 1783 422 1823 deinde
440 1785 618 1823 mutavit.
646 1798 762 1834 quum
782 1785 902 1823 multa

33 1841 233 1894 participia
260 1845 299 1878 et
322 1840 513 1879 adiectiva
537 1840 712 1879 solerent
731 1842 780 1879 ab
794 1841 901 1891 Apu-

31 1897 108 1936 leio
135 1898 360 1948 exaggerari
380 1901 418 1934 et
437 1897 487 1934 ad
506 1910 622 1935 unum
642 1897 799 1935 tandem
820 1910 901 1935 ver-

30 1955 121 1993 bum
134 1954 279 1999 referri,
293 1953 506 1992 coltnotat.
522 1954 569 1991 ad
580 1953 676 1991 Met.
685 1952 746 1991 HI.
756 1968 792 2004 p.
807 1957 902 1994 179:

32 2011 147 2049 immo
174 2011 270 2050 dum
295 2023 380 2048 cum
404 2010 604 2060 participio
631 2014 671 2047 et
694 2010 814 2047 verbo
840 2024 902 2047 so—

31 2065 129 2106 leret
151 2071 348 2116 tamquam
374 2079 442 2115 per
469 2066 679 2116 longiorem
699 2065 902 2117 parenthe—

31 2124 90 2161 sin
115 2123 250 2167 inseri,
280 2126 322 2160 ut
346 2121 442 2159 Met.
469 2121 515 2159 11.
548 2135 585 2172 p.
615 2125 705 2162 156.
731 2137 782 2161 ae
807 2123 904 2161 dum

29 2181 74 2218 in
93 2192 220 2231 prox.
245 2178 350 2229 plat.
377 2181 561 2230 refovens
592 2183 631 2217 et
654 2180 829 2218 animum

30 2249 120 2275 sero
145 2235 383 2274 reminiscor
408 2235 662 2287 difflmmque
686 2265 714 2273 ..
740 2248 901 2273 eonsen-

31 2293 90 2330 tio
115 2295 154 2329 et
173 2290 241 2328 IX.
262 2304 299 2342 p.
317 2293 408 2330 653.
436 2295 480 2328 at
505 2291 789 2343 duntfodievs‚
805 2291 900 2331 dum

29 2349 232 2400 irriyans,
277 2351 493 2398 ceteroque
529 2348 722 2387 incurvus
757 2346 900 2385 labore

30 2405 203 2443 deservit
232 2402 320 2455 'eqo
350 2406 413 2440 ctt.
459 2401 532 2453 [de
569 2417 644 2453 qno
687 2402 899 2454 particulae

29 2473 101 2498 usu
126 2460 206 2510 agit
229 2458 356 2497 Hand.
383 2458 495 2496 anst.
523 2458 566 2498 ll.
592 2473 629 2510 p.
656 2459 773 2511 311.]

87 2516 200 2569 quod
223 2515 350 2555 solum
369 2520 571 2566 poteram.
602 2514 824 2567 [Frequens
838 2520 900 2554 est

28 2572 131 2624 apud
151 2575 307 2610 veteres
333 2570 510 2609 formula:
539 2573 652 2624 quod
675 2572 802 2611 solam
821 2586 897 2623 po-

29 2630 107 2674 tui,
144 2642 259 2679 quam
298 2627 427 2666 multis
465 2628 658 2678 exemplis
696 2628 900 2666 illustravit

28 2683 127 2722 Prie.
153 2684 203 2722 ad
229 2684 264 2722 h.
292 2684 314 2721 l.
341 2683 472 2722 Burni.
498 2684 658 2722 Anthol.
684 2684 773 2723 Lat.
800 2684 844 2722 T.
872 2683 898 2723 l.

28 2755 67 2793 p.
99 2744 191 2781 282.
224 2745 262 2779 et
295 2740 483 2779 Wornsd.
509 2741 558 2777 ad
586 2739 700 2791 Eleg.
739 2741 773 2778 in
807 2741 898 2779 obit.

29 2796 158 2836 Maec.
192 2801 282 2837 141.
321 2797 356 2834 in
395 2797 533 2848 Suppl.
559 2797 607 2835 ad
636 2795 679 2834 T.
706 2797 754 2834 Y.
787 2796 898 2836 Poet.

28 2851 117 2892 Lat.
143 2853 199 2892 M.
224 2852 269 2892 P.
297 2856 333 2893 3.
360 2866 396 2903 p.
426 2853 569 2905 1462]

84 2910 306 2961 ‘respiciens
325 2909 382 2947 acl
400 2909 514 2948 illam
534 2911 683 2949 tacitus
703 2915 896 2962 expostu-

31 2964 178 3004 labam.
230 2965 468 3016 Discrepant
499 2967 749 3017 interpretes,
782 2966 899 3004 verba

31 3021 88 3060 acl
123 3022 236 3061 illam
272 3026 396 3060 utrum
433 3023 482 3060 ad
520 3023 743 3073 respiciens
774 3036 822 3060 an
848 3022 899 3061 ad

30 3078 342 3128 expostulabant
353 3078 483 3116 referri
498 3079 679 3117 debeant.
694 3077 795 3117 Oud.
811 3079 899 3130 ipse

32 3136 173 3171 certum
205 3148 252 3172 en
282 3134 333 3172 de
362 3148 410 3188 rc'
441 3135 621 3174 iudicium
652 3149 728 3173 non
753 3134 899 3187 profert

967 1056 1167 1103 utrumque
1186 1052 1424 1095 defendens,
1451 1062 1682 1102 quamquam
1703 1048 1751 1087 ad
1772 1062 1838 1099 po-

968 1109 1110 1146 sterius
1135 1110 1260 1159 magis
1286 1106 1468 1146 inclinare
1495 1106 1678 1144 videatur.
1705 1105 1837 1156 Vulgo

968 1170 1093 1202 tamen
1128 1166 1231 1215 iungi
1268 1165 1327 1202 acl
1363 1164 1476 1202 illam.
1507 1162 1837 1214 expostulabant,

969 1235 1035 1271 pro
1071 1234 1146 1270 quo
1178 1220 1416 1271 frequentius
1449 1219 1597 1257 dicatur
1628 1231 1717 1258 eum
1747 1217 1836 1259 illa,

965 1277 1037 1314 sed
1052 1278 1219 1328 positum
1236 1290 1328 1314 esse
1345 1275 1611 1313 existimatvel
1623 1288 1691 1325 pro
1702 1274 1836 1325 apud:

964 1337 1004 1369 ut
1029 1334 1064 1371 in
1091 1332 1235 1371 Florid.
1266 1347 1297 1370 n.
1330 1336 1390 1372 16.
1418 1345 1452 1381 p.
1476 1336 1539 1372 64.
1565 1331 1623 1369 (nl
1649 1345 1715 1369 vos
1740 1329 1836 1367 milei

964 1403 1056 1428 usus
1076 1390 1181 1428 rem't
1195 1390 1256 1427 ubi
1272 1388 1341 1431 cf.;
1361 1387 1423 1425 vel
1439 1387 1511 1425 dici
1532 1391 1573 1424 ut
1586 1387 1643 1425 ad
1658 1387 1836 1438 aliquem

965 1446 1081 1497 loqui
1106 1444 1153 1483 cs.
1180 1445 1277 1483 Met.
1303 1443 1353 1483 X.
1380 1459 1415 1496 p.
1444 1447 1536 1484 729.
1575 1443 1634 1481 ad
1666 1455 1836 1482 uxorem

965 1502 1142 1540 mandat.
1177 1501 1275 1540 Huic
1298 1504 1505 1553 praeterea
1530 1499 1762 1537 distinctioni
1784 1497 1835 1535 sa-

965 1571 1054 1596 vere
1085 1558 1246 1597 Lucian.
1279 1558 1314 1595 in
1347 1557 1484 1595 Lucid.
1517 1570 1547 1594 c.
1583 1559 1644 1595 13.
1677 1569 1713 1606 p.
1741 1559 1834 1595 581.

963 1616 1045 1653 Καὶ
1078 1613 1181 1664 αὐτῷ
1213 1612 1257 1665 δὴ
1294 1618 1346 1663 τῷ
1372 1610 1537 1666 σχήματι
1562 1611 1612 1658 ὡς
1638 1606 1722 1658 ὄνος
1746 1611 1835 1650 ὑπο-

962 1673 1126 1723 βλέπων,
1171 1668 1337 1722 ᾐτιώμην
1372 1667 1508 1721 αὐτὴν,
1555 1663 1626 1720 ὅση
1663 1664 1835 1718 δύναμις,

962 1722 1046 1774 ὄνος
1071 1725 1151 1766 ἀντὶ
1178 1722 1331 1780 ὄρνιθος
1363 1725 1565 1778 γενόμενος.
1617 1723 1834 1778 [Equidem

963 1784 1087 1823 locum
1115 1786 1165 1822 ita
1192 1798 1266 1822 non
1293 1784 1536 1834 probaverim
1569 1795 1641 1820 nec
1671 1794 1835 1833 persua-

962 1841 1088 1885 detur,
1120 1841 1316 1891 quomodo
1349 1840 1406 1878 ad
1436 1840 1614 1891 ole'quem
1644 1842 1834 1890 expostu-

962 1898 1049 1935 lare
1074 1911 1142 1947 pro
1169 1911 1258 1936 cnm
1279 1895 1443 1949 aliquo,
1469 1895 1573 1945 quod
1588 1894 1715 1933 solum
1730 1893 1833 1945 apud

965 1958 1117 1991 veteres
1148 1954 1350 1998 invenitur,
1382 1951 1540 1989 defendi
1571 1955 1699 2001 queat.
1749 1951 1834 1989 Esc-

958 2010 1173 2061 postnlare
1203 2022 1313 2053 vero.
1346 2009 1395 2046 de
1420 2009 1530 2047 cuius
1555 2007 1835 2058 significatione

963 2066 1010 2105 cf.
1037 2066 1179 2104 Donat.
1206 2065 1256 2103 ad
1283 2064 1369 2104 Ter.
1396 2063 1598 2103 Audnlv.
1615 2069 1650 2104 1.
1681 2068 1742 2104 15.
1768 2063 1834 2101 ibi-

964 2136 1039 2173 que
1063 2121 1221 2160 Ruhnk.
1248 2122 1283 2159 in
1310 2121 1412 2160 Dict.
1438 2136 1474 2173 p.
1491 2124 1555 2162 66.
1581 2121 1743 2172 saepius
1768 2121 1833 2158 ab·

961 2178 1092 2217 solute
1106 2179 1195 2229 poni
1210 2179 1480 2216 demonstrant
1500 2177 1575 2215 loci
1592 2177 1715 2216 Tacit.
1730 2177 1834 2215 Ann.

960 2234 1064 2273 Xlll.
1092 2239 1158 2275 37.
1183 2235 1214 2286 §.
1241 2239 1276 2275 2.
1302 2233 1393 2273 XV.
1420 2239 1455 2274 5.
1483 2233 1513 2283 §.
1543 2238 1578 2273 1.
1606 2233 1683 2272 Cic.
1711 2232 1831 2271 Tusc.

963 2292 1007 2330 V.
1035 2295 1077 2331 5:
1113 2292 1177 2329 ubi
1217 2304 1265 2329 ex
1302 2295 1382 2329 toto
1421 2291 1698 2328 sententiarum
1730 2303 1833 2328 nexu

960 2361 1125 2398 quocum
1153 2346 1440 2399 expostuletur,
1467 2346 1701 2398 intelligitur.
1732 2346 1833 2384 Hinc

961 2417 1226 2449 commoveor.
1252 2408 1293 2442 ut
1307 2405 1364 2442 (ul
1379 2404 1495 2443 illam
1509 2417 1593 2442 cum
1609 2403 1832 2455 respe'ciens

959 2460 1156 2512 copulem,
1189 2461 1294 2511 quod
1319 2464 1524 2512 praeterea
1555 2473 1604 2497 ex
1631 2460 1716 2498 loco
1742 2460 1830 2509 ipso

956 2521 1136 2568 apparet,
1161 2531 1326 2568 quacinn
1352 2516 1544 2568 Apuleius
1569 2516 1741 2554 iniuriam
1767 2527 1831 2553 ex-

957 2574 1244 2626 postulaverit]

1015 2631 1270 2682 suppetliiffal.
1319 2629 1474 2667 Passim
1503 2630 1601 2667 enim
1635 2627 1829 2680 suppedi-

959 2693 1046 2726 tare
1082 2686 1308 2724 neutraliter
1345 2690 1453 2723 extat
1495 2699 1563 2737 pro
1594 2689 1830 2737 suppetere.

960 2742 1025 2794 [cf.
1053 2742 1150 2782 Met.
1177 2742 1262 2780 vll.
1288 2755 1325 2793 p.
1352 2746 1446 2782 448.
1472 2742 1600 2780 eidem
1633 2741 1828 2793 suppedi-

959 2804 1060 2838 tasse
1084 2803 1123 2837 et
1148 2798 1344 2837 Stewech.
1376 2798 1423 2836 ad
1450 2797 1548 2837 Met.
1574 2796 1644 2836 Xl.
1675 2810 1713 2848 p.
1735 2800 1828 2838 792.

959 2855 1099 2894 Graev.
1126 2856 1176 2894 ad
1203 2854 1470 2893 (neven-nv.
1493 2858 1556 2894 38.
1582 2853 1650 2892 Dr.
1673 2853 1722 2893 ad
1741 2852 1827 2892 Liv.

955 2910 1058 2949 YIH.
1088 2916 1149 2952 13.
1181 2911 1211 2961 ᾧ.
1242 2915 1303 2951 16.
1338 2910 1425 2948 lntt.
1453 2910 1501 2949 ad
1528 2909 1606 2948 Cic.
1634 2909 1752 2948 Tusc.
1777 2909 1827 2949 V.

956 2971 1024 3007 37.
1060 2967 1105 3007 T.
1143 2967 1206 3006 Ill.
1245 2982 1280 3018 p.
1320 2971 1412 3007 234.
1450 2966 1555 3005 Mos.
1586 2965 1748 3005 Wakef.
1779 2966 1829 3005 ad

956 3023 1110 3063 Lueret.
1135 3024 1161 3062 Ι.
1189 3024 1306 3076 548]

1013 3080 1146 3119 eoet‘be's
1170 3081 1336 3119 asinum.
1369 3078 1486 3125 Quod
1508 3078 1725 3117 Scriverius
1751 3079 1828 3117 edi-

958 3135 1013 3175 dit
1037 3150 1161 3177 eoeues
1186 3150 1208 3174 e
1234 3136 1319 3176 cod.
1334 3150 1393 3187 φ,
1420 3149 1490 3187 per
1506 3135 1730 3176 latinitatem
1744 3148 1829 3186 pro-
