<?xml version="1.0" encoding="UTF-8"?>
<!DOCTYPE html PUBLIC "-//W3C//DTD XHTML 1.0 Transitional//EN"
    "http://www.w3.org/TR/xhtml1/DTD/xhtml1-transitional.dtd">
<html xmlns="http://www.w3.org/1999/xhtml" xml:lang="en" lang="en">
 <head>
  <title>
</title>
<meta http-equiv="Content-Type" content="text/html;charset=utf-8" />
  <meta name='ocr-system' content='tesseract 3.04.00' />
  <meta name='ocr-capabilities' content='ocr_page ocr_carea ocr_par ocr_line ocrx_word'/>
</head>
<body>
  <div class='ocr_page' id='page_1' title='image "./operaomnia01apuluoft/operaomnia01apuluoft_0630.png"; bbox 0 0 2221 3667; ppageno 0'>
   <div class='ocr_carea' id='block_1_1' title="bbox 329 167 413 209">
    <p class='ocr_par' dir='ltr' id='par_1_1' title="bbox 329 167 413 209">
     <span class='ocr_line' id='line_1_1' title="bbox 329 167 413 209; baseline 0.012 -1"><span class='ocrx_word' id='word_1_1' title='bbox 329 167 413 209; x_wconf 80' lang='lat'>450</span> 
     </span>
    </p>
   </div>
   <div class='ocr_carea' id='block_1_2' title="bbox 865 379 1202 430">
    <p class='ocr_par' dir='ltr' id='par_1_2' title="bbox 865 379 1202 430">
     <span class='ocr_line' id='line_1_2' title="bbox 865 379 1202 430; baseline -0.015 0"><span class='ocrx_word' id='word_1_2' title='bbox 865 379 1202 430; x_wconf 86' lang='lat' dir='ltr'><strong>CAPU</strong></span> 
     </span>
    </p>
   </div>
   <div class='ocr_carea' id='block_1_3' title="bbox 585 161 1874 207">
    <p class='ocr_par' dir='ltr' id='par_1_3' title="bbox 585 161 1874 207">
     <span class='ocr_line' id='line_1_3' title="bbox 585 161 1874 207; baseline -0.005 -1"><span class='ocrx_word' id='word_1_3' title='bbox 585 166 629 206; x_wconf 79' lang='lat' dir='ltr'><strong>L.</strong></span> <span class='ocrx_word' id='word_1_4' title='bbox 663 166 878 207; x_wconf 85' lang='lat' dir='ltr'><strong>APULEII</strong></span> <span class='ocrx_word' id='word_1_5' title='bbox 907 163 1304 206; x_wconf 83' lang='lat' dir='ltr'><strong>MADAURENSIS</strong></span> <span class='ocrx_word' id='word_1_6' title='bbox 1333 161 1874 203; x_wconf 72' lang='lat' dir='ltr'><strong>METAMORPHOSEON</strong></span> 
     </span>
    </p>
   </div>
   <div class='ocr_carea' id='block_1_4' title="bbox 1260 379 1591 427">
    <p class='ocr_par' dir='ltr' id='par_1_4' title="bbox 1260 379 1591 427">
     <span class='ocr_line' id='line_1_4' title="bbox 1260 379 1591 427; baseline 0.003 -1"><span class='ocrx_word' id='word_1_7' title='bbox 1260 379 1303 426; x_wconf 91' lang='lat' dir='ltr'>T</span> <span class='ocrx_word' id='word_1_8' title='bbox 1395 380 1591 427; x_wconf 89' lang='lat' dir='ltr'><strong>XVII.</strong></span> 
     </span>
    </p>
   </div>
   <div class='ocr_carea' id='block_1_5' title="bbox 334 507 2129 681">
    <p class='ocr_par' dir='ltr' id='par_1_5' title="bbox 334 507 2129 681">
     <span class='ocr_line' id='line_1_5' title="bbox 444 507 2125 571; baseline -0.005 -16"><span class='ocrx_word' id='word_1_9' title='bbox 444 514 558 555; x_wconf 81' lang='lat' dir='ltr'>Tune</span> <span class='ocrx_word' id='word_1_10' title='bbox 577 514 731 571; x_wconf 76' lang='lat' dir='ltr'>Psyche</span> <span class='ocrx_word' id='word_1_11' title='bbox 751 514 813 554; x_wconf 84' lang='lat' dir='ltr'>vel</span> <span class='ocrx_word' id='word_1_12' title='bbox 833 512 1003 552; x_wconf 78' lang='lat' dir='ltr'>maxime</span> <span class='ocrx_word' id='word_1_13' title='bbox 1024 512 1149 551; x_wconf 89' lang='lat' dir='ltr'>sensit</span> <span class='ocrx_word' id='word_1_14' title='bbox 1176 511 1329 552; x_wconf 86' lang='lat' dir='ltr'>ultimas</span> <span class='ocrx_word' id='word_1_15' title='bbox 1352 512 1530 552; x_wconf 75' lang='lat' dir='ltr'>fortunas</span> <span class='ocrx_word' id='word_1_16' title='bbox 1550 525 1658 562; x_wconf 78' lang='lat' dir='ltr'>suas,</span> <span class='ocrx_word' id='word_1_17' title='bbox 1681 518 1720 551; x_wconf 91' lang='lat' dir='ltr'>et</span> <span class='ocrx_word' id='word_1_18' title='bbox 1738 510 1959 551; x_wconf 82' lang='lat' dir='ltr'>velamento</span> <span class='ocrx_word' id='word_1_19' title='bbox 1979 507 2125 548; x_wconf 78' lang='lat' dir='ltr'>reiecto</span> 
     </span>
     <span class='ocr_line' id='line_1_6' title="bbox 334 563 2126 625; baseline -0.004 -16"><span class='ocrx_word' id='word_1_20' title='bbox 334 571 382 610; x_wconf 83' lang='lat' dir='ltr'>ad</span> <span class='ocrx_word' id='word_1_21' title='bbox 419 579 636 625; x_wconf 89' lang='lat' dir='ltr'>promptum</span> <span class='ocrx_word' id='word_1_22' title='bbox 674 570 838 611; x_wconf 82' lang='lat' dir='ltr'>exitium</span> <span class='ocrx_word' id='word_1_23' title='bbox 875 581 963 608; x_wconf 89' lang='lat' dir='ltr'>sese</span> <span class='ocrx_word' id='word_1_24' title='bbox 1001 568 1178 621; x_wconf 82' lang='lat' dir='ltr'>compelli</span> <span class='ocrx_word' id='word_1_25' title='bbox 1203 568 1412 608; x_wconf 77' lang='lat' dir='ltr'>manifeste</span> <span class='ocrx_word' id='word_1_26' title='bbox 1448 568 1650 621; x_wconf 69' lang='lat' dir='ltr'>comperit.</span> <span class='ocrx_word' id='word_1_27' title='bbox 1703 567 1872 620; x_wconf 81' lang='lat' dir='ltr'>Quidni?</span> <span class='ocrx_word' id='word_1_28' title='bbox 1910 578 2008 618; x_wconf 87' lang='lat' dir='ltr'>quae</span> <span class='ocrx_word' id='word_1_29' title='bbox 2045 563 2126 604; x_wconf 88' lang='lat' dir='ltr'>suis</span> 
     </span>
     <span class='ocr_line' id='line_1_7' title="bbox 334 620 2129 681; baseline -0.004 -13"><span class='ocrx_word' id='word_1_30' title='bbox 334 627 492 681; x_wconf 84' lang='lat' dir='ltr'>pedibus</span> <span class='ocrx_word' id='word_1_31' title='bbox 520 628 621 668; x_wconf 88' lang='lat' dir='ltr'>ultro</span> <span class='ocrx_word' id='word_1_32' title='bbox 643 628 689 667; x_wconf 91' lang='lat' dir='ltr'>ad</span> <span class='ocrx_word' id='word_1_33' title='bbox 709 626 921 666; x_wconf 78' lang='lat' dir='ltr'>Tartarum</span> <span class='ocrx_word' id='word_1_34' title='bbox 941 622 1161 677; x_wconf 83' lang='lat' dir='ltr'><strong>Manesque</strong></span> <span class='ocrx_word' id='word_1_35' title='bbox 1188 638 1406 664; x_wconf 84' lang='lat' dir='ltr'>commeare</span> <span class='ocrx_word' id='word_1_36' title='bbox 1433 631 1657 678; x_wconf 76' lang='lat' dir='ltr'>cogeretur.</span> <span class='ocrx_word' id='word_1_37' title='bbox 1689 622 1775 664; x_wconf 77' lang='lat' dir='ltr'>Nee</span> <span class='ocrx_word' id='word_1_38' title='bbox 1801 629 1960 662; x_wconf 83' lang='lat' dir='ltr'>contata</span> <span class='ocrx_word' id='word_1_39' title='bbox 1985 620 2129 660; x_wconf 84' lang='lat' dir='ltr'>diutius</span> 
     </span>
    </p>
   </div>
   <div class='ocr_carea' id='block_1_6' title="bbox 425 750 1064 792">
    <p class='ocr_par' dir='ltr' id='par_1_6' title="bbox 425 750 1064 792">
     <span class='ocr_line' id='line_1_8' title="bbox 425 750 1064 792; baseline -0.005 -9"><span class='ocrx_word' id='word_1_40' title='bbox 425 755 550 792; x_wconf 56' lang='lat' dir='ltr'>expelli</span> <span class='ocrx_word' id='word_1_41' title='bbox 563 763 617 790; x_wconf 85' lang='lat' dir='ltr'>pro</span> <span class='ocrx_word' id='word_1_42' title='bbox 629 752 755 790; x_wconf 71' lang='lat' dir='ltr'>impelli</span> <span class='ocrx_word' id='word_1_43' title='bbox 766 754 801 781; x_wconf 90' lang='lat' dir='ltr'><strong>B.</strong></span> <span class='ocrx_word' id='word_1_44' title='bbox 852 750 933 789; x_wconf 72' lang='lat' dir='ltr'>quid</span> <span class='ocrx_word' id='word_1_45' title='bbox 946 754 1013 779; x_wconf 81' lang='lat' dir='ltr'>lum</span> <span class='ocrx_word' id='word_1_46' title='bbox 1028 759 1064 781; x_wconf 85' lang='grc' dir='ltr'>π.</span> 
     </span>
    </p>
   </div>
   <div class='ocr_carea' id='block_1_7' title="bbox 1116 754 1344 781">
    <p class='ocr_par' dir='ltr' id='par_1_7' title="bbox 1116 754 1344 781">
     <span class='ocr_line' id='line_1_9' title="bbox 1116 754 1344 781; baseline 0.009 -2"><span class='ocrx_word' id='word_1_47' title='bbox 1116 754 1291 780; x_wconf 76' lang='lat' dir='ltr'>carcaram</span> <span class='ocrx_word' id='word_1_48' title='bbox 1306 754 1344 781; x_wconf 92' lang='lat' dir='ltr'>D.</span> 
     </span>
    </p>
   </div>
   <div class='ocr_carea' id='block_1_8' title="bbox 1392 750 2130 790">
    <p class='ocr_par' dir='ltr' id='par_1_8' title="bbox 1392 750 2130 790">
     <span class='ocr_line' id='line_1_10' title="bbox 1392 750 2130 790; baseline -0.003 -12"><span class='ocrx_word' id='word_1_49' title='bbox 1392 759 1570 790; x_wconf 71' lang='lat' dir='ltr'>maresque</span> <span class='ocrx_word' id='word_1_50' title='bbox 1586 750 1624 780; x_wconf 89' lang='lat' dir='ltr'>D.</span> <span class='ocrx_word' id='word_1_51' title='bbox 1673 758 1858 779; x_wconf 65' lang='lat' dir='ltr'>cumulem-e</span> <span class='ocrx_word' id='word_1_52' title='bbox 1878 751 1912 779; x_wconf 77' lang='lat' dir='ltr'><strong>F.</strong></span> <span class='ocrx_word' id='word_1_53' title='bbox 1933 752 1962 779; x_wconf 84' lang='lat'><strong>3.</strong></span> <span class='ocrx_word' id='word_1_54' title='bbox 1983 751 2019 778; x_wconf 77' lang='lat' dir='ltr'><strong>G.</strong></span> <span class='ocrx_word' id='word_1_55' title='bbox 2040 750 2078 777; x_wconf 83' lang='grc' dir='ltr'>Ι).</span> <span class='ocrx_word' id='word_1_56' title='bbox 2093 755 2130 777; x_wconf 82' lang='grc' dir='ltr'>π.</span> 
     </span>
    </p>
   </div>
   <div class='ocr_carea' id='block_1_9' title="bbox 333 793 2133 831">
    <p class='ocr_par' dir='ltr' id='par_1_9' title="bbox 333 793 2133 831">
     <span class='ocr_line' id='line_1_11' title="bbox 333 793 2133 831; baseline -0.004 -2"><span class='ocrx_word' id='word_1_57' title='bbox 333 802 369 829; x_wconf 82' lang='lat' dir='ltr'>In</span> <span class='ocrx_word' id='word_1_58' title='bbox 383 805 454 829; x_wconf 79' lang='lat' dir='ltr'>cett.</span> <span class='ocrx_word' id='word_1_59' title='bbox 469 801 560 829; x_wconf 75' lang='lat' dir='ltr'>libris</span> <span class='ocrx_word' id='word_1_60' title='bbox 577 804 604 827; x_wconf 79' lang='lat' dir='ltr'>et</span> <span class='ocrx_word' id='word_1_61' title='bbox 619 800 688 827; x_wconf 74' lang='lat' dir='ltr'>edit.</span> <span class='ocrx_word' id='word_1_62' title='bbox 702 802 779 826; x_wconf 80' lang='lat' dir='ltr'>vett.</span> <span class='ocrx_word' id='word_1_63' title='bbox 793 801 843 826; x_wconf 82' lang='lat' dir='ltr'>est</span> <span class='ocrx_word' id='word_1_64' title='bbox 855 796 1020 826; x_wconf 79' lang='lat' dir='ltr'>demeare.</span> <span class='ocrx_word' id='word_1_65' title='bbox 1044 798 1154 826; x_wconf 81' lang='lat' dir='ltr'>Etiam</span> <span class='ocrx_word' id='word_1_66' title='bbox 1167 797 1264 826; x_wconf 86' lang='lat' dir='ltr'>Oretl.</span> <span class='ocrx_word' id='word_1_67' title='bbox 1279 799 1374 827; x_wconf 81' lang='lat' dir='ltr'>habet</span> <span class='ocrx_word' id='word_1_68' title='bbox 1397 795 1552 825; x_wconf 70' lang='lat' dir='ltr'>Canem-a</span> <span class='ocrx_word' id='word_1_69' title='bbox 1566 798 1648 826; x_wconf 85' lang='lat' dir='ltr'>Elm.</span> <span class='ocrx_word' id='word_1_70' title='bbox 1663 797 1782 825; x_wconf 79' lang='lat' dir='ltr'>vitiose</span> <span class='ocrx_word' id='word_1_71' title='bbox 1796 803 1850 831; x_wconf 81' lang='lat' dir='ltr'>pro</span> <span class='ocrx_word' id='word_1_72' title='bbox 1864 798 2017 824; x_wconf 73' lang='lat' dir='ltr'>cantata.</span> <span class='ocrx_word' id='word_1_73' title='bbox 2045 793 2133 821; x_wconf 84' lang='lat' dir='ltr'>Cou-</span> 
     </span>
    </p>
   </div>
   <div class='ocr_carea' id='block_1_10' title="bbox 334 846 607 875">
    <p class='ocr_par' dir='ltr' id='par_1_10' title="bbox 334 846 607 875">
     <span class='ocr_line' id='line_1_12' title="bbox 334 846 607 875; baseline -0.004 -2"><span class='ocrx_word' id='word_1_74' title='bbox 334 848 433 873; x_wconf 69' lang='lat' dir='ltr'>crata</span> <span class='ocrx_word' id='word_1_75' title='bbox 446 847 559 875; x_wconf 78' lang='lat' dir='ltr'>Venet.</span> <span class='ocrx_word' id='word_1_76' title='bbox 579 846 607 872; x_wconf 78' lang='lat'><strong>2.</strong></span> 
     </span>
    </p>
   </div>
   <div class='ocr_carea' id='block_1_11' title="bbox 333 950 1229 3201">
    <p class='ocr_par' dir='ltr' id='par_1_11' title="bbox 333 950 1209 1398">
     <span class='ocr_line' id='line_1_13' title="bbox 333 950 1204 1008; baseline -0.005 -15"><span class='ocrx_word' id='word_1_77' title='bbox 333 960 453 1008; x_wconf 79' lang='lat' dir='ltr'>farre</span> <span class='ocrx_word' id='word_1_78' title='bbox 560 954 773 1005; x_wconf 72' lang='lat' dir='ltr'>piymento</span> <span class='ocrx_word' id='word_1_79' title='bbox 799 953 948 991; x_wconf 70' lang='lat' dir='ltr'>cleliti</span> <span class='ocrx_word' id='word_1_80' title='bbox 972 955 1011 990; x_wconf 87' lang='lat' dir='ltr'>et</span> <span class='ocrx_word' id='word_1_81' title='bbox 1026 951 1129 990; x_wconf 83' lang='lat' dir='ltr'>Cels.</span> <span class='ocrx_word' id='word_1_82' title='bbox 1143 950 1204 990; x_wconf 83' lang='grc' dir='ltr'>ΠΙ.</span> 
     </span>
     <span class='ocr_line' id='line_1_14' title="bbox 340 1009 1206 1062; baseline -0.008 -10"><span class='ocrx_word' id='word_1_83' title='bbox 340 1016 403 1052; x_wconf 85' lang='lat'><strong>19.</strong></span> <span class='ocrx_word' id='word_1_84' title='bbox 434 1009 728 1049; x_wconf 77' lang='lat' dir='ltr'>delinendus</span> <span class='ocrx_word' id='word_1_85' title='bbox 757 1009 875 1047; x_wconf 82' lang='lat' dir='ltr'>Immo</span> <span class='ocrx_word' id='word_1_86' title='bbox 908 1013 964 1047; x_wconf 84' lang='lat' dir='ltr'>est</span> <span class='ocrx_word' id='word_1_87' title='bbox 989 1010 1050 1048; x_wconf 74' lang='lat' dir='ltr'>vel</span> <span class='ocrx_word' id='word_1_88' title='bbox 1070 1022 1206 1062; x_wconf 64' lang='lat' dir='ltr'>{sypso</span> 
     </span>
     <span class='ocr_line' id='line_1_15' title="bbox 339 1064 1207 1117; baseline -0.006 -11"><span class='ocrx_word' id='word_1_89' title='bbox 339 1068 400 1107; x_wconf 69' lang='lat' dir='ltr'>vel</span> <span class='ocrx_word' id='word_1_90' title='bbox 433 1081 456 1105; x_wconf 88' lang='lat' dir='ltr'>a</span> <span class='ocrx_word' id='word_1_91' title='bbox 472 1080 535 1117; x_wconf 51' lang='grc' dir='ltr'>νζ]</span> <span class='ocrx_word' id='word_1_92' title='bbox 553 1067 668 1104; x_wconf 73' lang='lat' dir='ltr'>enti</span> <span class='ocrx_word' id='word_1_93' title='bbox 705 1079 865 1116; x_wconf 76' lang='lat' dir='ltr'>spuma,</span> <span class='ocrx_word' id='word_1_94' title='bbox 909 1065 974 1102; x_wconf 88' lang='lat' dir='ltr'>ubi</span> <span class='ocrx_word' id='word_1_95' title='bbox 1010 1064 1207 1115; x_wconf 77' lang='lat' dir='ltr'>unguendi</span> 
     </span>
     <span class='ocr_line' id='line_1_16' title="bbox 335 1121 1208 1173; baseline -0.003 -12"><span class='ocrx_word' id='word_1_96' title='bbox 335 1122 651 1173; x_wconf 72' lang='lat' dir='ltr'>significationem</span> <span class='ocrx_word' id='word_1_97' title='bbox 675 1121 821 1159; x_wconf 87' lang='lat' dir='ltr'>babere</span> <span class='ocrx_word' id='word_1_98' title='bbox 845 1125 1023 1172; x_wconf 86' lang='lat' dir='ltr'>apparet,</span> <span class='ocrx_word' id='word_1_99' title='bbox 1049 1125 1090 1159; x_wconf 89' lang='lat' dir='ltr'>ut</span> <span class='ocrx_word' id='word_1_100' title='bbox 1121 1121 1208 1159; x_wconf 85' lang='lat' dir='ltr'>binc</span> 
     </span>
     <span class='ocr_line' id='line_1_17' title="bbox 336 1178 1209 1227; baseline -0.002 -10"><span class='ocrx_word' id='word_1_101' title='bbox 336 1180 538 1221; x_wconf 77' lang='lat' dir='ltr'>efficiatur,</span> <span class='ocrx_word' id='word_1_102' title='bbox 588 1178 763 1227; x_wconf 72' lang='lat' dir='ltr'>glossam</span> <span class='ocrx_word' id='word_1_103' title='bbox 804 1178 1070 1215; x_wconf 87' lang='lat' dir='ltr'>tantummodo</span> <span class='ocrx_word' id='word_1_104' title='bbox 1115 1190 1209 1215; x_wconf 86' lang='lat' dir='ltr'>esse</span> 
     </span>
     <span class='ocr_line' id='line_1_18' title="bbox 337 1233 1208 1279; baseline -0.001 -6"><span class='ocrx_word' id='word_1_105' title='bbox 337 1249 472 1273; x_wconf 86' lang='lat' dir='ltr'>vocem</span> <span class='ocrx_word' id='word_1_106' title='bbox 498 1235 718 1274; x_wconf 70' lang='lat' dir='ltr'>delibatam</span> <span class='ocrx_word' id='word_1_107' title='bbox 742 1235 895 1272; x_wconf 84' lang='lat' dir='ltr'>rarioris</span> <span class='ocrx_word' id='word_1_108' title='bbox 921 1233 1114 1279; x_wconf 83' lang='lat' dir='ltr'>vocabuli,</span> <span class='ocrx_word' id='word_1_109' title='bbox 1143 1234 1208 1272; x_wconf 75' lang='lat' dir='ltr'>cle-</span> 
     </span>
     <span class='ocr_line' id='line_1_19' title="bbox 340 1290 1209 1341; baseline -0.005 -10"><span class='ocrx_word' id='word_1_110' title='bbox 340 1293 467 1336; x_wconf 76' lang='lat' dir='ltr'>litam,</span> <span class='ocrx_word' id='word_1_111' title='bbox 500 1291 604 1341; x_wconf 86' lang='lat' dir='ltr'>quod</span> <span class='ocrx_word' id='word_1_112' title='bbox 634 1290 709 1328; x_wconf 85' lang='lat' dir='ltr'>hac</span> <span class='ocrx_word' id='word_1_113' title='bbox 742 1290 897 1340; x_wconf 83' lang='lat' dir='ltr'>quidem</span> <span class='ocrx_word' id='word_1_114' title='bbox 927 1291 1209 1341; x_wconf 81' lang='lat' dir='ltr'>significatione</span> 
     </span>
     <span class='ocr_line' id='line_1_20' title="bbox 337 1346 1207 1398; baseline -0.005 -11"><span class='ocrx_word' id='word_1_115' title='bbox 337 1351 372 1387; x_wconf 93' lang='lat' dir='ltr'>in</span> <span class='ocrx_word' id='word_1_116' title='bbox 398 1348 459 1386; x_wconf 86' lang='lat' dir='ltr'>bis</span> <span class='ocrx_word' id='word_1_117' title='bbox 483 1348 605 1385; x_wconf 79' lang='lat' dir='ltr'>tribus</span> <span class='ocrx_word' id='word_1_118' title='bbox 632 1347 728 1385; x_wconf 91' lang='lat' dir='ltr'>locis</span> <span class='ocrx_word' id='word_1_119' title='bbox 755 1346 829 1398; x_wconf 78' lang='lat' dir='ltr'>legi</span> <span class='ocrx_word' id='word_1_120' title='bbox 868 1351 1027 1384; x_wconf 82' lang='lat' dir='ltr'>monent</span> <span class='ocrx_word' id='word_1_121' title='bbox 1053 1346 1207 1397; x_wconf 71' lang='lat' dir='ltr'>lexica]</span> 
     </span>
    </p>

    <p class='ocr_par' dir='ltr' id='par_1_12' title="bbox 338 1402 1224 2582">
     <span class='ocr_line' id='line_1_21' title="bbox 396 1402 1212 1454; baseline -0.004 -12"><span class='ocrx_word' id='word_1_122' title='bbox 396 1402 618 1442; x_wconf 57' lang='lat' dir='ltr'>Ciaxx&#39;lt.</span> <span class='ocrx_word' id='word_1_123' title='bbox 634 1405 716 1442; x_wconf 81' lang='lat' dir='ltr'>sais</span> <span class='ocrx_word' id='word_1_124' title='bbox 727 1403 902 1454; x_wconf 79' lang='lat' dir='ltr'>pedibas</span> <span class='ocrx_word' id='word_1_125' title='bbox 916 1403 1036 1442; x_wconf 76' lang='lat' dir='ltr'>ultro.</span> <span class='ocrx_word' id='word_1_126' title='bbox 1054 1402 1212 1454; x_wconf 81' lang='lat' dir='ltr'>[Mirum</span> 
     </span>
     <span class='ocr_line' id='line_1_22' title="bbox 339 1459 1211 1511; baseline -0.005 -12"><span class='ocrx_word' id='word_1_127' title='bbox 339 1465 412 1506; x_wconf 88' lang='lat' dir='ltr'>est,</span> <span class='ocrx_word' id='word_1_128' title='bbox 439 1459 632 1511; x_wconf 86' lang='lat' dir='ltr'>quomodo</span> <span class='ocrx_word' id='word_1_129' title='bbox 647 1460 877 1509; x_wconf 79' lang='lat' dir='ltr'>interpretes</span> <span class='ocrx_word' id='word_1_130' title='bbox 891 1459 925 1496; x_wconf 89' lang='lat' dir='ltr'>in</span> <span class='ocrx_word' id='word_1_131' title='bbox 941 1459 1016 1497; x_wconf 88' lang='lat' dir='ltr'>hoc</span> <span class='ocrx_word' id='word_1_132' title='bbox 1028 1459 1211 1496; x_wconf 77' lang='lat' dir='ltr'>adverbio</span> 
     </span>
     <span class='ocr_line' id='line_1_23' title="bbox 338 1515 1212 1565; baseline -0.006 -8"><span class='ocrx_word' id='word_1_133' title='bbox 338 1518 530 1557; x_wconf 63' lang='lat' dir='ltr'>ulti-onon</span> <span class='ocrx_word' id='word_1_134' title='bbox 547 1515 881 1559; x_wconf 82' lang='lat' dir='ltr'>offenderint,cum</span> <span class='ocrx_word' id='word_1_135' title='bbox 896 1529 969 1553; x_wconf 89' lang='lat' dir='ltr'>non</span> <span class='ocrx_word' id='word_1_136' title='bbox 984 1529 1058 1553; x_wconf 85' lang='lat' dir='ltr'>sna</span> <span class='ocrx_word' id='word_1_137' title='bbox 1069 1519 1212 1565; x_wconf 86' lang='lat' dir='ltr'>sponte</span> 
     </span>
     <span class='ocr_line' id='line_1_24' title="bbox 339 1570 1211 1622; baseline -0.005 -10"><span class='ocrx_word' id='word_1_138' title='bbox 339 1574 412 1612; x_wconf 86' lang='lat' dir='ltr'>sed</span> <span class='ocrx_word' id='word_1_139' title='bbox 439 1576 574 1611; x_wconf 84' lang='lat' dir='ltr'>coacta</span> <span class='ocrx_word' id='word_1_140' title='bbox 597 1572 644 1611; x_wconf 80' lang='lat' dir='ltr'>ad</span> <span class='ocrx_word' id='word_1_141' title='bbox 667 1571 810 1609; x_wconf 77' lang='lat' dir='ltr'>Manes</span> <span class='ocrx_word' id='word_1_142' title='bbox 832 1570 994 1622; x_wconf 74' lang='lat' dir='ltr'>Psyche</span> <span class='ocrx_word' id='word_1_143' title='bbox 1020 1575 1211 1622; x_wconf 70' lang='lat' dir='ltr'>pergeret.</span> 
     </span>
     <span class='ocr_line' id='line_1_25' title="bbox 339 1627 1210 1680; baseline -0.005 -12"><span class='ocrx_word' id='word_1_144' title='bbox 339 1629 500 1680; x_wconf 83' lang='lat' dir='ltr'><strong>Duplex</strong></span> <span class='ocrx_word' id='word_1_145' title='bbox 536 1632 598 1666; x_wconf 84' lang='lat' dir='ltr'>est</span> <span class='ocrx_word' id='word_1_146' title='bbox 633 1627 852 1678; x_wconf 83' lang='lat' dir='ltr'>explicandi</span> <span class='ocrx_word' id='word_1_147' title='bbox 884 1629 998 1672; x_wconf 83' lang='lat' dir='ltr'>ratio,</span> <span class='ocrx_word' id='word_1_148' title='bbox 1036 1632 1077 1666; x_wconf 79' lang='lat' dir='ltr'>ut</span> <span class='ocrx_word' id='word_1_149' title='bbox 1101 1628 1210 1666; x_wconf 77' lang='lat' dir='ltr'>ultro</span> 
     </span>
     <span class='ocr_line' id='line_1_26' title="bbox 341 1684 1214 1738; baseline -0.003 -14"><span class='ocrx_word' id='word_1_150' title='bbox 341 1690 559 1738; x_wconf 71' lang='lat' dir='ltr'>noyeretar</span> <span class='ocrx_word' id='word_1_151' title='bbox 583 1698 651 1735; x_wconf 90' lang='lat' dir='ltr'>per</span> <span class='ocrx_word' id='word_1_152' title='bbox 677 1698 890 1735; x_wconf 84' lang='lat' dir='ltr'>oxymoron</span> <span class='ocrx_word' id='word_1_153' title='bbox 918 1684 1058 1722; x_wconf 83' lang='lat' dir='ltr'>(lictum</span> <span class='ocrx_word' id='word_1_154' title='bbox 1085 1685 1147 1727; x_wconf 79' lang='lat' dir='ltr'>sit,</span> <span class='ocrx_word' id='word_1_155' title='bbox 1173 1687 1214 1721; x_wconf 83' lang='lat' dir='ltr'>ut</span> 
     </span>
     <span class='ocr_line' id='line_1_27' title="bbox 340 1739 1213 1792; baseline -0.005 -11"><span class='ocrx_word' id='word_1_156' title='bbox 340 1742 437 1781; x_wconf 80' lang='lat' dir='ltr'>Met.</span> <span class='ocrx_word' id='word_1_157' title='bbox 467 1739 512 1781; x_wconf 89' lang='lat' dir='ltr'>V.</span> <span class='ocrx_word' id='word_1_158' title='bbox 538 1755 575 1792; x_wconf 93' lang='lat' dir='ltr'>p.</span> <span class='ocrx_word' id='word_1_159' title='bbox 602 1744 695 1781; x_wconf 83' lang='lat'><strong>356.</strong></span> <span class='ocrx_word' id='word_1_160' title='bbox 722 1745 760 1778; x_wconf 89' lang='lat' dir='ltr'>et</span> <span class='ocrx_word' id='word_1_161' title='bbox 786 1739 869 1778; x_wconf 65' lang='lat' dir='ltr'><strong>VH.</strong></span> <span class='ocrx_word' id='word_1_162' title='bbox 897 1753 932 1790; x_wconf 90' lang='lat' dir='ltr'>p.</span> <span class='ocrx_word' id='word_1_163' title='bbox 960 1744 1052 1781; x_wconf 77' lang='lat'><strong>462.</strong></span> <span class='ocrx_word' id='word_1_164' title='bbox 1087 1740 1213 1778; x_wconf 71' lang='lat' dir='ltr'>«licite</span> 
     </span>
     <span class='ocr_line' id='line_1_28' title="bbox 344 1796 1214 1847; baseline -0.003 -11"><span class='ocrx_word' id='word_1_165' title='bbox 344 1798 606 1841; x_wconf 76' lang='grc' dir='ltr'>εειιίιιηειιίο,</span> <span class='ocrx_word' id='word_1_166' title='bbox 631 1800 698 1834; x_wconf 88' lang='lat' dir='ltr'>aut</span> <span class='ocrx_word' id='word_1_167' title='bbox 722 1800 763 1834; x_wconf 91' lang='lat' dir='ltr'>ut</span> <span class='ocrx_word' id='word_1_168' title='bbox 788 1796 899 1835; x_wconf 72' lang='lat' dir='ltr'>altro</span> <span class='ocrx_word' id='word_1_169' title='bbox 926 1809 994 1846; x_wconf 90' lang='lat' dir='ltr'>pro</span> <span class='ocrx_word' id='word_1_170' title='bbox 1033 1798 1214 1847; x_wconf 73' lang='lat' dir='ltr'>insuper,</span> 
     </span>
     <span class='ocr_line' id='line_1_29' title="bbox 339 1851 1214 1906; baseline -0.003 -14"><span class='ocrx_word' id='word_1_171' title='bbox 339 1858 555 1906; x_wconf 76' lang='lat' dir='ltr'>praeterea</span> <span class='ocrx_word' id='word_1_172' title='bbox 570 1860 741 1890; x_wconf 80' lang='lat' dir='ltr'>sumatur</span> <span class='ocrx_word' id='word_1_173' title='bbox 755 1852 804 1889; x_wconf 86' lang='lat' dir='ltr'>de</span> <span class='ocrx_word' id='word_1_174' title='bbox 819 1851 996 1902; x_wconf 80' lang='lat' dir='ltr'>Psyche,</span> <span class='ocrx_word' id='word_1_175' title='bbox 1023 1865 1124 1903; x_wconf 84' lang='lat' dir='ltr'>quae</span> <span class='ocrx_word' id='word_1_176' title='bbox 1139 1866 1214 1890; x_wconf 85' lang='lat' dir='ltr'>non</span> 
     </span>
     <span class='ocr_line' id='line_1_30' title="bbox 343 1907 1217 1958; baseline -0.005 -10"><span class='ocrx_word' id='word_1_177' title='bbox 343 1911 469 1948; x_wconf 83' lang='lat' dir='ltr'>solnm</span> <span class='ocrx_word' id='word_1_178' title='bbox 484 1910 533 1947; x_wconf 81' lang='lat' dir='ltr'>ad</span> <span class='ocrx_word' id='word_1_179' title='bbox 548 1913 707 1947; x_wconf 84' lang='lat' dir='ltr'>mortem</span> <span class='ocrx_word' id='word_1_180' title='bbox 723 1909 888 1958; x_wconf 76' lang='lat' dir='ltr'>cogitur,</span> <span class='ocrx_word' id='word_1_181' title='bbox 916 1907 1119 1946; x_wconf 79' lang='lat' dir='ltr'>Tartarum</span> <span class='ocrx_word' id='word_1_182' title='bbox 1133 1908 1217 1946; x_wconf 85' lang='lat' dir='ltr'>adi-</span> 
     </span>
     <span class='ocr_line' id='line_1_31' title="bbox 343 1963 1219 2016; baseline -0.005 -11"><span class='ocrx_word' id='word_1_183' title='bbox 343 1972 501 2015; x_wconf 81' lang='lat' dir='ltr'>tura‚ex</span> <span class='ocrx_word' id='word_1_184' title='bbox 516 1979 591 2016; x_wconf 80' lang='lat' dir='ltr'>quo</span> <span class='ocrx_word' id='word_1_185' title='bbox 607 1965 736 2003; x_wconf 90' lang='lat' dir='ltr'>nullus</span> <span class='ocrx_word' id='word_1_186' title='bbox 752 1964 896 2002; x_wconf 82' lang='lat' dir='ltr'>homini</span> <span class='ocrx_word' id='word_1_187' title='bbox 909 1963 1060 2003; x_wconf 84' lang='lat' dir='ltr'>reditus</span> <span class='ocrx_word' id='word_1_188' title='bbox 1075 1968 1219 2015; x_wconf 83' lang='lat' dir='ltr'>pateat,</span> 
     </span>
     <span class='ocr_line' id='line_1_32' title="bbox 343 2020 1219 2072; baseline -0.006 -10"><span class='ocrx_word' id='word_1_189' title='bbox 343 2023 417 2062; x_wconf 81' lang='lat' dir='ltr'>sed</span> <span class='ocrx_word' id='word_1_190' title='bbox 448 2024 561 2060; x_wconf 88' lang='lat' dir='ltr'>etiam</span> <span class='ocrx_word' id='word_1_191' title='bbox 592 2023 676 2060; x_wconf 87' lang='lat' dir='ltr'>suis</span> <span class='ocrx_word' id='word_1_192' title='bbox 706 2021 831 2072; x_wconf 86' lang='lat' dir='ltr'>ipsius</span> <span class='ocrx_word' id='word_1_193' title='bbox 862 2020 1030 2072; x_wconf 86' lang='lat' dir='ltr'>pedibus</span> <span class='ocrx_word' id='word_1_194' title='bbox 1055 2024 1219 2058; x_wconf 88' lang='lat' dir='ltr'>mortem</span> 
     </span>
     <span class='ocr_line' id='line_1_33' title="bbox 346 2076 1220 2131; baseline -0.006 -12"><span class='ocrx_word' id='word_1_195' title='bbox 346 2080 585 2131; x_wconf 83' lang='lat' dir='ltr'>quaesitura,</span> <span class='ocrx_word' id='word_1_196' title='bbox 612 2091 726 2130; x_wconf 84' lang='lat' dir='ltr'>quam</span> <span class='ocrx_word' id='word_1_197' title='bbox 752 2081 993 2128; x_wconf 81' lang='lat' dir='ltr'>aspernatur.</span> <span class='ocrx_word' id='word_1_198' title='bbox 1020 2076 1078 2115; x_wconf 82' lang='lat' dir='ltr'><strong>Cf.</strong></span> <span class='ocrx_word' id='word_1_199' title='bbox 1101 2077 1150 2114; x_wconf 86' lang='lat' dir='ltr'>de</span> <span class='ocrx_word' id='word_1_200' title='bbox 1172 2077 1220 2114; x_wconf 86' lang='lat' dir='ltr'>si-</span> 
     </span>
     <span class='ocr_line' id='line_1_34' title="bbox 347 2132 1220 2187; baseline -0.003 -13"><span class='ocrx_word' id='word_1_201' title='bbox 347 2132 1220 2187; x_wconf 75' lang='lat' dir='ltr'>guilicationehuiusadverbiiCort.adanan.</span> 
     </span>
     <span class='ocr_line' id='line_1_35' title="bbox 347 2189 1220 2241; baseline -0.003 -11"><span class='ocrx_word' id='word_1_202' title='bbox 347 2192 409 2231; x_wconf 90' lang='lat' dir='ltr'>lll.</span> <span class='ocrx_word' id='word_1_203' title='bbox 436 2196 529 2232; x_wconf 74' lang='lat'><strong>498.</strong></span> <span class='ocrx_word' id='word_1_204' title='bbox 554 2192 687 2230; x_wconf 77' lang='lat' dir='ltr'>ArntZ.</span> <span class='ocrx_word' id='word_1_205' title='bbox 713 2190 762 2228; x_wconf 87' lang='lat' dir='ltr'>ad</span> <span class='ocrx_word' id='word_1_206' title='bbox 788 2189 889 2228; x_wconf 86' lang='lat' dir='ltr'>Ptin.</span> <span class='ocrx_word' id='word_1_207' title='bbox 915 2189 1108 2241; x_wconf 74' lang='lat' dir='ltr'>Panegyr.</span> <span class='ocrx_word' id='word_1_208' title='bbox 1136 2204 1166 2228; x_wconf 88' lang='lat' dir='ltr'>c.</span> <span class='ocrx_word' id='word_1_209' title='bbox 1184 2193 1220 2229; x_wconf 91' lang='lat'><strong>6.</strong></span> 
     </span>
     <span class='ocr_line' id='line_1_36' title="bbox 347 2243 1222 2300; baseline -0.005 -12"><span class='ocrx_word' id='word_1_210' title='bbox 347 2249 377 2299; x_wconf 61' lang='grc' dir='ltr'>ξ.</span> <span class='ocrx_word' id='word_1_211' title='bbox 392 2254 428 2289; x_wconf 95' lang='lat'><strong>4.</strong></span> <span class='ocrx_word' id='word_1_212' title='bbox 444 2263 480 2300; x_wconf 89' lang='lat' dir='ltr'>p.</span> <span class='ocrx_word' id='word_1_213' title='bbox 497 2253 561 2288; x_wconf 87' lang='lat'>38.</span> <span class='ocrx_word' id='word_1_214' title='bbox 589 2248 730 2297; x_wconf 50' lang='lat' dir='ltr'>NVagn.</span> <span class='ocrx_word' id='word_1_215' title='bbox 748 2246 1029 2297; x_wconf 56' lang='lat' dir='ltr'>Qiiaest.x&#39;ii·g.</span> <span class='ocrx_word' id='word_1_216' title='bbox 1044 2243 1222 2284; x_wconf 83' lang='lat' dir='ltr'><strong>XXVII.</strong></span> 
     </span>
     <span class='ocr_line' id='line_1_37' title="bbox 352 2301 1223 2354; baseline -0.006 -10"><span class='ocrx_word' id='word_1_217' title='bbox 352 2311 387 2346; x_wconf 89' lang='grc'>1.</span> <span class='ocrx_word' id='word_1_218' title='bbox 414 2305 500 2343; x_wconf 87' lang='lat' dir='ltr'>lntt.</span> <span class='ocrx_word' id='word_1_219' title='bbox 527 2305 576 2343; x_wconf 87' lang='lat' dir='ltr'>ad</span> <span class='ocrx_word' id='word_1_220' title='bbox 600 2304 708 2354; x_wconf 69' lang='lat' dir='ltr'>Virg.</span> <span class='ocrx_word' id='word_1_221' title='bbox 735 2303 879 2353; x_wconf 82' lang='lat' dir='ltr'>Georg.</span> <span class='ocrx_word' id='word_1_222' title='bbox 905 2302 971 2342; x_wconf 84' lang='lat' dir='ltr'>lV.</span> <span class='ocrx_word' id='word_1_223' title='bbox 999 2307 1091 2343; x_wconf 78' lang='lat'><strong>204.</strong></span> <span class='ocrx_word' id='word_1_224' title='bbox 1120 2301 1223 2348; x_wconf 85' lang='lat' dir='ltr'>Quid</span> 
     </span>
     <span class='ocr_line' id='line_1_38' title="bbox 349 2360 1223 2400; baseline -0.003 0"><span class='ocrx_word' id='word_1_225' title='bbox 349 2376 441 2400; x_wconf 87' lang='lat' dir='ltr'>vero</span> <span class='ocrx_word' id='word_1_226' title='bbox 459 2361 613 2399; x_wconf 86' lang='lat' dir='ltr'>Rodius</span> <span class='ocrx_word' id='word_1_227' title='bbox 633 2361 707 2398; x_wconf 88' lang='lat' dir='ltr'>sibi</span> <span class='ocrx_word' id='word_1_228' title='bbox 732 2360 826 2397; x_wconf 85' lang='lat' dir='ltr'>velit</span> <span class='ocrx_word' id='word_1_229' title='bbox 845 2362 1018 2397; x_wconf 89' lang='lat' dir='ltr'>vertens:</span> <span class='ocrx_word' id='word_1_230' title='bbox 1046 2360 1121 2398; x_wconf 79' lang='lat' dir='ltr'>der</span> <span class='ocrx_word' id='word_1_231' title='bbox 1142 2360 1223 2398; x_wconf 76' lang='lat' dir='ltr'>Be-</span> 
     </span>
     <span class='ocr_line' id='line_1_39' title="bbox 345 2415 1224 2471; baseline -0.005 -14"><span class='ocrx_word' id='word_1_232' title='bbox 345 2419 438 2471; x_wconf 75' lang='lat' dir='ltr'>seltl</span> <span class='ocrx_word' id='word_1_233' title='bbox 461 2432 545 2456; x_wconf 79' lang='lat' dir='ltr'>zum</span> <span class='ocrx_word' id='word_1_234' title='bbox 564 2418 763 2456; x_wconf 78' lang='lat' dir='ltr'>Tartarus</span> <span class='ocrx_word' id='word_1_235' title='bbox 787 2431 835 2456; x_wconf 79' lang='lat' dir='ltr'>za</span> <span class='ocrx_word' id='word_1_236' title='bbox 854 2416 1052 2455; x_wconf 76' lang='lat' dir='ltr'>wamlern</span> <span class='ocrx_word' id='word_1_237' title='bbox 1072 2415 1159 2455; x_wconf 73' lang='lat' dir='ltr'>aad</span> <span class='ocrx_word' id='word_1_238' title='bbox 1176 2429 1224 2453; x_wconf 74' lang='lat' dir='ltr'>:a</span> 
     </span>
     <span class='ocr_line' id='line_1_40' title="bbox 349 2472 1223 2523; baseline -0.003 -10"><span class='ocrx_word' id='word_1_239' title='bbox 349 2476 430 2514; x_wconf 83' lang='lat' dir='ltr'>den</span> <span class='ocrx_word' id='word_1_240' title='bbox 445 2474 616 2518; x_wconf 77' lang='lat' dir='ltr'>Manen,</span> <span class='ocrx_word' id='word_1_241' title='bbox 641 2474 694 2512; x_wconf 76' lang='lat' dir='ltr'>ist</span> <span class='ocrx_word' id='word_1_242' title='bbox 716 2472 881 2512; x_wconf 56' lang='lat' dir='ltr'>&amp;berall</span> <span class='ocrx_word' id='word_1_243' title='bbox 896 2486 974 2511; x_wconf 77' lang='lat' dir='ltr'>nar</span> <span class='ocrx_word' id='word_1_244' title='bbox 997 2473 1223 2523; x_wconf 76' lang='lat' dir='ltr'>eimleutiy,</span> 
     </span>
     <span class='ocr_line' id='line_1_41' title="bbox 350 2529 656 2582; baseline -0.007 -13"><span class='ocrx_word' id='word_1_245' title='bbox 350 2546 425 2569; x_wconf 91' lang='lat' dir='ltr'>non</span> <span class='ocrx_word' id='word_1_246' title='bbox 452 2529 656 2582; x_wconf 66' lang='lat' dir='ltr'>intelligo]</span> 
     </span>
    </p>

    <p class='ocr_par' dir='ltr' id='par_1_13' title="bbox 352 2584 1226 2866">
     <span class='ocr_line' id='line_1_42' title="bbox 407 2584 1226 2639; baseline -0.007 -12"><span class='ocrx_word' id='word_1_247' title='bbox 407 2589 465 2627; x_wconf 76' lang='lat' dir='ltr'>ad</span> <span class='ocrx_word' id='word_1_248' title='bbox 490 2588 645 2626; x_wconf 82' lang='lat' dir='ltr'>Manes.</span> <span class='ocrx_word' id='word_1_249' title='bbox 690 2585 856 2639; x_wconf 71' lang='lat' dir='ltr'>[Ilffanes</span> <span class='ocrx_word' id='word_1_250' title='bbox 878 2585 942 2623; x_wconf 88' lang='lat' dir='ltr'>bic</span> <span class='ocrx_word' id='word_1_251' title='bbox 965 2599 1035 2636; x_wconf 90' lang='lat' dir='ltr'>pro</span> <span class='ocrx_word' id='word_1_252' title='bbox 1063 2584 1226 2623; x_wconf 86' lang='lat' dir='ltr'>Tartaro</span> 
     </span>
     <span class='ocr_line' id='line_1_43' title="bbox 353 2641 1225 2692; baseline -0.002 -11"><span class='ocrx_word' id='word_1_253' title='bbox 353 2644 402 2682; x_wconf 85' lang='lat' dir='ltr'>de</span> <span class='ocrx_word' id='word_1_254' title='bbox 423 2645 508 2683; x_wconf 92' lang='lat' dir='ltr'>loco</span> <span class='ocrx_word' id='word_1_255' title='bbox 531 2644 674 2681; x_wconf 82' lang='lat' dir='ltr'>(lictum</span> <span class='ocrx_word' id='word_1_256' title='bbox 696 2646 774 2688; x_wconf 85' lang='lat' dir='ltr'>est,</span> <span class='ocrx_word' id='word_1_257' title='bbox 801 2655 877 2692; x_wconf 90' lang='lat' dir='ltr'>quo</span> <span class='ocrx_word' id='word_1_258' title='bbox 898 2641 1042 2680; x_wconf 78' lang='lat' dir='ltr'>Manes</span> <span class='ocrx_word' id='word_1_259' title='bbox 1065 2642 1225 2691; x_wconf 91' lang='lat' dir='ltr'>compri-</span> 
     </span>
     <span class='ocr_line' id='line_1_44' title="bbox 352 2697 1225 2749; baseline -0.002 -10"><span class='ocrx_word' id='word_1_260' title='bbox 352 2705 513 2739; x_wconf 89' lang='lat' dir='ltr'>muntur.</span> <span class='ocrx_word' id='word_1_261' title='bbox 540 2699 587 2738; x_wconf 83' lang='lat' dir='ltr'>cf.</span> <span class='ocrx_word' id='word_1_262' title='bbox 614 2698 700 2737; x_wconf 87' lang='lat' dir='ltr'>lntt.</span> <span class='ocrx_word' id='word_1_263' title='bbox 726 2699 777 2737; x_wconf 88' lang='lat' dir='ltr'>ad</span> <span class='ocrx_word' id='word_1_264' title='bbox 803 2699 909 2749; x_wconf 80' lang='lat' dir='ltr'>Virg.</span> <span class='ocrx_word' id='word_1_265' title='bbox 925 2698 1026 2736; x_wconf 87' lang='lat' dir='ltr'>Aen.</span> <span class='ocrx_word' id='word_1_266' title='bbox 1042 2697 1109 2737; x_wconf 85' lang='lat' dir='ltr'><strong>IV.</strong></span> <span class='ocrx_word' id='word_1_267' title='bbox 1131 2701 1225 2737; x_wconf 89' lang='grc'><strong>387.</strong></span> 
     </span>
     <span class='ocr_line' id='line_1_45' title="bbox 354 2754 1226 2806; baseline -0.003 -10"><span class='ocrx_word' id='word_1_268' title='bbox 354 2762 394 2796; x_wconf 82' lang='lat' dir='ltr'>et</span> <span class='ocrx_word' id='word_1_269' title='bbox 421 2757 521 2796; x_wconf 77' lang='lat' dir='ltr'>lzaec</span> <span class='ocrx_word' id='word_1_270' title='bbox 553 2756 699 2795; x_wconf 76' lang='lat' dir='ltr'>Manes</span> <span class='ocrx_word' id='word_1_271' title='bbox 729 2756 859 2794; x_wconf 81' lang='lat' dir='ltr'>veniet</span> <span class='ocrx_word' id='word_1_272' title='bbox 882 2754 979 2793; x_wconf 83' lang='grc' dir='ltr'><em>ηιὶΙιί</em></span> <span class='ocrx_word' id='word_1_273' title='bbox 1001 2757 1116 2806; x_wconf 83' lang='lat' dir='ltr'>fama</span> <span class='ocrx_word' id='word_1_274' title='bbox 1155 2754 1226 2794; x_wconf 75' lang='lat' dir='ltr'>sub</span> 
     </span>
     <span class='ocr_line' id='line_1_46' title="bbox 355 2813 488 2866; baseline -0.008 -15"><span class='ocrx_word' id='word_1_275' title='bbox 355 2813 488 2866; x_wconf 67' lang='lat' dir='ltr'>imos]</span> 
     </span>
    </p>

    <p class='ocr_par' dir='ltr' id='par_1_14' title="bbox 357 2867 1229 3201">
     <span class='ocr_line' id='line_1_47' title="bbox 413 2867 1228 2921; baseline -0.001 -13"><span class='ocrx_word' id='word_1_276' title='bbox 413 2883 645 2909; x_wconf 80' lang='lat' dir='ltr'>commeare.</span> <span class='ocrx_word' id='word_1_277' title='bbox 693 2868 921 2921; x_wconf 82' lang='lat' dir='ltr'>[Demeare,</span> <span class='ocrx_word' id='word_1_278' title='bbox 948 2867 1052 2918; x_wconf 85' lang='lat' dir='ltr'>quod</span> <span class='ocrx_word' id='word_1_279' title='bbox 1076 2868 1111 2905; x_wconf 89' lang='lat' dir='ltr'>in</span> <span class='ocrx_word' id='word_1_280' title='bbox 1140 2882 1228 2907; x_wconf 85' lang='lat' dir='ltr'>non-</span> 
     </span>
     <span class='ocr_line' id='line_1_48' title="bbox 357 2924 1228 2976; baseline -0.001 -12"><span class='ocrx_word' id='word_1_281' title='bbox 357 2926 471 2965; x_wconf 81' lang='lat' dir='ltr'>nullis</span> <span class='ocrx_word' id='word_1_282' title='bbox 498 2926 609 2964; x_wconf 84' lang='lat' dir='ltr'><strong>codd.</strong></span> <span class='ocrx_word' id='word_1_283' title='bbox 636 2926 786 2976; x_wconf 77' lang='lat' dir='ltr'>legitur,</span> <span class='ocrx_word' id='word_1_284' title='bbox 816 2924 992 2976; x_wconf 82' lang='lat' dir='ltr'>glossam</span> <span class='ocrx_word' id='word_1_285' title='bbox 1018 2937 1110 2962; x_wconf 88' lang='lat' dir='ltr'>esse</span> <span class='ocrx_word' id='word_1_286' title='bbox 1135 2928 1228 2976; x_wconf 86' lang='lat' dir='ltr'>puto</span> 
     </span>
     <span class='ocr_line' id='line_1_49' title="bbox 357 2980 1226 3032; baseline -0.001 -12"><span class='ocrx_word' id='word_1_287' title='bbox 357 2982 533 3021; x_wconf 85' lang='lat' dir='ltr'>vocabuli</span> <span class='ocrx_word' id='word_1_288' title='bbox 570 2995 811 3027; x_wconf 81' lang='lat' dir='ltr'>commeare,</span> <span class='ocrx_word' id='word_1_289' title='bbox 854 2980 959 3031; x_wconf 89' lang='lat' dir='ltr'>quod</span> <span class='ocrx_word' id='word_1_290' title='bbox 995 2981 1226 3032; x_wconf 82' lang='lat' dir='ltr'>interpretes</span> 
     </span>
     <span class='ocr_line' id='line_1_50' title="bbox 357 3035 1226 3090; baseline -0.001 -14"><span class='ocrx_word' id='word_1_291' title='bbox 357 3052 430 3076; x_wconf 87' lang='lat' dir='ltr'>non</span> <span class='ocrx_word' id='word_1_292' title='bbox 457 3039 756 3090; x_wconf 81' lang='lat' dir='ltr'>exspectabant,</span> <span class='ocrx_word' id='word_1_293' title='bbox 782 3050 898 3088; x_wconf 87' lang='lat' dir='ltr'>quum</span> <span class='ocrx_word' id='word_1_294' title='bbox 922 3035 1084 3087; x_wconf 83' lang='lat' dir='ltr'>Psyche</span> <span class='ocrx_word' id='word_1_295' title='bbox 1111 3039 1226 3076; x_wconf 82' lang='lat' dir='ltr'>deor-</span> 
     </span>
     <span class='ocr_line' id='line_1_51' title="bbox 358 3093 1228 3146; baseline -0.002 -13"><span class='ocrx_word' id='word_1_296' title='bbox 358 3109 441 3133; x_wconf 78' lang='lat' dir='ltr'>sam</span> <span class='ocrx_word' id='word_1_297' title='bbox 477 3099 659 3146; x_wconf 84' lang='lat' dir='ltr'>pergeret</span> <span class='ocrx_word' id='word_1_298' title='bbox 693 3096 743 3134; x_wconf 87' lang='lat' dir='ltr'>ad</span> <span class='ocrx_word' id='word_1_299' title='bbox 774 3093 930 3133; x_wconf 87' lang='lat' dir='ltr'>Orcum.</span> <span class='ocrx_word' id='word_1_300' title='bbox 992 3093 1076 3132; x_wconf 88' lang='lat' dir='ltr'>Sed</span> <span class='ocrx_word' id='word_1_301' title='bbox 1112 3107 1228 3145; x_wconf 88' lang='lat' dir='ltr'>quum</span> 
     </span>
     <span class='ocr_line' id='line_1_52' title="bbox 360 3150 1229 3201; baseline -0.005 -10"><span class='ocrx_word' id='word_1_302' title='bbox 360 3164 579 3191; x_wconf 80' lang='lat' dir='ltr'>commeare</span> <span class='ocrx_word' id='word_1_303' title='bbox 605 3165 678 3189; x_wconf 89' lang='lat' dir='ltr'>non</span> <span class='ocrx_word' id='word_1_304' title='bbox 709 3150 838 3190; x_wconf 89' lang='lat' dir='ltr'>solum</span> <span class='ocrx_word' id='word_1_305' title='bbox 863 3150 912 3188; x_wconf 87' lang='lat' dir='ltr'>de</span> <span class='ocrx_word' id='word_1_306' title='bbox 937 3163 985 3188; x_wconf 86' lang='lat' dir='ltr'>eo</span> <span class='ocrx_word' id='word_1_307' title='bbox 1008 3154 1229 3201; x_wconf 85' lang='lat' dir='ltr'>usurpetur,</span> 
     </span>
    </p>
   </div>
   <div class='ocr_carea' id='block_1_12' title="bbox 1264 948 2158 3194">
    <p class='ocr_par' dir='ltr' id='par_1_15' title="bbox 1264 948 2141 1569">
     <span class='ocr_line' id='line_1_53' title="bbox 1266 948 2132 1002; baseline -0.003 -13"><span class='ocrx_word' id='word_1_308' title='bbox 1266 953 1328 1002; x_wconf 89' lang='lat' dir='ltr'>qui</span> <span class='ocrx_word' id='word_1_309' title='bbox 1366 955 1573 1002; x_wconf 87' lang='lat' dir='ltr'>interprete</span> <span class='ocrx_word' id='word_1_310' title='bbox 1612 950 1732 988; x_wconf 85' lang='lat' dir='ltr'>Festo</span> <span class='ocrx_word' id='word_1_311' title='bbox 1765 964 1799 1001; x_wconf 89' lang='lat' dir='ltr'>p.</span> <span class='ocrx_word' id='word_1_312' title='bbox 1828 953 1918 991; x_wconf 82' lang='lat'><strong>136.</strong></span> <span class='ocrx_word' id='word_1_313' title='bbox 1954 948 2132 987; x_wconf 87' lang='lat' dir='ltr'>Lindem.</span> 
     </span>
     <span class='ocr_line' id='line_1_54' title="bbox 1264 1006 2135 1058; baseline -0.003 -13"><span class='ocrx_word' id='word_1_314' title='bbox 1264 1008 1362 1045; x_wconf 89' lang='lat' dir='ltr'>ultro</span> <span class='ocrx_word' id='word_1_315' title='bbox 1406 1010 1578 1058; x_wconf 85' lang='lat' dir='ltr'>citroque</span> <span class='ocrx_word' id='word_1_316' title='bbox 1615 1009 1661 1052; x_wconf 88' lang='lat' dir='ltr'>it,</span> <span class='ocrx_word' id='word_1_317' title='bbox 1697 1006 1770 1045; x_wconf 87' lang='lat' dir='ltr'>sed</span> <span class='ocrx_word' id='word_1_318' title='bbox 1813 1007 1863 1045; x_wconf 89' lang='lat' dir='ltr'>de</span> <span class='ocrx_word' id='word_1_319' title='bbox 1905 1017 2135 1057; x_wconf 87' lang='lat' dir='ltr'>quocunque</span> 
     </span>
     <span class='ocr_line' id='line_1_55' title="bbox 1266 1065 2136 1115; baseline -0.005 -13"><span class='ocrx_word' id='word_1_320' title='bbox 1266 1065 1399 1102; x_wconf 89' lang='lat' dir='ltr'>itinere</span> <span class='ocrx_word' id='word_1_321' title='bbox 1429 1068 1654 1115; x_wconf 86' lang='lat' dir='ltr'>usurpetur,</span> <span class='ocrx_word' id='word_1_322' title='bbox 1684 1068 1725 1102; x_wconf 90' lang='lat' dir='ltr'>ut</span> <span class='ocrx_word' id='word_1_323' title='bbox 1756 1067 1998 1102; x_wconf 70' lang='lat' dir='ltr'>commeatus</span> <span class='ocrx_word' id='word_1_324' title='bbox 2032 1065 2136 1100; x_wconf 83' lang='lat' dir='ltr'>teste</span> 
     </span>
     <span class='ocr_line' id='line_1_56' title="bbox 1268 1118 2137 1170; baseline -0.003 -12"><span class='ocrx_word' id='word_1_325' title='bbox 1268 1121 1407 1159; x_wconf 86' lang='lat' dir='ltr'>eodem</span> <span class='ocrx_word' id='word_1_326' title='bbox 1434 1121 1457 1159; x_wconf 93' lang='lat' dir='ltr'>l.</span> <span class='ocrx_word' id='word_1_327' title='bbox 1473 1134 1503 1159; x_wconf 90' lang='lat' dir='ltr'>c.</span> <span class='ocrx_word' id='word_1_328' title='bbox 1530 1124 1686 1170; x_wconf 80' lang='lat' dir='ltr'>tempus</span> <span class='ocrx_word' id='word_1_329' title='bbox 1705 1120 1768 1165; x_wconf 85' lang='lat' dir='ltr'>sit,</span> <span class='ocrx_word' id='word_1_330' title='bbox 1794 1133 1869 1169; x_wconf 85' lang='lat' dir='ltr'>quo</span> <span class='ocrx_word' id='word_1_331' title='bbox 1891 1120 1945 1157; x_wconf 86' lang='lat' dir='ltr'>ire</span> <span class='ocrx_word' id='word_1_332' title='bbox 1958 1122 1998 1157; x_wconf 87' lang='lat' dir='ltr'>et</span> <span class='ocrx_word' id='word_1_333' title='bbox 2011 1118 2137 1156; x_wconf 86' lang='lat' dir='ltr'>redire</span> 
     </span>
     <span class='ocr_line' id='line_1_57' title="bbox 1268 1174 2137 1227; baseline -0.006 -11"><span class='ocrx_word' id='word_1_334' title='bbox 1268 1177 1473 1216; x_wconf 87' lang='lat' dir='ltr'>commode</span> <span class='ocrx_word' id='word_1_335' title='bbox 1499 1177 1585 1227; x_wconf 83' lang='lat' dir='ltr'>quis</span> <span class='ocrx_word' id='word_1_336' title='bbox 1611 1177 1759 1227; x_wconf 85' lang='lat' dir='ltr'>possit,</span> <span class='ocrx_word' id='word_1_337' title='bbox 1785 1176 1846 1215; x_wconf 90' lang='lat' dir='ltr'>bic</span> <span class='ocrx_word' id='word_1_338' title='bbox 1870 1189 1956 1214; x_wconf 84' lang='lat' dir='ltr'>cum</span> <span class='ocrx_word' id='word_1_339' title='bbox 1981 1174 2137 1226; x_wconf 86' lang='lat' dir='ltr'>optimis</span> 
     </span>
     <span class='ocr_line' id='line_1_58' title="bbox 1270 1231 2138 1282; baseline -0.003 -11"><span class='ocrx_word' id='word_1_340' title='bbox 1270 1234 1382 1272; x_wconf 84' lang='lat' dir='ltr'><strong>codd.</strong></span> <span class='ocrx_word' id='word_1_341' title='bbox 1412 1233 1616 1272; x_wconf 83' lang='lat' dir='ltr'>lectionem</span> <span class='ocrx_word' id='word_1_342' title='bbox 1647 1234 1805 1271; x_wconf 86' lang='lat' dir='ltr'>retineo.</span> <span class='ocrx_word' id='word_1_343' title='bbox 1854 1231 1954 1270; x_wconf 89' lang='lat' dir='ltr'>Nam</span> <span class='ocrx_word' id='word_1_344' title='bbox 1987 1232 2020 1269; x_wconf 91' lang='lat' dir='ltr'>si</span> <span class='ocrx_word' id='word_1_345' title='bbox 2051 1232 2138 1282; x_wconf 89' lang='lat' dir='ltr'>quis</span> 
     </span>
     <span class='ocr_line' id='line_1_59' title="bbox 1268 1287 2140 1331; baseline -0.005 -3"><span class='ocrx_word' id='word_1_346' title='bbox 1268 1290 1319 1328; x_wconf 87' lang='lat' dir='ltr'>ad</span> <span class='ocrx_word' id='word_1_347' title='bbox 1344 1289 1545 1328; x_wconf 84' lang='lat' dir='ltr'>Tartarum</span> <span class='ocrx_word' id='word_1_348' title='bbox 1571 1290 1715 1328; x_wconf 82' lang='lat' dir='ltr'>missus</span> <span class='ocrx_word' id='word_1_349' title='bbox 1741 1293 1819 1331; x_wconf 88' lang='lat' dir='ltr'>est.</span> <span class='ocrx_word' id='word_1_350' title='bbox 1844 1302 1932 1326; x_wconf 89' lang='lat' dir='ltr'>eum</span> <span class='ocrx_word' id='word_1_351' title='bbox 1958 1287 2140 1326; x_wconf 84' lang='lat' dir='ltr'>deorsum</span> 
     </span>
     <span class='ocr_line' id='line_1_60' title="bbox 1268 1345 2139 1397; baseline -0.002 -15"><span class='ocrx_word' id='word_1_352' title='bbox 1268 1347 1457 1397; x_wconf 75' lang='lat' dir='ltr'>proticisci</span> <span class='ocrx_word' id='word_1_353' title='bbox 1472 1349 1646 1396; x_wconf 79' lang='lat' dir='ltr'>apparet,</span> <span class='ocrx_word' id='word_1_354' title='bbox 1656 1349 1696 1383; x_wconf 89' lang='lat' dir='ltr'>ut</span> <span class='ocrx_word' id='word_1_355' title='bbox 1709 1345 1799 1384; x_wconf 88' lang='lat' dir='ltr'>addi</span> <span class='ocrx_word' id='word_1_356' title='bbox 1809 1345 1882 1383; x_wconf 91' lang='lat' dir='ltr'>hoc</span> <span class='ocrx_word' id='word_1_357' title='bbox 1896 1358 1964 1395; x_wconf 89' lang='lat' dir='ltr'>per</span> <span class='ocrx_word' id='word_1_358' title='bbox 1978 1357 2139 1395; x_wconf 85' lang='lat' dir='ltr'>praepo-</span> 
     </span>
     <span class='ocr_line' id='line_1_61' title="bbox 1271 1400 2141 1440; baseline -0.003 0"><span class='ocrx_word' id='word_1_359' title='bbox 1271 1403 1451 1440; x_wconf 84' lang='lat' dir='ltr'>sitionem</span> <span class='ocrx_word' id='word_1_360' title='bbox 1477 1403 1743 1440; x_wconf 78' lang='lat' dir='ltr'>necessarium</span> <span class='ocrx_word' id='word_1_361' title='bbox 1769 1416 1843 1439; x_wconf 88' lang='lat' dir='ltr'>non</span> <span class='ocrx_word' id='word_1_362' title='bbox 1869 1403 1929 1439; x_wconf 73' lang='lat' dir='ltr'>sit.</span> <span class='ocrx_word' id='word_1_363' title='bbox 1968 1400 2024 1438; x_wconf 84' lang='lat' dir='ltr'>lta</span> <span class='ocrx_word' id='word_1_364' title='bbox 2048 1400 2141 1438; x_wconf 87' lang='lat' dir='ltr'>dicit</span> 
     </span>
     <span class='ocr_line' id='line_1_62' title="bbox 1271 1457 2141 1509; baseline -0.002 -14"><span class='ocrx_word' id='word_1_365' title='bbox 1271 1459 1465 1509; x_wconf 85' lang='lat' dir='ltr'>Apuleius</span> <span class='ocrx_word' id='word_1_366' title='bbox 1491 1457 1585 1496; x_wconf 78' lang='lat' dir='ltr'>Met.</span> <span class='ocrx_word' id='word_1_367' title='bbox 1609 1458 1672 1496; x_wconf 72' lang='lat' dir='ltr'>Vl.</span> <span class='ocrx_word' id='word_1_368' title='bbox 1701 1471 1735 1508; x_wconf 92' lang='lat' dir='ltr'>p.</span> <span class='ocrx_word' id='word_1_369' title='bbox 1764 1462 1855 1499; x_wconf 83' lang='lat'><strong>416.</strong></span> <span class='ocrx_word' id='word_1_370' title='bbox 1888 1458 1938 1495; x_wconf 83' lang='lat' dir='ltr'>(le</span> <span class='ocrx_word' id='word_1_371' title='bbox 1963 1457 2141 1494; x_wconf 87' lang='lat' dir='ltr'>mortuis:</span> 
     </span>
     <span class='ocr_line' id='line_1_63' title="bbox 1272 1513 1925 1569; baseline -0.002 -16"><span class='ocrx_word' id='word_1_372' title='bbox 1272 1516 1413 1569; x_wconf 68' lang='lat' dir='ltr'>cymba</span> <span class='ocrx_word' id='word_1_373' title='bbox 1439 1515 1611 1553; x_wconf 71' lang='lat' dir='ltr'>deducit</span> <span class='ocrx_word' id='word_1_374' title='bbox 1634 1513 1925 1566; x_wconf 56' lang='lat' dir='ltr'>commeantes]</span> 
     </span>
    </p>

    <p class='ocr_par' dir='ltr' id='par_1_16' title="bbox 1271 1569 2158 3194">
     <span class='ocr_line' id='line_1_64' title="bbox 1312 1569 2142 1623; baseline -0.005 -14"><span class='ocrx_word' id='word_1_375' title='bbox 1312 1572 1455 1623; x_wconf 73' lang='lat' dir='ltr'>peryit</span> <span class='ocrx_word' id='word_1_376' title='bbox 1470 1571 1528 1609; x_wconf 79' lang='lat' dir='ltr'>ad</span> <span class='ocrx_word' id='word_1_377' title='bbox 1543 1572 1779 1622; x_wconf 77' lang='grc' dir='ltr'><em>([ιιαηψὶαηι</em></span> <span class='ocrx_word' id='word_1_378' title='bbox 1792 1571 1948 1609; x_wconf 72' lang='lat' dir='ltr'>turrim.</span> <span class='ocrx_word' id='word_1_379' title='bbox 1971 1569 2142 1606; x_wconf 81' lang='lat' dir='ltr'>Veteres</span> 
     </span>
     <span class='ocr_line' id='line_1_65' title="bbox 1271 1626 2145 1677; baseline -0.003 -12"><span class='ocrx_word' id='word_1_380' title='bbox 1271 1628 1461 1665; x_wconf 77' lang='lat' dir='ltr'>editiones</span> <span class='ocrx_word' id='word_1_381' title='bbox 1473 1631 1632 1665; x_wconf 84' lang='lat' dir='ltr'>secutus</span> <span class='ocrx_word' id='word_1_382' title='bbox 1643 1627 1802 1665; x_wconf 56' lang='lat' dir='ltr'>(Jolvius</span> <span class='ocrx_word' id='word_1_383' title='bbox 1818 1626 2145 1677; x_wconf 85' lang='lat' dir='ltr'>praepositionem</span> 
     </span>
     <span class='ocr_line' id='line_1_66' title="bbox 1272 1683 2145 1735; baseline -0.002 -14"><span class='ocrx_word' id='word_1_384' title='bbox 1272 1685 1415 1728; x_wconf 87' lang='lat' dir='ltr'>omisit,</span> <span class='ocrx_word' id='word_1_385' title='bbox 1443 1684 1658 1721; x_wconf 81' lang='lat' dir='ltr'>locutiones</span> <span class='ocrx_word' id='word_1_386' title='bbox 1680 1697 1861 1735; x_wconf 67' lang='lat' dir='ltr'>pei-(lere</span> <span class='ocrx_word' id='word_1_387' title='bbox 1885 1684 1980 1728; x_wconf 67' lang='lat' dir='ltr'>lter,</span> <span class='ocrx_word' id='word_1_388' title='bbox 2007 1683 2145 1721; x_wconf 79' lang='lat' dir='ltr'>civita-</span> 
     </span>
     <span class='ocr_line' id='line_1_67' title="bbox 1272 1739 2147 1790; baseline -0.003 -11"><span class='ocrx_word' id='word_1_389' title='bbox 1272 1745 1349 1779; x_wconf 75' lang='lat' dir='ltr'>iem</span> <span class='ocrx_word' id='word_1_390' title='bbox 1361 1739 1459 1778; x_wconf 87' lang='lat' dir='ltr'>alias</span> <span class='ocrx_word' id='word_1_391' title='bbox 1475 1753 1716 1790; x_wconf 79' lang='lat' dir='ltr'>comparans,</span> <span class='ocrx_word' id='word_1_392' title='bbox 1744 1739 1827 1777; x_wconf 81' lang='lat' dir='ltr'>Sed.</span> <span class='ocrx_word' id='word_1_393' title='bbox 1839 1743 1942 1777; x_wconf 86' lang='lat' dir='ltr'>recte</span> <span class='ocrx_word' id='word_1_394' title='bbox 1956 1740 2147 1789; x_wconf 81' lang='lat' dir='ltr'>vituperat</span> 
     </span>
     <span class='ocr_line' id='line_1_68' title="bbox 1273 1795 2147 1847; baseline -0.001 -14"><span class='ocrx_word' id='word_1_395' title='bbox 1273 1810 1360 1834; x_wconf 88' lang='lat' dir='ltr'>eum</span> <span class='ocrx_word' id='word_1_396' title='bbox 1375 1795 1497 1841; x_wconf 68' lang='lat' dir='ltr'>Oud..</span> <span class='ocrx_word' id='word_1_397' title='bbox 1524 1797 1587 1846; x_wconf 86' lang='lat' dir='ltr'>qui</span> <span class='ocrx_word' id='word_1_398' title='bbox 1607 1797 1679 1834; x_wconf 81' lang='lat' dir='ltr'>sibi</span> <span class='ocrx_word' id='word_1_399' title='bbox 1700 1796 1780 1834; x_wconf 88' lang='lat' dir='ltr'>dari</span> <span class='ocrx_word' id='word_1_400' title='bbox 1793 1809 1909 1834; x_wconf 88' lang='lat' dir='ltr'>unum</span> <span class='ocrx_word' id='word_1_401' title='bbox 1925 1795 2147 1847; x_wconf 85' lang='lat' dir='ltr'>exemplum</span> 
     </span>
     <span class='ocr_line' id='line_1_69' title="bbox 1275 1851 2148 1904; baseline 0 -15"><span class='ocrx_word' id='word_1_402' title='bbox 1275 1853 1396 1903; x_wconf 88' lang='lat' dir='ltr'>cupit,</span> <span class='ocrx_word' id='word_1_403' title='bbox 1438 1853 1502 1891; x_wconf 87' lang='lat' dir='ltr'>ubi</span> <span class='ocrx_word' id='word_1_404' title='bbox 1535 1866 1714 1904; x_wconf 62' lang='grc' dir='ltr'>ρετ-98η</span> <span class='ocrx_word' id='word_1_405' title='bbox 1750 1853 1951 1891; x_wconf 67' lang='lat' dir='ltr'>civitatem</span> <span class='ocrx_word' id='word_1_406' title='bbox 1987 1851 2148 1902; x_wconf 82' lang='lat' dir='ltr'>legatur.</span> 
     </span>
     <span class='ocr_line' id='line_1_70' title="bbox 1275 1908 2146 1961; baseline -0.001 -14"><span class='ocrx_word' id='word_1_407' title='bbox 1275 1908 1376 1947; x_wconf 78' lang='lat' dir='ltr'>Nam</span> <span class='ocrx_word' id='word_1_408' title='bbox 1391 1909 1493 1946; x_wconf 83' lang='lat' dir='ltr'>aliud</span> <span class='ocrx_word' id='word_1_409' title='bbox 1509 1912 1571 1946; x_wconf 83' lang='lat' dir='ltr'>est</span> <span class='ocrx_word' id='word_1_410' title='bbox 1585 1922 1761 1961; x_wconf 70' lang='lat' dir='ltr'>peryere</span> <span class='ocrx_word' id='word_1_411' title='bbox 1774 1910 1850 1947; x_wconf 73' lang='lat' dir='ltr'>iter</span> <span class='ocrx_word' id='word_1_412' title='bbox 1863 1922 1894 1946; x_wconf 89' lang='lat' dir='ltr'>s.</span> <span class='ocrx_word' id='word_1_413' title='bbox 1913 1910 2146 1960; x_wconf 63' lang='lat' dir='ltr'>porrigyere.</span> 
     </span>
     <span class='ocr_line' id='line_1_71' title="bbox 1280 1964 2150 2016; baseline -0.002 -13"><span class='ocrx_word' id='word_1_414' title='bbox 1280 1965 1327 2003; x_wconf 85' lang='lat' dir='ltr'>cf.</span> <span class='ocrx_word' id='word_1_415' title='bbox 1354 1965 1403 2003; x_wconf 86' lang='lat' dir='ltr'>ad</span> <span class='ocrx_word' id='word_1_416' title='bbox 1429 1965 1525 2003; x_wconf 77' lang='lat' dir='ltr'>Met.</span> <span class='ocrx_word' id='word_1_417' title='bbox 1542 1964 1605 2002; x_wconf 89' lang='lat'>111.</span> <span class='ocrx_word' id='word_1_418' title='bbox 1630 1969 1774 2016; x_wconf 58' lang='lat' dir='ltr'>l³ss123·</span> <span class='ocrx_word' id='word_1_419' title='bbox 1802 1964 1910 2003; x_wconf 83' lang='lat' dir='ltr'>lstud</span> <span class='ocrx_word' id='word_1_420' title='bbox 1934 1964 1997 2002; x_wconf 88' lang='lat' dir='ltr'>vel</span> <span class='ocrx_word' id='word_1_421' title='bbox 2023 1964 2150 2002; x_wconf 86' lang='lat' dir='ltr'>simile</span> 
     </span>
     <span class='ocr_line' id='line_1_72' title="bbox 1278 2020 2151 2073; baseline -0.001 -14"><span class='ocrx_word' id='word_1_422' title='bbox 1278 2022 1562 2059; x_wconf 82' lang='lat' dir='ltr'>substantivum</span> <span class='ocrx_word' id='word_1_423' title='bbox 1588 2022 1624 2058; x_wconf 86' lang='lat' dir='ltr'>in</span> <span class='ocrx_word' id='word_1_424' title='bbox 1646 2035 1824 2073; x_wconf 66' lang='lat' dir='ltr'>peryere</span> <span class='ocrx_word' id='word_1_425' title='bbox 1853 2034 2010 2072; x_wconf 80' lang='lat' dir='ltr'>semper</span> <span class='ocrx_word' id='word_1_426' title='bbox 2042 2020 2151 2058; x_wconf 88' lang='lat' dir='ltr'>intel-</span> 
     </span>
     <span class='ocr_line' id='line_1_73' title="bbox 1280 2078 2150 2128; baseline -0.001 -13"><span class='ocrx_word' id='word_1_427' title='bbox 1280 2078 1427 2127; x_wconf 75' lang='lat' dir='ltr'>ligitur,</span> <span class='ocrx_word' id='word_1_428' title='bbox 1478 2091 1644 2128; x_wconf 85' lang='lat' dir='ltr'>quocum</span> <span class='ocrx_word' id='word_1_429' title='bbox 1686 2081 1817 2116; x_wconf 80' lang='lat' dir='ltr'>auctor</span> <span class='ocrx_word' id='word_1_430' title='bbox 1864 2091 2022 2128; x_wconf 86' lang='lat' dir='ltr'>semper</span> <span class='ocrx_word' id='word_1_431' title='bbox 2064 2090 2150 2115; x_wconf 89' lang='lat' dir='ltr'>cum</span> 
     </span>
     <span class='ocr_line' id='line_1_74' title="bbox 1281 2132 2152 2185; baseline -0.002 -13"><span class='ocrx_word' id='word_1_432' title='bbox 1281 2134 1386 2179; x_wconf 77' lang='lat' dir='ltr'>aliis,</span> <span class='ocrx_word' id='word_1_433' title='bbox 1424 2134 1498 2172; x_wconf 88' lang='lat' dir='ltr'>nisi</span> <span class='ocrx_word' id='word_1_434' title='bbox 1535 2134 1598 2172; x_wconf 89' lang='lat' dir='ltr'>ubi</span> <span class='ocrx_word' id='word_1_435' title='bbox 1637 2134 1813 2185; x_wconf 88' lang='lat' dir='ltr'>seqnitur</span> <span class='ocrx_word' id='word_1_436' title='bbox 1849 2135 2044 2185; x_wconf 87' lang='lat' dir='ltr'>proprium</span> <span class='ocrx_word' id='word_1_437' title='bbox 2079 2132 2152 2170; x_wconf 89' lang='lat' dir='ltr'>loci</span> 
     </span>
     <span class='ocr_line' id='line_1_75' title="bbox 1281 2190 2152 2241; baseline 0.001 -14"><span class='ocrx_word' id='word_1_438' title='bbox 1281 2203 1439 2235; x_wconf 88' lang='lat' dir='ltr'>nomen,</span> <span class='ocrx_word' id='word_1_439' title='bbox 1471 2190 1803 2241; x_wconf 83' lang='lat' dir='ltr'>praepositionem</span> <span class='ocrx_word' id='word_1_440' title='bbox 1829 2190 1967 2241; x_wconf 78' lang='lat' dir='ltr'>iungit,</span> <span class='ocrx_word' id='word_1_441' title='bbox 1997 2194 2039 2228; x_wconf 89' lang='lat' dir='ltr'>ut</span> <span class='ocrx_word' id='word_1_442' title='bbox 2059 2203 2152 2241; x_wconf 80' lang='lat' dir='ltr'>per·</span> 
     </span>
     <span class='ocr_line' id='line_1_76' title="bbox 1279 2246 2152 2298; baseline -0.001 -13"><span class='ocrx_word' id='word_1_443' title='bbox 1279 2260 1379 2298; x_wconf 65' lang='lat' dir='ltr'>{Jere</span> <span class='ocrx_word' id='word_1_444' title='bbox 1392 2248 1451 2285; x_wconf 80' lang='lat' dir='ltr'>ad</span> <span class='ocrx_word' id='word_1_445' title='bbox 1465 2247 1648 2292; x_wconf 81' lang='lat' dir='ltr'>balneas,</span> <span class='ocrx_word' id='word_1_446' title='bbox 1674 2247 1732 2285; x_wconf 81' lang='lat' dir='ltr'>ad</span> <span class='ocrx_word' id='word_1_447' title='bbox 1747 2247 1970 2293; x_wconf 78' lang='lat' dir='ltr'>Oceanum,</span> <span class='ocrx_word' id='word_1_448' title='bbox 1997 2246 2055 2285; x_wconf 78' lang='lat' dir='ltr'>ad</span> <span class='ocrx_word' id='word_1_449' title='bbox 2068 2259 2152 2285; x_wconf 86' lang='lat' dir='ltr'>sco-</span> 
     </span>
     <span class='ocr_line' id='line_1_77' title="bbox 1276 2302 2152 2354; baseline 0.001 -15"><span class='ocrx_word' id='word_1_450' title='bbox 1276 2302 1423 2354; x_wconf 76' lang='lat' dir='ltr'>palam</span> <span class='ocrx_word' id='word_1_451' title='bbox 1454 2306 1494 2340; x_wconf 83' lang='lat' dir='ltr'>et</span> <span class='ocrx_word' id='word_1_452' title='bbox 1524 2317 1559 2353; x_wconf 92' lang='lat' dir='ltr'>p.</span> <span class='ocrx_word' id='word_1_453' title='bbox 1587 2307 1681 2343; x_wconf 86' lang='lat'><strong>414.</strong></span> <span class='ocrx_word' id='word_1_454' title='bbox 1712 2304 1793 2342; x_wconf 80' lang='lat' dir='ltr'>iam</span> <span class='ocrx_word' id='word_1_455' title='bbox 1818 2303 1965 2342; x_wconf 75' lang='lat' dir='ltr'>canale</span> <span class='ocrx_word' id='word_1_456' title='bbox 1990 2304 2152 2342; x_wconf 72' lang='lat' dir='ltr'>directo</span> 
     </span>
     <span class='ocr_line' id='line_1_78' title="bbox 1277 2358 2154 2412; baseline 0 -15"><span class='ocrx_word' id='word_1_457' title='bbox 1277 2372 1399 2411; x_wconf 69' lang='lat' dir='ltr'>pers]</span> <span class='ocrx_word' id='word_1_458' title='bbox 1409 2373 1453 2398; x_wconf 86' lang='lat' dir='ltr'>es</span> <span class='ocrx_word' id='word_1_459' title='bbox 1477 2374 1501 2398; x_wconf 89' lang='lat' dir='ltr'>a</span> <span class='ocrx_word' id='word_1_460' title='bbox 1512 2360 1541 2398; x_wconf 74' lang='lat' dir='ltr'>cl</span> <span class='ocrx_word' id='word_1_461' title='bbox 1564 2361 1699 2411; x_wconf 76' lang='lat' dir='ltr'>ipsam</span> <span class='ocrx_word' id='word_1_462' title='bbox 1726 2360 1827 2398; x_wconf 79' lang='lat' dir='ltr'>Orci</span> <span class='ocrx_word' id='word_1_463' title='bbox 1850 2361 2019 2412; x_wconf 72' lang='lat' dir='ltr'>reyiam.</span> <span class='ocrx_word' id='word_1_464' title='bbox 2053 2358 2154 2396; x_wconf 87' lang='lat' dir='ltr'>Hinc</span> 
     </span>
     <span class='ocr_line' id='line_1_79' title="bbox 1283 2415 2153 2460; baseline 0.001 -8"><span class='ocrx_word' id='word_1_465' title='bbox 1283 2429 1370 2453; x_wconf 88' lang='lat' dir='ltr'>cum</span> <span class='ocrx_word' id='word_1_466' title='bbox 1396 2415 1502 2454; x_wconf 87' lang='lat' dir='ltr'>Oud.</span> <span class='ocrx_word' id='word_1_467' title='bbox 1527 2416 1674 2460; x_wconf 86' lang='lat' dir='ltr'>iudico,</span> <span class='ocrx_word' id='word_1_468' title='bbox 1706 2419 1813 2453; x_wconf 86' lang='lat' dir='ltr'>recte</span> <span class='ocrx_word' id='word_1_469' title='bbox 1844 2416 1894 2453; x_wconf 85' lang='lat' dir='ltr'>ab</span> <span class='ocrx_word' id='word_1_470' title='bbox 1921 2415 2020 2453; x_wconf 80' lang='lat' dir='ltr'>Elin.</span> <span class='ocrx_word' id='word_1_471' title='bbox 2045 2428 2153 2453; x_wconf 85' lang='lat' dir='ltr'>revo-</span> 
     </span>
     <span class='ocr_line' id='line_1_80' title="bbox 1284 2471 2154 2523; baseline 0.001 -14"><span class='ocrx_word' id='word_1_472' title='bbox 1284 2475 1409 2510; x_wconf 82' lang='lat' dir='ltr'>catam</span> <span class='ocrx_word' id='word_1_473' title='bbox 1434 2485 1529 2510; x_wconf 85' lang='lat' dir='ltr'>esse</span> <span class='ocrx_word' id='word_1_474' title='bbox 1554 2472 1893 2522; x_wconf 83' lang='lat' dir='ltr'>praepositionem.</span> <span class='ocrx_word' id='word_1_475' title='bbox 1922 2471 1979 2523; x_wconf 91' lang='lat' dir='ltr'>[ln</span> <span class='ocrx_word' id='word_1_476' title='bbox 2001 2485 2048 2510; x_wconf 89' lang='lat' dir='ltr'>eo</span> <span class='ocrx_word' id='word_1_477' title='bbox 2063 2485 2154 2510; x_wconf 85' lang='lat' dir='ltr'>vero</span> 
     </span>
     <span class='ocr_line' id='line_1_81' title="bbox 1285 2528 2156 2579; baseline 0 -13"><span class='ocrx_word' id='word_1_478' title='bbox 1285 2528 1618 2574; x_wconf 82' lang='lat' dir='ltr'>erravitOrellins,</span> <span class='ocrx_word' id='word_1_479' title='bbox 1632 2528 1735 2578; x_wconf 84' lang='lat' dir='ltr'>quod</span> <span class='ocrx_word' id='word_1_480' title='bbox 1751 2528 2084 2579; x_wconf 84' lang='lat' dir='ltr'>praepositionem</span> <span class='ocrx_word' id='word_1_481' title='bbox 2098 2528 2156 2568; x_wconf 80' lang='lat' dir='ltr'>acl</span> 
     </span>
     <span class='ocr_line' id='line_1_82' title="bbox 1284 2584 2154 2623; baseline -0.001 0"><span class='ocrx_word' id='word_1_482' title='bbox 1284 2585 1403 2623; x_wconf 85' lang='lat' dir='ltr'>omitti</span> <span class='ocrx_word' id='word_1_483' title='bbox 1424 2584 1513 2622; x_wconf 90' lang='lat' dir='ltr'>dicit</span> <span class='ocrx_word' id='word_1_484' title='bbox 1532 2585 1566 2622; x_wconf 87' lang='lat' dir='ltr'>in</span> <span class='ocrx_word' id='word_1_485' title='bbox 1587 2584 1698 2622; x_wconf 87' lang='lat' dir='ltr'>codd.</span> <span class='ocrx_word' id='word_1_486' title='bbox 1713 2588 1859 2622; x_wconf 85' lang='lat' dir='ltr'>tantum</span> <span class='ocrx_word' id='word_1_487' title='bbox 1874 2598 1948 2622; x_wconf 91' lang='lat' dir='ltr'>non</span> <span class='ocrx_word' id='word_1_488' title='bbox 1963 2585 2154 2622; x_wconf 88' lang='lat' dir='ltr'>omnibus.</span> 
     </span>
     <span class='ocr_line' id='line_1_83' title="bbox 1287 2639 2155 2687; baseline 0 -8"><span class='ocrx_word' id='word_1_489' title='bbox 1287 2640 1415 2687; x_wconf 85' lang='lat' dir='ltr'>Quum</span> <span class='ocrx_word' id='word_1_490' title='bbox 1429 2642 1527 2679; x_wconf 89' lang='lat' dir='ltr'>enim</span> <span class='ocrx_word' id='word_1_491' title='bbox 1544 2640 1644 2678; x_wconf 86' lang='lat' dir='ltr'>Ond.</span> <span class='ocrx_word' id='word_1_492' title='bbox 1660 2640 1777 2679; x_wconf 80' lang='lat' dir='ltr'>dicat:</span> <span class='ocrx_word' id='word_1_493' title='bbox 1805 2640 1933 2679; x_wconf 88' lang='lat' dir='ltr'>ludico</span> <span class='ocrx_word' id='word_1_494' title='bbox 1955 2654 2042 2678; x_wconf 86' lang='lat' dir='ltr'>eum</span> <span class='ocrx_word' id='word_1_495' title='bbox 2055 2639 2155 2679; x_wconf 83' lang='lat' dir='ltr'>Etm.</span> 
     </span>
     <span class='ocr_line' id='line_1_84' title="bbox 1285 2697 2157 2747; baseline -0.002 -11"><span class='ocrx_word' id='word_1_496' title='bbox 1285 2697 1545 2736; x_wconf 86' lang='lat' dir='ltr'>revocandam</span> <span class='ocrx_word' id='word_1_497' title='bbox 1571 2710 1665 2734; x_wconf 86' lang='lat' dir='ltr'>esse</span> <span class='ocrx_word' id='word_1_498' title='bbox 1690 2697 2039 2747; x_wconf 83' lang='lat' dir='ltr'>praepositionem,</span> <span class='ocrx_word' id='word_1_499' title='bbox 2065 2710 2157 2734; x_wconf 84' lang='lat' dir='ltr'>exu-</span> 
     </span>
     <span class='ocr_line' id='line_1_85' title="bbox 1287 2751 2156 2802; baseline -0.001 -10"><span class='ocrx_word' id='word_1_500' title='bbox 1287 2755 1430 2793; x_wconf 86' lang='lat' dir='ltr'>lantem</span> <span class='ocrx_word' id='word_1_501' title='bbox 1445 2754 1493 2792; x_wconf 87' lang='lat' dir='ltr'>ab</span> <span class='ocrx_word' id='word_1_502' title='bbox 1507 2752 1595 2791; x_wconf 87' lang='lat' dir='ltr'>edd.</span> <span class='ocrx_word' id='word_1_503' title='bbox 1611 2751 1705 2791; x_wconf 89' lang='lat' dir='ltr'>lunt.</span> <span class='ocrx_word' id='word_1_504' title='bbox 1719 2757 1893 2802; x_wconf 85' lang='lat' dir='ltr'>utraque,</span> <span class='ocrx_word' id='word_1_505' title='bbox 1908 2753 2015 2798; x_wconf 64' lang='lat' dir='ltr'>Atd„</span> <span class='ocrx_word' id='word_1_506' title='bbox 2032 2752 2156 2799; x_wconf 64' lang='lat' dir='ltr'>Colv„</span> 
     </span>
     <span class='ocr_line' id='line_1_86' title="bbox 1285 2809 2158 2860; baseline -0.001 -12"><span class='ocrx_word' id='word_1_507' title='bbox 1285 2809 1541 2854; x_wconf 85' lang='lat' dir='ltr'>Wow.P1·ic.,</span> <span class='ocrx_word' id='word_1_508' title='bbox 1553 2809 1879 2860; x_wconf 84' lang='lat' dir='ltr'>adstipulantibus</span> <span class='ocrx_word' id='word_1_509' title='bbox 1892 2812 2045 2860; x_wconf 87' lang='lat' dir='ltr'>praeter</span> <span class='ocrx_word' id='word_1_510' title='bbox 2059 2810 2158 2860; x_wconf 88' lang='lat' dir='ltr'>prio-</span> 
     </span>
     <span class='ocr_line' id='line_1_87' title="bbox 1286 2864 2157 2917; baseline 0 -12"><span class='ocrx_word' id='word_1_511' title='bbox 1286 2880 1352 2905; x_wconf 86' lang='lat' dir='ltr'>res</span> <span class='ocrx_word' id='word_1_512' title='bbox 1367 2866 1553 2917; x_wconf 84' lang='lat' dir='ltr'>aliasque.</span> <span class='ocrx_word' id='word_1_513' title='bbox 1581 2865 1681 2904; x_wconf 84' lang='lat' dir='ltr'><strong>Edd.</strong></span> <span class='ocrx_word' id='word_1_514' title='bbox 1695 2865 1816 2903; x_wconf 87' lang='lat' dir='ltr'>Mstis</span> <span class='ocrx_word' id='word_1_515' title='bbox 1832 2864 2006 2905; x_wconf 86' lang='lat' dir='ltr'>Florent.</span> <span class='ocrx_word' id='word_1_516' title='bbox 2020 2865 2157 2905; x_wconf 81' lang='lat' dir='ltr'>‹l&#39;Orv.</span> 
     </span>
     <span class='ocr_line' id='line_1_88' title="bbox 1288 2920 2156 2968; baseline 0 -7"><span class='ocrx_word' id='word_1_517' title='bbox 1288 2922 1373 2962; x_wconf 85' lang='lat' dir='ltr'>Pal.</span> <span class='ocrx_word' id='word_1_518' title='bbox 1399 2922 1503 2961; x_wconf 87' lang='lat' dir='ltr'>Bert.</span> <span class='ocrx_word' id='word_1_519' title='bbox 1530 2921 1769 2960; x_wconf 88' lang='lat' dir='ltr'>Oxon.Fux.</span> <span class='ocrx_word' id='word_1_520' title='bbox 1785 2920 1884 2960; x_wconf 84' lang='lat' dir='ltr'>Pitb.</span> <span class='ocrx_word' id='word_1_521' title='bbox 1905 2921 2055 2968; x_wconf 69' lang='lat' dir='ltr'>Gueffi,</span> <span class='ocrx_word' id='word_1_522' title='bbox 2081 2936 2156 2961; x_wconf 90' lang='lat' dir='ltr'>non</span> 
     </span>
     <span class='ocr_line' id='line_1_89' title="bbox 1283 2977 2157 3029; baseline -0.002 -11"><span class='ocrx_word' id='word_1_523' title='bbox 1283 2979 1444 3025; x_wconf 86' lang='lat' dir='ltr'>indicat,</span> <span class='ocrx_word' id='word_1_524' title='bbox 1468 2979 1544 3017; x_wconf 86' lang='lat' dir='ltr'>hos</span> <span class='ocrx_word' id='word_1_525' title='bbox 1569 2978 1681 3017; x_wconf 84' lang='lat' dir='ltr'>codd.</span> <span class='ocrx_word' id='word_1_526' title='bbox 1706 2977 1932 3029; x_wconf 87' lang='lat' dir='ltr'>adstipulari</span> <span class='ocrx_word' id='word_1_527' title='bbox 1958 2978 2046 3018; x_wconf 85' lang='lat' dir='ltr'>edd.</span> <span class='ocrx_word' id='word_1_528' title='bbox 2060 2978 2157 3018; x_wconf 78' lang='lat' dir='ltr'>lunt.</span> 
     </span>
     <span class='ocr_line' id='line_1_90' title="bbox 1286 3034 2157 3086; baseline 0 -12"><span class='ocrx_word' id='word_1_529' title='bbox 1286 3036 1360 3075; x_wconf 89' lang='lat' dir='ltr'>sed</span> <span class='ocrx_word' id='word_1_530' title='bbox 1395 3036 1614 3074; x_wconf 86' lang='lat' dir='ltr'>sententiae</span> <span class='ocrx_word' id='word_1_531' title='bbox 1651 3034 1768 3080; x_wconf 67' lang='lat' dir='ltr'>Etm„</span> <span class='ocrx_word' id='word_1_532' title='bbox 1807 3035 1871 3086; x_wconf 88' lang='lat' dir='ltr'>qui</span> <span class='ocrx_word' id='word_1_533' title='bbox 1908 3038 2157 3075; x_wconf 79' lang='lat' dir='ltr'>revocaverat</span> 
     </span>
     <span class='ocr_line' id='line_1_91' title="bbox 1286 3090 2157 3146; baseline -0.001 -15"><span class='ocrx_word' id='word_1_534' title='bbox 1286 3093 1627 3146; x_wconf 83' lang='lat' dir='ltr'>praepositionem.</span> <span class='ocrx_word' id='word_1_535' title='bbox 1654 3090 1704 3129; x_wconf 84' lang='lat' dir='ltr'>Et</span> <span class='ocrx_word' id='word_1_536' title='bbox 1727 3091 1802 3141; x_wconf 86' lang='lat' dir='ltr'>ipsi</span> <span class='ocrx_word' id='word_1_537' title='bbox 1826 3090 1918 3129; x_wconf 85' lang='lat' dir='ltr'>mibi</span> <span class='ocrx_word' id='word_1_538' title='bbox 1938 3092 2061 3131; x_wconf 86' lang='lat' dir='ltr'>oculis</span> <span class='ocrx_word' id='word_1_539' title='bbox 2074 3105 2157 3143; x_wconf 87' lang='lat' dir='ltr'>per-</span> 
     </span>
     <span class='ocr_line' id='line_1_92' title="bbox 1287 3146 2158 3194; baseline 0 -6"><span class='ocrx_word' id='word_1_540' title='bbox 1287 3163 1448 3188; x_wconf 86' lang='lat' dir='ltr'>suasum</span> <span class='ocrx_word' id='word_1_541' title='bbox 1480 3151 1560 3194; x_wconf 85' lang='lat' dir='ltr'>est,</span> <span class='ocrx_word' id='word_1_542' title='bbox 1593 3148 1628 3185; x_wconf 91' lang='lat' dir='ltr'>in</span> <span class='ocrx_word' id='word_1_543' title='bbox 1655 3146 1717 3186; x_wconf 88' lang='lat' dir='ltr'>Fl.</span> <span class='ocrx_word' id='word_1_544' title='bbox 1748 3152 1780 3188; x_wconf 90' lang='grc'>1.</span> <span class='ocrx_word' id='word_1_545' title='bbox 1813 3147 1942 3187; x_wconf 80' lang='lat' dir='ltr'>Guell&#39;.</span> <span class='ocrx_word' id='word_1_546' title='bbox 1970 3148 2073 3188; x_wconf 79' lang='lat' dir='ltr'>Bert.</span> <span class='ocrx_word' id='word_1_547' title='bbox 2098 3148 2158 3188; x_wconf 77' lang='lat' dir='ltr'>ad</span> 
     </span>
    </p>
   </div>
  </div>
 </body>
</html>
