<?xml version="1.0" encoding="UTF-8"?>
<!DOCTYPE html PUBLIC "-//W3C//DTD XHTML 1.0 Transitional//EN"
    "http://www.w3.org/TR/xhtml1/DTD/xhtml1-transitional.dtd">
<html xmlns="http://www.w3.org/1999/xhtml" xml:lang="en" lang="en">
 <head>
  <title>
</title>
<meta http-equiv="Content-Type" content="text/html;charset=utf-8" />
  <meta name='ocr-system' content='tesseract 3.04.00' />
  <meta name='ocr-capabilities' content='ocr_page ocr_carea ocr_par ocr_line ocrx_word'/>
</head>
<body>
  <div class='ocr_page' id='page_1' title='image "./operaomnia01apuluoft/operaomnia01apuluoft_0191.png"; bbox 0 0 2155 3590; ppageno 0'>
   <div class='ocr_carea' id='block_1_1' title="bbox 69 118 1860 403">
    <p class='ocr_par' dir='ltr' id='par_1_1' title="bbox 69 118 1860 403">
     <span class='ocr_line' id='line_1_1' title="bbox 614 118 1854 164; baseline -0.004 0"><span class='ocrx_word' id='word_1_1' title='bbox 614 123 802 164; x_wconf 87' lang='lat' dir='ltr'>LIBER</span> <span class='ocrx_word' id='word_1_2' title='bbox 830 124 860 164; x_wconf 92' lang='lat' dir='ltr'>l.</span> <span class='ocrx_word' id='word_1_3' title='bbox 918 122 1046 163; x_wconf 90' lang='lat' dir='ltr'>CAP.</span> <span class='ocrx_word' id='word_1_4' title='bbox 1075 121 1168 162; x_wconf 88' lang='lat' dir='ltr'>XX.</span> <span class='ocrx_word' id='word_1_5' title='bbox 1199 121 1306 161; x_wconf 85' lang='lat' dir='ltr'>XXI.</span> <span class='ocrx_word' id='word_1_6' title='bbox 1803 118 1854 160; x_wconf 84' lang='lat'>61</span> 
     </span>
     <span class='ocr_line' id='line_1_2' title="bbox 69 230 1858 290; baseline -0.005 -12"><span class='ocrx_word' id='word_1_7' title='bbox 69 236 192 278; x_wconf 85' lang='lat' dir='ltr'>evasi.</span> <span class='ocrx_word' id='word_1_8' title='bbox 255 235 343 290; x_wconf 81' lang='lat' dir='ltr'>Quo</span> <span class='ocrx_word' id='word_1_9' title='bbox 368 235 555 277; x_wconf 84' lang='lat' dir='ltr'>beneficio</span> <span class='ocrx_word' id='word_1_10' title='bbox 581 236 699 276; x_wconf 90' lang='lat' dir='ltr'>etiam</span> <span class='ocrx_word' id='word_1_11' title='bbox 729 236 836 277; x_wconf 90' lang='lat' dir='ltr'>illum</span> <span class='ocrx_word' id='word_1_12' title='bbox 866 243 1064 277; x_wconf 84' lang='lat' dir='ltr'>vectorem</span> <span class='ocrx_word' id='word_1_13' title='bbox 1095 247 1222 274; x_wconf 90' lang='lat' dir='ltr'>meum</span> <span class='ocrx_word' id='word_1_14' title='bbox 1254 232 1370 273; x_wconf 89' lang='lat' dir='ltr'>credo</span> <span class='ocrx_word' id='word_1_15' title='bbox 1400 230 1562 282; x_wconf 79' lang='lat' dir='ltr'>laetari,</span> <span class='ocrx_word' id='word_1_16' title='bbox 1600 232 1686 272; x_wconf 89' lang='lat' dir='ltr'>sine</span> <span class='ocrx_word' id='word_1_17' title='bbox 1717 230 1858 284; x_wconf 83' lang='lat' dir='ltr'>fatiga-</span> 
     </span>
     <span class='ocr_line' id='line_1_3' title="bbox 69 286 1860 347; baseline -0.004 -14"><span class='ocrx_word' id='word_1_18' title='bbox 69 293 175 333; x_wconf 84' lang='lat' dir='ltr'><strong>tione</strong></span> <span class='ocrx_word' id='word_1_19' title='bbox 199 292 260 333; x_wconf 92' lang='lat' dir='ltr'>sui</span> <span class='ocrx_word' id='word_1_20' title='bbox 284 307 345 334; x_wconf 89' lang='lat' dir='ltr'>me</span> <span class='ocrx_word' id='word_1_21' title='bbox 369 306 492 347; x_wconf 86' lang='lat' dir='ltr'>usque</span> <span class='ocrx_word' id='word_1_22' title='bbox 517 292 564 332; x_wconf 87' lang='lat' dir='ltr'>ad</span> <span class='ocrx_word' id='word_1_23' title='bbox 590 292 705 333; x_wconf 89' lang='lat' dir='ltr'>istam</span> <span class='ocrx_word' id='word_1_24' title='bbox 730 293 902 334; x_wconf 87' lang='lat' dir='ltr'>civitatis</span> <span class='ocrx_word' id='word_1_25' title='bbox 927 299 1078 347; x_wconf 87' lang='lat' dir='ltr'>portam</span> <span class='ocrx_word' id='word_1_26' title='bbox 1104 305 1182 330; x_wconf 92' lang='lat' dir='ltr'>non</span> <span class='ocrx_word' id='word_1_27' title='bbox 1208 290 1324 330; x_wconf 88' lang='lat' dir='ltr'>dorso</span> <span class='ocrx_word' id='word_1_28' title='bbox 1349 288 1454 328; x_wconf 88' lang='lat' dir='ltr'>illius</span> <span class='ocrx_word' id='word_1_29' title='bbox 1479 288 1547 328; x_wconf 88' lang='lat' dir='ltr'>sed</span> <span class='ocrx_word' id='word_1_30' title='bbox 1578 287 1674 328; x_wconf 88' lang='lat' dir='ltr'>meis</span> <span class='ocrx_word' id='word_1_31' title='bbox 1700 286 1860 327; x_wconf 89' lang='lat' dir='ltr'>auribus</span> 
     </span>
     <span class='ocr_line' id='line_1_4' title="bbox 69 355 270 403; baseline 0 -14"><span class='ocrx_word' id='word_1_32' title='bbox 69 355 270 403; x_wconf 88' lang='lat' dir='ltr'>provecto.</span> 
     </span>
    </p>
   </div>
   <div class='ocr_carea' id='block_1_2' title="bbox 621 496 1316 546">
    <p class='ocr_par' dir='ltr' id='par_1_2' title="bbox 621 496 1316 546">
     <span class='ocr_line' id='line_1_5' title="bbox 621 496 1316 546; baseline -0.004 0"><span class='ocrx_word' id='word_1_33' title='bbox 621 498 1058 546; x_wconf 91' lang='lat' dir='ltr'><strong>CAPUT</strong></span> <span class='ocrx_word' id='word_1_34' title='bbox 1150 496 1316 543; x_wconf 92' lang='lat' dir='ltr'><strong>XXI.</strong></span> 
     </span>
    </p>
   </div>
   <div class='ocr_carea' id='block_1_3' title="bbox 71 625 1935 910">
    <p class='ocr_par' dir='ltr' id='par_1_3' title="bbox 71 625 1935 910">
     <span class='ocr_line' id='line_1_6' title="bbox 182 625 1865 671; baseline -0.003 -1"><span class='ocrx_word' id='word_1_35' title='bbox 182 628 222 670; x_wconf 93' lang='lat' dir='ltr'>Is</span> <span class='ocrx_word' id='word_1_36' title='bbox 252 630 340 670; x_wconf 91' lang='lat' dir='ltr'>finis</span> <span class='ocrx_word' id='word_1_37' title='bbox 372 630 484 670; x_wconf 91' lang='lat' dir='ltr'>nobis</span> <span class='ocrx_word' id='word_1_38' title='bbox 516 636 555 670; x_wconf 88' lang='lat' dir='ltr'>et</span> <span class='ocrx_word' id='word_1_39' title='bbox 584 630 778 670; x_wconf 89' lang='lat' dir='ltr'>sermonis</span> <span class='ocrx_word' id='word_1_40' title='bbox 811 638 851 671; x_wconf 87' lang='lat' dir='ltr'>et</span> <span class='ocrx_word' id='word_1_41' title='bbox 874 630 1028 671; x_wconf 87' lang='lat' dir='ltr'>itineris</span> <span class='ocrx_word' id='word_1_42' title='bbox 1060 628 1275 670; x_wconf 86' lang='lat' dir='ltr'>communis</span> <span class='ocrx_word' id='word_1_43' title='bbox 1302 627 1389 670; x_wconf 85' lang='lat' dir='ltr'>fuit.</span> <span class='ocrx_word' id='word_1_44' title='bbox 1449 625 1556 668; x_wconf 84' lang='lat' dir='ltr'>Nam</span> <span class='ocrx_word' id='word_1_45' title='bbox 1581 626 1742 667; x_wconf 81' lang='lat' dir='ltr'><strong>comites</strong></span> <span class='ocrx_word' id='word_1_46' title='bbox 1769 626 1865 665; x_wconf 89' lang='lat' dir='ltr'>utri-</span> 
     </span>
     <span class='ocr_line' id='line_1_7' title="bbox 71 682 1866 741; baseline -0.003 -14"><span class='ocrx_word' id='word_1_47' title='bbox 71 700 145 740; x_wconf 89' lang='lat' dir='ltr'>que</span> <span class='ocrx_word' id='word_1_48' title='bbox 181 687 230 726; x_wconf 88' lang='lat' dir='ltr'>ad</span> <span class='ocrx_word' id='word_1_49' title='bbox 258 686 432 728; x_wconf 91' lang='lat' dir='ltr'>villulam</span> <span class='ocrx_word' id='word_1_50' title='bbox 462 686 683 741; x_wconf 77' lang='lat' dir='ltr'>proximam</span> <span class='ocrx_word' id='word_1_51' title='bbox 713 687 938 727; x_wconf 88' lang='lat' dir='ltr'>laevorsum</span> <span class='ocrx_word' id='word_1_52' title='bbox 975 687 1170 727; x_wconf 82' lang='lat' dir='ltr'>abierunt.</span> <span class='ocrx_word' id='word_1_53' title='bbox 1231 683 1320 738; x_wconf 86' lang='lat' dir='ltr'>Ego</span> <span class='ocrx_word' id='word_1_54' title='bbox 1349 697 1446 725; x_wconf 88' lang='lat' dir='ltr'>vero</span> <span class='ocrx_word' id='word_1_55' title='bbox 1477 683 1579 736; x_wconf 85' lang='lat' dir='ltr'>quod</span> <span class='ocrx_word' id='word_1_56' title='bbox 1610 683 1776 737; x_wconf 87' lang='lat' dir='ltr'>primum</span> <span class='ocrx_word' id='word_1_57' title='bbox 1807 682 1866 721; x_wconf 89' lang='lat' dir='ltr'>in-</span> 
     </span>
     <span class='ocr_line' id='line_1_8' title="bbox 72 739 1867 797; baseline -0.003 -15"><span class='ocrx_word' id='word_1_58' title='bbox 72 756 212 797; x_wconf 85' lang='lat' dir='ltr'>gressu</span> <span class='ocrx_word' id='word_1_59' title='bbox 236 743 429 783; x_wconf 90' lang='lat' dir='ltr'>stabulum</span> <span class='ocrx_word' id='word_1_60' title='bbox 456 743 702 797; x_wconf 78' lang='lat' dir='ltr'>conspicatus</span> <span class='ocrx_word' id='word_1_61' title='bbox 728 757 829 794; x_wconf 83' lang='lat' dir='ltr'>sum,</span> <span class='ocrx_word' id='word_1_62' title='bbox 857 743 1008 783; x_wconf 77' lang='lat' dir='ltr'><strong>accessi</strong></span> <span class='ocrx_word' id='word_1_63' title='bbox 1032 749 1072 783; x_wconf 87' lang='lat' dir='ltr'>et</span> <span class='ocrx_word' id='word_1_64' title='bbox 1095 743 1142 782; x_wconf 90' lang='lat' dir='ltr'>de</span> <span class='ocrx_word' id='word_1_65' title='bbox 1167 742 1330 795; x_wconf 84' lang='lat' dir='ltr'>quadam</span> <span class='ocrx_word' id='word_1_66' title='bbox 1352 754 1430 780; x_wconf 91' lang='lat' dir='ltr'>anu</span> <span class='ocrx_word' id='word_1_67' title='bbox 1449 753 1627 794; x_wconf 80' lang='lat' dir='ltr'>caupona</span> <span class='ocrx_word' id='word_1_68' title='bbox 1650 739 1754 779; x_wconf 88' lang='lat' dir='ltr'>illico</span> <span class='ocrx_word' id='word_1_69' title='bbox 1781 752 1867 792; x_wconf 85' lang='lat' dir='ltr'>per-</span> 
     </span>
     <span class='ocr_line' id='line_1_9' title="bbox 71 794 1935 855; baseline -0.003 -17"><span class='ocrx_word' id='word_1_70' title='bbox 71 806 226 839; x_wconf 86' lang='lat' dir='ltr'>contor:</span> <span class='ocrx_word' id='word_1_71' title='bbox 268 798 411 849; x_wconf 83' lang='lat' dir='ltr'>Estne,</span> <span class='ocrx_word' id='word_1_72' title='bbox 449 799 629 852; x_wconf 85' lang='lat' dir='ltr'>inquam,</span> <span class='ocrx_word' id='word_1_73' title='bbox 669 799 828 855; x_wconf 82' lang='lat' dir='ltr'>Hypata</span> <span class='ocrx_word' id='word_1_74' title='bbox 865 800 960 840; x_wconf 86' lang='lat' dir='ltr'>haec</span> <span class='ocrx_word' id='word_1_75' title='bbox 997 799 1072 839; x_wconf 88' lang='lat' dir='ltr'>civi</span> <span class='ocrx_word' id='word_1_76' title='bbox 1093 797 1100 855; x_wconf 86' lang='grc' dir='ltr'>Ι</span> <span class='ocrx_word' id='word_1_77' title='bbox 1121 800 1206 838; x_wconf 83' lang='lat' dir='ltr'>tas?</span> <span class='ocrx_word' id='word_1_78' title='bbox 1240 797 1409 838; x_wconf 83' lang='lat' dir='ltr'>Annuit.</span> <span class='ocrx_word' id='word_1_79' title='bbox 1469 795 1641 837; x_wconf 84' lang='lat' dir='ltr'>Nostine</span> <span class='ocrx_word' id='word_1_80' title='bbox 1676 794 1866 836; x_wconf 84' lang='lat' dir='ltr'>Milonem</span> <span class='ocrx_word' id='word_1_81' title='bbox 1893 801 1935 834; x_wconf 83' lang='grc'>66</span> 
     </span>
     <span class='ocr_line' id='line_1_10' title="bbox 71 851 1866 910; baseline -0.002 -15"><span class='ocrx_word' id='word_1_82' title='bbox 71 855 262 908; x_wconf 83' lang='lat' dir='ltr'>quendam</span> <span class='ocrx_word' id='word_1_83' title='bbox 299 869 320 896; x_wconf 88' lang='lat' dir='ltr'>e</span> <span class='ocrx_word' id='word_1_84' title='bbox 356 856 617 910; x_wconf 80' lang='lat' dir='ltr'>primoribus?</span> <span class='ocrx_word' id='word_1_85' title='bbox 657 856 822 896; x_wconf 85' lang='lat' dir='ltr'>Arrisit.</span> <span class='ocrx_word' id='word_1_86' title='bbox 885 854 939 895; x_wconf 89' lang='lat' dir='ltr'>Et</span> <span class='ocrx_word' id='word_1_87' title='bbox 973 869 1089 906; x_wconf 83' lang='lat' dir='ltr'>vere,</span> <span class='ocrx_word' id='word_1_88' title='bbox 1128 854 1275 908; x_wconf 82' lang='lat' dir='ltr'>inquit⁷</span> <span class='ocrx_word' id='word_1_89' title='bbox 1315 853 1463 908; x_wconf 89' lang='lat' dir='ltr'>primus</span> <span class='ocrx_word' id='word_1_90' title='bbox 1500 852 1588 893; x_wconf 87' lang='lat' dir='ltr'>istic</span> <span class='ocrx_word' id='word_1_91' title='bbox 1625 851 1866 907; x_wconf 74' lang='lat' dir='ltr'>perhibetur.</span> 
     </span>
    </p>
   </div>
   <div class='ocr_carea' id='block_1_4' title="bbox 71 967 1874 1414">
    <p class='ocr_par' dir='ltr' id='par_1_4' title="bbox 71 967 1870 1055">
     <span class='ocr_line' id='line_1_11' title="bbox 74 967 1870 1011; baseline -0.002 -11"><span class='ocrx_word' id='word_1_92' title='bbox 74 970 172 1008; x_wconf 71' lang='lat' dir='ltr'>Quod</span> <span class='ocrx_word' id='word_1_93' title='bbox 188 969 381 1009; x_wconf 76' lang='lat' dir='ltr'>beneficium</span> <span class='ocrx_word' id='word_1_94' title='bbox 400 974 437 1002; x_wconf 86' lang='lat' dir='ltr'>F.</span> <span class='ocrx_word' id='word_1_95' title='bbox 454 975 482 1002; x_wconf 88' lang='lat'>1.</span> <span class='ocrx_word' id='word_1_96' title='bbox 501 974 538 1002; x_wconf 90' lang='lat' dir='ltr'>B.</span> <span class='ocrx_word' id='word_1_97' title='bbox 559 973 686 1002; x_wconf 66' lang='lat' dir='ltr'>vicent.</span> <span class='ocrx_word' id='word_1_98' title='bbox 708 971 796 1011; x_wconf 81' lang='lat' dir='ltr'>quod</span> <span class='ocrx_word' id='word_1_99' title='bbox 812 970 971 1009; x_wconf 80' lang='lat' dir='ltr'>beneficio</span> <span class='ocrx_word' id='word_1_100' title='bbox 990 974 1026 1000; x_wconf 82' lang='lat' dir='ltr'>F.</span> <span class='ocrx_word' id='word_1_101' title='bbox 1041 974 1071 1001; x_wconf 84' lang='lat'>3.</span> <span class='ocrx_word' id='word_1_102' title='bbox 1103 974 1140 1001; x_wconf 88' lang='lat' dir='ltr'>In</span> <span class='ocrx_word' id='word_1_103' title='bbox 1159 974 1231 1000; x_wconf 79' lang='lat' dir='ltr'>cett.</span> <span class='ocrx_word' id='word_1_104' title='bbox 1250 974 1297 1000; x_wconf 80' lang='lat' dir='ltr'>est</span> <span class='ocrx_word' id='word_1_105' title='bbox 1318 979 1381 1008; x_wconf 77' lang='lat' dir='ltr'>qno</span> <span class='ocrx_word' id='word_1_106' title='bbox 1400 967 1558 1006; x_wconf 78' lang='lat' dir='ltr'>beneficio</span> <span class='ocrx_word' id='word_1_107' title='bbox 1578 973 1612 998; x_wconf 86' lang='lat' dir='ltr'>ut</span> <span class='ocrx_word' id='word_1_108' title='bbox 1633 971 1669 998; x_wconf 85' lang='lat' dir='ltr'>G.</span> <span class='ocrx_word' id='word_1_109' title='bbox 1688 970 1727 998; x_wconf 86' lang='lat' dir='ltr'>D.</span> <span class='ocrx_word' id='word_1_110' title='bbox 1748 971 1783 998; x_wconf 92' lang='grc'>0.</span> <span class='ocrx_word' id='word_1_111' title='bbox 1798 969 1818 997; x_wconf 90' lang='lat' dir='ltr'>f.</span> <span class='ocrx_word' id='word_1_112' title='bbox 1833 970 1870 997; x_wconf 83' lang='lat' dir='ltr'>R.</span> 
     </span>
     <span class='ocr_line' id='line_1_12' title="bbox 71 1017 1585 1055; baseline -0.001 -11"><span class='ocrx_word' id='word_1_113' title='bbox 71 1017 173 1045; x_wconf 75' lang='lat' dir='ltr'>istum</span> <span class='ocrx_word' id='word_1_114' title='bbox 187 1017 210 1046; x_wconf 82' lang='lat' dir='ltr'>f.</span> <span class='ocrx_word' id='word_1_115' title='bbox 257 1026 382 1046; x_wconf 76' lang='lat' dir='ltr'>mecum</span> <span class='ocrx_word' id='word_1_116' title='bbox 394 1019 433 1046; x_wconf 92' lang='lat' dir='ltr'>D.</span> <span class='ocrx_word' id='word_1_117' title='bbox 447 1025 467 1046; x_wconf 86' lang='lat' dir='ltr'>a</span> <span class='ocrx_word' id='word_1_118' title='bbox 479 1026 519 1047; x_wconf 89' lang='lat' dir='ltr'>m.</span> <span class='ocrx_word' id='word_1_119' title='bbox 534 1027 564 1053; x_wconf 81' lang='lat' dir='ltr'>p.</span> <span class='ocrx_word' id='word_1_120' title='bbox 607 1022 767 1055; x_wconf 79' lang='lat' dir='ltr'>pervecto</span> <span class='ocrx_word' id='word_1_121' title='bbox 783 1020 818 1046; x_wconf 87' lang='lat' dir='ltr'>G.</span> <span class='ocrx_word' id='word_1_122' title='bbox 833 1019 868 1047; x_wconf 87' lang='lat' dir='ltr'>P.</span> <span class='ocrx_word' id='word_1_123' title='bbox 884 1019 918 1046; x_wconf 91' lang='grc' dir='ltr'>Ο.</span> <span class='ocrx_word' id='word_1_124' title='bbox 934 1024 970 1045; x_wconf 84' lang='grc' dir='ltr'>π.</span> <span class='ocrx_word' id='word_1_125' title='bbox 1013 1020 1174 1053; x_wconf 76' lang='lat' dir='ltr'>provecto</span> <span class='ocrx_word' id='word_1_126' title='bbox 1188 1018 1224 1045; x_wconf 85' lang='lat' dir='ltr'>F.</span> <span class='ocrx_word' id='word_1_127' title='bbox 1240 1018 1268 1044; x_wconf 88' lang='lat'>1.</span> <span class='ocrx_word' id='word_1_128' title='bbox 1283 1018 1312 1044; x_wconf 96' lang='grc'>3.</span> <span class='ocrx_word' id='word_1_129' title='bbox 1328 1017 1365 1044; x_wconf 92' lang='lat' dir='ltr'>D.</span> <span class='ocrx_word' id='word_1_130' title='bbox 1380 1020 1408 1044; x_wconf 83' lang='lat' dir='ltr'>et</span> <span class='ocrx_word' id='word_1_131' title='bbox 1424 1017 1494 1044; x_wconf 76' lang='lat' dir='ltr'>edd.</span> <span class='ocrx_word' id='word_1_132' title='bbox 1507 1018 1585 1044; x_wconf 83' lang='lat' dir='ltr'>vett.</span> 
     </span>
    </p>

    <p class='ocr_par' dir='ltr' id='par_1_5' title="bbox 71 1057 1874 1414">
     <span class='ocr_line' id='line_1_13' title="bbox 163 1057 1874 1099; baseline -0.003 -9"><span class='ocrx_word' id='word_1_133' title='bbox 163 1070 271 1090; x_wconf 82' lang='lat' dir='ltr'>comes</span> <span class='ocrx_word' id='word_1_134' title='bbox 290 1064 327 1091; x_wconf 92' lang='lat' dir='ltr'>D.</span> <span class='ocrx_word' id='word_1_135' title='bbox 349 1070 369 1091; x_wconf 86' lang='lat' dir='ltr'>a</span> <span class='ocrx_word' id='word_1_136' title='bbox 387 1071 427 1091; x_wconf 88' lang='lat' dir='ltr'>m.</span> <span class='ocrx_word' id='word_1_137' title='bbox 442 1072 471 1098; x_wconf 81' lang='lat' dir='ltr'>p.</span> <span class='ocrx_word' id='word_1_138' title='bbox 486 1064 543 1091; x_wconf 83' lang='lat' dir='ltr'>sed</span> <span class='ocrx_word' id='word_1_139' title='bbox 557 1063 590 1091; x_wconf 85' lang='lat' dir='ltr'>in</span> <span class='ocrx_word' id='word_1_140' title='bbox 604 1071 704 1099; x_wconf 83' lang='lat' dir='ltr'>marg.</span> <span class='ocrx_word' id='word_1_141' title='bbox 719 1063 855 1091; x_wconf 71' lang='lat' dir='ltr'>comites</span> <span class='ocrx_word' id='word_1_142' title='bbox 869 1070 890 1091; x_wconf 85' lang='lat' dir='ltr'>a</span> <span class='ocrx_word' id='word_1_143' title='bbox 902 1071 942 1091; x_wconf 91' lang='lat' dir='ltr'>m.</span> <span class='ocrx_word' id='word_1_144' title='bbox 957 1071 984 1091; x_wconf 89' lang='lat' dir='ltr'>s.</span> <span class='ocrx_word' id='word_1_145' title='bbox 1032 1065 1174 1099; x_wconf 80' lang='lat' dir='ltr'>uterque</span> <span class='ocrx_word' id='word_1_146' title='bbox 1186 1063 1222 1090; x_wconf 78' lang='lat' dir='ltr'>F.</span> <span class='ocrx_word' id='word_1_147' title='bbox 1237 1063 1267 1089; x_wconf 87' lang='lat'>3.</span> <span class='ocrx_word' id='word_1_148' title='bbox 1280 1063 1363 1090; x_wconf 83' lang='lat' dir='ltr'>Iunt.</span> <span class='ocrx_word' id='word_1_149' title='bbox 1378 1063 1409 1089; x_wconf 79' lang='lat'>2.</span> <span class='ocrx_word' id='word_1_150' title='bbox 1433 1062 1470 1089; x_wconf 92' lang='lat' dir='ltr'>In</span> <span class='ocrx_word' id='word_1_151' title='bbox 1484 1060 1620 1094; x_wconf 85' lang='lat' dir='ltr'>reliquis</span> <span class='ocrx_word' id='word_1_152' title='bbox 1634 1059 1779 1097; x_wconf 75' lang='lat' dir='ltr'>utrique.</span> <span class='ocrx_word' id='word_1_153' title='bbox 1829 1057 1874 1086; x_wconf 78' lang='lat' dir='ltr'>ad</span> 
     </span>
     <span class='ocr_line' id='line_1_14' title="bbox 72 1105 1873 1144; baseline -0.002 -8"><span class='ocrx_word' id='word_1_154' title='bbox 72 1106 188 1136; x_wconf 70' lang='lat' dir='ltr'>villam</span> <span class='ocrx_word' id='word_1_155' title='bbox 202 1108 399 1144; x_wconf 60' lang='lat' dir='ltr'>pros-imam</span> <span class='ocrx_word' id='word_1_156' title='bbox 418 1109 455 1137; x_wconf 86' lang='lat' dir='ltr'>P.</span> <span class='ocrx_word' id='word_1_157' title='bbox 475 1109 508 1136; x_wconf 89' lang='lat' dir='ltr'>in</span> <span class='ocrx_word' id='word_1_158' title='bbox 527 1109 692 1143; x_wconf 80' lang='lat' dir='ltr'>excerptis</span> <span class='ocrx_word' id='word_1_159' title='bbox 711 1109 790 1137; x_wconf 79' lang='lat' dir='ltr'>Oud.</span> <span class='ocrx_word' id='word_1_160' title='bbox 809 1108 847 1136; x_wconf 91' lang='lat' dir='ltr'>D.</span> <span class='ocrx_word' id='word_1_161' title='bbox 867 1116 903 1136; x_wconf 88' lang='grc' dir='ltr'>π.</span> <span class='ocrx_word' id='word_1_162' title='bbox 924 1106 971 1134; x_wconf 77' lang='lat' dir='ltr'>ad</span> <span class='ocrx_word' id='word_1_163' title='bbox 987 1106 1139 1134; x_wconf 71' lang='lat' dir='ltr'>villulam</span> <span class='ocrx_word' id='word_1_164' title='bbox 1152 1106 1349 1143; x_wconf 57' lang='lat' dir='ltr'>promimum</span> <span class='ocrx_word' id='word_1_165' title='bbox 1368 1107 1403 1134; x_wconf 86' lang='lat' dir='ltr'>F.</span> <span class='ocrx_word' id='word_1_166' title='bbox 1419 1107 1449 1134; x_wconf 88' lang='grc'>3.</span> <span class='ocrx_word' id='word_1_167' title='bbox 1469 1105 1491 1134; x_wconf 86' lang='lat' dir='ltr'>f.</span> <span class='ocrx_word' id='word_1_168' title='bbox 1506 1107 1542 1134; x_wconf 78' lang='lat' dir='ltr'>G.</span> <span class='ocrx_word' id='word_1_169' title='bbox 1557 1106 1591 1133; x_wconf 86' lang='lat' dir='ltr'>P.</span> <span class='ocrx_word' id='word_1_170' title='bbox 1599 1105 1639 1133; x_wconf 58' lang='lat' dir='ltr'>*in</span> <span class='ocrx_word' id='word_1_171' title='bbox 1653 1107 1727 1133; x_wconf 91' lang='lat' dir='ltr'>coll.</span> <span class='ocrx_word' id='word_1_172' title='bbox 1740 1106 1873 1133; x_wconf 75' lang='lat' dir='ltr'>Pntscli.</span> 
     </span>
     <span class='ocr_line' id='line_1_15' title="bbox 72 1150 1872 1189; baseline -0.002 -8"><span class='ocrx_word' id='word_1_173' title='bbox 72 1155 108 1181; x_wconf 91' lang='lat' dir='ltr'>In</span> <span class='ocrx_word' id='word_1_174' title='bbox 129 1157 203 1182; x_wconf 80' lang='lat' dir='ltr'>cett.</span> <span class='ocrx_word' id='word_1_175' title='bbox 219 1152 400 1189; x_wconf 69' lang='lat' dir='ltr'>prom&#39;mas</span> <span class='ocrx_word' id='word_1_176' title='bbox 414 1151 560 1180; x_wconf 66' lang='lat' dir='ltr'>villulas.</span> <span class='ocrx_word' id='word_1_177' title='bbox 608 1152 765 1181; x_wconf 80' lang='lat' dir='ltr'>abierunt</span> <span class='ocrx_word' id='word_1_178' title='bbox 778 1154 813 1181; x_wconf 82' lang='lat' dir='ltr'>F.</span> <span class='ocrx_word' id='word_1_179' title='bbox 828 1155 858 1181; x_wconf 83' lang='lat'>3.</span> <span class='ocrx_word' id='word_1_180' title='bbox 874 1154 910 1181; x_wconf 79' lang='lat' dir='ltr'>G.</span> <span class='ocrx_word' id='word_1_181' title='bbox 923 1154 962 1180; x_wconf 93' lang='lat' dir='ltr'>D.</span> <span class='ocrx_word' id='word_1_182' title='bbox 978 1152 998 1180; x_wconf 85' lang='lat' dir='ltr'>f.</span> <span class='ocrx_word' id='word_1_183' title='bbox 1014 1160 1043 1186; x_wconf 84' lang='lat' dir='ltr'>p.</span> <span class='ocrx_word' id='word_1_184' title='bbox 1057 1159 1093 1180; x_wconf 85' lang='grc' dir='ltr'>π.</span> <span class='ocrx_word' id='word_1_185' title='bbox 1106 1154 1190 1180; x_wconf 82' lang='lat' dir='ltr'>lunt.</span> <span class='ocrx_word' id='word_1_186' title='bbox 1204 1153 1234 1180; x_wconf 82' lang='lat'>2.</span> <span class='ocrx_word' id='word_1_187' title='bbox 1260 1153 1296 1179; x_wconf 87' lang='lat' dir='ltr'>ln</span> <span class='ocrx_word' id='word_1_188' title='bbox 1311 1151 1446 1185; x_wconf 82' lang='lat' dir='ltr'>reliquis</span> <span class='ocrx_word' id='word_1_189' title='bbox 1459 1150 1583 1179; x_wconf 74' lang='lat' dir='ltr'>abiere.</span> <span class='ocrx_word' id='word_1_190' title='bbox 1632 1157 1782 1178; x_wconf 77' lang='lat' dir='ltr'>seorsum</span> <span class='ocrx_word' id='word_1_191' title='bbox 1795 1151 1872 1178; x_wconf 62' lang='lat' dir='ltr'>Alit.</span> 
     </span>
     <span class='ocr_line' id='line_1_16' title="bbox 71 1194 1873 1235; baseline -0.002 -9"><span class='ocrx_word' id='word_1_192' title='bbox 71 1199 155 1226; x_wconf 80' lang='lat' dir='ltr'>lunt.</span> <span class='ocrx_word' id='word_1_193' title='bbox 172 1200 199 1227; x_wconf 83' lang='lat'>1.</span> <span class='ocrx_word' id='word_1_194' title='bbox 247 1197 419 1235; x_wconf 78' lang='lat' dir='ltr'>ingressus</span> <span class='ocrx_word' id='word_1_195' title='bbox 432 1199 468 1228; x_wconf 83' lang='lat' dir='ltr'>F.</span> <span class='ocrx_word' id='word_1_196' title='bbox 482 1199 511 1226; x_wconf 86' lang='lat'>3.</span> <span class='ocrx_word' id='word_1_197' title='bbox 527 1200 562 1226; x_wconf 87' lang='lat' dir='ltr'>G.</span> <span class='ocrx_word' id='word_1_198' title='bbox 576 1199 612 1226; x_wconf 89' lang='grc' dir='ltr'>Ρ.</span> <span class='ocrx_word' id='word_1_199' title='bbox 627 1200 663 1226; x_wconf 93' lang='lat' dir='ltr'>L.</span> <span class='ocrx_word' id='word_1_200' title='bbox 678 1199 714 1227; x_wconf 90' lang='lat' dir='ltr'>B.</span> <span class='ocrx_word' id='word_1_201' title='bbox 730 1207 759 1232; x_wconf 80' lang='lat' dir='ltr'>p.</span> <span class='ocrx_word' id='word_1_202' title='bbox 776 1198 796 1226; x_wconf 84' lang='lat' dir='ltr'>f.</span> <span class='ocrx_word' id='word_1_203' title='bbox 810 1200 848 1226; x_wconf 88' lang='lat' dir='ltr'>R.</span> <span class='ocrx_word' id='word_1_204' title='bbox 862 1199 897 1226; x_wconf 90' lang='lat'>0.</span> <span class='ocrx_word' id='word_1_205' title='bbox 912 1205 948 1225; x_wconf 82' lang='grc' dir='ltr'>π.</span> <span class='ocrx_word' id='word_1_206' title='bbox 980 1197 1060 1225; x_wconf 83' lang='lat' dir='ltr'>Celt.</span> <span class='ocrx_word' id='word_1_207' title='bbox 1076 1199 1194 1225; x_wconf 78' lang='lat' dir='ltr'>habent</span> <span class='ocrx_word' id='word_1_208' title='bbox 1207 1197 1372 1233; x_wconf 70' lang='lat' dir='ltr'>ingressu.</span> <span class='ocrx_word' id='word_1_209' title='bbox 1418 1194 1603 1233; x_wconf 74' lang='lat' dir='ltr'>ingressum</span> <span class='ocrx_word' id='word_1_210' title='bbox 1618 1202 1689 1224; x_wconf 81' lang='lat' dir='ltr'>sum</span> <span class='ocrx_word' id='word_1_211' title='bbox 1702 1196 1740 1224; x_wconf 92' lang='lat' dir='ltr'>D.</span> <span class='ocrx_word' id='word_1_212' title='bbox 1755 1202 1775 1223; x_wconf 86' lang='lat' dir='ltr'>a</span> <span class='ocrx_word' id='word_1_213' title='bbox 1787 1202 1827 1223; x_wconf 91' lang='lat' dir='ltr'>m.</span> <span class='ocrx_word' id='word_1_214' title='bbox 1843 1203 1873 1229; x_wconf 83' lang='lat' dir='ltr'>p.</span> 
     </span>
     <span class='ocr_line' id='line_1_17' title="bbox 72 1240 1872 1278; baseline -0.002 -7"><span class='ocrx_word' id='word_1_215' title='bbox 72 1243 188 1272; x_wconf 82' lang='lat' dir='ltr'>deinde</span> <span class='ocrx_word' id='word_1_216' title='bbox 213 1250 284 1271; x_wconf 80' lang='lat' dir='ltr'>sum</span> <span class='ocrx_word' id='word_1_217' title='bbox 309 1244 448 1271; x_wconf 80' lang='lat' dir='ltr'>deletum</span> <span class='ocrx_word' id='word_1_218' title='bbox 473 1246 532 1271; x_wconf 83' lang='lat' dir='ltr'>est.</span> <span class='ocrx_word' id='word_1_219' title='bbox 580 1251 692 1278; x_wconf 78' lang='lat' dir='ltr'>caupa</span> <span class='ocrx_word' id='word_1_220' title='bbox 710 1244 805 1271; x_wconf 76' lang='lat' dir='ltr'>Vulc.</span> <span class='ocrx_word' id='word_1_221' title='bbox 820 1245 850 1270; x_wconf 81' lang='lat'>2.</span> <span class='ocrx_word' id='word_1_222' title='bbox 898 1245 951 1269; x_wconf 79' lang='lat' dir='ltr'>ese</span> <span class='ocrx_word' id='word_1_223' title='bbox 969 1241 1106 1278; x_wconf 77' lang='lat' dir='ltr'>inquam</span> <span class='ocrx_word' id='word_1_224' title='bbox 1126 1242 1164 1270; x_wconf 93' lang='lat' dir='ltr'>D.</span> <span class='ocrx_word' id='word_1_225' title='bbox 1184 1248 1203 1269; x_wconf 84' lang='lat' dir='ltr'>a</span> <span class='ocrx_word' id='word_1_226' title='bbox 1223 1249 1263 1269; x_wconf 93' lang='lat' dir='ltr'>m.</span> <span class='ocrx_word' id='word_1_227' title='bbox 1284 1249 1313 1275; x_wconf 87' lang='lat' dir='ltr'>p.</span> <span class='ocrx_word' id='word_1_228' title='bbox 1362 1241 1500 1277; x_wconf 70' lang='lat' dir='ltr'>inquam</span> <span class='ocrx_word' id='word_1_229' title='bbox 1519 1248 1584 1269; x_wconf 89' lang='lat' dir='ltr'>non</span> <span class='ocrx_word' id='word_1_230' title='bbox 1602 1243 1764 1275; x_wconf 82' lang='lat' dir='ltr'>comparet</span> <span class='ocrx_word' id='word_1_231' title='bbox 1784 1240 1817 1268; x_wconf 88' lang='lat' dir='ltr'>in</span> <span class='ocrx_word' id='word_1_232' title='bbox 1838 1241 1872 1267; x_wconf 86' lang='lat'>0.</span> 
     </span>
     <span class='ocr_line' id='line_1_18' title="bbox 72 1284 1874 1324; baseline -0.002 -10"><span class='ocrx_word' id='word_1_233' title='bbox 72 1286 243 1324; x_wconf 69' lang='lat' dir='ltr'>leypreaea</span> <span class='ocrx_word' id='word_1_234' title='bbox 261 1289 299 1315; x_wconf 91' lang='lat' dir='ltr'>D.</span> <span class='ocrx_word' id='word_1_235' title='bbox 320 1295 340 1316; x_wconf 88' lang='lat' dir='ltr'>a</span> <span class='ocrx_word' id='word_1_236' title='bbox 358 1296 398 1316; x_wconf 92' lang='lat' dir='ltr'>m.</span> <span class='ocrx_word' id='word_1_237' title='bbox 419 1296 447 1321; x_wconf 83' lang='lat' dir='ltr'>p.</span> <span class='ocrx_word' id='word_1_238' title='bbox 468 1285 594 1323; x_wconf 69' lang='lat' dir='ltr'>hylam</span> <span class='ocrx_word' id='word_1_239' title='bbox 611 1289 738 1317; x_wconf 79' lang='lat' dir='ltr'>Vicent.</span> <span class='ocrx_word' id='word_1_240' title='bbox 787 1285 886 1315; x_wconf 67' lang='lat' dir='ltr'>lenius</span> <span class='ocrx_word' id='word_1_241' title='bbox 904 1286 1027 1315; x_wconf 76' lang='lat' dir='ltr'>civitas</span> <span class='ocrx_word' id='word_1_242' title='bbox 1048 1294 1084 1315; x_wconf 84' lang='grc' dir='ltr'>π.</span> <span class='ocrx_word' id='word_1_243' title='bbox 1132 1286 1309 1313; x_wconf 79' lang='lat' dir='ltr'>concurrit</span> <span class='ocrx_word' id='word_1_244' title='bbox 1326 1293 1382 1319; x_wconf 87' lang='lat' dir='ltr'>pro</span> <span class='ocrx_word' id='word_1_245' title='bbox 1401 1284 1523 1312; x_wconf 70' lang='lat' dir='ltr'>annuit</span> <span class='ocrx_word' id='word_1_246' title='bbox 1542 1287 1577 1314; x_wconf 89' lang='grc' dir='ltr'>Β.</span> <span class='ocrx_word' id='word_1_247' title='bbox 1598 1287 1682 1314; x_wconf 85' lang='lat' dir='ltr'>unde</span> <span class='ocrx_word' id='word_1_248' title='bbox 1700 1286 1779 1314; x_wconf 87' lang='lat' dir='ltr'>Oud.</span> <span class='ocrx_word' id='word_1_249' title='bbox 1794 1293 1874 1312; x_wconf 79' lang='lat' dir='ltr'>con—</span> 
     </span>
     <span class='ocr_line' id='line_1_19' title="bbox 71 1330 1032 1370; baseline -0.002 -9"><span class='ocrx_word' id='word_1_250' title='bbox 71 1333 168 1370; x_wconf 78' lang='lat' dir='ltr'>gruz&#39;t</span> <span class='ocrx_word' id='word_1_251' title='bbox 184 1332 355 1361; x_wconf 82' lang='lat' dir='ltr'>divinavit.</span> <span class='ocrx_word' id='word_1_252' title='bbox 403 1340 511 1359; x_wconf 79' lang='lat' dir='ltr'>nonne</span> <span class='ocrx_word' id='word_1_253' title='bbox 525 1330 596 1360; x_wconf 75' lang='grc' dir='ltr'>ΜιἸ.</span> <span class='ocrx_word' id='word_1_254' title='bbox 610 1334 647 1361; x_wconf 88' lang='lat' dir='ltr'>R.</span> <span class='ocrx_word' id='word_1_255' title='bbox 662 1333 777 1360; x_wconf 73' lang='lat' dir='ltr'>nostri</span> <span class='ocrx_word' id='word_1_256' title='bbox 788 1331 858 1360; x_wconf 71' lang='lat' dir='ltr'>Mil.</span> <span class='ocrx_word' id='word_1_257' title='bbox 872 1333 987 1360; x_wconf 82' lang='lat' dir='ltr'>Venet.</span> <span class='ocrx_word' id='word_1_258' title='bbox 1006 1333 1032 1360; x_wconf 72' lang='lat'>4.</span> 
     </span>
     <span class='ocr_line' id='line_1_20' title="bbox 73 1376 980 1414; baseline -0.003 -7"><span class='ocrx_word' id='word_1_259' title='bbox 73 1381 199 1412; x_wconf 74' lang='lat' dir='ltr'>praeter</span> <span class='ocrx_word' id='word_1_260' title='bbox 210 1380 295 1407; x_wconf 81' lang='lat' dir='ltr'>lunt.</span> <span class='ocrx_word' id='word_1_261' title='bbox 308 1379 340 1406; x_wconf 80' lang='lat'>2.</span> <span class='ocrx_word' id='word_1_262' title='bbox 387 1376 466 1405; x_wconf 66' lang='lat' dir='ltr'>istic</span> <span class='ocrx_word' id='word_1_263' title='bbox 473 1377 605 1414; x_wconf 70' lang='lat' dir='ltr'>primus</span> <span class='ocrx_word' id='word_1_264' title='bbox 619 1379 655 1406; x_wconf 91' lang='lat' dir='ltr'>P.</span> <span class='ocrx_word' id='word_1_265' title='bbox 671 1379 706 1406; x_wconf 83' lang='lat' dir='ltr'>G.</span> <span class='ocrx_word' id='word_1_266' title='bbox 718 1377 850 1414; x_wconf 74' lang='lat' dir='ltr'>primus</span> <span class='ocrx_word' id='word_1_267' title='bbox 865 1377 928 1404; x_wconf 72' lang='lat' dir='ltr'>iste</span> <span class='ocrx_word' id='word_1_268' title='bbox 942 1379 980 1405; x_wconf 88' lang='lat' dir='ltr'>D.</span> 
     </span>
    </p>
   </div>
   <div class='ocr_carea' id='block_1_5' title="bbox 1082 1329 1874 1369">
    <p class='ocr_par' dir='ltr' id='par_1_6' title="bbox 1082 1329 1874 1369">
     <span class='ocr_line' id='line_1_21' title="bbox 1082 1329 1874 1369; baseline -0.001 -11"><span class='ocrx_word' id='word_1_269' title='bbox 1082 1329 1252 1369; x_wconf 79' lang='lat' dir='ltr'>quandam</span> <span class='ocrx_word' id='word_1_270' title='bbox 1266 1332 1315 1359; x_wconf 87' lang='lat' dir='ltr'>ed.</span> <span class='ocrx_word' id='word_1_271' title='bbox 1331 1329 1561 1367; x_wconf 71' lang='lat' dir='ltr'>pr.pri&#39;or2&#39;bus</span> <span class='ocrx_word' id='word_1_272' title='bbox 1574 1331 1610 1359; x_wconf 90' lang='lat' dir='ltr'>B.</span> <span class='ocrx_word' id='word_1_273' title='bbox 1626 1339 1655 1365; x_wconf 89' lang='lat' dir='ltr'>p.</span> <span class='ocrx_word' id='word_1_274' title='bbox 1670 1333 1699 1358; x_wconf 88' lang='lat' dir='ltr'>et</span> <span class='ocrx_word' id='word_1_275' title='bbox 1714 1331 1783 1359; x_wconf 82' lang='lat' dir='ltr'>edd.</span> <span class='ocrx_word' id='word_1_276' title='bbox 1797 1334 1874 1360; x_wconf 65' lang='lat' dir='ltr'>vett.</span> 
     </span>
    </p>
   </div>
   <div class='ocr_carea' id='block_1_6' title="bbox 71 1474 954 3162">
    <p class='ocr_par' dir='ltr' id='par_1_7' title="bbox 71 1474 946 1798">
     <span class='ocr_line' id='line_1_22' title="bbox 74 1474 943 1521; baseline -0.001 -6"><span class='ocrx_word' id='word_1_277' title='bbox 74 1476 200 1516; x_wconf 86' lang='lat' dir='ltr'>lianus</span> <span class='ocrx_word' id='word_1_278' title='bbox 227 1476 494 1515; x_wconf 82' lang='lat' dir='ltr'>emendandus</span> <span class='ocrx_word' id='word_1_279' title='bbox 526 1480 600 1521; x_wconf 79' lang='lat' dir='ltr'>est,</span> <span class='ocrx_word' id='word_1_280' title='bbox 637 1477 687 1514; x_wconf 91' lang='lat' dir='ltr'>de</span> <span class='ocrx_word' id='word_1_281' title='bbox 713 1474 879 1514; x_wconf 81' lang='lat' dir='ltr'>Patient.</span> <span class='ocrx_word' id='word_1_282' title='bbox 912 1489 943 1514; x_wconf 91' lang='lat' dir='ltr'>c.</span> 
     </span>
     <span class='ocr_line' id='line_1_23' title="bbox 78 1533 946 1584; baseline -0.003 -11"><span class='ocrx_word' id='word_1_283' title='bbox 78 1538 140 1573; x_wconf 88' lang='lat'>11.</span> <span class='ocrx_word' id='word_1_284' title='bbox 176 1534 277 1579; x_wconf 81' lang='lat' dir='ltr'>Quis</span> <span class='ocrx_word' id='word_1_285' title='bbox 308 1533 412 1572; x_wconf 80' lang='lat' dir='ltr'>talia</span> <span class='ocrx_word' id='word_1_286' title='bbox 436 1534 521 1572; x_wconf 77' lang='lat' dir='ltr'>sine</span> <span class='ocrx_word' id='word_1_287' title='bbox 540 1534 748 1584; x_wconf 77' lang='lat' dir='ltr'>patientia</span> <span class='ocrx_word' id='word_1_288' title='bbox 774 1533 946 1572; x_wconf 81' lang='lat' dir='ltr'>tolerat?</span> 
     </span>
     <span class='ocr_line' id='line_1_24' title="bbox 76 1589 946 1642; baseline 0 -14"><span class='ocrx_word' id='word_1_289' title='bbox 76 1589 223 1642; x_wconf 80' lang='lat' dir='ltr'>Itaque</span> <span class='ocrx_word' id='word_1_290' title='bbox 265 1590 415 1629; x_wconf 74' lang='lat' dir='ltr'>talibus</span> <span class='ocrx_word' id='word_1_291' title='bbox 458 1594 496 1627; x_wconf 85' lang='lat' dir='ltr'>et</span> <span class='ocrx_word' id='word_1_292' title='bbox 537 1591 726 1629; x_wconf 76' lang='lat' dir='ltr'>avocatio</span> <span class='ocrx_word' id='word_1_293' title='bbox 769 1594 807 1628; x_wconf 81' lang='lat' dir='ltr'>et</span> <span class='ocrx_word' id='word_1_294' title='bbox 842 1590 946 1628; x_wconf 72' lang='lat' dir='ltr'>risus</span> 
     </span>
     <span class='ocr_line' id='line_1_25' title="bbox 71 1644 944 1699; baseline -0.001 -15"><span class='ocrx_word' id='word_1_295' title='bbox 71 1647 347 1699; x_wconf 74' lang='lat' dir='ltr'>promittitur3</span> <span class='ocrx_word' id='word_1_296' title='bbox 373 1645 457 1684; x_wconf 83' lang='lat' dir='ltr'>adv.</span> <span class='ocrx_word' id='word_1_297' title='bbox 484 1644 687 1684; x_wconf 79' lang='lat' dir='ltr'>Marc.lV.</span> <span class='ocrx_word' id='word_1_298' title='bbox 714 1660 745 1684; x_wconf 87' lang='lat' dir='ltr'>e.</span> <span class='ocrx_word' id='word_1_299' title='bbox 765 1650 826 1685; x_wconf 83' lang='lat' dir='ltr'>l4.</span> <span class='ocrx_word' id='word_1_300' title='bbox 854 1660 944 1684; x_wconf 75' lang='lat' dir='ltr'>aeo-</span> 
     </span>
     <span class='ocr_line' id='line_1_26' title="bbox 76 1702 946 1755; baseline -0.002 -14"><span class='ocrx_word' id='word_1_301' title='bbox 76 1715 172 1741; x_wconf 80' lang='lat' dir='ltr'>care</span> <span class='ocrx_word' id='word_1_302' title='bbox 208 1703 457 1755; x_wconf 60' lang='lat' dir='ltr'>languentes.</span> <span class='ocrx_word' id='word_1_303' title='bbox 495 1715 526 1741; x_wconf 89' lang='lat' dir='ltr'>c.</span> <span class='ocrx_word' id='word_1_304' title='bbox 563 1706 626 1742; x_wconf 87' lang='lat'>15.</span> <span class='ocrx_word' id='word_1_305' title='bbox 670 1702 946 1741; x_wconf 73' lang='lat' dir='ltr'>mendicorum,</span> 
     </span>
     <span class='ocr_line' id='line_1_27' title="bbox 77 1763 342 1798; baseline -0.008 0"><span class='ocrx_word' id='word_1_306' title='bbox 77 1763 342 1798; x_wconf 76' lang='lat' dir='ltr'>avocatorem.</span> 
     </span>
    </p>

    <p class='ocr_par' dir='ltr' id='par_1_8' title="bbox 76 1814 949 1980">
     <span class='ocr_line' id='line_1_28' title="bbox 133 1814 946 1867; baseline -0.001 -13"><span class='ocrx_word' id='word_1_307' title='bbox 133 1816 240 1854; x_wconf 78' lang='lat' dir='ltr'>evasi</span> <span class='ocrx_word' id='word_1_308' title='bbox 269 1816 386 1854; x_wconf 82' lang='lat' dir='ltr'>vimn.</span> <span class='ocrx_word' id='word_1_309' title='bbox 418 1814 483 1867; x_wconf 89' lang='lat' dir='ltr'>[cf.</span> <span class='ocrx_word' id='word_1_310' title='bbox 515 1815 622 1866; x_wconf 80' lang='lat' dir='ltr'>Virg.</span> <span class='ocrx_word' id='word_1_311' title='bbox 655 1815 754 1853; x_wconf 84' lang='lat' dir='ltr'>Aen.</span> <span class='ocrx_word' id='word_1_312' title='bbox 776 1814 820 1853; x_wconf 88' lang='lat' dir='ltr'>ll.</span> <span class='ocrx_word' id='word_1_313' title='bbox 855 1819 946 1855; x_wconf 88' lang='lat'>730.</span> 
     </span>
     <span class='ocr_line' id='line_1_29' title="bbox 76 1868 949 1912; baseline 0 -3"><span class='ocrx_word' id='word_1_314' title='bbox 76 1870 192 1910; x_wconf 88' lang='lat' dir='ltr'>Ovid.</span> <span class='ocrx_word' id='word_1_315' title='bbox 234 1870 329 1910; x_wconf 82' lang='lat' dir='ltr'>Met.</span> <span class='ocrx_word' id='word_1_316' title='bbox 363 1868 429 1909; x_wconf 88' lang='lat' dir='ltr'>Ill.</span> <span class='ocrx_word' id='word_1_317' title='bbox 470 1875 531 1912; x_wconf 87' lang='grc'>19.</span> <span class='ocrx_word' id='word_1_318' title='bbox 575 1872 637 1910; x_wconf 84' lang='lat' dir='ltr'>ubi</span> <span class='ocrx_word' id='word_1_319' title='bbox 676 1872 724 1911; x_wconf 87' lang='lat' dir='ltr'>cf.</span> <span class='ocrx_word' id='word_1_320' title='bbox 762 1871 871 1910; x_wconf 84' lang='lat' dir='ltr'>Bach</span> <span class='ocrx_word' id='word_1_321' title='bbox 909 1876 949 1909; x_wconf 89' lang='lat' dir='ltr'>et</span> 
     </span>
     <span class='ocr_line' id='line_1_30' title="bbox 77 1926 595 1980; baseline 0 -14"><span class='ocrx_word' id='word_1_322' title='bbox 77 1927 192 1966; x_wconf 88' lang='lat' dir='ltr'>Ovid.</span> <span class='ocrx_word' id='word_1_323' title='bbox 218 1926 314 1965; x_wconf 84' lang='lat' dir='ltr'>Met.</span> <span class='ocrx_word' id='word_1_324' title='bbox 338 1926 458 1973; x_wconf 71' lang='lat' dir='ltr'>XIV,</span> <span class='ocrx_word' id='word_1_325' title='bbox 487 1928 595 1980; x_wconf 70' lang='grc'>126]</span> 
     </span>
    </p>

    <p class='ocr_par' dir='ltr' id='par_1_9' title="bbox 78 1983 953 2826">
     <span class='ocr_line' id='line_1_31' title="bbox 136 1983 948 2036; baseline 0 -14"><span class='ocrx_word' id='word_1_326' title='bbox 136 1998 217 2036; x_wconf 80' lang='lat' dir='ltr'>quo</span> <span class='ocrx_word' id='word_1_327' title='bbox 255 1984 459 2036; x_wconf 77' lang='lat' dir='ltr'>beneficio.</span> <span class='ocrx_word' id='word_1_328' title='bbox 502 1983 746 2034; x_wconf 83' lang='lat' dir='ltr'>Quamquam</span> <span class='ocrx_word' id='word_1_329' title='bbox 785 1984 948 2035; x_wconf 83' lang='lat' dir='ltr'>elegans</span> 
     </span>
     <span class='ocr_line' id='line_1_32' title="bbox 79 2039 950 2087; baseline -0.001 -8"><span class='ocrx_word' id='word_1_330' title='bbox 79 2045 140 2079; x_wconf 83' lang='lat' dir='ltr'>est</span> <span class='ocrx_word' id='word_1_331' title='bbox 163 2039 278 2078; x_wconf 89' lang='lat' dir='ltr'>huius</span> <span class='ocrx_word' id='word_1_332' title='bbox 302 2040 407 2078; x_wconf 82' lang='lat' dir='ltr'>verbi</span> <span class='ocrx_word' id='word_1_333' title='bbox 440 2054 525 2079; x_wconf 88' lang='lat' dir='ltr'>cum</span> <span class='ocrx_word' id='word_1_334' title='bbox 545 2054 625 2079; x_wconf 89' lang='lat' dir='ltr'>acc.</span> <span class='ocrx_word' id='word_1_335' title='bbox 647 2041 875 2087; x_wconf 88' lang='lat' dir='ltr'>coniunctio,</span> <span class='ocrx_word' id='word_1_336' title='bbox 897 2044 950 2079; x_wconf 89' lang='lat' dir='ltr'>ta-</span> 
     </span>
     <span class='ocr_line' id='line_1_33' title="bbox 78 2096 951 2147; baseline 0 -12"><span class='ocrx_word' id='word_1_337' title='bbox 78 2110 167 2135; x_wconf 89' lang='lat' dir='ltr'>men</span> <span class='ocrx_word' id='word_1_338' title='bbox 210 2109 327 2147; x_wconf 87' lang='lat' dir='ltr'>quum</span> <span class='ocrx_word' id='word_1_339' title='bbox 368 2100 408 2134; x_wconf 90' lang='lat' dir='ltr'>et</span> <span class='ocrx_word' id='word_1_340' title='bbox 448 2096 618 2135; x_wconf 89' lang='lat' dir='ltr'>Florent.</span> <span class='ocrx_word' id='word_1_341' title='bbox 663 2101 700 2137; x_wconf 89' lang='lat'>3.</span> <span class='ocrx_word' id='word_1_342' title='bbox 744 2096 874 2135; x_wconf 87' lang='lat' dir='ltr'>Guelf.</span> <span class='ocrx_word' id='word_1_343' title='bbox 912 2101 951 2135; x_wconf 84' lang='lat' dir='ltr'>et</span> 
     </span>
     <span class='ocr_line' id='line_1_34' title="bbox 78 2152 948 2205; baseline -0.001 -14"><span class='ocrx_word' id='word_1_344' title='bbox 78 2152 173 2192; x_wconf 84' lang='lat' dir='ltr'>lunt.</span> <span class='ocrx_word' id='word_1_345' title='bbox 200 2156 238 2193; x_wconf 92' lang='lat'>2.</span> <span class='ocrx_word' id='word_1_346' title='bbox 266 2166 347 2205; x_wconf 79' lang='lat' dir='ltr'>quo</span> <span class='ocrx_word' id='word_1_347' title='bbox 373 2152 567 2205; x_wconf 81' lang='lat' dir='ltr'>beneficio</span> <span class='ocrx_word' id='word_1_348' title='bbox 593 2153 822 2203; x_wconf 85' lang='lat' dir='ltr'>praeferant,</span> <span class='ocrx_word' id='word_1_349' title='bbox 856 2153 948 2191; x_wconf 88' lang='lat' dir='ltr'>nihil</span> 
     </span>
     <span class='ocr_line' id='line_1_35' title="bbox 81 2208 949 2260; baseline 0.001 -13"><span class='ocrx_word' id='word_1_350' title='bbox 81 2208 303 2248; x_wconf 79' lang='lat' dir='ltr'>mutandum</span> <span class='ocrx_word' id='word_1_351' title='bbox 339 2222 433 2247; x_wconf 87' lang='lat' dir='ltr'>esse</span> <span class='ocrx_word' id='word_1_352' title='bbox 475 2210 619 2248; x_wconf 87' lang='lat' dir='ltr'>censui.</span> <span class='ocrx_word' id='word_1_353' title='bbox 658 2210 705 2248; x_wconf 89' lang='lat' dir='ltr'>cf.</span> <span class='ocrx_word' id='word_1_354' title='bbox 748 2209 798 2247; x_wconf 88' lang='lat' dir='ltr'>de</span> <span class='ocrx_word' id='word_1_355' title='bbox 842 2222 949 2260; x_wconf 84' lang='lat' dir='ltr'>grae-</span> 
     </span>
     <span class='ocr_line' id='line_1_36' title="bbox 81 2265 948 2317; baseline -0.001 -12"><span class='ocrx_word' id='word_1_356' title='bbox 81 2280 127 2305; x_wconf 88' lang='lat' dir='ltr'>ca</span> <span class='ocrx_word' id='word_1_357' title='bbox 158 2278 273 2317; x_wconf 83' lang='lat' dir='ltr'>quam</span> <span class='ocrx_word' id='word_1_358' title='bbox 298 2265 428 2303; x_wconf 87' lang='lat' dir='ltr'>dicunt</span> <span class='ocrx_word' id='word_1_359' title='bbox 458 2267 743 2305; x_wconf 86' lang='lat' dir='ltr'>constructione</span> <span class='ocrx_word' id='word_1_360' title='bbox 768 2267 948 2304; x_wconf 86' lang='lat' dir='ltr'>Arusian.</span> 
     </span>
     <span class='ocr_line' id='line_1_37' title="bbox 81 2320 952 2373; baseline 0.001 -13"><span class='ocrx_word' id='word_1_361' title='bbox 81 2322 209 2361; x_wconf 74' lang='lat' dir='ltr'>Mess.</span> <span class='ocrx_word' id='word_1_362' title='bbox 257 2334 319 2373; x_wconf 84' lang='lat' dir='ltr'>ap.</span> <span class='ocrx_word' id='word_1_363' title='bbox 368 2320 505 2360; x_wconf 91' lang='lat' dir='ltr'>Heins.</span> <span class='ocrx_word' id='word_1_364' title='bbox 554 2321 604 2361; x_wconf 86' lang='lat' dir='ltr'>ad</span> <span class='ocrx_word' id='word_1_365' title='bbox 645 2322 751 2373; x_wconf 84' lang='lat' dir='ltr'>Virg.</span> <span class='ocrx_word' id='word_1_366' title='bbox 789 2321 815 2361; x_wconf 89' lang='lat'>1.</span> <span class='ocrx_word' id='word_1_367' title='bbox 859 2327 952 2363; x_wconf 88' lang='lat'>441.</span> 
     </span>
     <span class='ocr_line' id='line_1_38' title="bbox 82 2377 953 2429; baseline -0.001 -12"><span class='ocrx_word' id='word_1_368' title='bbox 82 2378 221 2417; x_wconf 88' lang='lat' dir='ltr'>Graev.</span> <span class='ocrx_word' id='word_1_369' title='bbox 243 2381 282 2415; x_wconf 88' lang='lat' dir='ltr'>et</span> <span class='ocrx_word' id='word_1_370' title='bbox 294 2377 422 2416; x_wconf 74' lang='lat' dir='ltr'>Burni.</span> <span class='ocrx_word' id='word_1_371' title='bbox 437 2379 486 2416; x_wconf 88' lang='lat' dir='ltr'>ad</span> <span class='ocrx_word' id='word_1_372' title='bbox 501 2378 611 2417; x_wconf 83' lang='lat' dir='ltr'>Suet.</span> <span class='ocrx_word' id='word_1_373' title='bbox 626 2377 753 2416; x_wconf 90' lang='lat' dir='ltr'>Tiber.</span> <span class='ocrx_word' id='word_1_374' title='bbox 770 2382 832 2418; x_wconf 89' lang='lat'>74.</span> <span class='ocrx_word' id='word_1_375' title='bbox 854 2392 953 2429; x_wconf 87' lang='lat' dir='ltr'>quos</span> 
     </span>
     <span class='ocr_line' id='line_1_39' title="bbox 82 2433 951 2486; baseline 0.002 -13"><span class='ocrx_word' id='word_1_376' title='bbox 82 2434 184 2473; x_wconf 86' lang='lat' dir='ltr'>Oud.</span> <span class='ocrx_word' id='word_1_377' title='bbox 217 2434 359 2472; x_wconf 84' lang='lat' dir='ltr'>excitat</span> <span class='ocrx_word' id='word_1_378' title='bbox 391 2433 528 2486; x_wconf 84' lang='lat' dir='ltr'>[Kritz.</span> <span class='ocrx_word' id='word_1_379' title='bbox 561 2435 609 2472; x_wconf 87' lang='lat' dir='ltr'>ad</span> <span class='ocrx_word' id='word_1_380' title='bbox 642 2434 738 2474; x_wconf 82' lang='lat' dir='ltr'>Sall.</span> <span class='ocrx_word' id='word_1_381' title='bbox 772 2433 853 2474; x_wconf 81' lang='lat' dir='ltr'>Cat.</span> <span class='ocrx_word' id='word_1_382' title='bbox 888 2439 951 2475; x_wconf 88' lang='grc'>51.</span> 
     </span>
     <span class='ocr_line' id='line_1_40' title="bbox 82 2489 950 2542; baseline 0 -12"><span class='ocrx_word' id='word_1_383' title='bbox 82 2504 119 2542; x_wconf 89' lang='lat' dir='ltr'>p.</span> <span class='ocrx_word' id='word_1_384' title='bbox 146 2495 238 2533; x_wconf 87' lang='lat'>254.</span> <span class='ocrx_word' id='word_1_385' title='bbox 278 2489 377 2529; x_wconf 89' lang='lat' dir='ltr'>Cort.</span> <span class='ocrx_word' id='word_1_386' title='bbox 418 2491 468 2529; x_wconf 88' lang='lat' dir='ltr'>ad</span> <span class='ocrx_word' id='word_1_387' title='bbox 499 2490 576 2530; x_wconf 88' lang='lat' dir='ltr'>Cic.</span> <span class='ocrx_word' id='word_1_388' title='bbox 608 2490 735 2542; x_wconf 83' lang='lat' dir='ltr'>Epist.</span> <span class='ocrx_word' id='word_1_389' title='bbox 768 2491 818 2530; x_wconf 86' lang='lat' dir='ltr'>ad</span> <span class='ocrx_word' id='word_1_390' title='bbox 842 2490 950 2530; x_wconf 88' lang='lat' dir='ltr'>Fam.</span> 
     </span>
     <span class='ocr_line' id='line_1_41' title="bbox 81 2546 950 2598; baseline 0.001 -13"><span class='ocrx_word' id='word_1_391' title='bbox 81 2546 150 2585; x_wconf 91' lang='lat' dir='ltr'>IX.</span> <span class='ocrx_word' id='word_1_392' title='bbox 184 2551 221 2588; x_wconf 90' lang='lat'>3.</span> <span class='ocrx_word' id='word_1_393' title='bbox 245 2548 276 2598; x_wconf 63' lang='grc' dir='ltr'>ξ.</span> <span class='ocrx_word' id='word_1_394' title='bbox 300 2551 337 2586; x_wconf 91' lang='lat'>4.</span> <span class='ocrx_word' id='word_1_395' title='bbox 370 2546 418 2586; x_wconf 90' lang='lat' dir='ltr'>cf.</span> <span class='ocrx_word' id='word_1_396' title='bbox 443 2546 578 2586; x_wconf 82' lang='lat' dir='ltr'>Eekst.</span> <span class='ocrx_word' id='word_1_397' title='bbox 611 2548 659 2585; x_wconf 86' lang='lat' dir='ltr'>ad</span> <span class='ocrx_word' id='word_1_398' title='bbox 684 2547 806 2585; x_wconf 74' lang='lat' dir='ltr'>Voss.</span> <span class='ocrx_word' id='word_1_399' title='bbox 833 2548 950 2586; x_wconf 87' lang='lat' dir='ltr'>Arist.</span> 
     </span>
     <span class='ocr_line' id='line_1_42' title="bbox 83 2602 951 2655; baseline 0 -13"><span class='ocrx_word' id='word_1_400' title='bbox 83 2603 194 2642; x_wconf 84' lang='lat' dir='ltr'>Tom.</span> <span class='ocrx_word' id='word_1_401' title='bbox 209 2602 272 2641; x_wconf 88' lang='lat' dir='ltr'>lll.</span> <span class='ocrx_word' id='word_1_402' title='bbox 298 2617 336 2655; x_wconf 92' lang='lat' dir='ltr'>p.</span> <span class='ocrx_word' id='word_1_403' title='bbox 351 2606 444 2644; x_wconf 87' lang='lat'>968.</span> <span class='ocrx_word' id='word_1_404' title='bbox 470 2603 599 2643; x_wconf 91' lang='lat' dir='ltr'>Front.</span> <span class='ocrx_word' id='word_1_405' title='bbox 620 2604 670 2642; x_wconf 88' lang='lat' dir='ltr'>ad</span> <span class='ocrx_word' id='word_1_406' title='bbox 691 2602 803 2642; x_wconf 83' lang='lat' dir='ltr'>Caes.</span> <span class='ocrx_word' id='word_1_407' title='bbox 825 2603 951 2654; x_wconf 82' lang='lat' dir='ltr'>Epist.</span> 
     </span>
     <span class='ocr_line' id='line_1_43' title="bbox 80 2655 952 2713; baseline 0.003 -16"><span class='ocrx_word' id='word_1_408' title='bbox 80 2658 146 2699; x_wconf 88' lang='lat' dir='ltr'>Ill.</span> <span class='ocrx_word' id='word_1_409' title='bbox 180 2664 244 2701; x_wconf 88' lang='lat'>13.</span> <span class='ocrx_word' id='word_1_410' title='bbox 274 2673 311 2710; x_wconf 87' lang='lat' dir='ltr'>p.</span> <span class='ocrx_word' id='word_1_411' title='bbox 328 2664 391 2700; x_wconf 88' lang='lat'>77.</span> <span class='ocrx_word' id='word_1_412' title='bbox 424 2655 612 2713; x_wconf 72' lang='lat' dir='ltr'>Namque</span> <span class='ocrx_word' id='word_1_413' title='bbox 637 2661 670 2699; x_wconf 86' lang='lat' dir='ltr'>z‘s</span> <span class='ocrx_word' id='word_1_414' title='bbox 694 2661 813 2700; x_wconf 72' lang='lat' dir='ltr'>slmul</span> <span class='ocrx_word' id='word_1_415' title='bbox 835 2660 952 2700; x_wconf 75' lang='lat' dir='ltr'>adve-</span> 
     </span>
     <span class='ocr_line' id='line_1_44' title="bbox 82 2716 952 2769; baseline 0 -14"><span class='ocrx_word' id='word_1_416' title='bbox 82 2717 250 2756; x_wconf 79' lang='lat' dir='ltr'>nientem</span> <span class='ocrx_word' id='word_1_417' title='bbox 268 2716 439 2769; x_wconf 52' lang='lat' dir='ltr'>qando&amp;</span> <span class='ocrx_word' id='word_1_418' title='bbox 465 2717 583 2756; x_wconf 76' lang='lat' dir='ltr'>simul</span> <span class='ocrx_word' id='word_1_419' title='bbox 597 2717 830 2768; x_wconf 79' lang='lat' dir='ltr'>periculum</span> <span class='ocrx_word' id='word_1_420' title='bbox 848 2730 952 2756; x_wconf 75' lang='lat' dir='ltr'>vere-</span> 
     </span>
     <span class='ocr_line' id='line_1_45' title="bbox 83 2772 950 2826; baseline -0.001 -14"><span class='ocrx_word' id='word_1_421' title='bbox 83 2778 149 2812; x_wconf 77' lang='lat' dir='ltr'>tur</span> <span class='ocrx_word' id='word_1_422' title='bbox 173 2773 237 2811; x_wconf 89' lang='lat' dir='ltr'>ubi</span> <span class='ocrx_word' id='word_1_423' title='bbox 262 2772 430 2823; x_wconf 84' lang='lat' dir='ltr'>corrigas</span> <span class='ocrx_word' id='word_1_424' title='bbox 450 2773 747 2812; x_wconf 77' lang='lat' dir='ltr'>advenientiam</span> <span class='ocrx_word' id='word_1_425' title='bbox 764 2773 950 2826; x_wconf 71' lang='lat' dir='ltr'>yaudet]</span> 
     </span>
    </p>

    <p class='ocr_par' dir='ltr' id='par_1_10' title="bbox 84 2827 954 3162">
     <span class='ocr_line' id='line_1_46' title="bbox 134 2827 951 2882; baseline 0 -14"><span class='ocrx_word' id='word_1_426' title='bbox 134 2833 343 2882; x_wconf 77' lang='lat' dir='ltr'>provecto.</span> <span class='ocrx_word' id='word_1_427' title='bbox 403 2827 505 2867; x_wconf 85' lang='lat' dir='ltr'>Oud.</span> <span class='ocrx_word' id='word_1_428' title='bbox 532 2829 659 2867; x_wconf 89' lang='lat' dir='ltr'>omnia</span> <span class='ocrx_word' id='word_1_429' title='bbox 694 2829 850 2876; x_wconf 82' lang='lat' dir='ltr'>miscet,</span> <span class='ocrx_word' id='word_1_430' title='bbox 888 2830 951 2881; x_wconf 92' lang='lat' dir='ltr'>qui</span> 
     </span>
     <span class='ocr_line' id='line_1_47' title="bbox 84 2885 952 2938; baseline 0.002 -15"><span class='ocrx_word' id='word_1_431' title='bbox 84 2898 317 2937; x_wconf 86' lang='lat' dir='ltr'>quamquam</span> <span class='ocrx_word' id='word_1_432' title='bbox 365 2899 414 2923; x_wconf 87' lang='lat' dir='ltr'>ex</span> <span class='ocrx_word' id='word_1_433' title='bbox 449 2885 592 2924; x_wconf 88' lang='lat' dir='ltr'>Bertin.</span> <span class='ocrx_word' id='word_1_434' title='bbox 635 2885 720 2924; x_wconf 88' lang='lat' dir='ltr'>cod.</span> <span class='ocrx_word' id='word_1_435' title='bbox 757 2891 952 2938; x_wconf 79' lang='lat' dir='ltr'>pervecto</span> 
     </span>
     <span class='ocr_line' id='line_1_48' title="bbox 84 2941 952 2993; baseline 0.002 -14"><span class='ocrx_word' id='word_1_436' title='bbox 84 2942 327 2993; x_wconf 86' lang='lat' dir='ltr'>comprobat,</span> <span class='ocrx_word' id='word_1_437' title='bbox 352 2945 495 2980; x_wconf 84' lang='lat' dir='ltr'>certam</span> <span class='ocrx_word' id='word_1_438' title='bbox 525 2946 652 2979; x_wconf 80' lang='lat' dir='ltr'>tamen</span> <span class='ocrx_word' id='word_1_439' title='bbox 679 2941 728 2979; x_wconf 84' lang='lat' dir='ltr'>de</span> <span class='ocrx_word' id='word_1_440' title='bbox 752 2943 952 2993; x_wconf 84' lang='lat' dir='ltr'>utriusque</span> 
     </span>
     <span class='ocr_line' id='line_1_49' title="bbox 86 2997 952 3037; baseline 0.002 -2"><span class='ocrx_word' id='word_1_441' title='bbox 86 2997 261 3036; x_wconf 80' lang='lat' dir='ltr'>vocabuli</span> <span class='ocrx_word' id='word_1_442' title='bbox 282 2999 498 3037; x_wconf 84' lang='lat' dir='ltr'>discrimine</span> <span class='ocrx_word' id='word_1_443' title='bbox 518 2998 749 3037; x_wconf 79' lang='lat' dir='ltr'>sententiam</span> <span class='ocrx_word' id='word_1_444' title='bbox 764 2998 952 3037; x_wconf 82' lang='lat' dir='ltr'>habuisse</span> 
     </span>
     <span class='ocr_line' id='line_1_50' title="bbox 84 3053 954 3106; baseline 0.003 -15"><span class='ocrx_word' id='word_1_445' title='bbox 84 3067 158 3092; x_wconf 89' lang='lat' dir='ltr'>non</span> <span class='ocrx_word' id='word_1_446' title='bbox 177 3054 335 3093; x_wconf 76' lang='lat' dir='ltr'>videtur.</span> <span class='ocrx_word' id='word_1_447' title='bbox 366 3053 645 3093; x_wconf 83' lang='lat' dir='ltr'>Enumerantur</span> <span class='ocrx_word' id='word_1_448' title='bbox 659 3055 757 3093; x_wconf 84' lang='lat' dir='ltr'>enim</span> <span class='ocrx_word' id='word_1_449' title='bbox 772 3055 954 3106; x_wconf 86' lang='lat' dir='ltr'>exempla</span> 
     </span>
     <span class='ocr_line' id='line_1_51' title="bbox 84 3110 953 3162; baseline 0.005 -16"><span class='ocrx_word' id='word_1_450' title='bbox 84 3110 147 3147; x_wconf 87' lang='lat' dir='ltr'>ubi</span> <span class='ocrx_word' id='word_1_451' title='bbox 172 3110 274 3149; x_wconf 70' lang='lat' dir='ltr'>Mss.</span> <span class='ocrx_word' id='word_1_452' title='bbox 301 3125 368 3162; x_wconf 86' lang='lat' dir='ltr'>pro</span> <span class='ocrx_word' id='word_1_453' title='bbox 395 3125 499 3150; x_wconf 90' lang='lat' dir='ltr'>more</span> <span class='ocrx_word' id='word_1_454' title='bbox 525 3110 705 3150; x_wconf 82' lang='lat' dir='ltr'>vacillant</span> <span class='ocrx_word' id='word_1_455' title='bbox 730 3115 769 3149; x_wconf 84' lang='lat' dir='ltr'>et</span> <span class='ocrx_word' id='word_1_456' title='bbox 793 3112 879 3162; x_wconf 85' lang='lat' dir='ltr'>ipse</span> <span class='ocrx_word' id='word_1_457' title='bbox 904 3112 953 3150; x_wconf 85' lang='lat' dir='ltr'>de</span> 
     </span>
    </p>
   </div>
   <div class='ocr_carea' id='block_1_7' title="bbox 1004 1473 1878 1639">
    <p class='ocr_par' dir='ltr' id='par_1_11' title="bbox 1004 1473 1878 1639">
     <span class='ocr_line' id='line_1_52' title="bbox 1004 1473 1876 1526; baseline -0.001 -13"><span class='ocrx_word' id='word_1_458' title='bbox 1004 1488 1077 1513; x_wconf 80' lang='lat' dir='ltr'>sua</span> <span class='ocrx_word' id='word_1_459' title='bbox 1101 1475 1283 1525; x_wconf 88' lang='lat' dir='ltr'>opinione</span> <span class='ocrx_word' id='word_1_460' title='bbox 1307 1474 1525 1526; x_wconf 66' lang='lat' dir='ltr'>pervehere</span> <span class='ocrx_word' id='word_1_461' title='bbox 1550 1474 1726 1519; x_wconf 85' lang='lat' dir='ltr'>restituit,</span> <span class='ocrx_word' id='word_1_462' title='bbox 1747 1477 1788 1511; x_wconf 90' lang='lat' dir='ltr'>ut</span> <span class='ocrx_word' id='word_1_463' title='bbox 1808 1473 1876 1512; x_wconf 92' lang='lat' dir='ltr'>Sil.</span> 
     </span>
     <span class='ocr_line' id='line_1_53' title="bbox 1005 1529 1877 1582; baseline -0.001 -13"><span class='ocrx_word' id='word_1_464' title='bbox 1005 1530 1046 1570; x_wconf 87' lang='lat' dir='ltr'>lt.</span> <span class='ocrx_word' id='word_1_465' title='bbox 1072 1530 1162 1568; x_wconf 82' lang='lat' dir='ltr'>XV.</span> <span class='ocrx_word' id='word_1_466' title='bbox 1190 1535 1283 1571; x_wconf 79' lang='lat'>204.</span> <span class='ocrx_word' id='word_1_467' title='bbox 1304 1529 1406 1569; x_wconf 68' lang='lat' dir='ltr'>VIII.</span> <span class='ocrx_word' id='word_1_468' title='bbox 1431 1535 1521 1571; x_wconf 78' lang='lat'>125.</span> <span class='ocrx_word' id='word_1_469' title='bbox 1550 1530 1627 1569; x_wconf 85' lang='lat' dir='ltr'>Cic.</span> <span class='ocrx_word' id='word_1_470' title='bbox 1653 1534 1745 1582; x_wconf 82' lang='lat' dir='ltr'>post</span> <span class='ocrx_word' id='word_1_471' title='bbox 1768 1530 1877 1568; x_wconf 79' lang='lat' dir='ltr'>redit.</span> 
     </span>
     <span class='ocr_line' id='line_1_54' title="bbox 1005 1585 1878 1639; baseline -0.002 -14"><span class='ocrx_word' id='word_1_472' title='bbox 1005 1602 1036 1627; x_wconf 90' lang='lat' dir='ltr'>c.</span> <span class='ocrx_word' id='word_1_473' title='bbox 1058 1591 1094 1628; x_wconf 88' lang='lat'>8.</span> <span class='ocrx_word' id='word_1_474' title='bbox 1128 1586 1175 1626; x_wconf 88' lang='lat' dir='ltr'>cf.</span> <span class='ocrx_word' id='word_1_475' title='bbox 1207 1587 1274 1626; x_wconf 88' lang='lat' dir='ltr'>Dr.</span> <span class='ocrx_word' id='word_1_476' title='bbox 1307 1587 1356 1625; x_wconf 85' lang='lat' dir='ltr'>ad</span> <span class='ocrx_word' id='word_1_477' title='bbox 1386 1586 1470 1626; x_wconf 84' lang='lat' dir='ltr'>Liv.</span> <span class='ocrx_word' id='word_1_478' title='bbox 1496 1585 1647 1625; x_wconf 84' lang='lat' dir='ltr'>XXXI.</span> <span class='ocrx_word' id='word_1_479' title='bbox 1680 1590 1744 1627; x_wconf 85' lang='grc'>23.</span> <span class='ocrx_word' id='word_1_480' title='bbox 1777 1586 1878 1639; x_wconf 82' lang='lat' dir='ltr'>[Sed</span> 
     </span>
    </p>
   </div>
   <div class='ocr_carea' id='block_1_8' title="bbox 1001 1644 1879 1697">
    <p class='ocr_par' dir='ltr' id='par_1_12' title="bbox 1001 1644 1879 1697">
     <span class='ocr_line' id='line_1_55' title="bbox 1001 1644 1879 1697; baseline -0.003 -14"><span class='ocrx_word' id='word_1_481' title='bbox 1001 1644 1219 1697; x_wconf 70' lang='lat' dir='ltr'>pervellere</span> <span class='ocrx_word' id='word_1_482' title='bbox 1239 1644 1386 1688; x_wconf 79' lang='lat' dir='ltr'>(licitur,</span> <span class='ocrx_word' id='word_1_483' title='bbox 1407 1644 1439 1681; x_wconf 89' lang='lat' dir='ltr'>si</span> <span class='ocrx_word' id='word_1_484' title='bbox 1461 1644 1511 1682; x_wconf 87' lang='lat' dir='ltr'>ad</span> <span class='ocrx_word' id='word_1_485' title='bbox 1526 1644 1637 1682; x_wconf 81' lang='lat' dir='ltr'>finem</span> <span class='ocrx_word' id='word_1_486' title='bbox 1652 1646 1879 1681; x_wconf 80' lang='lat' dir='ltr'>tantummo-</span> 
     </span>
    </p>
   </div>
   <div class='ocr_carea' id='block_1_9' title="bbox 1004 1699 1883 3107">
    <p class='ocr_par' dir='ltr' id='par_1_13' title="bbox 1004 1699 1880 2260">
     <span class='ocr_line' id='line_1_56' title="bbox 1005 1699 1878 1752; baseline 0 -14"><span class='ocrx_word' id='word_1_487' title='bbox 1005 1702 1054 1738; x_wconf 86' lang='lat' dir='ltr'>do</span> <span class='ocrx_word' id='word_1_488' title='bbox 1070 1702 1304 1752; x_wconf 74' lang='lat' dir='ltr'>respexeris,</span> <span class='ocrx_word' id='word_1_489' title='bbox 1324 1700 1373 1738; x_wconf 83' lang='lat' dir='ltr'>ad</span> <span class='ocrx_word' id='word_1_490' title='bbox 1388 1713 1502 1750; x_wconf 84' lang='lat' dir='ltr'>quem</span> <span class='ocrx_word' id='word_1_491' title='bbox 1517 1700 1746 1751; x_wconf 79' lang='lat' dir='ltr'>pervenisse</span> <span class='ocrx_word' id='word_1_492' title='bbox 1762 1699 1878 1738; x_wconf 88' lang='lat' dir='ltr'>licuit.</span> 
     </span>
     <span class='ocr_line' id='line_1_57' title="bbox 1004 1757 1878 1809; baseline -0.003 -14"><span class='ocrx_word' id='word_1_493' title='bbox 1004 1757 1228 1809; x_wconf 75' lang='lat' dir='ltr'>provehere</span> <span class='ocrx_word' id='word_1_494' title='bbox 1251 1758 1284 1795; x_wconf 84' lang='lat' dir='ltr'>si</span> <span class='ocrx_word' id='word_1_495' title='bbox 1310 1761 1429 1795; x_wconf 86' lang='lat' dir='ltr'>totam</span> <span class='ocrx_word' id='word_1_496' title='bbox 1448 1757 1550 1794; x_wconf 83' lang='lat' dir='ltr'>viam</span> <span class='ocrx_word' id='word_1_497' title='bbox 1569 1770 1683 1807; x_wconf 90' lang='lat' dir='ltr'>quam</span> <span class='ocrx_word' id='word_1_498' title='bbox 1704 1769 1878 1807; x_wconf 87' lang='lat' dir='ltr'>permen-</span> 
     </span>
     <span class='ocr_line' id='line_1_58' title="bbox 1008 1813 1878 1864; baseline -0.001 -13"><span class='ocrx_word' id='word_1_499' title='bbox 1008 1828 1079 1851; x_wconf 81' lang='lat' dir='ltr'>sus</span> <span class='ocrx_word' id='word_1_500' title='bbox 1115 1827 1173 1855; x_wconf 82' lang='lat' dir='ltr'>es.</span> <span class='ocrx_word' id='word_1_501' title='bbox 1211 1814 1344 1851; x_wconf 84' lang='lat' dir='ltr'>iterum</span> <span class='ocrx_word' id='word_1_502' title='bbox 1381 1814 1507 1851; x_wconf 85' lang='lat' dir='ltr'>animo</span> <span class='ocrx_word' id='word_1_503' title='bbox 1534 1813 1647 1864; x_wconf 79' lang='lat' dir='ltr'>quasi</span> <span class='ocrx_word' id='word_1_504' title='bbox 1679 1816 1878 1858; x_wconf 74' lang='lat' dir='ltr'>retractas,</span> 
     </span>
     <span class='ocr_line' id='line_1_59' title="bbox 1007 1869 1879 1919; baseline -0.002 -12"><span class='ocrx_word' id='word_1_505' title='bbox 1007 1874 1048 1908; x_wconf 90' lang='lat' dir='ltr'>ut</span> <span class='ocrx_word' id='word_1_506' title='bbox 1072 1884 1146 1908; x_wconf 90' lang='lat' dir='ltr'>non</span> <span class='ocrx_word' id='word_1_507' title='bbox 1171 1869 1299 1908; x_wconf 87' lang='lat' dir='ltr'>solum</span> <span class='ocrx_word' id='word_1_508' title='bbox 1323 1874 1465 1908; x_wconf 85' lang='lat' dir='ltr'>metam</span> <span class='ocrx_word' id='word_1_509' title='bbox 1490 1870 1563 1908; x_wconf 86' lang='lat' dir='ltr'>sed</span> <span class='ocrx_word' id='word_1_510' title='bbox 1589 1870 1714 1919; x_wconf 90' lang='lat' dir='ltr'>ipsum</span> <span class='ocrx_word' id='word_1_511' title='bbox 1734 1872 1879 1907; x_wconf 86' lang='lat' dir='ltr'>motum</span> 
     </span>
     <span class='ocr_line' id='line_1_60' title="bbox 1009 1925 1880 1977; baseline -0.001 -14"><span class='ocrx_word' id='word_1_512' title='bbox 1009 1926 1247 1965; x_wconf 79' lang='lat' dir='ltr'>consideres,</span> <span class='ocrx_word' id='word_1_513' title='bbox 1308 1925 1381 1964; x_wconf 89' lang='lat' dir='ltr'>His</span> <span class='ocrx_word' id='word_1_514' title='bbox 1426 1926 1597 1977; x_wconf 60' lang='lat' dir='ltr'>probatis⁴</span> <span class='ocrx_word' id='word_1_515' title='bbox 1639 1927 1751 1965; x_wconf 91' lang='lat' dir='ltr'>unice</span> <span class='ocrx_word' id='word_1_516' title='bbox 1791 1925 1880 1963; x_wconf 86' lang='lat' dir='ltr'>reti-</span> 
     </span>
     <span class='ocr_line' id='line_1_61' title="bbox 1007 1981 1880 2034; baseline -0.003 -14"><span class='ocrx_word' id='word_1_517' title='bbox 1007 1983 1135 2021; x_wconf 87' lang='lat' dir='ltr'>nenda</span> <span class='ocrx_word' id='word_1_518' title='bbox 1159 1987 1221 2020; x_wconf 87' lang='lat' dir='ltr'>est</span> <span class='ocrx_word' id='word_1_519' title='bbox 1238 1982 1354 2020; x_wconf 91' lang='lat' dir='ltr'>lectio</span> <span class='ocrx_word' id='word_1_520' title='bbox 1364 1987 1575 2034; x_wconf 76' lang='lat' dir='ltr'>provecto.</span> <span class='ocrx_word' id='word_1_521' title='bbox 1597 1995 1714 2033; x_wconf 88' lang='lat' dir='ltr'>quum</span> <span class='ocrx_word' id='word_1_522' title='bbox 1732 1981 1880 2020; x_wconf 77' lang='lat' dir='ltr'>Lucius</span> 
     </span>
     <span class='ocr_line' id='line_1_62' title="bbox 1010 2039 1880 2090; baseline -0.002 -14"><span class='ocrx_word' id='word_1_523' title='bbox 1010 2039 1059 2076; x_wconf 89' lang='lat' dir='ltr'>ad</span> <span class='ocrx_word' id='word_1_524' title='bbox 1106 2040 1224 2077; x_wconf 86' lang='lat' dir='ltr'>totius</span> <span class='ocrx_word' id='word_1_525' title='bbox 1272 2040 1358 2076; x_wconf 85' lang='lat' dir='ltr'>viae</span> <span class='ocrx_word' id='word_1_526' title='bbox 1410 2039 1615 2077; x_wconf 82' lang='lat' dir='ltr'>molestias</span> <span class='ocrx_word' id='word_1_527' title='bbox 1663 2039 1880 2090; x_wconf 74' lang='lat' dir='ltr'>respiciens</span> 
     </span>
     <span class='ocr_line' id='line_1_63' title="bbox 1009 2094 1879 2147; baseline -0.001 -15"><span class='ocrx_word' id='word_1_528' title='bbox 1009 2108 1151 2146; x_wconf 88' lang='lat' dir='ltr'>equum</span> <span class='ocrx_word' id='word_1_529' title='bbox 1182 2109 1295 2133; x_wconf 86' lang='lat' dir='ltr'>suum</span> <span class='ocrx_word' id='word_1_530' title='bbox 1320 2094 1452 2134; x_wconf 86' lang='lat' dir='ltr'>laetari</span> <span class='ocrx_word' id='word_1_531' title='bbox 1478 2095 1598 2141; x_wconf 80' lang='lat' dir='ltr'>dicat,</span> <span class='ocrx_word' id='word_1_532' title='bbox 1630 2096 1735 2147; x_wconf 88' lang='lat' dir='ltr'>quod</span> <span class='ocrx_word' id='word_1_533' title='bbox 1760 2094 1879 2146; x_wconf 87' lang='lat' dir='ltr'>aspri-</span> 
     </span>
     <span class='ocr_line' id='line_1_64' title="bbox 1008 2150 1879 2203; baseline -0.001 -14"><span class='ocrx_word' id='word_1_534' title='bbox 1008 2151 1100 2189; x_wconf 88' lang='lat' dir='ltr'>tudo</span> <span class='ocrx_word' id='word_1_535' title='bbox 1132 2152 1217 2190; x_wconf 88' lang='lat' dir='ltr'>sine</span> <span class='ocrx_word' id='word_1_536' title='bbox 1255 2152 1479 2203; x_wconf 80' lang='lat' dir='ltr'>fatigatione</span> <span class='ocrx_word' id='word_1_537' title='bbox 1508 2156 1692 2202; x_wconf 86' lang='lat' dir='ltr'>superata</span> <span class='ocrx_word' id='word_1_538' title='bbox 1721 2152 1789 2199; x_wconf 82' lang='lat' dir='ltr'>sit3</span> <span class='ocrx_word' id='word_1_539' title='bbox 1832 2150 1879 2189; x_wconf 87' lang='lat' dir='ltr'>cf.</span> 
     </span>
     <span class='ocr_line' id='line_1_65' title="bbox 1008 2207 1840 2260; baseline 0.002 -15"><span class='ocrx_word' id='word_1_540' title='bbox 1008 2207 1152 2259; x_wconf 60' lang='lat' dir='ltr'>WVagn.</span> <span class='ocrx_word' id='word_1_541' title='bbox 1179 2208 1228 2246; x_wconf 91' lang='lat' dir='ltr'>ad</span> <span class='ocrx_word' id='word_1_542' title='bbox 1253 2208 1360 2259; x_wconf 72' lang='lat' dir='ltr'>Virg.</span> <span class='ocrx_word' id='word_1_543' title='bbox 1386 2207 1468 2247; x_wconf 88' lang='lat' dir='ltr'>Ecl.</span> <span class='ocrx_word' id='word_1_544' title='bbox 1495 2207 1522 2246; x_wconf 93' lang='lat' dir='ltr'>I.</span> <span class='ocrx_word' id='word_1_545' title='bbox 1550 2212 1613 2249; x_wconf 88' lang='grc'>73.</span> <span class='ocrx_word' id='word_1_546' title='bbox 1640 2213 1716 2248; x_wconf 87' lang='lat' dir='ltr'>not.</span> <span class='ocrx_word' id='word_1_547' title='bbox 1744 2208 1840 2260; x_wconf 70' lang='lat' dir='ltr'>crit]</span> 
     </span>
    </p>

    <p class='ocr_par' dir='ltr' id='par_1_14' title="bbox 1011 2263 1883 2825">
     <span class='ocr_line' id='line_1_66' title="bbox 1065 2263 1880 2318; baseline -0.001 -16"><span class='ocrx_word' id='word_1_548' title='bbox 1065 2263 1165 2303; x_wconf 60' lang='lat' dir='ltr'>Cn.</span> <span class='ocrx_word' id='word_1_549' title='bbox 1180 2263 1289 2303; x_wconf 90' lang='lat' dir='ltr'>XXl.</span> <span class='ocrx_word' id='word_1_550' title='bbox 1316 2266 1481 2304; x_wconf 78' lang='lat' dir='ltr'>comites</span> <span class='ocrx_word' id='word_1_551' title='bbox 1504 2266 1677 2318; x_wconf 74' lang='lat' dir='ltr'>utrique.</span> <span class='ocrx_word' id='word_1_552' title='bbox 1703 2264 1805 2304; x_wconf 85' lang='lat' dir='ltr'>Oud.</span> <span class='ocrx_word' id='word_1_553' title='bbox 1825 2278 1880 2302; x_wconf 89' lang='lat' dir='ltr'>re-</span> 
     </span>
     <span class='ocr_line' id='line_1_67' title="bbox 1014 2320 1880 2375; baseline 0 -17"><span class='ocrx_word' id='word_1_554' title='bbox 1014 2320 1108 2359; x_wconf 84' lang='lat' dir='ltr'>futat</span> <span class='ocrx_word' id='word_1_555' title='bbox 1121 2321 1346 2372; x_wconf 85' lang='lat' dir='ltr'>scripturam</span> <span class='ocrx_word' id='word_1_556' title='bbox 1366 2323 1530 2361; x_wconf 77' lang='lat' dir='ltr'>comites</span> <span class='ocrx_word' id='word_1_557' title='bbox 1547 2326 1728 2375; x_wconf 77' lang='lat' dir='ltr'>ulerque,</span> <span class='ocrx_word' id='word_1_558' title='bbox 1751 2334 1880 2373; x_wconf 86' lang='lat' dir='ltr'>quam-</span> 
     </span>
     <span class='ocr_line' id='line_1_68' title="bbox 1013 2377 1883 2429; baseline -0.001 -14"><span class='ocrx_word' id='word_1_559' title='bbox 1013 2390 1127 2428; x_wconf 89' lang='lat' dir='ltr'>quam</span> <span class='ocrx_word' id='word_1_560' title='bbox 1171 2377 1207 2415; x_wconf 91' lang='lat' dir='ltr'>in</span> <span class='ocrx_word' id='word_1_561' title='bbox 1248 2377 1398 2417; x_wconf 93' lang='lat' dir='ltr'>Auson.</span> <span class='ocrx_word' id='word_1_562' title='bbox 1440 2377 1513 2429; x_wconf 87' lang='lat' dir='ltr'>Ep.</span> <span class='ocrx_word' id='word_1_563' title='bbox 1551 2382 1617 2423; x_wconf 83' lang='lat'>24,</span> <span class='ocrx_word' id='word_1_564' title='bbox 1659 2382 1695 2418; x_wconf 90' lang='lat'>9.</span> <span class='ocrx_word' id='word_1_565' title='bbox 1734 2377 1883 2428; x_wconf 82' lang='lat' dir='ltr'>legatur</span> 
     </span>
     <span class='ocr_line' id='line_1_69' title="bbox 1011 2434 1882 2486; baseline 0 -14"><span class='ocrx_word' id='word_1_566' title='bbox 1011 2438 1180 2486; x_wconf 81' lang='lat' dir='ltr'>uterque</span> <span class='ocrx_word' id='word_1_567' title='bbox 1196 2439 1399 2486; x_wconf 73' lang='lat' dir='ltr'>parentes,</span> <span class='ocrx_word' id='word_1_568' title='bbox 1424 2435 1488 2473; x_wconf 90' lang='lat' dir='ltr'>ubi</span> <span class='ocrx_word' id='word_1_569' title='bbox 1503 2434 1693 2473; x_wconf 82' lang='lat' dir='ltr'>Graevius</span> <span class='ocrx_word' id='word_1_570' title='bbox 1718 2435 1882 2486; x_wconf 75' lang='lat' dir='ltr'>utrique</span> 
     </span>
     <span class='ocr_line' id='line_1_70' title="bbox 1011 2489 1882 2542; baseline -0.001 -14"><span class='ocrx_word' id='word_1_571' title='bbox 1011 2491 1201 2528; x_wconf 87' lang='lat' dir='ltr'>emendat.</span> <span class='ocrx_word' id='word_1_572' title='bbox 1241 2489 1340 2542; x_wconf 87' lang='lat' dir='ltr'>[Sed</span> <span class='ocrx_word' id='word_1_573' title='bbox 1367 2490 1535 2529; x_wconf 85' lang='lat' dir='ltr'>fortasse</span> <span class='ocrx_word' id='word_1_574' title='bbox 1559 2490 1716 2529; x_wconf 87' lang='lat' dir='ltr'>defendi</span> <span class='ocrx_word' id='word_1_575' title='bbox 1742 2490 1882 2541; x_wconf 85' lang='lat' dir='ltr'>poterit</span> 
     </span>
     <span class='ocr_line' id='line_1_71' title="bbox 1011 2547 1880 2598; baseline -0.002 -14"><span class='ocrx_word' id='word_1_576' title='bbox 1011 2547 1085 2584; x_wconf 89' lang='lat' dir='ltr'>etsi</span> <span class='ocrx_word' id='word_1_577' title='bbox 1128 2561 1203 2585; x_wconf 92' lang='lat' dir='ltr'>non</span> <span class='ocrx_word' id='word_1_578' title='bbox 1246 2548 1384 2586; x_wconf 83' lang='lat' dir='ltr'>anxius</span> <span class='ocrx_word' id='word_1_579' title='bbox 1426 2549 1461 2585; x_wconf 88' lang='lat' dir='ltr'>in</span> <span class='ocrx_word' id='word_1_580' title='bbox 1500 2548 1689 2598; x_wconf 82' lang='lat' dir='ltr'>scriptura</span> <span class='ocrx_word' id='word_1_581' title='bbox 1724 2547 1880 2585; x_wconf 86' lang='lat' dir='ltr'>haereo.</span> 
     </span>
     <span class='ocr_line' id='line_1_72' title="bbox 1012 2602 1879 2656; baseline -0.002 -15"><span class='ocrx_word' id='word_1_582' title='bbox 1012 2603 1075 2641; x_wconf 84' lang='lat' dir='ltr'>De</span> <span class='ocrx_word' id='word_1_583' title='bbox 1106 2602 1243 2655; x_wconf 89' lang='lat' dir='ltr'>plurali</span> <span class='ocrx_word' id='word_1_584' title='bbox 1273 2605 1436 2656; x_wconf 73' lang='lat' dir='ltr'>utrique</span> <span class='ocrx_word' id='word_1_585' title='bbox 1472 2604 1521 2642; x_wconf 86' lang='lat' dir='ltr'>de</span> <span class='ocrx_word' id='word_1_586' title='bbox 1551 2603 1704 2642; x_wconf 85' lang='lat' dir='ltr'>duobus</span> <span class='ocrx_word' id='word_1_587' title='bbox 1734 2606 1879 2642; x_wconf 84' lang='lat' dir='ltr'>tantum</span> 
     </span>
     <span class='ocr_line' id='line_1_73' title="bbox 1012 2658 1880 2699; baseline 0 -1"><span class='ocrx_word' id='word_1_588' title='bbox 1012 2659 1111 2699; x_wconf 89' lang='lat' dir='ltr'>dicto</span> <span class='ocrx_word' id='word_1_589' title='bbox 1137 2659 1328 2698; x_wconf 87' lang='lat' dir='ltr'>cf.Burm.</span> <span class='ocrx_word' id='word_1_590' title='bbox 1355 2660 1405 2699; x_wconf 87' lang='lat' dir='ltr'>ad</span> <span class='ocrx_word' id='word_1_591' title='bbox 1429 2659 1589 2698; x_wconf 89' lang='lat' dir='ltr'>Anthol.</span> <span class='ocrx_word' id='word_1_592' title='bbox 1614 2659 1702 2699; x_wconf 85' lang='lat' dir='ltr'>Lat.</span> <span class='ocrx_word' id='word_1_593' title='bbox 1729 2659 1838 2698; x_wconf 82' lang='lat' dir='ltr'>Tom.</span> <span class='ocrx_word' id='word_1_594' title='bbox 1855 2658 1880 2698; x_wconf 88' lang='lat' dir='ltr'>l.</span> 
     </span>
     <span class='ocr_line' id='line_1_74' title="bbox 1011 2715 1878 2768; baseline 0.001 -15"><span class='ocrx_word' id='word_1_595' title='bbox 1011 2730 1048 2768; x_wconf 92' lang='lat' dir='ltr'>p.</span> <span class='ocrx_word' id='word_1_596' title='bbox 1064 2720 1156 2757; x_wconf 84' lang='lat'>472.</span> <span class='ocrx_word' id='word_1_597' title='bbox 1183 2720 1222 2754; x_wconf 87' lang='lat' dir='ltr'>et</span> <span class='ocrx_word' id='word_1_598' title='bbox 1247 2729 1346 2767; x_wconf 89' lang='lat' dir='ltr'>quos</span> <span class='ocrx_word' id='word_1_599' title='bbox 1371 2720 1572 2767; x_wconf 84' lang='lat' dir='ltr'>praeterea</span> <span class='ocrx_word' id='word_1_600' title='bbox 1602 2716 1734 2755; x_wconf 86' lang='lat' dir='ltr'>laudat</span> <span class='ocrx_word' id='word_1_601' title='bbox 1757 2715 1878 2755; x_wconf 83' lang='lat' dir='ltr'>Kritz.</span> 
     </span>
     <span class='ocr_line' id='line_1_75' title="bbox 1011 2771 1522 2825; baseline 0.002 -15"><span class='ocrx_word' id='word_1_602' title='bbox 1011 2773 1060 2812; x_wconf 84' lang='lat' dir='ltr'>ad</span> <span class='ocrx_word' id='word_1_603' title='bbox 1085 2772 1182 2812; x_wconf 87' lang='lat' dir='ltr'>Sall.</span> <span class='ocrx_word' id='word_1_604' title='bbox 1210 2771 1292 2811; x_wconf 86' lang='lat' dir='ltr'>Cat.</span> <span class='ocrx_word' id='word_1_605' title='bbox 1318 2776 1385 2813; x_wconf 91' lang='grc'>30.</span> <span class='ocrx_word' id='word_1_606' title='bbox 1411 2773 1441 2824; x_wconf 81' lang='lat'>§.</span> <span class='ocrx_word' id='word_1_607' title='bbox 1468 2773 1522 2825; x_wconf 90' lang='lat'>4.]</span> 
     </span>
    </p>

    <p class='ocr_par' dir='ltr' id='par_1_15' title="bbox 1011 2828 1882 3107">
     <span class='ocr_line' id='line_1_76' title="bbox 1064 2828 1881 2882; baseline 0.001 -14"><span class='ocrx_word' id='word_1_608' title='bbox 1064 2834 1290 2882; x_wconf 79' lang='lat' dir='ltr'>percontor</span> <span class='ocrx_word' id='word_1_609' title='bbox 1311 2829 1362 2868; x_wconf 79' lang='lat' dir='ltr'>cle</span> <span class='ocrx_word' id='word_1_610' title='bbox 1381 2844 1472 2869; x_wconf 80' lang='lat' dir='ltr'>anu.</span> <span class='ocrx_word' id='word_1_611' title='bbox 1501 2828 1582 2881; x_wconf 87' lang='lat' dir='ltr'>[De</span> <span class='ocrx_word' id='word_1_612' title='bbox 1596 2831 1881 2869; x_wconf 79' lang='lat' dir='ltr'>constructione</span> 
     </span>
     <span class='ocr_line' id='line_1_77' title="bbox 1011 2883 1879 2936; baseline 0.003 -13"><span class='ocrx_word' id='word_1_613' title='bbox 1011 2886 1057 2924; x_wconf 89' lang='lat' dir='ltr'>cf.</span> <span class='ocrx_word' id='word_1_614' title='bbox 1076 2886 1194 2924; x_wconf 87' lang='lat' dir='ltr'>lland.</span> <span class='ocrx_word' id='word_1_615' title='bbox 1215 2886 1265 2924; x_wconf 87' lang='lat' dir='ltr'>ad</span> <span class='ocrx_word' id='word_1_616' title='bbox 1280 2883 1445 2924; x_wconf 85' lang='lat' dir='ltr'>Tursell.</span> <span class='ocrx_word' id='word_1_617' title='bbox 1460 2885 1504 2924; x_wconf 92' lang='grc' dir='ltr'>ΙΙ.</span> <span class='ocrx_word' id='word_1_618' title='bbox 1519 2898 1556 2936; x_wconf 85' lang='lat' dir='ltr'>p.</span> <span class='ocrx_word' id='word_1_619' title='bbox 1575 2890 1664 2927; x_wconf 83' lang='lat'>191.</span> <span class='ocrx_word' id='word_1_620' title='bbox 1679 2886 1816 2926; x_wconf 79' lang='lat' dir='ltr'>Matth.</span> <span class='ocrx_word' id='word_1_621' title='bbox 1831 2888 1879 2926; x_wconf 85' lang='lat' dir='ltr'>ad</span> 
     </span>
     <span class='ocr_line' id='line_1_78' title="bbox 1012 2940 1882 2995; baseline 0.001 -13"><span class='ocrx_word' id='word_1_622' title='bbox 1012 2940 1092 2982; x_wconf 89' lang='lat' dir='ltr'>Cic.</span> <span class='ocrx_word' id='word_1_623' title='bbox 1108 2946 1199 2980; x_wconf 86' lang='lat' dir='ltr'>orat.</span> <span class='ocrx_word' id='word_1_624' title='bbox 1214 2956 1282 2993; x_wconf 86' lang='lat' dir='ltr'>pro</span> <span class='ocrx_word' id='word_1_625' title='bbox 1297 2941 1380 2981; x_wconf 90' lang='lat' dir='ltr'>Mil.</span> <span class='ocrx_word' id='word_1_626' title='bbox 1396 2946 1460 2983; x_wconf 87' lang='lat'>22.</span> <span class='ocrx_word' id='word_1_627' title='bbox 1476 2942 1581 2993; x_wconf 83' lang='lat'>§.59.</span> <span class='ocrx_word' id='word_1_628' title='bbox 1611 2943 1675 2982; x_wconf 86' lang='lat' dir='ltr'>De</span> <span class='ocrx_word' id='word_1_629' title='bbox 1694 2944 1882 2995; x_wconf 80' lang='lat' dir='ltr'>scriptura</span> 
     </span>
     <span class='ocr_line' id='line_1_79' title="bbox 1011 2996 1879 3049; baseline 0.003 -12"><span class='ocrx_word' id='word_1_630' title='bbox 1011 2999 1059 3038; x_wconf 89' lang='lat' dir='ltr'>cf.</span> <span class='ocrx_word' id='word_1_631' title='bbox 1074 2999 1214 3037; x_wconf 86' lang='lat' dir='ltr'>Donat.</span> <span class='ocrx_word' id='word_1_632' title='bbox 1236 2998 1285 3036; x_wconf 87' lang='lat' dir='ltr'>ad</span> <span class='ocrx_word' id='word_1_633' title='bbox 1306 2996 1393 3036; x_wconf 88' lang='lat' dir='ltr'>Ter.</span> <span class='ocrx_word' id='word_1_634' title='bbox 1412 2997 1556 3049; x_wconf 84' lang='lat' dir='ltr'>Hecyr.</span> <span class='ocrx_word' id='word_1_635' title='bbox 1572 2998 1598 3038; x_wconf 91' lang='lat' dir='ltr'>I.</span> <span class='ocrx_word' id='word_1_636' title='bbox 1615 3004 1650 3040; x_wconf 87' lang='lat'>2.</span> <span class='ocrx_word' id='word_1_637' title='bbox 1668 3004 1702 3041; x_wconf 87' lang='lat'>2.</span> <span class='ocrx_word' id='word_1_638' title='bbox 1720 3004 1758 3039; x_wconf 82' lang='lat' dir='ltr'>et</span> <span class='ocrx_word' id='word_1_639' title='bbox 1770 2999 1803 3039; x_wconf 86' lang='lat' dir='ltr'>F</span> <span class='ocrx_word' id='word_1_640' title='bbox 1807 3006 1879 3040; x_wconf 81' lang='lat' dir='ltr'>est.</span> 
     </span>
     <span class='ocr_line' id='line_1_80' title="bbox 1011 3055 1879 3107; baseline 0.002 -14"><span class='ocrx_word' id='word_1_641' title='bbox 1011 3070 1042 3095; x_wconf 84' lang='lat' dir='ltr'>s.</span> <span class='ocrx_word' id='word_1_642' title='bbox 1064 3069 1098 3094; x_wconf 85' lang='lat' dir='ltr'>v.</span> <span class='ocrx_word' id='word_1_643' title='bbox 1125 3055 1375 3094; x_wconf 73' lang='lat' dir='ltr'>Percontari</span> <span class='ocrx_word' id='word_1_644' title='bbox 1400 3068 1666 3107; x_wconf 84' lang='lat' dir='ltr'>quaecumque</span> <span class='ocrx_word' id='word_1_645' title='bbox 1687 3061 1748 3095; x_wconf 77' lang='lat' dir='ltr'>est</span> <span class='ocrx_word' id='word_1_646' title='bbox 1768 3071 1879 3095; x_wconf 79' lang='lat' dir='ltr'>voea-</span> 
     </span>
    </p>
   </div>
   <div class='ocr_carea' id='block_1_10' title="bbox 1010 3110 1879 3165">
    <p class='ocr_par' dir='ltr' id='par_1_16' title="bbox 1010 3110 1879 3165">
     <span class='ocr_line' id='line_1_81' title="bbox 1010 3110 1879 3165; baseline 0.002 -14"><span class='ocrx_word' id='word_1_647' title='bbox 1010 3113 1089 3151; x_wconf 86' lang='lat' dir='ltr'>buli</span> <span class='ocrx_word' id='word_1_648' title='bbox 1116 3112 1233 3162; x_wconf 79' lang='lat' dir='ltr'>origo.</span> <span class='ocrx_word' id='word_1_649' title='bbox 1267 3111 1313 3150; x_wconf 87' lang='lat' dir='ltr'>cf.</span> <span class='ocrx_word' id='word_1_650' title='bbox 1344 3110 1471 3151; x_wconf 83' lang='lat' dir='ltr'>Doed.</span> <span class='ocrx_word' id='word_1_651' title='bbox 1505 3111 1599 3163; x_wconf 80' lang='lat' dir='ltr'>Syn.</span> <span class='ocrx_word' id='word_1_652' title='bbox 1627 3112 1690 3152; x_wconf 89' lang='lat' dir='ltr'>Ill.</span> <span class='ocrx_word' id='word_1_653' title='bbox 1724 3127 1759 3165; x_wconf 82' lang='lat' dir='ltr'>p.</span> <span class='ocrx_word' id='word_1_654' title='bbox 1786 3118 1879 3156; x_wconf 79' lang='lat'>295.</span> 
     </span>
    </p>
   </div>
  </div>
 </body>
</html>
