2155 3590
582 171 769 216 LIBER
792 171 911 215 VIII.

90 285 102 342 1
119 284 272 341 prolixe
290 283 524 325 fimbriatum
546 291 585 325 et
603 286 845 340 multiiugis*
870 286 960 327 talis
979 287 1109 328 ovium
1128 286 1412 338 tesserarum&
1439 287 1606 329 indidem
1627 300 1715 328 sese
1733 287 1864 328 11111111-
1888 296 1953 329 584

75 421 258 462 fibriatum
274 425 313 452 D.
340 420 546 460 finbriatum
566 426 602 453 G.
626 425 652 454 1.

702 424 769 453 tali
782 425 819 454 F.
834 427 864 454 3.
884 427 920 454 G.
936 427 965 455 1.

972 172 1098 215 CAP.
1123 172 1335 215 XXVIII,
1784 176 1867 218 737

986 427 1022 455 0.
1041 423 1070 455 ὃ.
1088 433 1125 455 π.
1163 423 1229 454 tuli
1244 426 1280 453 G.
1298 427 1331 455 2.
1349 425 1388 454 D.
1408 426 1444 455 P.
1482 425 1550 454 ῐιιῐῐ
1562 428 1599 455 L.
1623 428 1659 455 In
1678 429 1750 456 cett.
1771 425 1864 455 talis.

84 468 184 497 ovina
201 469 237 498 F.
256 470 288 497 3.
323 469 381 497 oia
399 471 434 498 G.
455 470 485 497 2.
505 471 544 498 D.
563 471 599 498 L.
620 467 648 498 δ.
669 471 704 499 0.
724 478 760 499 π.
798 469 919 498 obcina
931 471 1019 500 Colv.
1034 473 1088 500 Al.
1102 473 1166 499 Ms.
1201 469 1280 498 onia
1298 471 1334 500 P.
1371 471 1473 498 ovina
1486 473 1522 500 G.
1538 473 1566 500 1.
1590 473 1628 500 In
1647 476 1720 501 cett.
1740 472 1861 500 ovium.

84 516 287 542 tener-atum
299 514 334 542 F.
351 515 380 542 1.
394 515 424 542 8.
438 515 474 543 G.
490 515 520 542 2.
532 515 571 543 D.
585 516 622 543 L.
637 517 698 544 Ms.
712 516 764 543 Al.
779 512 808 544 δ.
832 517 949 544 1110011.
962 517 1011 545 ed.
1025 524 1072 551 pr.
1085 516 1211 546 Vicent.
1224 515 1338 546 Venet.
1350 516 1383 545 2.
1416 517 1620 544 tessataeum
1640 518 1677 546 G.
1696 518 1725 546 1.
1747 525 1768 546 a
1779 525 1821 547 m.
1835 525 1862 547 s.

81 559 118 589 in
129 562 290 590 contextu.
328 561 530 587 testatatum
543 561 578 588 0.
602 561 639 588 111
653 563 725 588 eeu.
742 559 960 590 tessellatum.

82 677 144 718 ed.
167 677 311 725 Burm..
335 679 399 718 ubi
424 684 555 717 noster
582 679 690 718 100115
716 692 944 719 commemo-

82 739 189 774 ratus
202 740 275 773 est.
301 735 364 773 De
378 748 459 774 voc.
473 737 629 774 semivir
644 735 726 775 css
729 741 795 774 ort.
805 737 855 775 ad
868 736 945 774 Lu-

83 791 271 831 can.V111.
281 795 372 832 552.
387 792 435 830 ad
445 791 561 842 Apul.
574 792 624 830 de
636 791 770 831 Mund.
784 806 822 844 p.
832 793 943 845 328]

138 849 247 887 lenis.
294 847 335 886 In
361 848 514 898 optimis
529 848 639 886 codd.
659 849 735 886 vidi
760 849 944 901 scriptum

81 905 195 949 tems,
209 905 358 955 quasia
371 905 598 943 nominativo
612 910 723 944 tenus
737 904 797 943 vel
812 910 944 945 tenum

83 960 169 998 sive
202 960 366 998 vinculis
403 964 443 998 et
471 960 594 999 nodis.
641 961 761 1011 Atqui
792 962 845 999 ita
869 961 946 1011 legi

82 1016 204 1054 voluit
234 1016 353 1055 Salm.
389 1017 439 1054 ad
471 1015 629 1055 Tertull.
660 1015 760 1055 Pall.
790 1030 829 1068 p.
857 1021 946 1058 165.

85 1075 215 1123 (210.)
244 1086 363 1124 qnam
381 1073 602 1125 phileyrae
626 1074 749 1111 tem's
771 1074 946 1112 vixerat.

83 1128 186 1168 Oud.
211 1128 390 1174 affirmat,
415 1128 514 1167 hanc
531 1129 759 1179 scriptmam
778 1129 946 1167 librario·

83 1198 167 1223 rum
184 1185 278 1224 mori
297 1184 558 1236 imputandam
579 1198 691 1230 esse,
715 1198 784 1236 pro
804 1186 947 1224 taenit's

85 1241 336 1280 scribentium
372 1243 489 1285 tenis,
537 1245 580 1279 ut
613 1240 773 1279 aliorum
815 1242 942 1286 tertiis,

84 1298 239 1337 tenniis.
295 1295 341 1334 Id
376 1297 482 1348 quod
516 1297 676 1335 credere
710 1296 859 1335 mavult
893 1297 943 1335 ob

84 1352 211 1391 locum
224 1351 508 1403 Virg.Aen.VI.
524 1356 589 1394 62.
602 1353 749 1392 evincti
761 1358 944 1404 tempora

85 1409 242 1455 taeniis,
272 1409 339 1447 ubi
361 1408 437 1446 vid.
463 1408 571 1448 Serv.
597 1412 636 1446 et
661 1407 872 1448 Comment.
896 1421 944 1446 ac

86 1464 366 1504 Cereoetiums.
379 1463 582 1503 Petavium
598 1464 633 1502 in
649 1464 816 1503 Salmas.
833 1477 867 1515 p.
877 1468 944 1504 55.

84 1522 261 1562 Taeniae
285 1526 498 1560 contortae
524 1520 626 1559 Oud.
655 1525 746 1559 sunt
774 1521 944 1558 fimbriae

83 1577 260 1617 nodosae
279 1590 330 1615 ex
347 1577 484 1616 lanoso
502 1576 666 1623 vellere,
691 1576 793 1616 unde
812 1580 851 1615 et
860 1578 944 1630 fim-

85 1635 258 1673 brintum
290 1634 468 1687 flayrum
517 1633 582 1680 (01.
607 1632 740 1673 Barth.
776 1633 945 1672 Advers.

84 1688 276 1728 XXXIV.
292 1694 354 1730 15.
371 1703 408 1741 p.
427 1692 564 1741 1573.)
582 1688 777 1742 Apuleius
796 1689 945 1728 dixerit.

87 1746 160 1798 [At
197 1758 315 1784 secus
357 1746 537 1797 equidem
576 1747 719 1786 sentio.
776 1744 946 1784 Primum

85 1803 187 1841 enim
209 1802 258 1841 ab
283 1801 385 1841 Mss.
414 1803 641 1841 auctoritate
664 1801 845 1841 standum
869 1805 944 1848 est,

86 1871 210 1910 quos,
246 1858 282 1896 si
317 1858 473 1909 quidem
508 1858 558 1897 ad
595 1858 724 1898 Guelf.
764 1863 798 1898 1.
829 1862 866 1899 2.
905 1861 945 1896 et

84 1914 230 1955 Dresd.
265 1915 505 1967 respexeris,
541 1927 735 1966 nunquam
771 1915 825 1953 ita
854 1914 944 1952 scri-

85 1971 220 2023 psisse
249 1971 429 2022 cognovi,
460 1975 526 2010 aut
554 1970 749 2022 duplicem
779 1970 945 2008 litteram

86 2031 223 2079 aperte
249 2027 502 2078 praebentes,
541 2031 607 2066 aut
628 2039 699 2077 per
722 2026 946 2065 contractio-

87 2096 176 2122 nem
217 2082 410 2134 quandam
442 2098 470 2136 y
504 2083 732 2121 scribentes.
791 2082 947 2120 Deinde

88 2139 224 2179 taenia
246 2139 312 2177 vix
334 2139 548 2190 putaverim
573 2152 660 2177 eum
679 2138 780 2177 Oud.
799 2138 849 2177 de
867 2138 946 2175 fim-

87 2196 181 2234 briis
205 2195 368 2234 nodosis
391 2195 554 2247 intelligi
584 2208 724 2246 posse,
756 2207 872 2246 quum
896 2193 947 2232 (le

89 2251 242 2303 laqueis
254 2251 385 2303 potius
402 2251 466 2290 hic
481 2264 698 2290 sermonem
718 2264 811 2289 esse
828 2263 946 2302 appa-

87 2311 181 2347 reat.
205 2307 317 2347 Haec
329 2321 391 2346 me
405 2311 663 2353 commovent,
688 2311 730 2346 ut
742 2307 951 2346 lectionem

89 2365 192 2403 tem's
214 2364 419 2411 retineam,
445 2377 545 2415 quae
567 2363 699 2402 Plauti
722 2364 951 2402 auctoritate

89 2419 235 2459 Bacch.
247 2419 315 2459 IV.
331 2425 367 2462 6.
388 2424 453 2462 22.
477 2421 575 2459 satis
600 2419 829 2458 defenditur.
863 2418 952 2458 Nec

91 2475 219 2515 solum
248 2481 422 2528 quartam
451 2476 746 2515 declinationem
774 2479 951 2514 secutum

90 2545 185 2572 esse
197 2531 446 2582 vocabulum,
472 2533 546 2571 sed
557 2532 767 2571 secundam
785 2545 954 2583 quoque,

90 2589 356 2628 demonstrant
402 2589 601 2640 exempla,
650 2601 749 2639 quae
794 2587 955 2639 protulit

94 2645 216 2684 Salm.
229 2645 280 2684 ad
304 2643 328 2684 l.
346 2658 377 2684 c.
403 2649 442 2684 et
455 2646 507 2684 du
521 2644 637 2695 Cang.
652 2645 687 2682 in
703 2644 838 2683 Gloss.
853 2657 885 2682 5.
898 2644 953 2697 v.]

149 2701 242 2741 talis
268 2702 397 2742 ovium
419 2706 659 2741 tesseratum.
708 2700 836 2746 Quum
861 2713 953 2751 quo-

95 2758 211 2796 modo
226 2757 352 2796 locum
365 2759 646 2809 perscriberem
659 2757 799 2795 dubius
812 2769 957 2803 essem,

96 2813 187 2852 dedi
227 2827 333 2860 eum,
374 2814 570 2865 quomodo
612 2813 714 2852 Mss.
755 2813 957 2864 praebent,

99 2869 222 2920 signis
235 2870 428 2922 appositis
442 2902 453 2917 ,
483 2871 623 2921 quibus
637 2873 856 2920 corruptum
870 2882 958 2907 eum

97 2938 191 2963 esse
224 2925 362 2965 indico.
408 2926 566 2965 Plurimi
604 2926 833 2977 interpretes
868 2928 959 2964 ante

99 2979 201 3019 Oud.
220 2983 384 3033 probant
404 2983 608 3022 lectionem
629 2982 723 3021 talis
744 2982 871 3020 ovinis
892 2980 958 3019 vel

101 3038 247 3083 ovium,
272 3051 371 3089 quae
395 3040 445 3079 ad
464 3040 578 3079 codd.
597 3038 823 3090 scripturam
844 3050 958 3088 quam

99 3093 272 3144 proxime
295 3095 461 3143 accedit,
491 3100 532 3135 et
560 3094 801 3146 respondere
825 3093 959 3132 dicitur

102 3149 332 3189 Graecorum
347 3149 554 3206 ‘gr19nb‚·vel
569 3148 755 3205 δορκάδος
773 3148 958 3203 ἀστράγα-

1002 682 1060 720 λοι
1074 681 1123 719 de
1136 680 1276 733 quibus
1289 680 1451 720 consen-i
1463 680 1570 720 iubet
1581 680 1681 720 Oud.
1697 680 1864 721 Casaub.

1002 738 1051 776 ad
1077 737 1274 789 Theophr.
1301 736 1411 776 Char.
1433 742 1470 777 5.
1494 737 1621 776 Recte
1644 742 1770 776 tamen
1796 738 1864 776 ille

1002 792 1180 839 offendit,
1218 807 1283 831 cur
1319 807 1369 831 ex
1405 794 1557 833 ovium
1598 794 1693 833 talls
1736 795 1863 843 magis

1002 863 1117 900 quam
1137 863 1187 887 ex
1205 849 1364 888 aliorum
1382 863 1567 900 pecorum
1584 849 1684 888 haec
1707 849 1863 900 flagella

1001 906 1161 944 fecerint
1174 905 1289 944 Galli.
1336 905 1438 944 Infra
1456 906 1557 944 enim
1572 911 1703 945 neutro
1718 919 1863 957 genere

1004 960 1155 999 dixisse
1179 965 1374 1000 auctorem
1395 964 1574 1015 flayrum
1593 963 1782 1014 pecuinis
1805 976 1863 1001 os-

1003 1018 1109 1056 sibus
1133 1022 1361 1057 catenatum
1384 1031 1430 1056 ac
1453 1017 1615 1056 Graecis
1639 1017 1863 1069 simpliciter

1003 1073 1131 1111 vocari
1155 1071 1319 1125 μάστιγα
1344 1072 1381 1120 ἕξ
1404 1071 1651 1127 ἀστραγάλων
1669 1078 1709 1112 et
1727 1071 1862 1126 ἀστρα-

1003 1127 1189 1181 γαλωτήν,
1226 1129 1314 1168 0011.
1349 1129 1509 1168 Reines.
1534 1130 1625 1169 Var.
1655 1130 1766 1169 Lect.
1796 1129 1862 1170 111.

1002 1199 1040 1236 p.
1065 1186 1158 1226 406.
1185 1184 1409 1225 Commentt.
1434 1187 1484 1224 ad
1508 1185 1660 1226 Ρο11110.
1674 1186 1724 1225 Χ.
1743 1199 1775 1224 s.
1795 1190 1861 1226 54.

1001 1240 1101 1280 Hinc
1141 1241 1228 1292 ipse
1268 1243 1407 1292 probat
1453 1243 1709 1280 coniecturam
1749 1254 1864 1280 suam

1003 1298 1135 1336 omnia
1160 1297 1182 1335 i.
1203 1310 1236 1336 e.
1258 1311 1338 1349 per
1368 1299 1519 1344 omnia,
1548 1299 1725 1344 omnino,
1756 1298 1863 1336 locu·

1000 1354 1104 1391 tione
1117 1365 1202 1391 cum
1217 1353 1373 1404 optimis
1392 1354 1645 1404 scriptoribus
1664 1358 1742 1391 tum
1755 1354 1862 1404 Apu-

1002 1409 1076 1446 leio
1113 1409 1430 1459 frequentissima
1466 1410 1554 1448 coll.
1592 1409 1712 1448 Soliu.
1740 1423 1771 1448 c.
1796 1412 1861 1449 59.

1001 1465 1147 1504 hirsuti
1173 1465 1329 1503 omnia
1357 1464 1525 1504 Gronov.
1550 1465 1599 1503 ad
1626 1465 1719 1504 Sen.
1746 1465 1861 1503 (Tons.

1001 1521 1050 1558 ad
1075 1518 1195 1559 Marc.
1222 1524 1287 1561 25.
1312 1525 1352 1558 et
1376 1519 1402 1560 l.
1429 1521 1548 1560 Gron.
1573 1521 1624 1560 ad
1649 1521 1750 1559 Gell.
1766 1520 1809 1558 ll.
1825 1524 1862 1560 2.

1001 1575 1202 1616 Passerut.
1228 1576 1277 1616 ad
1303 1575 1419 1628 Prop.
1445 1576 1472 1615 Ι.
1498 1582 1534 1618 2.
1562 1578 1613 1627 (2)
1640 1577 1687 1615 cf.
1703 1577 1752 1616 ad
1766 1576 1862 1614 Met.

1000 1631 1051 1671 X.
1076 1646 1115 1684 p.
1141 1637 1234 1674 704.
1283 1632 1411 1685 [Hanc
1437 1646 1530 1671 vero
1555 1633 1866 1672 emendationem

1003 1689 1143 1728 nemini
1173 1701 1299 1740 usque
1329 1689 1532 1740 probatum
1561 1689 1604 1727 iri
1635 1702 1751 1739 quum
1780 1701 1866 1740 per-

1003 1759 1162 1784 suasum
1181 1745 1271 1783 mihi
1285 1745 1354 1790 sit,
1378 1746 1502 1796 magis
1516 1745 1654 1783 inclino
1670 1745 1720 1783 ad
1733 1757 1866 1782 emen·

1001 1802 1195 1840 (lationem
1208 1801 1353 1839 Brantii
1367 1801 1460 1840 talis
1473 1802 1610 1845 ovinis,
1636 1801 1709 1839 nisi
1721 1801 1865 1851 potius,

1001 1858 1040 1896 id
1054 1857 1156 1908 quod
1172 1859 1224 1895 vir
1236 1857 1377 1894 doctus
1389 1857 1480 1894 mihi
1493 1852 1630 1903 suasit,
1654 1871 1730 1894 uno
1744 1857 1865 1894 verbo

1001 1913 1210 1964 legendum
1241 1917 1304 1951 est
1333 1912 1487 1951 taliolis
1516 1912 1579 1950 vel
1609 1912 1736 1951 simile
1760 1911 1864 1963 quid.

1003 1970 1096 2010 Tala·
1122 1970 1230 2010 ovini
1254 1983 1300 2007 an
1323 1968 1458 2007 bovini
1476 1968 1601 2020 magis
1623 1968 1866 2010 conveniant,

1003 2025 1184 2077 equidem
1219 2025 1369 2068 nescio,
1406 2037 1522 2076 quum
1557 2025 1661 2076 apud
1697 2028 1866 2070 veteres,

1003 2086 1185 2133 quantum
1210 2081 1389 2132 equidem
1413 2081 1513 2126 5010,
1540 2082 1623 2119 eius
1640 2080 1783 2132 flagelli
1803 2093 1867 2118 eo-

1001 2151 1162 2190 rumque
1186 2137 1352 2175 talorum
1378 2137 1588 2176 accuratior
1616 2137 1760 2175 mentio
1790 2149 1867 2174 non

1003 2195 1079 2233 fiat.
1126 2194 1313 2233 Poenina
1334 2194 1490 2246 flayra,
1522 2206 1622 2244 quae
1645 2193 1742 2231 infra
1767 2205 1866 2230 com-

1002 2253 1279 2294 memorantur,
1303 2249 1382 2287 tale
1396 2248 1487 2300 quid
1508 2249 1667 2287 innuere
1678 2249 1868 2294 videntur,

1007 2319 1240 2358 quamquam
1285 2306 1497 2344 terminatio
1547 2306 1665 2344 ovina
1713 2304 1869 2344 obstare

1006 2363 1193 2402 videatur.
1231 2361 1331 2400 Hinc
1360 2361 1501 2399 dubius
1527 2360 1653 2399 locum
1678 2362 1714 2399 in
1738 2360 1868 2400 medio

1007 2419 1158 2470 reliqui.
1201 2417 1357 2456 Deinde
1392 2422 1622 2457 cessar-atum
1650 2431 1737 2456 eum
1767 2416 1857 2455 Oud

1007 2475 1133 2525 magis
1157 2475 1298 2526 probo,
1336 2486 1451 2526 quam
1482 2473 1737 2519 tessellatam,
1779 2472 1871 2511 licet

1009 2530 1167 2571 Ruhnk.
1191 2529 1294 2570 Oud.
1317 2531 1534 2568 auctoritati
1557 2543 1631 2568 non
1657 2530 1870 2568 obsecutus

1009 2588 1074 2625 vel
1086 2587 1217 2640 potius
1229 2586 1467 2638 negligentia
1480 2584 1617 2636 lapsus
1631 2586 1871 2625 tessellatam

1011 2657 1097 2682 cum
1120 2643 1234 2681 Vulc.
1260 2647 1295 2683 2.
1321 2642 1524 2680 retinuerit.
1561 2641 1604 2679 Si
1629 2642 1730 2679 enim
1753 2654 1777 2678 a
1801 2645 1871 2678 ies·

1010 2700 1109 2740 sella
1122 2699 1355 2738 deminutiva
1369 2711 1464 2736 voce
1478 2698 1518 2736 fit
1530 2698 1762 2741 tessellatus,
1782 2694 1874 2746 quid

1015 2755 1192 2808 impedit,
1235 2755 1439 2806 quominus
1479 2754 1528 2792 ab
1565 2754 1650 2791 eius
1685 2753 1874 2804 primitiva

1014 2817 1161 2851 tessera
1184 2811 1249 2849 fiat
1271 2814 1481 2850 tesseratus
1504 2809 1643 2847 eadem
1672 2808 1874 2847 sententia.

1014 2868 1106 2906 Vox
1114 2872 1324 2906 iessercttns
1336 2870 1488 2918 praeter
1495 2865 1531 2903 h.
1542 2865 1565 2904 l.
1574 2865 1609 2903 in
1623 2878 1696 2903 usu
1709 2878 1785 2902 non
1800 2866 1874 2909 est,

1016 2937 1133 2975 quum
1157 2923 1378 2962 tessellatus
1408 2921 1512 2972 apud
1537 2921 1645 2959 Suet.
1671 2920 1785 2959 Caes.
1811 2922 1874 2960 46.

1014 2979 1178 3031 legatur,
1185 2982 1226 3017 ut
1234 2978 1451 3017 emendatio
1465 2978 1595 3029 potius
1602 2976 1775 3015 videatur
1783 2987 1878 3014 esse

1014 3035 1172 3081 librarii,
1191 3035 1255 3087 qui
1274 3034 1376 3073 hunc
1390 3034 1517 3072 locum
1536 3037 1782 3084 cognoverat.
1808 3031 1878 3070 Ce-

1014 3096 1138 3131 terum
1157 3091 1207 3129 de
1226 3090 1355 3141 flagris
1373 3090 1461 3128 istis
1476 3088 1675 3128 Gallorum
1700 3089 1746 3127 cs.
1767 3088 1879 3140 Lips.

1016 3149 1066 3188 de
1091 3147 1202 3188 Cruc.
1227 3146 1272 3187 Il.
1298 3151 1334 3188 3.
1359 3160 1396 3198 p.
1426 3150 1544 3187 1177.
1576 3145 1636 3185 ed.
1662 3144 1823 3196 Vesal]
