2155 3590
623 162 805 203 LIBER
828 163 946 204 vlu.
1007 163 1132 204 CAP.
1162 163 1302 204 XXV.
1787 161 1867 205 725

81 275 343 318 scurrilibus·
332 290 409 316 lam
436 276 575 317 dudum
597 284 735 317 contra
759 291 820 317 me
839 277 1046 318 velitaris
1036 277 1147 317 locis.
1187 276 1254 317 An
1274 289 1334 316 me
1354 283 1486 330 putas,
1515 276 1666 331 inepte,
1693 275 1867 316 iumento

81 335 163 374 fero
188 347 303 387 posse
329 333 439 373 deam
459 334 717 384 committere,
745 341 788 374 ut
810 334 1009 375 turbatum
1033 340 1194 388 repente
1220 332 1392 373 divinum
1418 332 1574 372 deiiciat
1598 332 1865 382 simulacrum,

79 403 228 443 egoque
264 389 384 430 miser
420 404 541 444 cogar
575 390 749 431 crinibus
787 391 925 431 solutis
961 391 1206 441 discurrere,
1244 396 1284 429 et
1313 389 1408 429 deae
1439 402 1549 428 meae
1584 389 1689 428 humi
1724 389 1869 429 iacenti

78 446 245 499 aliquem
269 446 460 487 medicum
469 423 702 500 oquaerere?
738 447 912 501 Accepto
937 448 1006 487 tali
1031 459 1212 487 sermone
1239 444 1458 499 cogitabam
1485 444 1612 485 subito
1638 445 1747 485 velut
1769 445 1868 500 lym-

77 501 254 556 phaticus
280 503 465 553 exsilire,
499 510 543 543 ut
574 517 633 543 me
665 504 872 544 ferocitate
898 517 1064 544 cernens
1090 508 1390 557 exasperatum,
1418 501 1627 541 emtionem
1652 501 1865 542 desineret.

78 557 156 599 Sed
191 559 397 613 praevenit
434 560 646 613 cogitatum
684 574 810 600 meum
847 567 974 600 emtor
1008 560 1174 610 anxius,
1213 559 1338 613 pretio
1369 558 1539 611 depenso
1575 557 1727 608 statim,
1766 558 1868 611 quod

78 616 432 669 quideffirgaudens
457 616 636 656 dominus
662 616 812 656 scilicet
836 617 965 656 taedio
991 617 1065 656 mei
1094 616 1205 656 facile
1231 615 1423 668 suscepit,
1451 613 1725 666 septemdecim
1751 615 1868 654 dena-

76 672 200 722 rium,
228 679 269 713 et
293 672 397 712 illico
422 686 483 712 me
510 673 667 717 tumicla
686 680 842 726 spartea
863 673 1073 726 deligatum
1094 670 1444 713 tradiditPhilebo.
1483 669 1569 711 Hoc
1589 669 1691 711 enim
1712 670 1868 710 nomine

79 729 314 769 censebatur
336 729 414 768 iam
439 726 547 769 metis
573 729 767 769 dominus.

78 860 202 885 contra
215 865 265 885 me
278 865 341 887 non
355 858 449 886 estin
463 859 499 887 P.
514 860 597 887 Elm.
611 862 640 888 et
655 858 796 887 Scriver.
810 859 904 888 uncis
919 858 1132 888 incluserunt.
1157 860 1220 887 Sed
1234 858 1275 887 cf.
1289 859 1386 893 Apol.
1401 866 1428 893 p.
1443 859 1520 887 380.
1543 855 1695 885 advers
1706 864 1764 884 um
1781 859 1813 884 le
1827 879 1833 885 .
1845 879 1851 886 .
1861 877 1868 885 .

79 901 210 930 celita
221 906 298 931 tur.
345 902 491 931 vele'tans
515 912 552 932 π.
588 903 747 931 relic-aris
767 902 795 933 δ.
843 912 930 933 aune
944 907 1051 940 putas
1069 906 1104 933 Ο.
1152 903 1306 932 lumento
1332 901 1413 932 Fesi
1435 900 1464 932 ὃ.
1513 902 1686 931 turbatum
1710 903 1869 931 Pricaeus

78 948 193 976 maluit
211 946 449 977 dr’sturbatum.
497 949 612 976 eiiciat
632 951 669 978 B.
717 957 774 987 ego
794 949 845 987 ῳῖι
864 958 920 983 pro
939 958 996 987 ego
1018 957 1148 987 quoque
1167 950 1188 979 f.
1236 948 1409 977 dissolutis
1427 949 1464 978 F.
1481 950 1510 978 1.
1529 956 1586 984 pro
1602 948 1698 977 varia
1715 948 1869 976 lectione:

78 994 161 1027 quod
175 994 227 1022 hic
241 995 338 1023 tacite
352 995 556 1023 inculcarunt
571 996 652 1023 Ε1111.
668 998 698 1023 61
711 1003 752 1023 ex
766 1003 802 1023 eo
816 995 957 1023 Scriver.
972 999 1000 1023 et
1015 996 1136 1024 Florid.
1161 996 1240 1024 Oud.
1262 998 1426 1029 comparat
1440 994 1531 1023 Ovid.
1546 995 1615 1023 Art.
1628 995 1682 1022 ΠΙ.
1697 994 1772 1022 431.
1792 995 1869 1022 Met.

77 1040 162 1067 XIII.
177 1040 252 1068 284.
267 1039 424 1068 Tibull.1.
442 1041 470 1068 1.
485 1041 515 1068 8.
564 1038 646 1066 deae
659 1047 709 1066 me
721 1036 749 1068 ὃ.
797 1037 902 1067 habui
915 1047 969 1074 pro
983 1038 1077 1067 Ιιιιηη·
1088 1042 1122 1069 G.
1140 1042 1168 1068 1.
1216 1038 1324 1067 subite
1337 1041 1372 1068 G.
1386 1041 1417 1067 2.
1430 1040 1467 1068 P.
1480 1040 1518 1068 D.
1567 1036 1773 1075 limphaticus
1788 1039 1824 1066 G.
1841 1039 1868 1067 1.

76 1082 211 1111 resilire
224 1081 253 1113 ὅ.
293 1083 490 1123 feroc-itare
504 1086 538 1113 B.
576 1087 755 1121 emptorem
768 1086 804 1114 L.
842 1085 1010 1122 cogitatui
1020 1093 1089 1112 meo
1104 1087 1139 1114 F.
1159 1087 1186 1114 1.
1223 1083 1382 1122 deprenso
1398 1086 1433 1113 G.
1451 1086 1478 1113 1.
1506 1081 1611 1120 fidem
1626 1091 1682 1118 pro
1696 1081 1824 1121 quidem
1840 1092 1870 1117 p.

78 1127 226 1166 quideme
240 1128 280 1157 D.
327 1128 459 1157 scilicet
471 1133 580 1159 exulat
597 1137 614 1159 a
629 1131 664 1158 B.
690 1129 834 1158 suardio
848 1132 931 1159 lunt.
949 1132 975 1159 l.
991 1131 1010 1158 i.
1026 1139 1052 1159 e.
1066 1137 1110 1158 sc.
1128 1129 1250 1158 laedio.
1297 1128 1514 1157 denariorum
1530 1132 1592 1158 Ms.
1605 1131 1660 1158 Al.
1681 1132 1760 1157 teste
1779 1128 1870 1157 Colv.

78 1177 115 1203 R.
131 1175 153 1202 f.
178 1175 285 1203 Verba
299 1177 332 1201 et
344 1173 434 1202 illico
450 1183 551 1208 usque
565 1177 604 1204 ad
619 1173 770 1202 drmn'uns
785 1184 846 1203 non
861 1179 1044 1210 comparent
1060 1176 1092 1204 in
1107 1177 1142 1204 G.
1157 1178 1183 1204 l.
1193 1177 1228 1203 0.
1265 1173 1393 1202 tumida
1405 1176 1440 1203 F.
1450 1176 1480 1203 3.
1495 1173 1556 1209 (ex
1571 1173 1798 1209 correctione.)
1813 1175 1871 1202 sed

78 1220 153 1253 quid
168 1220 257 1254 prius
271 1220 424 1253 scriptum
441 1220 534 1248 fuerit
545 1243 552 1252 ,
572 1221 727 1249 librarius
741 1229 804 1248 non
817 1220 949 1248 addidit.
974 1222 1059 1249 Idem
1075 1229 1115 1249 ex
1128 1221 1326 1249 correctione
1345 1221 1378 1248 in
1398 1222 1434 1248 G.
1450 1222 1479 1247 ⁴2.
1494 1220 1614 1255 legitur
1628 1217 1760 1254 tumidi,
1787 1219 1870 1252 quod

78 1266 169 1299 prius
184 1264 291 1292 lutm'a
304 1265 407 1293 tuisse
423 1265 559 1301 videtur,
585 1266 621 1293 F.
638 1267 665 1293 l.
685 1266 718 1293 111
737 1265 898 1298 excerptis
919 1267 958 1293 ad
974 1273 1074 1301 marg.
1088 1267 1135 1294 ed.
1150 1266 1237 1294 Corv.
1253 1269 1282 1294 et
1297 1274 1351 1299 pro
1365 1265 1459 1294 varia
1473 1265 1610 1294 lectione
1623 1265 1657 1293 in
1671 1266 1744 1293 coll.
1758 1264 1850 1293 Lind.
1862 1286 1870 1300 ,

77 1310 133 1343 qui
152 1313 318 1343 praeterea
337 1308 485 1337 slemn'da
503 1310 654 1338 enotavit.
689 1312 724 1338 ln
747 1310 815 1344 ipso
842 1311 950 1338 codice
968 1311 1184 1345 Lindenbrog.
1223 1309 1360 1338 cunu'cla
1379 1310 1548 1339 invenisse
1568 1309 1704 1338 videtur.
1743 1307 1872 1336 tuum‘da

77 1362 187 1383 omnes
200 1356 269 1383 edd.
285 1358 361 1382 vett.
400 1353 538 1381 ἱππεὶς-1η
551 1352 579 1383 δ.
595 1355 684 1383 cmv.
697 1356 791 1383 anc.
807 1357 836 1383 ¹2.
850 1357 961 1383 u'ow.
976 1355 1060 1383 Prie.
1073 1355 1195 1384 Florid.
1235 1353 1393 1382 tumidam
1409 1363 1437 1389 p.
1477 1355 1600 1381 trum‘ca
1612 1356 1695 1383 Elm.
1710 1362 1750 1383 ex
1765 1362 1872 1383 corre-

77 1401 182 1428 ctione
194 1400 442 1434 Lindenbrotzii,
469 1408 563 1433 quam
578 1400 747 1428 lectionem
762 1401 796 1428 F.
814 1401 841 1429 1.
856 1409 928 1428 esse
943 1407 1108 1435 perperam
1123 1401 1355 1434 pronuntiavit.
1391 1403 1553 1436 sparerea
1561 1401 1594 1428 G.
1605 1401 1681 1428 2.D.
1703 1402 1833 1436 purten
1842 1407 1871 1433 p.

75 1445 112 1473 F.
128 1446 156 1473 1.
171 1445 204 1473 in
217 1446 291 1473 con.
305 1445 521 1479 Lindenhrog.
558 1448 696 1481 spat-tre
712 1446 746 1473 P.
772 1443 874 1478 [teste
886 1447 969 1473 Elm.
992 1449 1174 1481 sparti-eae
1189 1449 1269 1474 teste
1284 1444 1382 1480 Oud.)
1413 1448 1518 1481 parce
1530 1445 1658 1474 Vicent.
1672 1446 1755 1473 lunt.
1779 1445 1873 1473 Unde

76 1498 151 1518 vero
163 1490 246 1518 Elm.
260 1490 415 1518 lectiones
429 1490 464 1518 F.
480 1492 509 1518 t.
535 1493 677 1526 spartea
690 1494 718 1518 et
735 1489 769 1518 F.
785 1492 814 1518 2.
841 1493 982 1526 sportae
995 1491 1158 1526 hauserit,
1184 1491 1305 1519 nescio.

1354 1488 1530 1527 diligatam
1545 1491 1580 1519 B.
1629 1487 1774 1526 Phyleoo
1789 1491 1825 1518 G.
1840 1491 1870 1518 2.

74 1535 200 1564 Vicent.
213 1536 328 1564 Vener.
342 1537 371 1563 2.
386 1539 413 1563 61
430 1540 606 1564 correctum
622 1536 664 1564 ita
679 1539 764 1564 erat:
793 1533 937 1572 Phyleho
952 1544 974 1562 a
987 1531 1092 1575 «μ’-λη,
1107 1537 1140 1565 111
1154 1542 1254 1571 marg.
1268 1536 1317 1565 ed.
1331 1542 1422 1565 meae
1436 1536 1541 1564 Paris.
1579 1533 1730 1563 dominus
1743 1542 1834 1563 meus
1842 1531 1871 1564 δ.

75 1578 280 1609 recusabatur
293 1582 328 1609 G.
342 1581 372 1608 2.
385 1582 423 1609 D.

77 1693 169 1719 cero
187 1681 320 1732 pinffl's
340 1693 464 1732 usqne
484 1680 542 1719 ml
558 1681 781 1732 perniciae’m
800 1685 943 1732 pectus

78 1737 249 1776 tundere
274 1737 458 1788 coyebal,
483 1737 547 1774 11111
572 1736 620 1774 cf.
649 1736 866 1775 Fasaubon.
894 1737 941 1775 cf.

78 1792 250 1831 Trebell.
263 1791 365 1830 Poll.
380 1807 410 1831 c.
427 1797 463 1833 4.
485 1793 589 1832 Nam
607 1807 723 1845 qnam
739 1798 836 1832 esset
848 1808 942 1832 mm-

77 1851 218 1888 tt'atnm
238 1863 345 1887 nono
369 1849 536 1889 Caleml.
554 1850 690 1902 April.
711 1851 803 1902 ipso
824 1851 865 1888 in
885 1865 943 1889 sa-

79 1907 218 1945 erario
250 1906 398 1945 Matris
428 1907 684 1957 san-quiuis
715 1907 793 1945 (lic
827 1904 943 1946 Clan-

77 1962 189 2001 dium
208 1963 489 2013 imperatorem
507 1963 677 2012 sactum.
709 1961 811 2000 Tert.
827 1962 944 2014 Apol.

78 2031 108 2055 c.
120 2021 156 2058 9.
175 2031 213 2069 p.
231 2022 290 2058 10.
307 2018 344 2056 A
364 2017 524 2069 Rigalt:
554 2018 756 2058 Bellonae
774 2021 945 2058 sacratis

78 2075 248 2126 sanquis
268 2075 319 2113 cle
335 2077 491 2126 femore
506 2076 714 2126 proscisso
733 2077 773 2113 111
785 2076 943 2126 palmu-

79 2131 157 2170 lam
183 2135 379 2182 eoeccptus
403 2132 487 2170 esui
516 2131 637 2169 (latus
663 2136 736 2172 est:
767 2132 817 2169 ‹le
844 2131 943 2171 Pall.

79 2201 110 2224 c.
131 2192 167 2226 4.
195 2200 230 2237 p.
260 2191 348 2226 117.
377 2186 416 2224 C.
442 2192 481 2225 et
504 2188 638 2225 tetrici
668 2201 790 2239 super
815 2194 942 2239 caput

78 2243 235 2282 velleris
249 2245 289 2281 in
307 2243 549 2282 Bellonae
568 2249 711 2282 mentes
720 2247 938 2297 s'nfflmtur.

77 2299 264 2338 Buenem.
291 2300 338 2338 ad
365 2299 477 2337 Lact.
503 2298 527 2336 l.
556 2303 619 2339 21.
646 2300 665 2351 §
696 2304 755 2341 16.
781 2313 817 2351 p.
837 2305 939 2347 140„

78 2359 140 2406 qui
160 2355 294 2406 plures
313 2357 541 2407 interpretes·
562 2357 723 2402 excitat,
755 2356 940 2408 Hartung.

78 2413 114 2450 111
141 2413 253 2451 libro:
281 2412 419 2465 h'eliq.
440 2413 513 2450 der
535 2413 657 2451 Rom.
677 2411 721 2451 Τ.
737 2412 780 2450 ll.
800 2427 835 2465 p.
856 2418 944 2454 154.

77 2469 212 2521 Itaque
243 2483 316 2507 non
348 2472 503 2520 propter
535 2469 735 2507 lasciviam
759 2470 946 2509 sacrificia

78 2524 251 2576 Cybeles
278 2525 338 2563 hic
364 2525 552 2563 Bellonae
578 2524 838 2565 conferuntur.
871 2527 944 2564 sed

77 2586 234 2633 propter
280 2582 561 2628 crndelstatenn
608 2582 808 2633 utriusque
844 2584 944 2621 enim

77 2639 177 2676 deae
200 2639 429 2678 sacerdotes
450 2651 589 2689 corpus
610 2638 822 2677 dilacerare
841 2640 942 2678 sole-

78 2695 170 2733 bant
194 2695 241 2734 cf.
268 2695 367 2734 infra
391 2709 426 2746 p.
455 2695 569 2747 581]

134 2757 260 2791 mater
289 2752 426 2790 Idaea.
483 2750 556 2803 [cf.
590 2748 691 2788 Etm.
725 2752 773 2789 ad
799 2751 942 2791 Minue.

78 2806 163 2846 Fel.
187 2821 227 2859 p.
251 2807 301 2846 X.
339 2807 474 2846 Mnnk.
505 2808 554 2846 ad
580 2806 721 2859 Hygin.
748 2809 782 2846 in
811 2807 943 2848 CXCI.

79 2877 114 2915 p.
130 2867 210 2906 316
224 2878 284 2915 sq.
310 2864 412 2902 Oud.
438 2864 488 2902 ad
513 2863 580 2902 lul.
606 2863 758 2915 Obseq.
779 2878 817 2916 p.
836 2866 943 2918 128.]

137 2934 300 2960 caecum
333 2921 524 2960 reddant.
591 2920 826 2971 Superstitio
865 2926 947 2961 erat

81 2980 264 3022 veterum,
299 2975 376 3015 Isin
400 2978 622 3029 peierantes
648 2977 772 3015 oculis
798 2979 946 3024 orbare,

79 3033 130 3070 de
153 3045 230 3082 qua
253 3032 377 3072 fusius
401 3035 479 3085 agit
504 3033 652 3072 Schott.
668 3033 894 3073 Observ.ll.
909 3039 946 3076 ὃ.

80 3102 119 3140 p.
143 3092 210 3129 39.
256 3088 389 3128 Heins.
421 3090 470 3129 ad
496 3089 611 3128 Ovid.
643 3104 691 3128 ex
717 3089 829 3129 Pont.
856 3090 881 3129 Ι.
912 3096 946 3131 1.

81 3149 129 3186 51
159 3158 219 3197 sq.
250 3146 337 3185 τίιῖἱ
365 3160 444 3199 eqo
470 3148 676 3198 liniqerae
700 3161 841 3187 numen
868 3149 947 3186 rio-

1003 1681 1104 1720 lasse
1114 1683 1308 1732 fatentem
1319 1681 1451 1727 Isidis,
1463 1680 1616 1721 Isaicos
1629 1685 1721 1719 ante
1734 1680 1873 1719 sedere

998 1740 1133 1789 focos.
1162 1738 1278 1777 Alter
1292 1739 1341 1777 ob
1356 1738 1450 1777 huic
1463 1737 1627 1777 similem
1645 1738 1872 1788 privatus

1003 1794 1176 1833 lumine
1207 1795 1369 1846 eulpam
1405 1794 1635 1839 Clamabat,
1667 1793 1799 1832 media
1831 1806 1871 1831 se

1002 1851 1190 1890 meruisse
1218 1852 1291 1890 via.
1320 1849 1455 1902 [Plura
1480 1850 1626 1901 profert
1638 1849 1800 1900 Rupert.
1819 1849 1871 1887 ad

1003 1906 1130 1944 iuven.
1162 1906 1266 1944 Xlll.
1294 1910 1378 1952 93„
1409 1911 1448 1945 et
1473 1905 1610 1958 Cuper.
1642 1905 1870 1957 Harpocrat.

1003 1963 1038 2001 in
1054 1961 1140 2001 Pol.
1157 1963 1294 2015 Suppl.
1311 1963 1431 2001 Thes.
1446 1963 1576 2013 Antiq.
1586 1961 1630 2001 T.
1644 1961 1691 2001 ll.
1704 1975 1742 2014 p.
1757 1967 1869 2007 511.‚

1003 2020 1065 2070 qni
1092 2020 1349 2066 demonstrat,
1381 2018 1524 2058 Isidem
1555 2019 1640 2057 vice
1662 2032 1778 2057 versa
1801 2018 1870 2057 ho-

1001 2077 1166 2115 minibus
1192 2077 1316 2114 visum
1342 2077 1574 2114 restituisse.
1612 2075 1789 2114 Eandem
1814 2090 1870 2114 or-

1001 2133 1158 2171 bitatem
1191 2133 1305 2171 ceteri
1338 2146 1493 2185 quoqne
1522 2132 1583 2171 dei
1608 2133 1870 2185 peierantibus

999 2189 1265 2242 immiserunt]

1056 2247 1222 2285 lwnicla
1236 2251 1412 2298 spartea.
1441 2245 1527 2285 Hac
1541 2246 1730 2297 Scaligeri
1744 2259 1871 2284 emen-

999 2302 1155 2341 datione
1181 2316 1295 2354 quum
1328 2302 1418 2341 nihil
1450 2304 1578 2341 verius
1610 2316 1703 2341 esse
1731 2305 1870 2355 possit,

999 2360 1034 2397 in
1066 2364 1213 2398 textum
1245 2372 1331 2398 eain
1365 2361 1515 2411 recepi,
1549 2358 1669 2398 solvil
1697 2361 1871 2399 taeniam

1003 2421 1206 2467 sparlemn
1244 2416 1552 2455 emendationem
1590 2417 1784 2462 reiiciens,
1833 2421 1872 2454 et

1004 2472 1186 2510 Ber‘oaldi
1204 2472 1408 2510 lectionem
1423 2473 1578 2512 tumida
1590 2478 1729 2524 parte,
1756 2486 1871 2523 quain

1003 2528 1054 2566 de
1078 2529 1230 2578 turgida
1251 2529 1340 2567 colli
1354 2533 1465 2580 parte
1478 2529 1668 2581 intelligit,
1684 2542 1759 2580 qua
1773 2529 1870 2567 asini

1002 2585 1208 2635 alligentur
1249 2586 1442 2636 praesepi.
1513 2584 1619 2624 ldem
1668 2598 1871 2636 perperam

1002 2647 1204 2693 spartcam
1230 2643 1423 2681 tnnu‘dam
1448 2643 1716 2693 interpretatur
1731 2645 1872 2694 funem

1003 2712 1189 2738 erassum.
1240 2697 1503 2748 Lindenbrog.
1536 2699 1699 2736 coniecit
1724 2700 1872 2738 tonu'ca

1002 2755 1090 2793 coll.
1115 2754 1363 2793 vitruv-‚Yth
1388 2769 1418 2792 c.
1446 2758 1482 2794 3.
1509 2758 1548 2793 et
1572 2754 1754 2805 Rutgers.
1779 2754 1870 2793 Var.

1002 2810 1114 2849 Lect.
1140 2809 1203 2848 Ill.
1235 2824 1267 2849 e.
1294 2814 1331 2851 9.
1379 2810 1563 2862 [Quoties
1588 2824 1679 2848 vero
1706 2811 1740 2848 in
1768 2811 1870 2852 Mss.

1005 2867 1046 2907 cl
1057 2871 1094 2904 et
1109 2867 1139 2905 d
1152 2871 1449 2913 commutentur,
1477 2866 1602 2905 fusius
1617 2868 1690 2905 iani
1705 2871 1871 2918 exposui

1005 2923 1054 2962 ad
1070 2922 1439 2974 Met.v11.p.480.,
1465 2924 1515 2961 ita
1541 2927 1580 2961 ut
1606 2923 1759 2962 tumida
1778 2925 1869 2964 1111111

1005 2979 1111 3018 aliud
1136 2979 1188 3017 sit
1218 2979 1289 3017 nisi
1323 2979 1502 3018 tanticla.
1550 2979 1613 3017 De
1643 2993 1740 3018 voce
1771 2983 1871 3022 conf.

1006 3034 1168 3074 Taubm.
1182 3035 1231 3073 ad
1247 3034 1373 3074 Plaut.
1387 3035 1549 3074 Mercat.
1564 3035 1589 3073 1.
1606 3039 1641 3076 2.
1657 3040 1720 3076 80.
1736 3051 1768 3090 p.
1779 3041 1872 3080 903.

1006 3095 1045 3130 61
1069 3091 1105 3128 ἱ
1110 3105 1193 3129 oss.
1218 3091 1254 3129 in
1280 3091 1450 3142 Etymot.
1475 3105 1507 3130 s.
1523 3104 1557 3129 v.
1583 3094 1754 3147 iontem]

1063 3147 1176 3200 [Luci
1181 3161 1239 3186 111
1255 3162 1291 3200 p.
1308 3151 1400 3189 603.
1426 3145 1447 3199 ἡ
1475 3146 1515 3187 δὲ
1540 3148 1665 3188 πολλὰ
1690 3149 1875 3199 nonan&
