2155 3590
719 118 908 159 LIBER
935 119 965 161 l.

1022 117 1149 159 cAP.
1179 118 1208 159 1.
1811 125 1861 170 11

74 234 297 289 praefamur
320 232 496 283 veniam,
525 232 558 272 si
584 231 673 285 quid
699 232 847 273 exotici
871 240 986 287 atque
1013 232 1181 274 forensis
1207 233 1400 274 sermonis
1426 234 1533 275 rudis
1559 235 1712 277 locutor
1742 238 1864 279 offen-

66 369 274 401 praecanmr
286 363 320 391 0.
330 360 537 400 praefabor‚
564 367 646 395 qnae
658 362 694 390 P.
708 362 802 390 lectio
815 370 835 391 a
847 363 956 392 u'ow.
971 362 1150 400 indicatur,
1177 361 1210 391 in
1224 362 1351 391 Gruteri
1365 364 1472 392 collat.
1488 371 1550 392 non
1565 369 1735 400 comparet.
1760 370 1864 404 atque

62 408 138 449 for.
152 411 199 437 est
213 408 247 436 in
259 408 294 436 F.
312 409 340 436 1.
353 407 450 436 ceteri
463 406 584 446 acsor.

71 518 134 557 vel
174 519 239 557 ubi
278 518 396 556 oratio
438 516 488 556 ad
528 516 643 556 aliam
685 531 764 556 rem
807 520 940 558 transit

69 575 186 629 plane
205 574 408 612 diversam.
423 572 550 613 Hand.
573 572 686 613 Turs.
707 573 768 613 III.
788 589 825 627 p.
846 579 937 616 349.

71 633 129 672 Et
146 645 236 671 ecce
254 644 342 669 mea
361 631 516 681 quidem
535 632 728 670 sententia
746 645 937 683 nusquam

71 688 167 728 alias
192 687 416 732 admittitur,
440 688 512 725 nisi
531 688 581 726 ad
601 701 697 726 nova
720 688 835 740 plane
852 703 936 740 pro-

70 744 268 797 grediaris,
289 757 388 794 quae
407 757 493 782 cum
511 746 755 796 praegressis
781 746 831 784 ita
850 760 935 783 con-

69 803 197 840 iuncta
225 814 319 839 esse
350 805 524 853 apparet,
549 805 589 839 ut
624 801 674 840 ad
704 803 809 853 prius
835 802 938 841 aliud

69 858 160 909 quid
179 857 372 896 afferatur:
402 857 505 896 unde
523 858 584 896 hic
601 859 691 910 poni
711 873 783 897 non
805 860 938 910 potuit.

68 914 115 954 cf.
141 914 193 953 ad
215 914 312 953 Met.
336 913 381 952 II.
407 928 443 966 p.
470 918 564 955 283.
602 914 728 961 Quam
756 915 936 966 frequens

67 985 158 1010 vero
182 972 233 1009 sit
256 976 294 1010 et
311 994 367 999 —-
386 985 434 1010 en
458 972 679 1010 vocularum
710 973 937 1024 permutatio

67 1028 262 1067 docebunt
289 1031 443 1080 praeter
473 1029 522 1066 V.
554 1028 603 1067 I).
640 1042 677 1080 p.
715 1034 751 1069 5.
789 1029 937 1067 adcitos

67 1084 238 1123 Broukh.
275 1084 326 1124 ad
361 1083 477 1136 Prop.
514 1083 580 1123 IV.
619 1088 654 1125 6.
696 1089 759 1126 60.
803 1085 937 1123 Heins.

67 1141 118 1180 ad
142 1140 257 1180 ovid.
282 1141 370 1179 Am.
396 1140 422 1179 I.
447 1142 487 1182 2.
516 1145 578 1181 10.
604 1140 699 1180 Met.
725 1141 816 1180 XV.
844 1145 936 1181 667.

67 1197 117 1238 ad
142 1197 231 1237 Val.
256 1196 388 1236 Flacc.
414 1196 440 1236 I.
468 1201 559 1238 266.
586 1197 690 1236 Oud.
715 1199 764 1236 ad
790 1197 936 1236 Lucan.

66 1254 115 1293 V.
141 1258 206 1295 58.
232 1267 280 1293 en
304 1267 397 1293 ecce
414 1255 525 1304 igitur
544 1268 616 1291 non
635 1254 761 1292 solum
782 1258 938 1305 propter

67 1311 241 1349 codicum
265 1312 547 1355 auctoritatem,
570 1310 644 1348 sed
669 1315 826 1362 propter
850 1324 936 1348 sen-

65 1369 222 1407 tentiam
258 1380 414 1419 quoque
449 1368 560 1405 unice
595 1368 833 1418 probandum
865 1371 939 1405 est.

66 1423 140 1463 Est
164 1425 264 1463 enim
289 1423 451 1463 formula
469 1424 769 1462 demonstrantis
789 1428 828 1462 et
848 1425 938 1462 acri-

65 1485 122 1520 ter
151 1481 399 1525 cohortantis,
431 1494 532 1531 quae
556 1482 782 1531 significatio
808 1494 938 1531 qnam-

66 1551 183 1590 quam
217 1539 253 1576 in
289 1542 452 1588 utraque
487 1538 674 1590 particula
710 1539 828 1583 inest,
865 1537 939 1576 hac

65 1600 193 1635 tamen
207 1596 295 1646 ipsa
308 1595 535 1647 repetitione
554 1598 730 1644 augetur:
755 1595 801 1634 cl'.
817 1595 936 1646 Apul.

65 1650 279 1692 Met.V111.
305 1666 342 1703 p.
358 1655 449 1692 776.
476 1651 583 1690 Satis
608 1653 811 1690 temeraria
837 1651 938 1689 vide-

63 1713 123 1748 tur
154 1721 249 1747 esse
278 1707 383 1747 Oud.
415 1708 630 1753 adnotatio,
662 1709 726 1758 qui
763 1723 808 1747 en
847 1722 940 1746 ecce

62 1766 275 1820 praefigere
298 1765 508 1817 Apuleium
534 1766 661 1803 verbis
686 1767 830 1816 primae
855 1778 939 1816 per-

63 1836 186 1862 sonae
216 1823 504 1867 observaverat,
530 1835 646 1872 quim)
671 1822 769 1860 alter
793 1826 938 1861 tantum

63 1879 176 1919 locus
200 1878 296 1918 Met.
323 1878 374 1917 X.
400 1894 436 1931 p.
465 1881 558 1919 696.
592 1883 630 1917 et
654 1892 702 1917 en
732 1893 824 1918 eet-e
845 1893 937 1931 per-

65 1937 192 1977 latam
210 1950 349 1975 coram
374 1936 563 1982 exhibeo,
589 1935 690 1974 hune
721 1949 833 1974 usum
852 1950 935 1987 pro-

62 1994 156 2033 bare
174 1994 314 2046 possit,
339 1994 473 2031 tertius
498 2005 602 2037 vero,
629 1994 693 2042 qui
712 1993 813 2044 apud
829 1993 935 2044 Apu-

64 2050 181 2089 leium
205 2051 404 2095 invenitur,
430 2049 669 2088 adversetur.
694 2048 791 2087 Met.
807 2048 876 2087 XI.
897 2063 935 2101 p.

65 2111 158 2148 783.
196 2121 245 2146 en
281 2120 373 2146 ecce
398 2136 407 2145 .
434 2137 442 2144 .
469 2136 478 2144 .
510 2106 664 2145 Lucius
696 2106 934 2157 tritnnplmt.

63 2164 152 2203 Hoc
169 2165 295 2215 magis
316 2163 467 2201 fortuito
493 2162 635 2201 sactum
661 2176 754 2200 esse
778 2162 935 2200 dixerim

64 2224 104 2260 et
128 2224 266 2259 caveto
290 2233 340 2258 ne
359 2219 409 2258 ad
427 2224 579 2258 ceteros
603 2221 813 2270 scriptores
839 2219 935 2257 rel'e-

62 2291 144 2325 ras;
177 2277 225 2316 cf.
258 2277 350 2316 Sen.
382 2275 523 2328 Oedip.
550 2276 599 2314 V.
628 2280 745 2317 1003.
773 2290 821 2315 en
846 2289 936 2315 ecce

59 2335 261 2389 prosiluit
293 2334 454 2386 yratlu,
491 2337 532 2371 ut
568 2345 616 2371 ex
642 2334 796 2385 optimis
822 2333 934 2371 codd.

63 2405 132 2445 pro
165 2396 204 2430 et
227 2404 320 2430 ecce
350 2390 558 2441 legendum
584 2394 657 2428 est.
688 2389 815 2428 Hand.
842 2388 935 2427 Tur-

62 2447 152 2487 sell.
166 2446 212 2486 II.
234 2462 270 2499 p.
286 2450 378 2487 373.
415 2447 451 2485 A
478 2446 638 2485 Graecis
659 2446 798 2484 eodem
819 2445 935 2484 modo

62 2502 108 2556 ἢν
131 2501 213 2544 ἰδού
236 2507 453 2556 usurpatur.
480 2501 605 2541 Plane
631 2503 735 2541 aliud
766 2507 828 2541 est
852 2503 935 2541 vir-

64 2561 129 2612 gil.
152 2559 238 2599 Ecl.
258 2560 307 2600 V.
334 2565 398 2600 65.
426 2563 490 2600 66.
517 2560 750 2611 exemplum,
772 2572 936 2609 quocum

63 2617 192 2657 Plauti
212 2617 465 2669 fragmentum
480 2617 583 2668 apud
597 2617 811 2655 Varronem
824 2615 871 2654 L.
886 2615 936 2654 L.

63 2673 149 2713 Vll.
175 2675 206 2725 ᾧ.
222 2678 289 2715 58.
315 2674 377 2712 ed.
402 2673 540 2712 Muell.
565 2677 657 2725 apte
688 2673 937 2724 coniungitur.

62 2731 152 2770 Non
188 2745 273 2770 rara
302 2735 365 2769 est
395 2730 495 2768 haec
525 2730 812 2775 vocabulorum,
838 2742 939 2780 quae

63 2787 168 2827 idem
204 2787 285 2826 sere
313 2787 543 2839 significant,
584 2787 690 2838 apud
729 2786 937 2838 Apuleium

65 2845 286 2896 geminatio,
305 2849 347 2883 ut
366 2857 467 2897 erqo
487 2844 628 2896 iyitnr,
648 2844 813 2882 tandem
828 2844 937 2883 cleni-

66 2915 167 2954 qae,
203 2901 253 2939 de
285 2914 362 2952 qua
389 2914 462 2939 suo
499 2900 586 2939 loco
621 2899 733 2952 plura
767 2899 938 2939 afferam.

63 2956 123 2997 lta
146 2971 195 2996 en
219 2958 391 3010 adspice
413 2956 529 2996 Ovid.
545 2956 634 2996 Am.
654 2955 683 2995 1.
697 2960 735 2997 8.
761 2955 938 2998 31.Met.

65 3012 110 3052 ll.
147 3017 212 3055 92.
255 3014 349 3053 Alia
384 3013 491 3052 dabit
525 3012 688 3065 plurima
721 3012 858 3053 Jacob.
889 3013 940 3053 ad

65 3069 191 3109 Lucil.
211 3070 323 3109 Aetn.
349 3084 387 3123 p.
402 3074 495 3111 236.
520 3070 641 3109 Voss.
667 3069 718 3110 de
743 3073 884 3110 constr.
906 3084 937 3109 c.

69 3129 133 3168 63.
159 3140 245 3168 cum
269 3127 398 3170 adnot.
423 3125 623 3166 Eckstein.

1050 521 1294 572 praefamur
1312 541 1364 546 —
1383 520 1418 558 si
1438 521 1541 572 qaid
1564 543 1618 548 --
1645 523 1861 575 offendero.

998 575 1196 622 Gruterus,
1212 577 1276 626 qui
1289 576 1324 614 in
1338 575 1413 615 hac
1430 578 1573 615 numeri
1586 580 1864 629 permutatione

996 632 1235 678 offendebat,
1262 632 1494 685 praefabor
1517 636 1678 672 correxit
1702 636 1863 674 inconsi-

995 689 1145 737 derate3
1172 689 1219 728 cl'.
1244 688 1362 741 Apul.
1387 689 1483 728 Met.
1508 689 1535 729 Ι.
1561 704 1598 742 p.
1625 695 1690 731 76.
1716 692 1864 731 abnue-

995 746 1084 786 bam
1117 748 1272 799 quippe
1302 747 1372 799 qni
1407 776 1416 784 .
1442 777 1450 785 .
1477 777 1486 785 .
1521 761 1864 800 prospeoeeramus

997 802 1042 840 11.
1078 817 1115 855 p.
1150 806 1240 843 162.
1272 802 1334 840 lll.
1370 816 1407 854 p.
1439 806 1531 843 215.
1570 803 1617 842 cl'.
1648 804 1776 843 Burin.
1815 805 1865 844 ad

997 859 1104 910 Virg.
1136 860 1235 898 Aen.
1267 858 1310 898 ll.
1342 863 1408 900 32.
1441 859 1515 911 [de
1545 860 1589 899 D.
1622 860 1664 899 S.
1700 875 1737 912 p.
1773 866 1864 901 177.

997 917 1170 956 αιιιῖἰείὶε
1194 947 1202 955 .
1228 946 1238 955 .
1263 945 1273 954 .
1298 921 1336 954 ie
1361 916 1491 956 docet.
1524 916 1657 955 Heius.
1685 918 1734 956 ad
1754 916 1865 957 Clau-

996 972 1095 1011 dian.
1127 972 1248 1024 Nupt.
1274 971 1373 1011 Hon.
1400 976 1492 1014 309.
1518 973 1646 1012 Burni.
1674 974 1724 1013 ad
1747 972 1863 1027 Prop.

995 1028 1039 1067 ll.
1067 1034 1101 1069 7.
1128 1032 1192 1069 59.
1219 1028 1318 1068 Cort.
1343 1029 1394 1068 ad
1418 1029 1564 1069 Lucan.
1590 1029 1672 1068 Vll.
1703 1034 1769 1072 80.
1795 1030 1864 1070 lnt.

997 1085 1048 1123 ad
1074 1085 1150 1124 Cic.
1183 1086 1233 1123 de
1256 1084 1305 1124 N.
1338 1085 1387 1124 D.
1413 1085 1440 1125 Ι.
1468 1090 1530 1128 19.
1561 1101 1599 1138 p.
1626 1091 1692 1128 85.
1716 1100 1776 1137 sq.
1803 1087 1864 1126 Cr.

997 1142 1199 1193 Praefari
1224 1143 1272 1181 ab
1304 1146 1432 1180 nostro
1463 1145 1630 1195 positum
1661 1148 1725 1182 est
1752 1158 1865 1189 nova,

997 1198 1100 1247 quod
1131 1199 1270 1242 sciam,
1305 1199 1580 1247 significatione
1612 1214 1682 1239 nec
1713 1215 1865 1253 compa-

995 1256 1067 1292 rari
1087 1255 1255 1292 debebat
1274 1255 1322 1293 ab
1336 1254 1437 1293 Oud.
1453 1257 1644 1295 honorem
1659 1259 1865 1309 praefari,

996 1311 1099 1360 quod
1125 1312 1147 1348 ii
1174 1311 1358 1355 dicuntur,
1385 1313 1447 1361 qui
1469 1314 1651 1351 obscoeni
1672 1314 1762 1364 quid
1782 1328 1865 1366 pro-

997 1367 1106 1405 laturi
1132 1367 1260 1405 verbis
1285 1368 1476 1407 nonnullis
1502 1371 1728 1421 praemissis
1752 1372 1866 1423 turpi-

997 1424 1165 1462 tudinem
1202 1425 1255 1462 rei
1286 1426 1471 1472 minuunt3
1509 1426 1555 1464 cs.
1588 1427 1648 1465 ad.
1680 1427 1795 1478 Apol.
1827 1441 1863 1478 p.

997 1485 1090 1521 551.
1128 1481 1330 1533 Praefari
1359 1495 1451 1519 vero
1484 1484 1635 1521 reniam
1658 1487 1698 1521 ut
1722 1483 1865 1522 Florid.

996 1536 1040 1576 11.
1055 1552 1095 1589 p.
1115 1541 1150 1578 2.
1177 1538 1418 1590 praefanda
1434 1540 1560 1584 venia,
1580 1543 1642 1577 est
1660 1544 1866 1590 antequam

997 1594 1100 1645 loqui
1115 1596 1275 1646 incipias
1292 1596 1439 1633 veniam
1459 1600 1603 1647 petere,
1617 1597 1718 1634 unde
1740 1597 1867 1635 lectio-

997 1666 1084 1690 nem
1110 1652 1196 1690 cod.
1227 1650 1275 1690 Ο.
1302 1652 1501 1701 glossema
1526 1666 1619 1691 esse
1644 1653 1867 1703 intelliges]

1053 1710 1238 1748 metiens
1263 1713 1301 1747 vt
1321 1710 1510 1760 forensis.
1543 1709 1698 1761 [Sermo
1730 1710 1868 1749 latinus

998 1767 1211 1804 nominatur
1258 1767 1444 1805 motinus
1486 1766 1589 1817 quod
1626 1780 1765 1817 graeco
1802 1780 1867 1818 op-

999 1824 1148 1874 ponitur
1195 1824 1257 1871 qui
1307 1823 1456 1861 nativus
1494 1828 1574 1862 erat
1610 1822 1732 1862 Lucii.
1793 1824 1868 1862 Fo-

996 1881 1121 1919 rensis
1174 1892 1264 1916 vero
1318 1879 1409 1929 quid
1456 1880 1506 1918 sit
1552 1880 1699 1919 dubitat
1745 1879 1868 1925 Οιι(1.,

998 1949 1114 1987 quum
1157 1936 1304 1974 nonnisi
1354 1950 1376 1974 a
1412 1934 1518 1985 soro
1561 1936 1699 1975 deduci
1746 1949 1868 1988 posse

994 1997 1198 2032 autumans
1259 2006 1345 2031 eam
1399 1994 1607 2031 orationem
1668 1993 1868 2044 intelligat,

996 2063 1111 2100 quam
1148 2049 1185 2087 id
1226 2050 1261 2087 in
1300 2049 1381 2087 soro
1413 2050 1667 2100 loquebantur
1702 2050 1868 2089 Romani

994 2107 1054 2145 sui
1085 2107 1274 2144 sermonis
1312 2107 1412 2144 bene
1442 2108 1548 2156 gnari
1573 2121 1619 2146 ac
1649 2107 1868 2152 caussidici,

995 2178 1068 2202 non
1094 2163 1248 2215 plebeii.
1299 2163 1381 2201 Sed
1416 2164 1489 2201 sibi
1513 2165 1587 2216 ipsi
1615 2178 1687 2202 non
1712 2164 1868 2202 satisfe-

995 2222 1099 2259 cisse
1124 2220 1274 2258 videtur
1298 2220 1402 2269 quod
1427 2234 1542 2270 quam
1567 2220 1604 2259 h.
1630 2220 1654 2259 l.
1685 2222 1870 2260 reiecerat

995 2277 1116 2315 Salm.
1159 2276 1254 2328 prol.
1297 2277 1347 2315 ad
1383 2276 1466 2315 Sol.
1510 2281 1549 2315 et
1590 2277 1722 2316 Barth.
1765 2278 1868 2316 Adv.

994 2332 1161 2372 XXXII.
1195 2348 1225 2372 c.
1256 2338 1318 2373 15.
1346 2347 1383 2385 p.
1420 2337 1539 2374 1491.
1571 2335 1868 2386 explicationem

993 2404 1063 2442 per
1092 2391 1224 2428 miram
1255 2390 1449 2440 quandam
1475 2391 1748 2441 negligentiam
1774 2390 1868 2430 Met.

993 2446 1061 2486 lV.
1075 2461 1110 2499 p.
1127 2450 1220 2487 268.
1236 2447 1489 2499 amplexatur.
1510 2447 1753 2499 [Sermonem
1769 2448 1868 2485 enim

996 2504 1190 2542 forensem
1224 2504 1327 2542 foras
1358 2506 1538 2556 petitum,
1570 2505 1810 2556 peregrinum
1836 2518 1868 2543 c.

995 2561 1117 2599 Salm.
1143 2565 1191 2598 et.
1218 2560 1351 2599 Barth.
1374 2561 1563 2611 intellig03
1589 2575 1654 2599 cur
1677 2561 1777 2598 enim
1803 2560 1868 2599 lin-

995 2631 1074 2669 gua
1110 2617 1227 2657 latina
1262 2631 1356 2669 prae
1386 2619 1524 2656 ceteris
1556 2617 1720 2656 sorensis
1749 2618 1800 2655 sit
1830 2621 1869 2657 et

996 2674 1299 2713 caussidicorum
1320 2675 1555 2713 orationibus
1575 2675 1776 2726 aptissima
1794 2687 1867 2712 non

996 2731 1235 2782 intelligitur,
1277 2735 1316 2769 et
1358 2731 1539 2783 exemplo
1582 2734 1662 2769 erat
1698 2744 1868 2782 compro-

996 2788 1176 2827 bandum.
1240 2788 1427 2827 Forensis
1481 2800 1713 2838 quamquam
1767 2801 1870 2825 nova

996 2845 1091 2883 dixit
1115 2845 1392 2895 significatione
1406 2844 1616 2896 Apuleius,
1643 2843 1719 2882 alio
1738 2847 1866 2884 tamen

997 2901 1082 2940 loco
1113 2901 1304 2940 stabilitur
1339 2900 1434 2940 Met.
1464 2900 1532 2940 IV.
1562 2914 1599 2952 p.
1626 2904 1719 2941 268.
1762 2901 1869 2940 Nam.

994 2960 1229 3011 praecipuo
1245 2958 1383 2997 studio
1405 2958 1565 3010 forensi
1590 2958 1720 2996 etiam.
1756 2955 1869 2996 Pror-

996 3029 1068 3054 sus
1092 3016 1221 3067 inepta
1247 3017 1307 3052 est
1331 3015 1547 3053 coniectura
1564 3013 1699 3052 Heius,
1725 3013 1775 3053 ad
1794 3013 1868 3052 Ov.

997 3071 1094 3111 Met.
1109 3072 1157 3110 V.
1179 3075 1272 3112 450.
1294 3072 1526 3124 forinsecus
1544 3072 1735 3111 sermonis
1753 3070 1868 3111 rudis

999 3127 1191 3181 nacitor]
