2155 3590
537 171 725 211 LIBER
754 172 803 212 X.
865 171 992 212 CAP.
1021 171 1211 211 XXVII.
1248 170 1458 210 XXVIII.
1809 167 1890 210 953

108 282 221 322 dueta
253 282 391 322 medici
422 283 534 323 fac-ile
566 284 786 335 consensit,
819 291 858 324 et
889 298 962 338 quo
993 298 1035 324 se
1067 285 1281 338 gratiorem
1313 282 1495 336 locupleti
1528 280 1695 321 feminae
1728 280 1892 331 faceret,

108 339 326 392 properiter
351 339 463 378 domo
489 340 628 393 petita,
655 347 780 380 'totam
807 355 967 394 prorsus
992 340 1135 380 veneni
1160 339 1341 394 pyxidem
1369 338 1521 378 mulieri
1547 337 1718 378 tradidit.
1781 334 1893 389 Quae

109 395 294 448 grandem
319 396 511 435 scelerum
538 403 651 436 nacta
677 398 878 437 materiam
906 397 1020 450 longe
1047 396 1199 449 lateque
1226 402 1409 434 cruentas
1435 408 1526 434 suas
1551 407 1689 434 manus
1715 392 1894 447 porrigit.

577 557 614 605 C
673 558 718 604 A
773 558 812 603 P
870 558 912 604 U
971 557 1014 603 Τ
1118 555 1417 602 XXVIII.

222 688 400 728 Habebat
426 689 539 729 filiam
567 690 767 743 parvulam
800 690 845 729 de
877 689 1016 729 marito
1053 703 1162 742 quem
1197 702 1322 742 nuper
1359 694 1584 728 necaverat.
1636 686 1739 727 Huic
1764 687 1892 726 infan-

108 744 209 784 tulae
225 746 325 798 quod
341 745 447 799 leges
464 746 725 786 necessariam
741 746 862 800 patris
877 746 1164 786 successionem
1180 745 1398 794 deferrent,
1423 743 1638 783 sustinebat
1656 744 1890 796 aegerrime,

105 801 338 854 inhiansque
359 808 440 841 toto
463 802 561 842 [iliae
582 802 814 856 patrimonio
839 801 1065 841 imminebat
1095 808 1133 840 et
1163 801 1299 855 capiti:
1333 799 1443 853 Ergo
1469 807 1593 850 certa,
1622 800 1892 839 defunctorum

105 857 316 897 liberorum
348 858 509 898 *mater
538 858 765 898 scelerata*
795 858 1030 898 hereditates
1061 857 1265 912 excipere,
1288 855 1295 912 Ι
1319 857 1430 897 talem
1464 863 1664 910 parentem
1697 856 1890 910 praebuit,

106 984 246 1013 inducta
259 994 321 1014 non
336 990 383 1014 est
396 987 428 1014 in
444 988 497 1022 P.‚
524 985 665 1014 m'duata
680 995 734 1021 pro
749 985 888 1014 inducta
901 988 936 1015 B.
963 986 1003 1014 cf.
1018 987 1141 1015 Meev.
1157 995 1186 1020 p.
1201 987 1260 1014 371
1274 994 1281 1013 :
1301 984 1452 1025 fallacie
1463 983 1706 1021 germanitatis
1719 982 1842 1011 induc
1852 986 1862 1010 e
1873 992 1895 1011 a

106 1032 160 1060 IX.
176 1039 204 1065 p.
219 1030 454 1069 634.sallc{re‘a
468 1031 595 1059 iuvenis
610 1030 800 1067 inducta,
826 1033 967 1060 Brouklt.
982 1032 1022 1060 ad
1037 1031 1154 1059 Tiltull.
1168 1034 1192 1060 I.
1207 1033 1236 1060 7.
1253 1033 1280 1059 t.
1317 1031 1483 1057 consentit
1498 1026 1532 1059 F.
1551 1032 1578 1058 1.
1593 1031 1673 1064 quod
1689 1030 1787 1058 edidit
1801 1031 1894 1064 oud..

105 1080 236 1104 secutus
249 1077 331 1105 Elm.
345 1081 373 1104 et
388 1077 505 1105 Florid.
531 1079 567 1105 ln
587 1081 659 1105 cett,
679 1076 857 1105 consensit.
904 1075 1122 1112 dmnupetr'la
1135 1077 1170 1105 Ο.
1203 1075 1313 1112 petitu
1334 1077 1369 1106 G.
1386 1078 1413 1104 1.
1439 1076 1552 1104 Posset
1573 1074 1654 1109 tegi,
1679 1075 1893 1109 inquitoud„

105 1122 302 1149 celeritatem
322 1122 473 1150 matorem
492 1122 657 1150 indicante
675 1123 770 1150 modo
785 1122 931 1158 petitam
1002 1119 1173 1157 pyridmn.
1203 1123 1288 1149 Bene
1308 1125 1414 1150 autem
1437 1121 1565 1154 exponit
1586 1128 1709 1147 veneno
1731 1118 1895 1156 repletum

106 1167 191 1195 Prie.
205 1167 247 1195 cf.
261 1167 340 1195 Ond.
355 1168 394 1195 ad
409 1168 496 1194 Suet.
512 1167 616 1201 cattg.
636 1175 661 1195 c.
676 1169 729 1195 49.
778 1165 866 1204 qnod
878 1169 912 1195 0.
959 1169 1088 1194 nancta
1103 1168 1138 1195 G.
1157 1169 1184 1196 1.
1209 1169 1347 1194 nactam
1364 1166 1384 1196 f,
1409 1165 1558 1192 materia
1572 1167 1608 1194 G.
1622 1168 1652 1193 2.
1666 1167 1703 1193 L.
1717 1167 1756 1194 D.
1786 1168 1894 1192 ‘ntale-

105 1210 187 1238 riem
201 1212 342 1240 Scriver.
388 1210 482 1248 longe
496 1219 559 1240 non
573 1215 735 1245 comparet
748 1212 779 1239 in
795 1215 830 1241 G.
848 1214 875 1240 1.

186 1254 302 1292 filiam
316 1263 411 1283 suam
420 1255 602 1292 parvulam
616 1258 652 1284 Ι..
668 1258 704 1284 G.
717 1258 747 1285 2.
762 1264 781 1284 a
795 1265 834 1285 m.
851 1266 878 1291 p.
889 1278 897 1291 ,
923 1264 1006 1290 quae
1018 1258 1130 1285 eadem
1144 1264 1253 1285 vocem
1269 1258 1455 1284 obducebat.
1482 1256 1571 1284 Coiv.
1586 1256 1680 1284 Vulo.
1696 1257 1725 1284 2.
1751 1256 1792 1284 At
1807 1256 1896 1284 Seri-

105 1308 172 1329 ver.
192 1303 274 1329 Elin.
295 1305 323 1329 et
343 1301 464 1329 Florid.
485 1309 599 1329 rursus
612 1302 748 1329 omisere
767 1302 978 1336 probavitque
997 1302 1078 1330 illud
1099 1302 1182 1330 Prie.
1203 1304 1283 1328 ante
1303 1310 1358 1335 pro
1378 1309 1484 1337 nuper
1502 1302 1535 1329 P.
1584 1300 1798 1328 necessarias
1823 1301 1896 1328 sine

104 1353 203 1373 sensu
225 1354 253 1379 p.
300 1348 402 1381 captu
425 1353 479 1379 pro
499 1345 608 1381 capitu·
625 1353 654 1379 p.
674 1347 721 1374 ed.
744 1354 788 1380 pr.
808 1347 934 1374 vicent.
948 1347 1061 1374 Veniet.
1078 1349 1107 1375 2.
1123 1348 1152 1375 4.
1173 1348 1248 1375 Bas.
1269 1348 1293 1375 Ι.
1320 1346 1380 1381 (ex
1399 1346 1585 1380 compendio
1598 1332 1702 1381 eapt⁵f
1718 1347 1828 1374 exorta
1848 1349 1896 1374 est

103 1390 315 1424 corruptela.)
363 1387 474 1417 cet’m
492 1389 729 1428 defuncturum
743 1389 924 1418 liberm-um
939 1394 1050 1418 mater
1063 1390 1247 1425 scelerata,
1267 1389 1474 1418 hereditates
1488 1390 1618 1426 eripere
1632 1393 1667 1419 11.
1692 1393 1803 1418 mater
1815 1391 1852 1418 F.
1865 1392 1896 1419 3.

104 1437 141 1463 G.
158 1437 185 1464 1.
200 1437 229 1463 2.
244 1437 280 1464 D.
296 1436 331 1464 P.
346 1436 381 1463 Ο.
407 1433 579 1462 scelerata
592 1436 628 1463 F.
643 1437 673 1464 3.
688 1437 723 1463 G.
741 1437 768 1463 1.
784 1438 814 1464 2.
829 1437 866 1463 D.
883 1437 917 1464 P.
944 1435 1060 1471 [etiam
1075 1436 1107 1463 in
1122 1437 1285 1471 excerptis
1300 1438 1340 1465 ad
1361 1444 1460 1471 marg.
1481 1437 1529 1464 ed.
1544 1436 1653 1470 cmv.)
1670 1435 1689 1464 f.
1727 1435 1898 1464 aeleram&

102 1481 151 1509 ed.
173 1481 264 1509 Colv.
288 1482 325 1508 In
345 1484 417 1509 cett.
432 1483 560 1507 matres
581 1479 780 1509 sceleratas.
818 1478 988 1508 celeraeas
1009 1482 1155 1509 emendat
1175 1482 1277 1510 scriv.
1298 1485 1326 1509 et
1346 1481 1465 1509 Florid.
1489 1481 1606 1514 recepit
1635 1484 1664 1508 ut
1693 1481 1897 1509 verissimam

102 1525 368 1554 emendationem.

151 1634 239 1674 Car.
252 1633 437 1674 XXVIII.
459 1636 588 1688 filiam
596 1636 826 1687 parvulam.
844 1635 972 1689 [Quo-

107 1691 220 1729 modo
237 1690 395 1729 Colvius
416 1705 500 1729 cum
521 1691 608 1729 aliis
629 1693 663 1730 in
683 1691 785 1730 tates
806 1693 973 1742 potuerit

106 1747 272 1786 incidere
298 1746 479 1799 ineptias,
504 1751 546 1785 ut
569 1761 692 1792 suam,
720 1748 823 1798 quod
848 1749 971 1799 ipsius

106 1803 232 1843 codex
266 1805 472 1854 praebeat,
509 1805 629 1842 textui
666 1805 872 1850 insereret,
908 1805 973 1842 vix

106 1860 292 1898 credibile
318 1865 398 1906 est,
425 1873 495 1898 nee
519 1860 659 1898 melius
686 1859 789 1898 Ond.
815 1861 974 1911 respicit

105 1917 153 1955 ad
190 1929 336 1955 morem
378 1917 621 1967 scriptorum,
665 1917 726 1968 qui
764 1930 972 1968 pronomen

108 1972 379 2023 possessivum
427 1973 493 2011 tali
535 1986 659 2011 rerum
708 1986 808 2010 nexu
858 1973 972 2011 modo

108 2029 299 2072 omittant,
336 2029 450 2067 inodo
481 2033 646 2080 ponant,
685 2028 774 2067 lieet
798 2029 885 2080 ipse
910 2029 973 2067 bic

107 2089 147 2122 ut
171 2084 405 2136 superfluum
431 2098 452 2121 e
477 2084 606 2122 medio
634 2085 756 2123 tollat.
793 2084 880 2123 Non
906 2100 971 2123 su-

106 2140 309 2192 perfluum,
346 2140 420 2178 scd
451 2141 603 2178 omnino
634 2141 876 2180 intolerabile
901 2146 972 2179 est.

108 2196 207 2242 Quis
233 2197 332 2234 enim
357 2209 523 2246 unquam
549 2197 669 2235 dicat:
695 2198 824 2236 habeo
849 2212 974 2237 meam

103 2253 234 2305 filiam
265 2254 317 2291 [Ie
338 2258 478 2305 patre,
517 2253 620 2304 quod
650 2254 971 2292 considerandum

107 2313 189 2347 erat
208 2323 279 2347 nec
298 2308 574 2347 conserendum
594 2310 831 2361 exemplum,
857 2311 974 2362 quale

106 2365 203 2403 Met.
236 2364 339 2404 Vnt.
370 2379 405 2416 p.
438 2369 531 2406 590.
563 2367 653 2418 fi'lt‘o
684 2380 767 2406 suo
794 2367 973 2419 part-ulo

108 2421 397 2474 consalutata]

164 2477 284 2530 Eryo
309 2483 418 2517 certa
445 2479 731 2530 defunctorum
757 2479 973 2518 liberorum

106 2539 234 2572 mater
264 2533 460 2573 scelerata
491 2535 734 2573 hereditates
771 2537 974 2586 excipere.

107 2589 257 2628 Omnes
283 2589 365 2627 sere
390 2590 546 2628 codices
573 2590 675 2642 iique
700 2591 832 2642 optimi
857 2605 973 2642 quum

108 2647 162 2684 ita
199 2646 382 2691 scribant,
421 2651 566 2686 matres
600 2647 833 2693 sceleratas,
871 2662 972 2698 quae

109 2702 232 2740 altera
262 2706 324 2740 est
366 2702 501 2748 lectio,
540 2703 574 2740 in
618 2706 765 2740 textum
800 2705 973 2755 recipere

109 2758 299 2803 dubitavi,
331 2771 447 2809 quum
479 2759 655 2797 mendum
688 2759 809 2797 latere
835 2760 973 2811 cuique

108 2818 284 2865 apertum
312 2815 374 2853 sit.
429 2815 622 2853 Stewecli.
649 2816 713 2866 qui
744 2816 887 2854 multus
913 2821 975 2855 est

108 2871 144 2908 in
176 2870 369 2921 exemplis
400 2885 449 2909 ex
479 2870 671 2923 Inscriptt.
708 2873 857 2922 petitis,
895 2873 974 2922 qui-

107 2924 183 2965 bus
208 2927 404 2977 quomodo
436 2931 619 2978 parentes
651 2928 685 2965 in
717 2930 975 2968 monumentis

108 2984 373 3034 expresserint
391 2985 632 3022 immaturam
652 2983 857 3022 liberorum
876 2998 978 3024 mor·

107 3042 186 3078 tem
210 3052 402 3090 suumque
429 3040 571 3079 luctum
597 3040 891 3087 demonstratur,
917 3054 977 3080 ce-

110 3095 262 3134 leratas
285 3095 530 3136 hereditates
555 3096 748 3142 emendat,
774 3095 876 3136 oud.
891 3111 977 3149 pro-

108 3151 259 3197 batum,
295 3151 346 3189 de
383 3153 537 3191 inverso
571 3152 704 3191 ordine
735 3152 901 3192 fatorum
931 3169 978 3193 ac

1032 1641 1233 1689 parentum
1271 1637 1320 1674 de
1363 1636 1441 1673 illis
1485 1636 1646 1687 querela
1688 1635 1897 1674 conferenti

1027 1692 1114 1732 Intt.
1141 1692 1189 1731 ad
1215 1692 1332 1731 Ovid.
1356 1692 1556 1730 Heroid.l.
1575 1696 1664 1733 tot.
1714 1693 1897 1731 Attamen

1031 1754 1177 1788 matres
1223 1749 1439 1788 sceleratas
1486 1749 1633 1787 retinet.
1703 1748 1757 1786 lta
1798 1749 1898 1797 enim

1032 1806 1144 1856 quasi
1186 1805 1339 1856 proprio
1382 1805 1554 1856 epitheto
1599 1805 1783 1843 nominari
1820 1810 1899 1843 ma-

1034 1864 1131 1906 tres,
1168 1874 1268 1911 quae
1301 1861 1442 1899 liberos
1473 1862 1669 1899 amiserint
1699 1862 1899 1899 immatura

1032 1922 1156 1956 morte
1182 1922 1220 1955 et
1249 1931 1342 1969 prae
1373 1917 1600 1956 infelicitate
1632 1918 1742 1967 quasi
1773 1917 1898 1956 scete-

1032 1978 1139 2012 ratae
1158 1975 1383 2012 habeantur.
1411 1973 1491 2025 [De
1517 1988 1593 2025 qua
1618 1974 1898 2025 significatione

1032 2030 1078 2068 cs.
1123 2030 1278 2069 Ruhnk.
1319 2030 1368 2068 ad
1412 2029 1524 2080 Eteg.
1566 2031 1696 2068 Albin.
1743 2030 1769 2069 Ι.
1809 2034 1898 2071 135.

1034 2100 1212 2137 quaeque
1240 2086 1363 2124 lexica
1387 2091 1590 2138 praeterea
1622 2087 1739 2125 citant
1769 2100 1817 2125 ex
1843 2086 1899 2124 ln-

1032 2144 1179 2194 scriptt.
1223 2143 1418 2194 exempla.
1483 2142 1539 2181 Ita
1574 2144 1761 2183 scelestus
1796 2143 1898 2195 apud

1033 2197 1213 2237 Plautum
1239 2200 1464 2238 sexcenties
1489 2213 1558 2251 pro
1585 2201 1822 2239 calamitoso
1850 2199 1899 2237 le-

1033 2255 1132 2304 gitur
1161 2256 1210 2294 cs.
1236 2255 1407 2308 Amphit.
1434 2255 1478 2294 11.
1508 2261 1541 2296 1.
1569 2260 1604 2296 2.
1634 2260 1696 2296 10.
1744 2257 1900 2295 Asinar.

1032 2311 1081 2349 V.
1109 2316 1145 2352 2.
1173 2316 1207 2353 6.
1246 2311 1292 2351 ll.
1323 2317 1360 2352 4.
1393 2317 1456 2353 70.
1507 2312 1635 2351 t'asin.
1673 2311 1735 2351 111.
1766 2318 1801 2353 5.
1835 2317 1898 2352 48.

1034 2366 1127 2406 Cist.
1155 2367 1218 2407 IV.
1245 2373 1282 2409 2.
1311 2372 1371 2409 16.
1410 2369 1584 2407 Mostell.
1612 2368 1655 2407 ll.
1683 2373 1720 2409 2.
1745 2374 1808 2409 47.
1835 2368 1897 2406 Ill.

1036 2429 1070 2464 t.
1097 2429 1160 2463 30.
1199 2424 1298 2463 Rud.
1331 2424 1374 2463 11.
1407 2429 1443 2466 6.
1478 2429 1540 2465 18.
1579 2424 1639 2464 tlt.
1667 2430 1702 2465 5.
1730 2430 1793 2466 22.
1832 2425 1899 2463 IV.

1035 2485 1114 2520 1.l1.
1130 2480 1194 2519 lv.
1212 2486 1249 2521 4.
1268 2485 1355 2521 122.
1404 2481 1516 2520 Haec
1538 2481 1744 2532 explicatio
1772 2495 1899 2533 quam-

1032 2537 1091 2574 vis
1112 2539 1425 2587 ingeniosissima
1441 2538 1504 2584 sit,
1528 2542 1656 2576 tamen
1677 2538 1711 2576 in
1734 2538 1900 2576 lectione

1031 2599 1178 2632 matres
1202 2595 1419 2634 sceleratas
1450 2594 1613 2640 haereo,
1646 2608 1746 2644 quae
1770 2594 1900 2645 potitis

1031 2664 1054 2688 a
1094 2663 1209 2688 manu
1255 2650 1492 2689 librariorum
1534 2650 1709 2702 prosecta
1751 2651 1900 2688 videtur

1031 2719 1138 2752 esse,
1163 2708 1434 2745 nominativum
1459 2713 1586 2746 mater
1608 2708 1805 2746 scelerata
1825 2720 1899 2745 non

1032 2762 1340 2814 intelligentium.
1377 2763 1464 2801 Nec
1489 2763 1707 2814 negandum
1733 2767 1808 2808 est,
1833 2762 1900 2801 ha-

1032 2819 1126 2856 bere
1157 2833 1264 2862 eum,
1295 2833 1371 2869 quo
1404 2819 1660 2866 offendamur,
1693 2833 1808 2870 quum
1835 2821 1901 2858 de-

1030 2876 1270 2925 functormn
1297 2876 1514 2914 liberorum
1538 2876 1766 2926 praecedat,
1788 2876 1902 2913 'cuius

1036 2930 1122 2968 loeo
1156 2931 1378 2981 defunctae
1404 2932 1517 2984 filiae
1547 2932 1611 2969 vel
1647 2931 1773 2969 simile
1811 2932 1903 2983 quid

1035 2990 1326 3037 exspectamus,
1350 2987 1454 3025 unde
1468 2994 1601 3038 patere
1614 2988 1802 3034 videatur,
1827 3002 1902 3027 non

1035 3043 1085 3086 ad
1107 3042 1209 3082 hanc
1233 3043 1359 3082 solam
1384 3047 1564 3088 matrem,
1593 3043 1668 3082 sed
1693 3044 1903 3090 inuniver-

1035 3099 1197 3137 sum‘ad
1222 3113 1377 3144 onmes,
1409 3113 1510 3150 quae
1534 3100 1627 3139 talia
1651 3105 1903 3152 perpetrave-

1034 3156 1119 3201 rint,
1155 3154 1254 3193 haec
1289 3155 1421 3194 referri
1459 3156 1615 3196 debere.
1663 3156 1905 3198 Liberorum

1918 852 1979 884 731
