<?xml version="1.0" encoding="UTF-8"?>
<!DOCTYPE html PUBLIC "-//W3C//DTD XHTML 1.0 Transitional//EN"
    "http://www.w3.org/TR/xhtml1/DTD/xhtml1-transitional.dtd">
<html xmlns="http://www.w3.org/1999/xhtml" xml:lang="en" lang="en">
 <head>
  <title>
</title>
<meta http-equiv="Content-Type" content="text/html;charset=utf-8" />
  <meta name='ocr-system' content='tesseract 3.04.00' />
  <meta name='ocr-capabilities' content='ocr_page ocr_carea ocr_par ocr_line ocrx_word'/>
</head>
<body>
  <div class='ocr_page' id='page_1' title='image "./operaomnia01apuluoft/operaomnia01apuluoft_0101.png"; bbox 0 0 2155 3590; ppageno 0'>
   <div class='ocr_carea' id='block_1_1' title="bbox 737 96 1848 139">
    <p class='ocr_par' dir='ltr' id='par_1_1' title="bbox 737 96 1848 139">
     <span class='ocr_line' id='line_1_1' title="bbox 737 96 1848 139; baseline 0 0"><span class='ocrx_word' id='word_1_1' title='bbox 737 100 766 139; x_wconf 90' lang='lat' dir='ltr'>C</span> <span class='ocrx_word' id='word_1_2' title='bbox 793 96 828 139; x_wconf 84' lang='lat' dir='ltr'><strong>A</strong></span> <span class='ocrx_word' id='word_1_3' title='bbox 853 99 885 138; x_wconf 88' lang='grc' dir='ltr'>Ρ</span> <span class='ocrx_word' id='word_1_4' title='bbox 911 100 948 139; x_wconf 94' lang='lat' dir='ltr'>U</span> <span class='ocrx_word' id='word_1_5' title='bbox 971 98 1008 139; x_wconf 89' lang='lat' dir='ltr'>T</span> <span class='ocrx_word' id='word_1_6' title='bbox 1087 98 1158 138; x_wconf 84' lang='lat' dir='ltr'>III.</span> <span class='ocrx_word' id='word_1_7' title='bbox 1706 113 1848 139; x_wconf 78' lang='lat' dir='ltr'>Lxxvu</span> 
     </span>
    </p>
   </div>
   <div class='ocr_carea' id='block_1_2' title="bbox 59 211 1852 548">
    <p class='ocr_par' dir='ltr' id='par_1_2' title="bbox 59 211 1852 548">
     <span class='ocr_line' id='line_1_2' title="bbox 171 211 1849 264; baseline -0.002 -9"><span class='ocrx_word' id='word_1_8' title='bbox 171 218 238 263; x_wconf 88' lang='grc'>41)</span> <span class='ocrx_word' id='word_1_9' title='bbox 271 212 390 252; x_wconf 85' lang='lat' dir='ltr'>MSS.</span> <span class='ocrx_word' id='word_1_10' title='bbox 429 213 478 253; x_wconf 87' lang='lat' dir='ltr'>D.</span> <span class='ocrx_word' id='word_1_11' title='bbox 507 212 702 251; x_wconf 80' lang='lat' dir='ltr'><strong>MARCI</strong></span> <span class='ocrx_word' id='word_1_12' title='bbox 738 213 840 253; x_wconf 87' lang='lat' dir='ltr'>Bibl.</span> <span class='ocrx_word' id='word_1_13' title='bbox 871 214 1013 252; x_wconf 76' lang='lat' dir='ltr'>Venet.</span> <span class='ocrx_word' id='word_1_14' title='bbox 1045 213 1140 258; x_wconf 88' lang='lat' dir='ltr'>duo,</span> <span class='ocrx_word' id='word_1_15' title='bbox 1178 225 1337 262; x_wconf 91' lang='lat' dir='ltr'>quorum</span> <span class='ocrx_word' id='word_1_16' title='bbox 1375 211 1515 257; x_wconf 83' lang='lat' dir='ltr'>altero,</span> <span class='ocrx_word' id='word_1_17' title='bbox 1555 213 1617 264; x_wconf 87' lang='lat' dir='ltr'>qui</span> <span class='ocrx_word' id='word_1_18' title='bbox 1656 217 1718 251; x_wconf 90' lang='lat' dir='ltr'>est</span> <span class='ocrx_word' id='word_1_19' title='bbox 1755 212 1849 252; x_wconf 85' lang='lat' dir='ltr'>Cod.</span> 
     </span>
     <span class='ocr_line' id='line_1_3' title="bbox 59 269 1849 322; baseline -0.002 -12"><span class='ocrx_word' id='word_1_20' title='bbox 59 273 215 311; x_wconf 84' lang='lat' dir='ltr'><strong>membr.</strong></span> <span class='ocrx_word' id='word_1_21' title='bbox 252 284 355 309; x_wconf 86' lang='lat' dir='ltr'>saec.-</span> <span class='ocrx_word' id='word_1_22' title='bbox 385 269 493 308; x_wconf 90' lang='lat' dir='ltr'>XlV.</span> <span class='ocrx_word' id='word_1_23' title='bbox 530 284 564 308; x_wconf 92' lang='lat' dir='ltr'>n.</span> <span class='ocrx_word' id='word_1_24' title='bbox 601 273 696 310; x_wconf 89' lang='grc'>468.</span> <span class='ocrx_word' id='word_1_25' title='bbox 729 269 851 309; x_wconf 85' lang='lat' dir='ltr'>Catal.</span> <span class='ocrx_word' id='word_1_26' title='bbox 886 284 924 322; x_wconf 91' lang='lat' dir='ltr'>p.</span> <span class='ocrx_word' id='word_1_27' title='bbox 955 275 1063 315; x_wconf 72' lang='lat'>185..</span> <span class='ocrx_word' id='word_1_28' title='bbox 1102 270 1340 307; x_wconf 86' lang='lat' dir='ltr'>continentur</span> <span class='ocrx_word' id='word_1_29' title='bbox 1377 270 1451 306; x_wconf 89' lang='lat' dir='ltr'>soli</span> <span class='ocrx_word' id='word_1_30' title='bbox 1476 269 1849 321; x_wconf 84' lang='lat' dir='ltr'>Metamorphoseon</span> 
     </span>
     <span class='ocr_line' id='line_1_4' title="bbox 60 324 1851 377; baseline -0.001 -11"><span class='ocrx_word' id='word_1_31' title='bbox 60 328 186 377; x_wconf 81' lang='lat' dir='ltr'>Libri3</span> <span class='ocrx_word' id='word_1_32' title='bbox 214 326 336 366; x_wconf 85' lang='lat' dir='ltr'>altero</span> <span class='ocrx_word' id='word_1_33' title='bbox 360 340 452 365; x_wconf 86' lang='lat' dir='ltr'>vero</span> <span class='ocrx_word' id='word_1_34' title='bbox 477 326 565 364; x_wconf 88' lang='lat' dir='ltr'>ibid.</span> <span class='ocrx_word' id='word_1_35' title='bbox 598 340 632 364; x_wconf 92' lang='lat' dir='ltr'>n.</span> <span class='ocrx_word' id='word_1_36' title='bbox 659 330 752 367; x_wconf 92' lang='lat'>467.</span> <span class='ocrx_word' id='word_1_37' title='bbox 785 326 880 365; x_wconf 89' lang='lat' dir='ltr'>Cod.</span> <span class='ocrx_word' id='word_1_38' title='bbox 904 327 1063 365; x_wconf 86' lang='lat' dir='ltr'><strong>membr.</strong></span> <span class='ocrx_word' id='word_1_39' title='bbox 1088 327 1124 364; x_wconf 92' lang='lat' dir='ltr'>in</span> <span class='ocrx_word' id='word_1_40' title='bbox 1150 330 1229 366; x_wconf 81' lang='lat' dir='ltr'>4t0.</span> <span class='ocrx_word' id='word_1_41' title='bbox 1255 339 1359 364; x_wconf 87' lang='lat' dir='ltr'>saec.</span> <span class='ocrx_word' id='word_1_42' title='bbox 1384 324 1475 365; x_wconf 89' lang='lat' dir='ltr'>XV.</span> <span class='ocrx_word' id='word_1_43' title='bbox 1506 327 1558 365; x_wconf 76' lang='lat' dir='ltr'>cle</span> <span class='ocrx_word' id='word_1_44' title='bbox 1582 326 1673 364; x_wconf 86' lang='lat' dir='ltr'>Deo</span> <span class='ocrx_word' id='word_1_45' title='bbox 1698 327 1851 366; x_wconf 81' lang='lat' dir='ltr'>Socra-</span> 
     </span>
     <span class='ocr_line' id='line_1_5' title="bbox 61 381 1850 436; baseline -0.002 -12"><span class='ocrx_word' id='word_1_46' title='bbox 61 386 130 430; x_wconf 81' lang='lat' dir='ltr'>tis,·</span> <span class='ocrx_word' id='word_1_47' title='bbox 167 385 217 424; x_wconf 85' lang='lat' dir='ltr'>de</span> <span class='ocrx_word' id='word_1_48' title='bbox 245 381 397 436; x_wconf 72' lang='lat' dir='ltr'>lllayia</span> <span class='ocrx_word' id='word_1_49' title='bbox 428 385 506 422; x_wconf 79' lang='lat' dir='ltr'>sive</span> <span class='ocrx_word' id='word_1_50' title='bbox 531 396 615 434; x_wconf 82' lang='lat' dir='ltr'>pro</span> <span class='ocrx_word' id='word_1_51' title='bbox 643 397 683 421; x_wconf 78' lang='lat' dir='ltr'>se</span> <span class='ocrx_word' id='word_1_52' title='bbox 712 384 805 434; x_wconf 83' lang='lat' dir='ltr'>ipso</span> <span class='ocrx_word' id='word_1_53' title='bbox 831 383 1064 435; x_wconf 75' lang='lat' dir='ltr'>Apoloyia3</span> <span class='ocrx_word' id='word_1_54' title='bbox 1101 383 1152 421; x_wconf 84' lang='lat' dir='ltr'>de</span> <span class='ocrx_word' id='word_1_55' title='bbox 1177 382 1434 421; x_wconf 81' lang='lat' dir='ltr'>Habitudine</span> <span class='ocrx_word' id='word_1_56' title='bbox 1463 383 1748 422; x_wconf 74' lang='lat' dir='ltr'><em>doctrinarum</em></span> <span class='ocrx_word' id='word_1_57' title='bbox 1779 387 1850 420; x_wconf 80' lang='lat' dir='ltr'>etc.</span> 
     </span>
     <span class='ocr_line' id='line_1_6' title="bbox 60 437 1852 492; baseline -0.002 -13"><span class='ocrx_word' id='word_1_58' title='bbox 60 440 261 479; x_wconf 80' lang='lat' dir='ltr'>Hermetis</span> <span class='ocrx_word' id='word_1_59' title='bbox 290 441 538 492; x_wconf 76' lang='lat' dir='ltr'>Trismeyisti</span> <span class='ocrx_word' id='word_1_60' title='bbox 567 439 619 477; x_wconf 76' lang='lat' dir='ltr'>cle</span> <span class='ocrx_word' id='word_1_61' title='bbox 649 439 860 479; x_wconf 76' lang='lat' dir='ltr'>divinitate</span> <span class='ocrx_word' id='word_1_62' title='bbox 891 441 948 478; x_wconf 78' lang='lat' dir='ltr'>acl</span> <span class='ocrx_word' id='word_1_63' title='bbox 971 437 1226 490; x_wconf 77' lang='lat' dir='ltr'><em>Asclepium.</em></span> <span class='ocrx_word' id='word_1_64' title='bbox 1287 437 1498 477; x_wconf 87' lang='lat' dir='ltr'>Notablilis</span> <span class='ocrx_word' id='word_1_65' title='bbox 1529 443 1591 478; x_wconf 87' lang='lat' dir='ltr'>est</span> <span class='ocrx_word' id='word_1_66' title='bbox 1621 437 1679 477; x_wconf 91' lang='lat' dir='ltr'>hic</span> <span class='ocrx_word' id='word_1_67' title='bbox 1706 438 1852 484; x_wconf 85' lang='lat' dir='ltr'><strong>Codex,</strong></span> 
     </span>
     <span class='ocr_line' id='line_1_7' title="bbox 59 495 1350 548; baseline 0 -14"><span class='ocrx_word' id='word_1_68' title='bbox 59 498 148 548; x_wconf 86' lang='lat' dir='ltr'>quia</span> <span class='ocrx_word' id='word_1_69' title='bbox 172 496 380 535; x_wconf 87' lang='lat' dir='ltr'>Hermetici</span> <span class='ocrx_word' id='word_1_70' title='bbox 405 495 561 547; x_wconf 82' lang='lat' dir='ltr'>Dialogi</span> <span class='ocrx_word' id='word_1_71' title='bbox 585 496 713 534; x_wconf 86' lang='lat' dir='ltr'>versio</span> <span class='ocrx_word' id='word_1_72' title='bbox 738 498 773 534; x_wconf 90' lang='lat' dir='ltr'>in</span> <span class='ocrx_word' id='word_1_73' title='bbox 799 510 846 534; x_wconf 91' lang='lat' dir='ltr'>eo</span> <span class='ocrx_word' id='word_1_74' title='bbox 873 510 946 533; x_wconf 91' lang='lat' dir='ltr'>non</span> <span class='ocrx_word' id='word_1_75' title='bbox 973 496 1144 534; x_wconf 79' lang='lat' dir='ltr'>tribuitur</span> <span class='ocrx_word' id='word_1_76' title='bbox 1167 495 1350 548; x_wconf 85' lang='lat' dir='ltr'>Apuleio.</span> 
     </span>
    </p>
   </div>
   <div class='ocr_carea' id='block_1_3' title="bbox 333 766 1573 822">
    <p class='ocr_par' dir='ltr' id='par_1_3' title="bbox 333 766 1573 822">
     <span class='ocr_line' id='line_1_8' title="bbox 333 766 1573 822; baseline 0.001 -10"><span class='ocrx_word' id='word_1_77' title='bbox 333 767 417 822; x_wconf 83' lang='lat' dir='ltr'>B)</span> <span class='ocrx_word' id='word_1_78' title='bbox 486 767 601 812; x_wconf 79' lang='lat' dir='ltr'>DE</span> <span class='ocrx_word' id='word_1_79' title='bbox 631 766 1176 814; x_wconf 77' lang='lat' dir='ltr'>EDITIONIBIJS</span> <span class='ocrx_word' id='word_1_80' title='bbox 1207 767 1573 814; x_wconf 76' lang='lat' dir='ltr'>APULEH.</span> 
     </span>
    </p>
   </div>
   <div class='ocr_carea' id='block_1_4' title="bbox 518 893 1390 936">
    <p class='ocr_par' dir='ltr' id='par_1_4' title="bbox 518 893 1390 936">
     <span class='ocr_line' id='line_1_9' title="bbox 518 893 1390 936; baseline 0 -5"><span class='ocrx_word' id='word_1_81' title='bbox 518 893 701 932; x_wconf 79' lang='lat' dir='ltr'>AETAS</span> <span class='ocrx_word' id='word_1_82' title='bbox 731 893 758 932; x_wconf 95' lang='grc' dir='ltr'>Ι.</span> <span class='ocrx_word' id='word_1_83' title='bbox 819 893 1060 933; x_wconf 81' lang='lat' dir='ltr'><strong>ROMANA</strong></span> <span class='ocrx_word' id='word_1_84' title='bbox 1091 897 1390 936; x_wconf 79' lang='grc'>1469-1521.</span> 
     </span>
    </p>
   </div>
   <div class='ocr_carea' id='block_1_5' title="bbox 51 1006 1859 3159">
    <p class='ocr_par' dir='ltr' id='par_1_5' title="bbox 51 1006 1859 2022">
     <span class='ocr_line' id='line_1_10' title="bbox 167 1006 1854 1060; baseline 0.001 -15"><span class='ocrx_word' id='word_1_85' title='bbox 167 1007 215 1045; x_wconf 83' lang='lat' dir='ltr'>ab</span> <span class='ocrx_word' id='word_1_86' title='bbox 241 1006 300 1045; x_wconf 89' lang='lat' dir='ltr'>ed.</span> <span class='ocrx_word' id='word_1_87' title='bbox 326 1006 498 1058; x_wconf 80' lang='lat' dir='ltr'>principe</span> <span class='ocrx_word' id='word_1_88' title='bbox 523 1007 751 1045; x_wconf 87' lang='lat' dir='ltr'>auctoritate</span> <span class='ocrx_word' id='word_1_89' title='bbox 777 1007 1054 1053; x_wconf 82' lang='lat' dir='ltr'>Bessarionis‚</span> <span class='ocrx_word' id='word_1_90' title='bbox 1089 1022 1177 1046; x_wconf 84' lang='lat' dir='ltr'>cura</span> <span class='ocrx_word' id='word_1_91' title='bbox 1206 1008 1263 1046; x_wconf 88' lang='lat' dir='ltr'>lo.</span> <span class='ocrx_word' id='word_1_92' title='bbox 1291 1007 1482 1047; x_wconf 78' lang='lat' dir='ltr'><strong><em>Andreae</em></strong></span> <span class='ocrx_word' id='word_1_93' title='bbox 1511 1006 1644 1060; x_wconf 81' lang='lat' dir='ltr'>Episc.</span> <span class='ocrx_word' id='word_1_94' title='bbox 1677 1007 1854 1048; x_wconf 79' lang='lat' dir='ltr'>Alerien-</span> 
     </span>
     <span class='ocr_line' id='line_1_11' title="bbox 56 1061 1856 1117; baseline 0 -15"><span class='ocrx_word' id='word_1_95' title='bbox 56 1064 126 1108; x_wconf 82' lang='lat' dir='ltr'>sis,</span> <span class='ocrx_word' id='word_1_96' title='bbox 153 1077 275 1115; x_wconf 85' lang='lat' dir='ltr'>opera</span> <span class='ocrx_word' id='word_1_97' title='bbox 310 1061 433 1102; x_wconf 83' lang='lat' dir='ltr'>Conr.</span> <span class='ocrx_word' id='word_1_98' title='bbox 467 1064 730 1117; x_wconf 71' lang='lat' dir='ltr'>Sweynhemii</span> <span class='ocrx_word' id='word_1_99' title='bbox 760 1068 798 1101; x_wconf 89' lang='lat' dir='ltr'>et</span> <span class='ocrx_word' id='word_1_100' title='bbox 828 1063 933 1103; x_wconf 80' lang='lat' dir='ltr'>Arn.</span> <span class='ocrx_word' id='word_1_101' title='bbox 961 1065 1170 1111; x_wconf 78' lang='lat' dir='ltr'>Pannarz,</span> <span class='ocrx_word' id='word_1_102' title='bbox 1202 1064 1355 1102; x_wconf 77' lang='lat' dir='ltr'>Romae</span> <span class='ocrx_word' id='word_1_103' title='bbox 1390 1068 1494 1106; x_wconf 86' lang='lat'>1469</span> <span class='ocrx_word' id='word_1_104' title='bbox 1527 1064 1650 1110; x_wconf 84' lang='lat' dir='ltr'>facta,</span> <span class='ocrx_word' id='word_1_105' title='bbox 1686 1068 1791 1105; x_wconf 92' lang='grc'>1472</span> <span class='ocrx_word' id='word_1_106' title='bbox 1818 1069 1856 1103; x_wconf 89' lang='lat' dir='ltr'>et</span> 
     </span>
     <span class='ocr_line' id='line_1_12' title="bbox 57 1120 1855 1172; baseline 0.002 -15"><span class='ocrx_word' id='word_1_107' title='bbox 57 1124 163 1161; x_wconf 82' lang='grc'>1499</span> <span class='ocrx_word' id='word_1_108' title='bbox 193 1122 374 1172; x_wconf 89' lang='lat' dir='ltr'>repetita,</span> <span class='ocrx_word' id='word_1_109' title='bbox 406 1125 518 1170; x_wconf 90' lang='lat' dir='ltr'>quam</span> <span class='ocrx_word' id='word_1_110' title='bbox 549 1120 729 1158; x_wconf 86' lang='lat' dir='ltr'>aemulati</span> <span class='ocrx_word' id='word_1_111' title='bbox 762 1123 852 1158; x_wconf 85' lang='lat' dir='ltr'>sunt</span> <span class='ocrx_word' id='word_1_112' title='bbox 884 1120 1024 1159; x_wconf 81' lang='lat' dir='ltr'>Veneti</span> <span class='ocrx_word' id='word_1_113' title='bbox 1063 1126 1185 1166; x_wconf 87' lang='lat'>1473,</span> <span class='ocrx_word' id='word_1_114' title='bbox 1221 1125 1325 1161; x_wconf 86' lang='lat'>1483</span> <span class='ocrx_word' id='word_1_115' title='bbox 1353 1125 1391 1158; x_wconf 91' lang='lat' dir='ltr'>et</span> <span class='ocrx_word' id='word_1_116' title='bbox 1420 1126 1542 1168; x_wconf 86' lang='lat'>1493,</span> <span class='ocrx_word' id='word_1_117' title='bbox 1575 1122 1766 1160; x_wconf 74' lang='lat' dir='ltr'>Vicentini</span> <span class='ocrx_word' id='word_1_118' title='bbox 1794 1136 1855 1161; x_wconf 88' lang='lat' dir='ltr'>an.</span> 
     </span>
     <span class='ocr_line' id='line_1_13' title="bbox 57 1175 1854 1222; baseline -0.001 -6"><span class='ocrx_word' id='word_1_119' title='bbox 57 1181 182 1222; x_wconf 90' lang='lat'>1480,</span> <span class='ocrx_word' id='word_1_120' title='bbox 217 1178 342 1220; x_wconf 86' lang='lat'>1485,</span> <span class='ocrx_word' id='word_1_121' title='bbox 376 1181 482 1216; x_wconf 87' lang='lat'>1488</span> <span class='ocrx_word' id='word_1_122' title='bbox 515 1181 553 1214; x_wconf 92' lang='lat' dir='ltr'>et</span> <span class='ocrx_word' id='word_1_123' title='bbox 587 1180 710 1221; x_wconf 87' lang='lat'>1498,</span> <span class='ocrx_word' id='word_1_124' title='bbox 744 1176 1067 1215; x_wconf 78' lang='lat' dir='ltr'>Mediolanenses</span> <span class='ocrx_word' id='word_1_125' title='bbox 1098 1175 1224 1215; x_wconf 82' lang='lat' dir='ltr'>Leon.</span> <span class='ocrx_word' id='word_1_126' title='bbox 1250 1175 1414 1217; x_wconf 83' lang='lat' dir='ltr'>Pachel.</span> <span class='ocrx_word' id='word_1_127' title='bbox 1446 1182 1562 1218; x_wconf 88' lang='lat'>1497.</span> <span class='ocrx_word' id='word_1_128' title='bbox 1601 1177 1854 1217; x_wconf 78' lang='lat' dir='ltr'>parmensem</span> 
     </span>
     <span class='ocr_line' id='line_1_14' title="bbox 52 1232 1855 1285; baseline 0.001 -15"><span class='ocrx_word' id='word_1_129' title='bbox 52 1237 240 1272; x_wconf 89' lang='lat' dir='ltr'>memorat</span> <span class='ocrx_word' id='word_1_130' title='bbox 277 1233 379 1271; x_wconf 85' lang='lat' dir='ltr'>Guil.</span> <span class='ocrx_word' id='word_1_131' title='bbox 411 1233 510 1271; x_wconf 87' lang='lat' dir='ltr'>Dan.</span> <span class='ocrx_word' id='word_1_132' title='bbox 542 1232 736 1270; x_wconf 80' lang='lat' dir='ltr'>Mollems</span> <span class='ocrx_word' id='word_1_133' title='bbox 772 1233 807 1271; x_wconf 90' lang='lat' dir='ltr'>in</span> <span class='ocrx_word' id='word_1_134' title='bbox 840 1232 949 1271; x_wconf 89' lang='lat' dir='ltr'>Diss.</span> <span class='ocrx_word' id='word_1_135' title='bbox 983 1233 1032 1271; x_wconf 89' lang='lat' dir='ltr'>de</span> <span class='ocrx_word' id='word_1_136' title='bbox 1058 1234 1238 1285; x_wconf 88' lang='lat' dir='ltr'>Apuleio.</span> <span class='ocrx_word' id='word_1_137' title='bbox 1299 1235 1412 1271; x_wconf 86' lang='lat' dir='ltr'>Anno</span> <span class='ocrx_word' id='word_1_138' title='bbox 1449 1239 1554 1275; x_wconf 88' lang='grc'>1472</span> <span class='ocrx_word' id='word_1_139' title='bbox 1584 1235 1774 1273; x_wconf 87' lang='lat' dir='ltr'>Albertus</span> <span class='ocrx_word' id='word_1_140' title='bbox 1805 1235 1855 1273; x_wconf 89' lang='lat' dir='ltr'>de</span> 
     </span>
     <span class='ocr_line' id='line_1_15' title="bbox 52 1288 1853 1342; baseline 0.001 -14"><span class='ocrx_word' id='word_1_141' title='bbox 52 1289 141 1342; x_wconf 83' lang='lat' dir='ltr'>Eyb</span> <span class='ocrx_word' id='word_1_142' title='bbox 166 1288 303 1340; x_wconf 82' lang='lat' dir='ltr'>Papae</span> <span class='ocrx_word' id='word_1_143' title='bbox 327 1288 384 1326; x_wconf 91' lang='lat' dir='ltr'>Pii</span> <span class='ocrx_word' id='word_1_144' title='bbox 410 1289 453 1327; x_wconf 89' lang='lat' dir='ltr'>ll.</span> <span class='ocrx_word' id='word_1_145' title='bbox 480 1288 747 1327; x_wconf 86' lang='lat' dir='ltr'>Cubicularius</span> <span class='ocrx_word' id='word_1_146' title='bbox 771 1289 1021 1340; x_wconf 80' lang='lat' dir='ltr'>Margaritam</span> <span class='ocrx_word' id='word_1_147' title='bbox 1051 1288 1249 1328; x_wconf 70' lang='lat' dir='ltr'>poeticam</span> <span class='ocrx_word' id='word_1_148' title='bbox 1275 1294 1314 1327; x_wconf 89' lang='lat' dir='ltr'>et</span> <span class='ocrx_word' id='word_1_149' title='bbox 1339 1291 1372 1327; x_wconf 88' lang='lat' dir='ltr'>in</span> <span class='ocrx_word' id='word_1_150' title='bbox 1401 1303 1448 1328; x_wconf 83' lang='lat' dir='ltr'>ea</span> <span class='ocrx_word' id='word_1_151' title='bbox 1475 1290 1630 1342; x_wconf 82' lang='lat' dir='ltr'>Apuleii</span> <span class='ocrx_word' id='word_1_152' title='bbox 1663 1292 1853 1341; x_wconf 80' lang='lat' dir='ltr'>quaedam</span> 
     </span>
     <span class='ocr_line' id='line_1_16' title="bbox 53 1345 1855 1399; baseline -0.001 -14"><span class='ocrx_word' id='word_1_153' title='bbox 53 1347 185 1385; x_wconf 85' lang='lat' dir='ltr'>edidit.</span> <span class='ocrx_word' id='word_1_154' title='bbox 245 1346 429 1384; x_wconf 78' lang='lat' dir='ltr'>Accessit</span> <span class='ocrx_word' id='word_1_155' title='bbox 454 1349 730 1384; x_wconf 82' lang='lat' dir='ltr'>commentator</span> <span class='ocrx_word' id='word_1_156' title='bbox 755 1347 789 1383; x_wconf 89' lang='lat' dir='ltr'>in</span> <span class='ocrx_word' id='word_1_157' title='bbox 810 1345 969 1397; x_wconf 88' lang='lat' dir='ltr'>Apuleii</span> <span class='ocrx_word' id='word_1_158' title='bbox 994 1346 1155 1384; x_wconf 87' lang='lat' dir='ltr'>Asinum</span> <span class='ocrx_word' id='word_1_159' title='bbox 1184 1345 1337 1385; x_wconf 83' lang='lat' dir='ltr'>PHlL.</span> <span class='ocrx_word' id='word_1_160' title='bbox 1364 1345 1765 1394; x_wconf 82' lang='lat' dir='ltr'>BEROALDUS,</span> <span class='ocrx_word' id='word_1_161' title='bbox 1792 1348 1855 1399; x_wconf 89' lang='lat' dir='ltr'>qui</span> 
     </span>
     <span class='ocr_line' id='line_1_17' title="bbox 51 1402 1856 1456; baseline 0 -14"><span class='ocrx_word' id='word_1_162' title='bbox 51 1404 198 1456; x_wconf 87' lang='lat' dir='ltr'>primus</span> <span class='ocrx_word' id='word_1_163' title='bbox 224 1415 311 1441; x_wconf 89' lang='lat' dir='ltr'>eum</span> <span class='ocrx_word' id='word_1_164' title='bbox 335 1403 483 1441; x_wconf 87' lang='lat' dir='ltr'>ratione</span> <span class='ocrx_word' id='word_1_165' title='bbox 508 1403 639 1441; x_wconf 87' lang='lat' dir='ltr'>critica</span> <span class='ocrx_word' id='word_1_166' title='bbox 662 1403 837 1441; x_wconf 84' lang='lat' dir='ltr'>tractavit</span> <span class='ocrx_word' id='word_1_167' title='bbox 862 1403 897 1440; x_wconf 89' lang='lat' dir='ltr'>in</span> <span class='ocrx_word' id='word_1_168' title='bbox 925 1402 985 1440; x_wconf 91' lang='lat' dir='ltr'>ed.</span> <span class='ocrx_word' id='word_1_169' title='bbox 1012 1402 1250 1441; x_wconf 83' lang='lat' dir='ltr'>Bononiensi</span> <span class='ocrx_word' id='word_1_170' title='bbox 1280 1405 1405 1448; x_wconf 88' lang='lat'>1500,</span> <span class='ocrx_word' id='word_1_171' title='bbox 1428 1405 1593 1454; x_wconf 88' lang='lat' dir='ltr'>repetita</span> <span class='ocrx_word' id='word_1_172' title='bbox 1616 1406 1749 1442; x_wconf 83' lang='lat' dir='ltr'>statim</span> <span class='ocrx_word' id='word_1_173' title='bbox 1776 1405 1856 1442; x_wconf 65' lang='lat' dir='ltr'>Ve-</span> 
     </span>
     <span class='ocr_line' id='line_1_18' title="bbox 52 1459 1856 1511; baseline -0.001 -12"><span class='ocrx_word' id='word_1_174' title='bbox 52 1460 167 1499; x_wconf 87' lang='lat' dir='ltr'>netiis</span> <span class='ocrx_word' id='word_1_175' title='bbox 201 1463 300 1500; x_wconf 89' lang='lat'>1501</span> <span class='ocrx_word' id='word_1_176' title='bbox 337 1459 551 1509; x_wconf 85' lang='lat' dir='ltr'>iterumque</span> <span class='ocrx_word' id='word_1_177' title='bbox 586 1463 711 1505; x_wconf 88' lang='lat'>1504,</span> <span class='ocrx_word' id='word_1_178' title='bbox 747 1460 899 1497; x_wconf 85' lang='lat' dir='ltr'>tertium</span> <span class='ocrx_word' id='word_1_179' title='bbox 935 1464 1040 1500; x_wconf 89' lang='lat'>1510</span> <span class='ocrx_word' id='word_1_180' title='bbox 1072 1464 1111 1497; x_wconf 83' lang='lat' dir='ltr'>et</span> <span class='ocrx_word' id='word_1_181' title='bbox 1136 1464 1311 1511; x_wconf 85' lang='lat' dir='ltr'>quartum</span> <span class='ocrx_word' id='word_1_182' title='bbox 1341 1464 1465 1505; x_wconf 86' lang='lat'>1516,</span> <span class='ocrx_word' id='word_1_183' title='bbox 1504 1459 1746 1511; x_wconf 85' lang='lat' dir='ltr'>Parisiisque</span> <span class='ocrx_word' id='word_1_184' title='bbox 1783 1461 1856 1507; x_wconf 80' lang='lat' dir='ltr'>bis,</span> 
     </span>
     <span class='ocr_line' id='line_1_19' title="bbox 57 1516 1856 1568; baseline 0.001 -15"><span class='ocrx_word' id='word_1_185' title='bbox 57 1521 164 1558; x_wconf 86' lang='lat'>1510</span> <span class='ocrx_word' id='word_1_186' title='bbox 189 1520 229 1554; x_wconf 92' lang='lat' dir='ltr'>et</span> <span class='ocrx_word' id='word_1_187' title='bbox 257 1519 375 1556; x_wconf 83' lang='lat'>1512.</span> <span class='ocrx_word' id='word_1_188' title='bbox 436 1516 643 1567; x_wconf 85' lang='lat' dir='ltr'>Apuleium</span> <span class='ocrx_word' id='word_1_189' title='bbox 669 1530 754 1554; x_wconf 91' lang='lat' dir='ltr'>cum</span> <span class='ocrx_word' id='word_1_190' title='bbox 781 1516 957 1568; x_wconf 89' lang='lat' dir='ltr'>pluribus</span> <span class='ocrx_word' id='word_1_191' title='bbox 982 1516 1107 1555; x_wconf 77' lang='lat' dir='ltr'>MSS.</span> <span class='ocrx_word' id='word_1_192' title='bbox 1133 1517 1292 1554; x_wconf 89' lang='lat' dir='ltr'>contulit</span> <span class='ocrx_word' id='word_1_193' title='bbox 1317 1517 1415 1555; x_wconf 85' lang='lat' dir='ltr'>Mar.</span> <span class='ocrx_word' id='word_1_194' title='bbox 1441 1517 1700 1556; x_wconf 88' lang='lat' dir='ltr'>Becichemus</span> <span class='ocrx_word' id='word_1_195' title='bbox 1727 1522 1765 1556; x_wconf 89' lang='lat' dir='ltr'>et</span> <span class='ocrx_word' id='word_1_196' title='bbox 1790 1517 1856 1556; x_wconf 89' lang='lat' dir='ltr'>ali-</span> 
     </span>
     <span class='ocr_line' id='line_1_20' title="bbox 54 1572 1856 1626; baseline 0 -13"><span class='ocrx_word' id='word_1_197' title='bbox 54 1578 147 1626; x_wconf 91' lang='lat' dir='ltr'>quot</span> <span class='ocrx_word' id='word_1_198' title='bbox 177 1572 469 1611; x_wconf 81' lang='lat' dir='ltr'>emendationes</span> <span class='ocrx_word' id='word_1_199' title='bbox 500 1573 703 1623; x_wconf 83' lang='lat' dir='ltr'>proposuit</span> <span class='ocrx_word' id='word_1_200' title='bbox 732 1573 767 1610; x_wconf 93' lang='lat' dir='ltr'>in</span> <span class='ocrx_word' id='word_1_201' title='bbox 796 1572 1002 1623; x_wconf 88' lang='lat' dir='ltr'>Epistolis,</span> <span class='ocrx_word' id='word_1_202' title='bbox 1033 1573 1149 1611; x_wconf 84' lang='lat' dir='ltr'>editis</span> <span class='ocrx_word' id='word_1_203' title='bbox 1180 1574 1276 1611; x_wconf 87' lang='lat' dir='ltr'>inter</span> <span class='ocrx_word' id='word_1_204' title='bbox 1306 1574 1391 1611; x_wconf 89' lang='lat' dir='ltr'>eius</span> <span class='ocrx_word' id='word_1_205' title='bbox 1422 1574 1627 1624; x_wconf 85' lang='lat' dir='ltr'>Opuscula</span> <span class='ocrx_word' id='word_1_206' title='bbox 1654 1574 1772 1613; x_wconf 83' lang='lat' dir='ltr'>Varia</span> <span class='ocrx_word' id='word_1_207' title='bbox 1797 1588 1856 1613; x_wconf 89' lang='lat' dir='ltr'>an.</span> 
     </span>
     <span class='ocr_line' id='line_1_21' title="bbox 57 1628 1855 1681; baseline -0.002 -9"><span class='ocrx_word' id='word_1_208' title='bbox 57 1635 183 1675; x_wconf 86' lang='lat'>1504,</span> <span class='ocrx_word' id='word_1_209' title='bbox 208 1642 309 1680; x_wconf 88' lang='lat' dir='ltr'>quae</span> <span class='ocrx_word' id='word_1_210' title='bbox 334 1628 474 1668; x_wconf 90' lang='lat' dir='ltr'>deinde</span> <span class='ocrx_word' id='word_1_211' title='bbox 499 1631 669 1668; x_wconf 84' lang='lat' dir='ltr'>auctiora</span> <span class='ocrx_word' id='word_1_212' title='bbox 694 1629 914 1680; x_wconf 90' lang='lat' dir='ltr'>prodierunt</span> <span class='ocrx_word' id='word_1_213' title='bbox 942 1634 1065 1675; x_wconf 89' lang='grc'>1506,</span> <span class='ocrx_word' id='word_1_214' title='bbox 1099 1634 1137 1668; x_wconf 89' lang='lat' dir='ltr'>et</span> <span class='ocrx_word' id='word_1_215' title='bbox 1163 1630 1370 1670; x_wconf 82' lang='lat' dir='ltr'>emendata</span> <span class='ocrx_word' id='word_1_216' title='bbox 1394 1635 1512 1681; x_wconf 87' lang='lat' dir='ltr'>atque</span> <span class='ocrx_word' id='word_1_217' title='bbox 1542 1631 1708 1670; x_wconf 84' lang='lat' dir='ltr'>adaucta</span> <span class='ocrx_word' id='word_1_218' title='bbox 1733 1630 1855 1669; x_wconf 81' lang='lat' dir='ltr'>Paris.</span> 
     </span>
     <span class='ocr_line' id='line_1_22' title="bbox 56 1685 1857 1728; baseline -0.003 1"><span class='ocrx_word' id='word_1_219' title='bbox 56 1690 174 1728; x_wconf 87' lang='lat'>1519.</span> <span class='ocrx_word' id='word_1_220' title='bbox 235 1685 539 1725; x_wconf 79' lang='lat' dir='ltr'>Emendationes</span> <span class='ocrx_word' id='word_1_221' title='bbox 564 1686 786 1724; x_wconf 79' lang='lat' dir='ltr'>Becichemi</span> <span class='ocrx_word' id='word_1_222' title='bbox 813 1687 847 1724; x_wconf 91' lang='lat' dir='ltr'>in</span> <span class='ocrx_word' id='word_1_223' title='bbox 874 1685 1047 1724; x_wconf 78' lang='lat' dir='ltr'>Omissis</span> <span class='ocrx_word' id='word_1_224' title='bbox 1073 1701 1170 1725; x_wconf 85' lang='lat' dir='ltr'>snae</span> <span class='ocrx_word' id='word_1_225' title='bbox 1198 1686 1297 1726; x_wconf 86' lang='lat' dir='ltr'>Edit.</span> <span class='ocrx_word' id='word_1_226' title='bbox 1323 1688 1464 1725; x_wconf 85' lang='lat' dir='ltr'>adiecit</span> <span class='ocrx_word' id='word_1_227' title='bbox 1491 1687 1659 1725; x_wconf 78' lang='lat' dir='ltr'>Colvius.</span> <span class='ocrx_word' id='word_1_228' title='bbox 1698 1687 1857 1725; x_wconf 77' lang='lat' dir='ltr'>Florida</span> 
     </span>
     <span class='ocr_line' id='line_1_23' title="bbox 54 1742 1857 1796; baseline -0.001 -13"><span class='ocrx_word' id='word_1_229' title='bbox 54 1744 210 1796; x_wconf 87' lang='lat' dir='ltr'>Apuleii</span> <span class='ocrx_word' id='word_1_230' title='bbox 235 1742 435 1794; x_wconf 86' lang='lat' dir='ltr'>librosque</span> <span class='ocrx_word' id='word_1_231' title='bbox 460 1742 486 1782; x_wconf 86' lang='lat' dir='ltr'>l.</span> <span class='ocrx_word' id='word_1_232' title='bbox 512 1747 550 1781; x_wconf 94' lang='lat' dir='ltr'>et</span> <span class='ocrx_word' id='word_1_233' title='bbox 571 1742 612 1780; x_wconf 92' lang='lat' dir='ltr'>ll.</span> <span class='ocrx_word' id='word_1_234' title='bbox 641 1744 689 1780; x_wconf 91' lang='lat' dir='ltr'>de</span> <span class='ocrx_word' id='word_1_235' title='bbox 711 1743 908 1794; x_wconf 84' lang='lat' dir='ltr'>Dogmate</span> <span class='ocrx_word' id='word_1_236' title='bbox 928 1743 1106 1782; x_wconf 85' lang='lat' dir='ltr'>Platonis</span> <span class='ocrx_word' id='word_1_237' title='bbox 1132 1744 1275 1781; x_wconf 89' lang='lat' dir='ltr'>rectius</span> <span class='ocrx_word' id='word_1_238' title='bbox 1302 1744 1420 1782; x_wconf 87' lang='lat' dir='ltr'>edidit</span> <span class='ocrx_word' id='word_1_239' title='bbox 1445 1758 1666 1795; x_wconf 69' lang='lat' dir='ltr'>graecaque</span> <span class='ocrx_word' id='word_1_240' title='bbox 1691 1745 1857 1782; x_wconf 79' lang='lat' dir='ltr'>restituit</span> 
     </span>
     <span class='ocr_line' id='line_1_24' title="bbox 52 1799 1856 1853; baseline -0.001 -13"><span class='ocrx_word' id='word_1_241' title='bbox 52 1800 166 1840; x_wconf 75' lang='lat' dir='ltr'>MC.</span> <span class='ocrx_word' id='word_1_242' title='bbox 205 1799 563 1839; x_wconf 81' lang='lat' dir='ltr'>GERBELIUS</span> <span class='ocrx_word' id='word_1_243' title='bbox 600 1799 626 1839; x_wconf 90' lang='grc' dir='ltr'>Ι.</span> <span class='ocrx_word' id='word_1_244' title='bbox 667 1799 706 1838; x_wconf 77' lang='lat' dir='ltr'>C.</span> <span class='ocrx_word' id='word_1_245' title='bbox 743 1800 905 1851; x_wconf 83' lang='lat' dir='ltr'>Argent.</span> <span class='ocrx_word' id='word_1_246' title='bbox 941 1804 1058 1841; x_wconf 85' lang='lat'>1516.</span> <span class='ocrx_word' id='word_1_247' title='bbox 1126 1800 1282 1839; x_wconf 82' lang='lat' dir='ltr'>Florida</span> <span class='ocrx_word' id='word_1_248' title='bbox 1313 1800 1510 1853; x_wconf 79' lang='lat' dir='ltr'>sigillatim</span> <span class='ocrx_word' id='word_1_249' title='bbox 1549 1802 1754 1852; x_wconf 80' lang='lat' dir='ltr'>castigavit</span> <span class='ocrx_word' id='word_1_250' title='bbox 1785 1800 1856 1839; x_wconf 84' lang='lat'>10.</span> 
     </span>
     <span class='ocr_line' id='line_1_25' title="bbox 51 1855 1859 1897; baseline -0.001 -1"><span class='ocrx_word' id='word_1_251' title='bbox 51 1855 348 1896; x_wconf 85' lang='lat' dir='ltr'>PYRRHUS</span> <span class='ocrx_word' id='word_1_252' title='bbox 381 1855 944 1896; x_wconf 63' lang='lat' dir='ltr'><strong>ENGLEBERMAEUS</strong></span> <span class='ocrx_word' id='word_1_253' title='bbox 986 1856 1110 1894; x_wconf 84' lang='lat' dir='ltr'>Paris.</span> <span class='ocrx_word' id='word_1_254' title='bbox 1153 1861 1270 1897; x_wconf 88' lang='lat'>1518.</span> <span class='ocrx_word' id='word_1_255' title='bbox 1335 1855 1564 1896; x_wconf 80' lang='lat' dir='ltr'>Praecessit</span> <span class='ocrx_word' id='word_1_256' title='bbox 1598 1857 1674 1896; x_wconf 85' lang='lat' dir='ltr'>hos</span> <span class='ocrx_word' id='word_1_257' title='bbox 1712 1858 1859 1896; x_wconf 83' lang='lat' dir='ltr'>luntina</span> 
     </span>
     <span class='ocr_line' id='line_1_26' title="bbox 52 1912 1857 1966; baseline -0.001 -13"><span class='ocrx_word' id='word_1_258' title='bbox 52 1914 208 1966; x_wconf 88' lang='lat' dir='ltr'>Apuleii</span> <span class='ocrx_word' id='word_1_259' title='bbox 257 1912 387 1953; x_wconf 83' lang='lat' dir='ltr'>Prima</span> <span class='ocrx_word' id='word_1_260' title='bbox 437 1917 561 1960; x_wconf 80' lang='lat'>1512,</span> <span class='ocrx_word' id='word_1_261' title='bbox 610 1927 724 1965; x_wconf 89' lang='lat' dir='ltr'>quam</span> <span class='ocrx_word' id='word_1_262' title='bbox 773 1918 1003 1965; x_wconf 86' lang='lat' dir='ltr'>superatura</span> <span class='ocrx_word' id='word_1_263' title='bbox 1045 1917 1128 1952; x_wconf 89' lang='lat' dir='ltr'>erat</span> <span class='ocrx_word' id='word_1_264' title='bbox 1171 1914 1294 1953; x_wconf 83' lang='lat' dir='ltr'>altera</span> <span class='ocrx_word' id='word_1_265' title='bbox 1337 1913 1500 1959; x_wconf 84' lang='lat' dir='ltr'>luntina,</span> <span class='ocrx_word' id='word_1_266' title='bbox 1548 1928 1673 1954; x_wconf 76' lang='lat' dir='ltr'>novae</span> <span class='ocrx_word' id='word_1_267' title='bbox 1715 1916 1857 1954; x_wconf 85' lang='lat' dir='ltr'>aetatis</span> 
     </span>
     <span class='ocr_line' id='line_1_27' title="bbox 52 1983 243 2022; baseline -0.005 -13"><span class='ocrx_word' id='word_1_268' title='bbox 52 1983 243 2022; x_wconf 79' lang='lat' dir='ltr'>princeps.</span> 
     </span>
    </p>

    <p class='ocr_par' dir='ltr' id='par_1_6' title="bbox 52 2024 1859 3159">
     <span class='ocr_line' id='line_1_28' title="bbox 170 2024 1857 2078; baseline -0.001 -10"><span class='ocrx_word' id='word_1_269' title='bbox 170 2029 287 2068; x_wconf 83' lang='lat'>1469.</span> <span class='ocrx_word' id='word_1_270' title='bbox 346 2026 525 2065; x_wconf 85' lang='lat' dir='ltr'>Romana</span> <span class='ocrx_word' id='word_1_271' title='bbox 556 2027 580 2065; x_wconf 91' lang='lat' dir='ltr'>l.</span> <span class='ocrx_word' id='word_1_272' title='bbox 614 2025 678 2065; x_wconf 88' lang='lat' dir='ltr'>sol.</span> <span class='ocrx_word' id='word_1_273' title='bbox 711 2026 840 2065; x_wconf 88' lang='lat' dir='ltr'>Editio</span> <span class='ocrx_word' id='word_1_274' title='bbox 872 2026 1072 2078; x_wconf 82' lang='lat' dir='ltr'>Princeps.</span> <span class='ocrx_word' id='word_1_275' title='bbox 1116 2024 1165 2065; x_wconf 92' lang='lat' dir='ltr'>L.</span> <span class='ocrx_word' id='word_1_276' title='bbox 1192 2025 1366 2078; x_wconf 74' lang='lat' dir='ltr'>Apuleii</span> <span class='ocrx_word' id='word_1_277' title='bbox 1396 2025 1691 2068; x_wconf 49' lang='lat' dir='ltr'>iliadaurensis</span> <span class='ocrx_word' id='word_1_278' title='bbox 1720 2025 1857 2067; x_wconf 84' lang='lat' dir='ltr'>Philo-</span> 
     </span>
     <span class='ocr_line' id='line_1_29' title="bbox 53 2081 1857 2136; baseline 0 -13"><span class='ocrx_word' id='word_1_279' title='bbox 53 2084 173 2136; x_wconf 84' lang='lat' dir='ltr'>sophi</span> <span class='ocrx_word' id='word_1_280' title='bbox 198 2081 404 2123; x_wconf 77' lang='lat' dir='ltr'>Platonici</span> <span class='ocrx_word' id='word_1_281' title='bbox 431 2083 803 2134; x_wconf 80' lang='lat' dir='ltr'>Metamorphoseos</span> <span class='ocrx_word' id='word_1_282' title='bbox 832 2081 958 2122; x_wconf 80' lang='lat' dir='ltr'>Liber</span> <span class='ocrx_word' id='word_1_283' title='bbox 994 2097 1044 2123; x_wconf 86' lang='lat' dir='ltr'>ac</span> <span class='ocrx_word' id='word_1_284' title='bbox 1080 2084 1281 2124; x_wconf 80' lang='lat' dir='ltr'>nonnulla</span> <span class='ocrx_word' id='word_1_285' title='bbox 1316 2085 1401 2124; x_wconf 85' lang='lat' dir='ltr'>alia</span> <span class='ocrx_word' id='word_1_286' title='bbox 1437 2086 1636 2136; x_wconf 80' lang='lat' dir='ltr'>opuscula</span> <span class='ocrx_word' id='word_1_287' title='bbox 1668 2085 1857 2129; x_wconf 73' lang='lat' dir='ltr'>eiusdem,</span> 
     </span>
     <span class='ocr_line' id='line_1_30' title="bbox 54 2138 1857 2191; baseline 0.001 -12"><span class='ocrx_word' id='word_1_288' title='bbox 54 2155 128 2179; x_wconf 83' lang='lat' dir='ltr'>nec</span> <span class='ocrx_word' id='word_1_289' title='bbox 157 2154 240 2178; x_wconf 81' lang='lat' dir='ltr'>non</span> <span class='ocrx_word' id='word_1_290' title='bbox 270 2141 449 2191; x_wconf 81' lang='lat' dir='ltr'>epitoma</span> <span class='ocrx_word' id='word_1_291' title='bbox 473 2138 652 2179; x_wconf 75' lang='lat' dir='ltr'>Alcinoi</span> <span class='ocrx_word' id='word_1_292' title='bbox 682 2141 723 2179; x_wconf 85' lang='lat' dir='ltr'>in</span> <span class='ocrx_word' id='word_1_293' title='bbox 749 2140 983 2185; x_wconf 76' lang='lat' dir='ltr'>Platonem,</span> <span class='ocrx_word' id='word_1_294' title='bbox 1016 2141 1194 2186; x_wconf 81' lang='lat' dir='ltr'>Romae,</span> <span class='ocrx_word' id='word_1_295' title='bbox 1227 2142 1268 2179; x_wconf 84' lang='lat' dir='ltr'>in</span> <span class='ocrx_word' id='word_1_296' title='bbox 1294 2141 1416 2180; x_wconf 78' lang='lat' dir='ltr'>clomo</span> <span class='ocrx_word' id='word_1_297' title='bbox 1441 2139 1553 2180; x_wconf 81' lang='lat' dir='ltr'>Petri</span> <span class='ocrx_word' id='word_1_298' title='bbox 1577 2141 1629 2180; x_wconf 83' lang='lat' dir='ltr'>de</span> <span class='ocrx_word' id='word_1_299' title='bbox 1655 2141 1857 2187; x_wconf 58' lang='lat' dir='ltr'>Manciam,</span> 
     </span>
     <span class='ocr_line' id='line_1_31' title="bbox 54 2195 1857 2248; baseline 0.001 -13"><span class='ocrx_word' id='word_1_300' title='bbox 54 2211 163 2236; x_wconf 87' lang='lat' dir='ltr'>anno</span> <span class='ocrx_word' id='word_1_301' title='bbox 203 2199 308 2236; x_wconf 85' lang='lat'>1469</span> <span class='ocrx_word' id='word_1_302' title='bbox 344 2197 387 2234; x_wconf 83' lang='lat' dir='ltr'>in</span> <span class='ocrx_word' id='word_1_303' title='bbox 420 2197 498 2248; x_wconf 88' lang='lat' dir='ltr'>fol.</span> <span class='ocrx_word' id='word_1_304' title='bbox 558 2195 670 2235; x_wconf 88' lang='lat' dir='ltr'>Hunc</span> <span class='ocrx_word' id='word_1_305' title='bbox 705 2196 857 2234; x_wconf 84' lang='lat' dir='ltr'>titulum</span> <span class='ocrx_word' id='word_1_306' title='bbox 888 2196 1008 2235; x_wconf 84' lang='lat' dir='ltr'>habet</span> <span class='ocrx_word' id='word_1_307' title='bbox 1038 2197 1135 2236; x_wconf 84' lang='lat' dir='ltr'>haec</span> <span class='ocrx_word' id='word_1_308' title='bbox 1161 2197 1235 2236; x_wconf 85' lang='lat' dir='ltr'>Ed.</span> <span class='ocrx_word' id='word_1_309' title='bbox 1260 2198 1294 2235; x_wconf 90' lang='lat' dir='ltr'>in</span> <span class='ocrx_word' id='word_1_310' title='bbox 1323 2197 1422 2237; x_wconf 85' lang='lat' dir='ltr'>Dict.</span> <span class='ocrx_word' id='word_1_311' title='bbox 1448 2197 1550 2237; x_wconf 86' lang='lat' dir='ltr'>Bibl.</span> <span class='ocrx_word' id='word_1_312' title='bbox 1577 2198 1678 2236; x_wconf 85' lang='lat' dir='ltr'>Hist.</span> <span class='ocrx_word' id='word_1_313' title='bbox 1706 2203 1745 2237; x_wconf 89' lang='lat' dir='ltr'>et</span> <span class='ocrx_word' id='word_1_314' title='bbox 1771 2198 1857 2237; x_wconf 87' lang='lat' dir='ltr'>Crit.</span> 
     </span>
     <span class='ocr_line' id='line_1_32' title="bbox 55 2251 1856 2307; baseline 0.002 -16"><span class='ocrx_word' id='word_1_315' title='bbox 55 2254 127 2291; x_wconf 90' lang='lat' dir='ltr'>des</span> <span class='ocrx_word' id='word_1_316' title='bbox 152 2253 293 2291; x_wconf 86' lang='lat' dir='ltr'>Livres</span> <span class='ocrx_word' id='word_1_317' title='bbox 319 2251 464 2300; x_wconf 81' lang='lat' dir='ltr'>Rares3</span> <span class='ocrx_word' id='word_1_318' title='bbox 495 2253 567 2291; x_wconf 87' lang='lat' dir='ltr'>sed</span> <span class='ocrx_word' id='word_1_319' title='bbox 594 2254 628 2291; x_wconf 91' lang='lat' dir='ltr'>in</span> <span class='ocrx_word' id='word_1_320' title='bbox 657 2252 779 2292; x_wconf 79' lang='lat' dir='ltr'>catal.</span> <span class='ocrx_word' id='word_1_321' title='bbox 811 2253 860 2291; x_wconf 90' lang='lat' dir='ltr'>de</span> <span class='ocrx_word' id='word_1_322' title='bbox 886 2252 1087 2292; x_wconf 85' lang='lat' dir='ltr'>Crevenna</span> <span class='ocrx_word' id='word_1_323' title='bbox 1114 2268 1174 2292; x_wconf 74' lang='lat' dir='ltr'>no-</span> <span class='ocrx_word' id='word_1_324' title='bbox 1203 2258 1330 2300; x_wconf 82' lang='lat'>5365,</span> <span class='ocrx_word' id='word_1_325' title='bbox 1356 2255 1473 2305; x_wconf 82' lang='lat' dir='ltr'>paulo</span> <span class='ocrx_word' id='word_1_326' title='bbox 1501 2255 1629 2293; x_wconf 88' lang='lat' dir='ltr'>aliter:</span> <span class='ocrx_word' id='word_1_327' title='bbox 1661 2253 1710 2294; x_wconf 92' lang='lat' dir='ltr'>L.</span> <span class='ocrx_word' id='word_1_328' title='bbox 1738 2253 1856 2307; x_wconf 72' lang='lat' dir='ltr'>Apa-</span> 
     </span>
     <span class='ocr_line' id='line_1_33' title="bbox 57 2308 1857 2363; baseline 0 -14"><span class='ocrx_word' id='word_1_329' title='bbox 57 2311 126 2349; x_wconf 65' lang='lat' dir='ltr'>leti</span> <span class='ocrx_word' id='word_1_330' title='bbox 148 2308 441 2349; x_wconf 66' lang='lat' dir='ltr'>Marlaureusa‘s</span> <span class='ocrx_word' id='word_1_331' title='bbox 464 2308 706 2361; x_wconf 74' lang='lat' dir='ltr'>Philosophi</span> <span class='ocrx_word' id='word_1_332' title='bbox 733 2310 874 2361; x_wconf 83' lang='lat' dir='ltr'>Opera</span> <span class='ocrx_word' id='word_1_333' title='bbox 901 2313 1036 2350; x_wconf 83' lang='lat' dir='ltr'>omnia</span> <span class='ocrx_word' id='word_1_334' title='bbox 1060 2325 1134 2350; x_wconf 85' lang='lat' dir='ltr'>nec</span> <span class='ocrx_word' id='word_1_335' title='bbox 1158 2325 1240 2349; x_wconf 84' lang='lat' dir='ltr'>non</span> <span class='ocrx_word' id='word_1_336' title='bbox 1265 2311 1456 2363; x_wconf 85' lang='lat' dir='ltr'>Epiloma</span> <span class='ocrx_word' id='word_1_337' title='bbox 1478 2309 1650 2351; x_wconf 79' lang='lat' dir='ltr'>Alcinoi</span> <span class='ocrx_word' id='word_1_338' title='bbox 1675 2312 1857 2363; x_wconf 80' lang='lat' dir='ltr'>discipli-</span> 
     </span>
     <span class='ocr_line' id='line_1_34' title="bbox 53 2366 1856 2420; baseline 0.002 -16"><span class='ocrx_word' id='word_1_339' title='bbox 53 2381 197 2407; x_wconf 77' lang='lat' dir='ltr'>naram</span> <span class='ocrx_word' id='word_1_340' title='bbox 228 2366 420 2405; x_wconf 79' lang='lat' dir='ltr'>Platonis</span> <span class='ocrx_word' id='word_1_341' title='bbox 455 2381 508 2406; x_wconf 75' lang='lat' dir='ltr'>ex</span> <span class='ocrx_word' id='word_1_342' title='bbox 542 2368 826 2419; x_wconf 69' lang='lat' dir='ltr'>recoynitione</span> <span class='ocrx_word' id='word_1_343' title='bbox 857 2372 894 2406; x_wconf 87' lang='lat' dir='ltr'>et</span> <span class='ocrx_word' id='word_1_344' title='bbox 923 2381 1011 2407; x_wconf 81' lang='lat' dir='ltr'>cum</span> <span class='ocrx_word' id='word_1_345' title='bbox 1039 2370 1176 2419; x_wconf 83' lang='lat' dir='ltr'>praef.</span> <span class='ocrx_word' id='word_1_346' title='bbox 1211 2368 1267 2406; x_wconf 86' lang='lat' dir='ltr'>lo.</span> <span class='ocrx_word' id='word_1_347' title='bbox 1296 2368 1487 2407; x_wconf 79' lang='lat' dir='ltr'>Andreae</span> <span class='ocrx_word' id='word_1_348' title='bbox 1519 2369 1722 2420; x_wconf 76' lang='lat' dir='ltr'>Episcopi</span> <span class='ocrx_word' id='word_1_349' title='bbox 1752 2368 1856 2408; x_wconf 78' lang='lat' dir='ltr'>Ale-</span> 
     </span>
     <span class='ocr_line' id='line_1_35' title="bbox 52 2421 1858 2477; baseline 0.001 -15"><span class='ocrx_word' id='word_1_350' title='bbox 52 2425 194 2462; x_wconf 76' lang='lat' dir='ltr'>riensis</span> <span class='ocrx_word' id='word_1_351' title='bbox 225 2424 381 2463; x_wconf 83' lang='lat' dir='ltr'>Romae</span> <span class='ocrx_word' id='word_1_352' title='bbox 411 2426 503 2475; x_wconf 81' lang='lat' dir='ltr'>(per</span> <span class='ocrx_word' id='word_1_353' title='bbox 538 2421 660 2462; x_wconf 84' lang='lat' dir='ltr'>Conr.</span> <span class='ocrx_word' id='word_1_354' title='bbox 695 2423 941 2477; x_wconf 76' lang='lat' dir='ltr'>Sweynheim</span> <span class='ocrx_word' id='word_1_355' title='bbox 973 2430 1009 2463; x_wconf 81' lang='lat' dir='ltr'>et</span> <span class='ocrx_word' id='word_1_356' title='bbox 1040 2423 1148 2463; x_wconf 84' lang='lat' dir='ltr'>Arn.</span> <span class='ocrx_word' id='word_1_357' title='bbox 1184 2423 1407 2473; x_wconf 80' lang='lat' dir='ltr'>Pannartz)</span> <span class='ocrx_word' id='word_1_358' title='bbox 1439 2426 1481 2463; x_wconf 84' lang='lat' dir='ltr'>in</span> <span class='ocrx_word' id='word_1_359' title='bbox 1513 2426 1634 2464; x_wconf 79' lang='lat' dir='ltr'>domo</span> <span class='ocrx_word' id='word_1_360' title='bbox 1665 2423 1776 2464; x_wconf 64' lang='lat' dir='ltr'>Petra·</span> <span class='ocrx_word' id='word_1_361' title='bbox 1805 2426 1858 2464; x_wconf 76' lang='lat' dir='ltr'>(le</span> 
     </span>
     <span class='ocr_line' id='line_1_36' title="bbox 54 2478 1857 2525; baseline 0.001 -7"><span class='ocrx_word' id='word_1_362' title='bbox 54 2478 264 2525; x_wconf 67' lang='lat' dir='ltr'>Maximo,</span> <span class='ocrx_word' id='word_1_363' title='bbox 293 2483 418 2525; x_wconf 87' lang='lat'>1469,</span> <span class='ocrx_word' id='word_1_364' title='bbox 445 2481 513 2518; x_wconf 78' lang='lat' dir='ltr'>die</span> <span class='ocrx_word' id='word_1_365' title='bbox 537 2481 678 2519; x_wconf 79' lang='lat' dir='ltr'>ultima</span> <span class='ocrx_word' id='word_1_366' title='bbox 704 2481 843 2519; x_wconf 77' lang='lat' dir='ltr'>mensis</span> <span class='ocrx_word' id='word_1_367' title='bbox 869 2481 1094 2520; x_wconf 79' lang='lat' dir='ltr'>Februarii.</span> <span class='ocrx_word' id='word_1_368' title='bbox 1157 2482 1259 2519; x_wconf 88' lang='lat' dir='ltr'>Add.</span> <span class='ocrx_word' id='word_1_369' title='bbox 1288 2481 1449 2519; x_wconf 83' lang='lat' dir='ltr'>Bandin.</span> <span class='ocrx_word' id='word_1_370' title='bbox 1478 2481 1598 2520; x_wconf 54' lang='lat' dir='ltr'>(fatal.</span> <span class='ocrx_word' id='word_1_371' title='bbox 1627 2482 1747 2520; x_wconf 90' lang='lat' dir='ltr'>Codd.</span> <span class='ocrx_word' id='word_1_372' title='bbox 1773 2482 1857 2520; x_wconf 86' lang='lat' dir='ltr'>Me-</span> 
     </span>
     <span class='ocr_line' id='line_1_37' title="bbox 54 2535 1857 2588; baseline 0.001 -14"><span class='ocrx_word' id='word_1_373' title='bbox 54 2537 194 2575; x_wconf 78' lang='lat' dir='ltr'>diceor.</span> <span class='ocrx_word' id='word_1_374' title='bbox 221 2536 307 2575; x_wconf 91' lang='lat' dir='ltr'>Lat.</span> <span class='ocrx_word' id='word_1_375' title='bbox 335 2535 379 2575; x_wconf 90' lang='lat' dir='ltr'>ll.</span> <span class='ocrx_word' id='word_1_376' title='bbox 406 2551 441 2588; x_wconf 89' lang='lat' dir='ltr'>p.</span> <span class='ocrx_word' id='word_1_377' title='bbox 469 2540 560 2577; x_wconf 80' lang='lat'>657.</span> <span class='ocrx_word' id='word_1_378' title='bbox 622 2537 770 2576; x_wconf 83' lang='lat' dir='ltr'>Stolles</span> <span class='ocrx_word' id='word_1_379' title='bbox 794 2536 1026 2577; x_wconf 83' lang='lat' dir='ltr'>Nachricht</span> <span class='ocrx_word' id='word_1_380' title='bbox 1048 2552 1125 2576; x_wconf 86' lang='lat' dir='ltr'>von</span> <span class='ocrx_word' id='word_1_381' title='bbox 1151 2539 1230 2577; x_wconf 69' lang='lat' dir='ltr'>(len</span> <span class='ocrx_word' id='word_1_382' title='bbox 1257 2538 1454 2577; x_wconf 76' lang='lat' dir='ltr'>Biiclzern</span> <span class='ocrx_word' id='word_1_383' title='bbox 1480 2539 1522 2576; x_wconf 84' lang='lat' dir='ltr'>in</span> <span class='ocrx_word' id='word_1_384' title='bbox 1547 2539 1676 2577; x_wconf 85' lang='lat' dir='ltr'>seiner</span> <span class='ocrx_word' id='word_1_385' title='bbox 1699 2538 1857 2577; x_wconf 79' lang='lat' dir='ltr'>Biblio-</span> 
     </span>
     <span class='ocr_line' id='line_1_38' title="bbox 56 2592 1856 2646; baseline 0.001 -14"><span class='ocrx_word' id='word_1_386' title='bbox 56 2594 148 2632; x_wconf 75' lang='lat' dir='ltr'>thec</span> <span class='ocrx_word' id='word_1_387' title='bbox 173 2593 263 2631; x_wconf 80' lang='lat' dir='ltr'>Vol.</span> <span class='ocrx_word' id='word_1_388' title='bbox 281 2592 304 2630; x_wconf 93' lang='lat' dir='ltr'>l.</span> <span class='ocrx_word' id='word_1_389' title='bbox 331 2606 367 2643; x_wconf 90' lang='lat' dir='ltr'>p.</span> <span class='ocrx_word' id='word_1_390' title='bbox 384 2597 475 2633; x_wconf 86' lang='lat'>453.</span> <span class='ocrx_word' id='word_1_391' title='bbox 504 2593 553 2631; x_wconf 89' lang='lat' dir='ltr'>de</span> <span class='ocrx_word' id='word_1_392' title='bbox 579 2593 683 2632; x_wconf 89' lang='lat' dir='ltr'>Bure</span> <span class='ocrx_word' id='word_1_393' title='bbox 707 2593 893 2643; x_wconf 78' lang='lat' dir='ltr'>Bibliogr.</span> <span class='ocrx_word' id='word_1_394' title='bbox 920 2607 982 2631; x_wconf 88' lang='lat' dir='ltr'>no.</span> <span class='ocrx_word' id='word_1_395' title='bbox 1011 2598 1131 2634; x_wconf 84' lang='lat'>3583.</span> <span class='ocrx_word' id='word_1_396' title='bbox 1176 2594 1384 2633; x_wconf 81' lang='lat' dir='ltr'>Renouard</span> <span class='ocrx_word' id='word_1_397' title='bbox 1413 2594 1533 2633; x_wconf 83' lang='lat' dir='ltr'>Catal.</span> <span class='ocrx_word' id='word_1_398' title='bbox 1556 2594 1599 2632; x_wconf 87' lang='lat' dir='ltr'>T.</span> <span class='ocrx_word' id='word_1_399' title='bbox 1616 2594 1682 2633; x_wconf 79' lang='lat' dir='ltr'>lv,</span> <span class='ocrx_word' id='word_1_400' title='bbox 1705 2608 1742 2646; x_wconf 88' lang='lat' dir='ltr'>p.</span> <span class='ocrx_word' id='word_1_401' title='bbox 1765 2600 1856 2636; x_wconf 88' lang='lat'>107.</span> 
     </span>
     <span class='ocr_line' id='line_1_39' title="bbox 57 2650 1859 2703; baseline 0.001 -14"><span class='ocrx_word' id='word_1_402' title='bbox 57 2650 304 2702; x_wconf 75' lang='lat' dir='ltr'>Schweiyer.</span> <span class='ocrx_word' id='word_1_403' title='bbox 333 2650 568 2690; x_wconf 79' lang='lat' dir='ltr'>Handbnch</span> <span class='ocrx_word' id='word_1_404' title='bbox 605 2651 678 2688; x_wconf 79' lang='lat' dir='ltr'>der</span> <span class='ocrx_word' id='word_1_405' title='bbox 704 2650 819 2689; x_wconf 86' lang='lat' dir='ltr'>class.</span> <span class='ocrx_word' id='word_1_406' title='bbox 848 2650 1057 2703; x_wconf 68' lang='lat' dir='ltr'>Biblioqr.</span> <span class='ocrx_word' id='word_1_407' title='bbox 1085 2650 1130 2689; x_wconf 89' lang='lat' dir='ltr'>T.</span> <span class='ocrx_word' id='word_1_408' title='bbox 1159 2651 1201 2688; x_wconf 93' lang='lat' dir='ltr'>ll.</span> <span class='ocrx_word' id='word_1_409' title='bbox 1242 2650 1285 2689; x_wconf 89' lang='lat' dir='ltr'>P.</span> <span class='ocrx_word' id='word_1_410' title='bbox 1312 2650 1338 2688; x_wconf 90' lang='lat' dir='ltr'>l.</span> <span class='ocrx_word' id='word_1_411' title='bbox 1370 2664 1405 2702; x_wconf 89' lang='lat' dir='ltr'>p.</span> <span class='ocrx_word' id='word_1_412' title='bbox 1433 2655 1469 2691; x_wconf 90' lang='lat'>8.</span> <span class='ocrx_word' id='word_1_413' title='bbox 1529 2650 1639 2689; x_wconf 82' lang='lat' dir='ltr'>Haec</span> <span class='ocrx_word' id='word_1_414' title='bbox 1669 2651 1730 2691; x_wconf 90' lang='lat' dir='ltr'>ed.</span> <span class='ocrx_word' id='word_1_415' title='bbox 1757 2651 1859 2691; x_wconf 86' lang='lat' dir='ltr'>facta</span> 
     </span>
     <span class='ocr_line' id='line_1_40' title="bbox 56 2704 1858 2758; baseline 0.002 -14"><span class='ocrx_word' id='word_1_416' title='bbox 56 2710 119 2744; x_wconf 86' lang='lat' dir='ltr'>est</span> <span class='ocrx_word' id='word_1_417' title='bbox 142 2707 371 2745; x_wconf 85' lang='lat' dir='ltr'>auctoritate</span> <span class='ocrx_word' id='word_1_418' title='bbox 395 2706 646 2744; x_wconf 71' lang='lat' dir='ltr'>Bessan-ionis</span> <span class='ocrx_word' id='word_1_419' title='bbox 673 2706 713 2744; x_wconf 92' lang='lat' dir='ltr'>S.</span> <span class='ocrx_word' id='word_1_420' title='bbox 740 2706 786 2744; x_wconf 86' lang='lat' dir='ltr'>R.</span> <span class='ocrx_word' id='word_1_421' title='bbox 817 2704 858 2744; x_wconf 86' lang='lat' dir='ltr'>E.</span> <span class='ocrx_word' id='word_1_422' title='bbox 885 2707 1078 2746; x_wconf 87' lang='lat' dir='ltr'>ecclesiae</span> <span class='ocrx_word' id='word_1_423' title='bbox 1104 2707 1337 2752; x_wconf 71' lang='lat' dir='ltr'>cardinalis,</span> <span class='ocrx_word' id='word_1_424' title='bbox 1363 2708 1477 2758; x_wconf 90' lang='lat' dir='ltr'>eique</span> <span class='ocrx_word' id='word_1_425' title='bbox 1503 2707 1670 2758; x_wconf 86' lang='lat' dir='ltr'>praefuit</span> <span class='ocrx_word' id='word_1_426' title='bbox 1695 2708 1752 2747; x_wconf 87' lang='lat' dir='ltr'>lo.</span> <span class='ocrx_word' id='word_1_427' title='bbox 1773 2707 1858 2748; x_wconf 85' lang='lat' dir='ltr'>An·</span> 
     </span>
     <span class='ocr_line' id='line_1_41' title="bbox 56 2761 1856 2815; baseline 0.002 -14"><span class='ocrx_word' id='word_1_428' title='bbox 56 2763 176 2802; x_wconf 71' lang='lat' dir='ltr'>clv-eas</span> <span class='ocrx_word' id='word_1_429' title='bbox 209 2763 442 2814; x_wconf 76' lang='lat' dir='ltr'>Episcopus</span> <span class='ocrx_word' id='word_1_430' title='bbox 472 2761 720 2807; x_wconf 81' lang='lat' dir='ltr'>Aleriensis,</span> <span class='ocrx_word' id='word_1_431' title='bbox 758 2763 867 2800; x_wconf 88' lang='lat' dir='ltr'>cuius</span> <span class='ocrx_word' id='word_1_432' title='bbox 898 2768 938 2802; x_wconf 87' lang='lat' dir='ltr'>et</span> <span class='ocrx_word' id='word_1_433' title='bbox 968 2764 1158 2815; x_wconf 84' lang='lat' dir='ltr'>praefatio</span> <span class='ocrx_word' id='word_1_434' title='bbox 1185 2765 1301 2810; x_wconf 84' lang='lat' dir='ltr'>inest,</span> <span class='ocrx_word' id='word_1_435' title='bbox 1341 2766 1505 2815; x_wconf 87' lang='lat' dir='ltr'>repetita</span> <span class='ocrx_word' id='word_1_436' title='bbox 1529 2765 1564 2802; x_wconf 91' lang='lat' dir='ltr'>in</span> <span class='ocrx_word' id='word_1_437' title='bbox 1590 2766 1856 2815; x_wconf 63' lang='lat' dir='ltr'>sequentibus</span> 
     </span>
     <span class='ocr_line' id='line_1_42' title="bbox 56 2818 1858 2873; baseline 0.002 -15"><span class='ocrx_word' id='word_1_438' title='bbox 56 2818 120 2858; x_wconf 90' lang='lat' dir='ltr'>De</span> <span class='ocrx_word' id='word_1_439' title='bbox 151 2820 390 2870; x_wconf 81' lang='lat' dir='ltr'>praestantia</span> <span class='ocrx_word' id='word_1_440' title='bbox 426 2819 528 2865; x_wconf 82' lang='lat' dir='ltr'>eius,</span> <span class='ocrx_word' id='word_1_441' title='bbox 564 2823 605 2858; x_wconf 91' lang='lat' dir='ltr'>ut</span> <span class='ocrx_word' id='word_1_442' title='bbox 641 2823 898 2858; x_wconf 84' lang='lat' dir='ltr'>correctorum</span> <span class='ocrx_word' id='word_1_443' title='bbox 930 2833 1043 2859; x_wconf 87' lang='lat' dir='ltr'>manu</span> <span class='ocrx_word' id='word_1_444' title='bbox 1073 2822 1228 2859; x_wconf 84' lang='lat' dir='ltr'>minime</span> <span class='ocrx_word' id='word_1_445' title='bbox 1254 2821 1511 2872; x_wconf 84' lang='lat' dir='ltr'>interpolatae</span> <span class='ocrx_word' id='word_1_446' title='bbox 1535 2821 1620 2860; x_wconf 84' lang='lat' dir='ltr'>sive</span> <span class='ocrx_word' id='word_1_447' title='bbox 1645 2826 1858 2873; x_wconf 85' lang='lat' dir='ltr'>corruptae,</span> 
     </span>
     <span class='ocr_line' id='line_1_43' title="bbox 56 2874 1856 2931; baseline 0.002 -18"><span class='ocrx_word' id='word_1_448' title='bbox 56 2876 132 2914; x_wconf 87' lang='lat' dir='ltr'>vid.</span> <span class='ocrx_word' id='word_1_449' title='bbox 160 2874 377 2915; x_wconf 82' lang='lat' dir='ltr'>casaubon.</span> <span class='ocrx_word' id='word_1_450' title='bbox 411 2877 445 2913; x_wconf 90' lang='lat' dir='ltr'>in</span> <span class='ocrx_word' id='word_1_451' title='bbox 477 2875 598 2928; x_wconf 85' lang='lat' dir='ltr'>praef.</span> <span class='ocrx_word' id='word_1_452' title='bbox 630 2889 727 2914; x_wconf 85' lang='lat' dir='ltr'>suae</span> <span class='ocrx_word' id='word_1_453' title='bbox 759 2876 858 2913; x_wconf 90' lang='lat' dir='ltr'>Edit.</span> <span class='ocrx_word' id='word_1_454' title='bbox 885 2877 1054 2929; x_wconf 78' lang='lat' dir='ltr'>Apolog.</span> <span class='ocrx_word' id='word_1_455' title='bbox 1116 2877 1300 2915; x_wconf 85' lang='lat' dir='ltr'>Additam</span> <span class='ocrx_word' id='word_1_456' title='bbox 1328 2877 1445 2916; x_wconf 86' lang='lat' dir='ltr'>habet</span> <span class='ocrx_word' id='word_1_457' title='bbox 1470 2877 1621 2916; x_wconf 89' lang='lat' dir='ltr'>Alcinoi</span> <span class='ocrx_word' id='word_1_458' title='bbox 1648 2878 1856 2931; x_wconf 84' lang='lat' dir='ltr'>Epitomen</span> 
     </span>
     <span class='ocr_line' id='line_1_44' title="bbox 55 2930 1858 2986; baseline 0.002 -16"><span class='ocrx_word' id='word_1_459' title='bbox 55 2931 329 2984; x_wconf 84' lang='lat' dir='ltr'>philosophiae</span> <span class='ocrx_word' id='word_1_460' title='bbox 354 2930 583 2971; x_wconf 84' lang='lat' dir='ltr'>Platonicae</span> <span class='ocrx_word' id='word_1_461' title='bbox 609 2946 658 2971; x_wconf 84' lang='lat' dir='ltr'>ex</span> <span class='ocrx_word' id='word_1_462' title='bbox 682 2933 863 2971; x_wconf 87' lang='lat' dir='ltr'>versione</span> <span class='ocrx_word' id='word_1_463' title='bbox 887 2933 973 2972; x_wconf 90' lang='lat' dir='ltr'>Nic.</span> <span class='ocrx_word' id='word_1_464' title='bbox 1002 2934 1142 2972; x_wconf 85' lang='lat' dir='ltr'>Cusani</span> <span class='ocrx_word' id='word_1_465' title='bbox 1170 2934 1386 2972; x_wconf 68' lang='lat' dir='ltr'>Can-(linaiis</span> <span class='ocrx_word' id='word_1_466' title='bbox 1412 2948 1512 2985; x_wconf 91' lang='lat' dir='ltr'>quae</span> <span class='ocrx_word' id='word_1_467' title='bbox 1537 2939 1576 2973; x_wconf 90' lang='lat' dir='ltr'>et</span> <span class='ocrx_word' id='word_1_468' title='bbox 1600 2935 1635 2973; x_wconf 91' lang='lat' dir='ltr'>in</span> <span class='ocrx_word' id='word_1_469' title='bbox 1662 2938 1858 2986; x_wconf 87' lang='lat' dir='ltr'>sequenti-</span> 
     </span>
     <span class='ocr_line' id='line_1_45' title="bbox 56 2989 1859 3043; baseline 0.002 -16"><span class='ocrx_word' id='word_1_470' title='bbox 56 2989 129 3027; x_wconf 86' lang='lat' dir='ltr'>bus</span> <span class='ocrx_word' id='word_1_471' title='bbox 163 2989 312 3040; x_wconf 82' lang='lat' dir='ltr'>legitur.</span> <span class='ocrx_word' id='word_1_472' title='bbox 372 2989 449 3027; x_wconf 86' lang='lat' dir='ltr'>Alii</span> <span class='ocrx_word' id='word_1_473' title='bbox 480 2990 642 3040; x_wconf 86' lang='lat' dir='ltr'>primam</span> <span class='ocrx_word' id='word_1_474' title='bbox 673 2990 881 3027; x_wconf 88' lang='lat' dir='ltr'>editionem</span> <span class='ocrx_word' id='word_1_475' title='bbox 911 2995 1123 3029; x_wconf 87' lang='lat' dir='ltr'>memorant</span> <span class='ocrx_word' id='word_1_476' title='bbox 1154 2990 1367 3028; x_wconf 85' lang='lat' dir='ltr'>Romanam</span> <span class='ocrx_word' id='word_1_477' title='bbox 1401 2992 1486 3028; x_wconf 89' lang='lat' dir='ltr'>anni</span> <span class='ocrx_word' id='word_1_478' title='bbox 1516 2995 1640 3036; x_wconf 90' lang='grc'>1472,</span> <span class='ocrx_word' id='word_1_479' title='bbox 1673 3005 1772 3043; x_wconf 89' lang='lat' dir='ltr'>quae</span> <span class='ocrx_word' id='word_1_480' title='bbox 1798 2996 1859 3031; x_wconf 87' lang='lat' dir='ltr'>est</span> 
     </span>
     <span class='ocr_line' id='line_1_46' title="bbox 55 3044 1858 3098; baseline 0.002 -15"><span class='ocrx_word' id='word_1_481' title='bbox 55 3046 232 3096; x_wconf 89' lang='lat' dir='ltr'>repetitio</span> <span class='ocrx_word' id='word_1_482' title='bbox 253 3044 368 3084; x_wconf 88' lang='lat' dir='ltr'>illius.</span> <span class='ocrx_word' id='word_1_483' title='bbox 427 3045 609 3091; x_wconf 80' lang='lat' dir='ltr'>Fabricii,</span> <span class='ocrx_word' id='word_1_484' title='bbox 638 3045 898 3096; x_wconf 85' lang='lat' dir='ltr'>Maittariique</span> <span class='ocrx_word' id='word_1_485' title='bbox 922 3060 1107 3094; x_wconf 88' lang='lat' dir='ltr'>errorem,</span> <span class='ocrx_word' id='word_1_486' title='bbox 1135 3048 1196 3098; x_wconf 89' lang='lat' dir='ltr'>qui</span> <span class='ocrx_word' id='word_1_487' title='bbox 1224 3048 1307 3085; x_wconf 85' lang='lat' dir='ltr'>eius</span> <span class='ocrx_word' id='word_1_488' title='bbox 1332 3047 1519 3085; x_wconf 80' lang='lat' dir='ltr'>editorem</span> <span class='ocrx_word' id='word_1_489' title='bbox 1547 3048 1688 3087; x_wconf 83' lang='lat' dir='ltr'>faciunt</span> <span class='ocrx_word' id='word_1_490' title='bbox 1713 3048 1858 3087; x_wconf 87' lang='lat' dir='ltr'>Bessa-</span> 
     </span>
     <span class='ocr_line' id='line_1_47' title="bbox 52 3101 1854 3159; baseline 0.003 -19"><span class='ocrx_word' id='word_1_491' title='bbox 52 3103 218 3149; x_wconf 76' lang='lat' dir='ltr'>tionem,</span> <span class='ocrx_word' id='word_1_492' title='bbox 243 3101 422 3141; x_wconf 85' lang='lat' dir='ltr'>refutavit</span> <span class='ocrx_word' id='word_1_493' title='bbox 440 3102 750 3154; x_wconf 81' lang='lat' dir='ltr'>Hambergerus,</span> <span class='ocrx_word' id='word_1_494' title='bbox 776 3104 810 3141; x_wconf 87' lang='lat' dir='ltr'>in</span> <span class='ocrx_word' id='word_1_495' title='bbox 832 3104 1139 3158; x_wconf 69' lang='lat' dir='ltr'>Zuverla&#39;ssiyen</span> <span class='ocrx_word' id='word_1_496' title='bbox 1170 3103 1442 3144; x_wconf 62' lang='lat' dir='ltr'>Naehriclaten</span> <span class='ocrx_word' id='word_1_497' title='bbox 1463 3103 1510 3143; x_wconf 91' lang='lat' dir='ltr'>T.</span> <span class='ocrx_word' id='word_1_498' title='bbox 1526 3103 1569 3143; x_wconf 91' lang='lat' dir='ltr'>ll.</span> <span class='ocrx_word' id='word_1_499' title='bbox 1593 3119 1630 3159; x_wconf 86' lang='lat' dir='ltr'>p.</span> <span class='ocrx_word' id='word_1_500' title='bbox 1647 3109 1725 3146; x_wconf 87' lang='grc'>342</span> <span class='ocrx_word' id='word_1_501' title='bbox 1740 3118 1854 3158; x_wconf 87' lang='lat' dir='ltr'>seqq.</span> 
     </span>
    </p>
   </div>
  </div>
 </body>
</html>
