2155 3590
670 153 855 194 LIBER
878 154 932 196 X.
978 154 1107 196 CAP.
1132 154 1346 195 XXXIV.

1797 154 1881 196 979

89 264 254 319 capellas
285 264 405 305 odoro
437 265 605 320 perpluit
633 266 778 318 imbre,
813 268 936 308 donec
967 267 1007 308 in
1033 268 1234 309 meliorem
1259 266 1478 308 maculatae
1503 266 1672 320 speciem
1698 265 1881 306 canitiem

86 320 283 375 propriam
307 321 412 361 luteo
437 323 568 363 colore
593 330 805 364 mutarent.
855 323 1016 378 Iamque
1037 324 1043 380 Ι
1066 331 1145 365 tota
1169 337 1291 364 suave
1316 324 1521 377 fragrante
1546 336 1682 373 cavea,
1709 329 1881 362 montem
1906 326 2005 367 [256]

972 379 1079 421 Eece
1104 380 1257 434 quidam
1282 379 1393 420 miles
1419 393 1489 433 per
1517 379 1684 419 mediam
1714 378 1881 432 plateam

86 377 192 417 illum
217 376 389 431 ligneum
415 384 545 419 terrae
570 393 721 434 vorago
747 380 911 435 decepit.

85 433 220 488 dirigit
244 447 422 484 cursum,
450 435 639 489 petiturus
664 437 741 476 iam
767 437 907 490 populo
934 437 1154 491 postulante
1179 436 1285 476 illam
1310 436 1357 475 de
1382 435 1535 489 publico
1561 448 1721 475 carcere
1746 434 1882 474 mulie-

84 503 189 540 rem,
228 503 342 543 quam
380 491 463 530 dixi
499 499 658 546 propter
692 492 930 533 multiforme
961 493 1088 533 scelus
1124 492 1260 533 bestiis
1299 504 1388 531 esse
1424 492 1668 542 damnatam,
1707 491 1881 544 meisque

83 546 327 602 praeclaris}
346 547 491 601 nuptiis
523 549 772 589 destinatam.

833 548 889 589 Et
917 549 993 589 iam
1023 557 1134 589 torus
1165 547 1348 602 genitalis
1379 547 1530 587 seilicet
1559 555 1696 588 noster
1726 548 1883 588 futurus
1906 544 1973 577 749

83 602 378 643 accuratissime
404 603 709 656 disternebatur,
736 605 860 646 lectus
879 603 1016 645 Indica
1033 605 1229 646 testudine
1253 603 1490 658 perlucidus,
1516 603 1670 657 plumea
1695 603 1884 658 congerie

82 730 178 758 eirca
192 731 395 760 desideratur
408 732 441 760 in
454 733 549 762 Vulc.
566 735 594 762 1.
608 735 719 763 U'ow.
732 733 820 763 Prie.
869 731 970 761 odore
983 735 1019 762 G.
1036 735 1065 763 1.
1079 734 1117 762 Ρ.
1148 731 1248 760 odoro
1263 734 1299 762 G.
1312 734 1344 762 2.
1358 733 1398 761 D.
1440 728 1587 769 perfluit
1605 732 1700 760 Vulc.
1720 733 1750 760 1.
1771 733 1884 761 Wow.

82 776 168 805 Prie.
216 775 394 804 maculata
412 778 506 807 Vulc.
524 780 552 807 1.
571 780 683 807 XVow.
705 779 789 807 Prie.
834 776 921 815 fibi-e
934 786 991 813 pro
1004 778 1090 816 §bre
1108 779 1147 807 D.
1195 777 1306 806 lacteo
1320 779 1356 806 G.
1374 779 1401 806 1.
1416 778 1446 806 2.
1466 778 1502 806 Ρ.
1517 778 1556 806 Ι).
1594 773 1777 813 flagrante
1795 778 1832 805 F.
1854 779 1882 806 1.

81 822 151 850 edd.
171 825 249 850 vett.
270 825 397 856 praeter
415 823 530 852 Venet.
550 826 581 852 4.
609 822 798 862 fraglante
818 826 854 852 G.
876 826 905 852 1.
926 824 1065 852 solemni
1084 823 1301 852 aberratione.
1348 822 1478 858 recepit
1491 823 1525 851 0.
1547 825 1630 850 teste
1643 822 1728 850 Prie.
1754 823 1791 850 In
1804 823 1883 850 01111.

80 868 154 894 0011.
168 866 293 895 nonita
305 871 366 901 est,
381 869 437 896 sed
451 872 605 897 consonat
620 869 740 897 ceteris
753 870 845 898 codd.
860 876 899 897 ac
914 869 1098 897 Groslotius
1112 869 1240 897 notavit
1252 869 1285 897 iu
1298 868 1337 897 V.
1347 868 1381 896 C.
1392 867 1530 896 Giselini
1543 866 1662 901 optime
1675 867 1741 901 legi
1755 865 1885 902 decepit

80 914 177 946 atque
202 919 223 940 a
245 911 359 946 Lipsio
383 913 501 941 coniici
524 913 661 950 recepit.
709 912 881 950 decom-pit
904 915 1019 942 Venet.
1035 915 1065 942 4.
1091 913 1198 942 Paris.
1219 917 1249 942 et
1268 913 1321 942 vir
1339 914 1453 941 doctus
1471 911 1505 940 in
1524 919 1625 946 marg.
1639 912 1766 940 vicent.
1781 919 1882 940 meae.

79 955 183 983 milex·
194 958 230 986 G.
242 958 271 985 1-
281 958 320 985 D.
363 956 486 994 populu
502 958 569 985 iam
577 957 778 995 postulante
790 961 826 988 L.
842 956 870 988 ὃ.
887 967 916 994 p.
931 959 1088 988 edd.vett.
1103 962 1179 986 ante
1193 958 1283 987 Colv.
1304 956 1430 994 populo
1444 956 1512 983 iam
1523 955 1710 993 populante
1723 957 1836 985 Venet.
1851 958 1882 985 4.

79 1002 155 1030 Bas.
170 1003 200 1030 2.
227 1001 446 1029 rm'm'strante
455 1002 654 1039 postulante
668 1006 705 1032 G.
721 1005 768 1040 1.;
793 1008 826 1033 at
845 1004 936 1039 prius
954 1005 1154 1032 vocabulum
1173 1010 1194 1032 a
1211 1011 1310 1032 manu
1331 1011 1376 1037 pr.
1391 1006 1439 1031 est
1453 1003 1635 1031 obductum.
1682 1001 1787 1028 etiam
1801 1002 1836 1030 F.
1853 1001 1883 1029 3.

79 1047 115 1075 G.
128 1048 243 1076 1.2.D.
267 1045 336 1074 iam
349 1048 498 1076 0101111101
512 1050 547 1076 Β.
562 1057 592 1084 p.
608 1048 628 1077 f.
643 1046 672 1077 δ.
687 1049 757 1077 edd.
772 1052 847 1078 ante
861 1049 951 1077 CoIV.
970 1050 1007 1077 In
1021 1051 1094 1076 0011.
1108 1050 1145 1075 et
1155 1047 1234 1075 iam.
1270 1050 1388 1075 noster
1401 1045 1533 1075 scilicet
1544 1048 1580 1075 G.
1591 1048 1620 1075 1.
1656 1045 1837 1085 refutarus
1851 1044 1882 1075 ὸ“.

78 1089 336 1119 discernebatur
360 1095 396 1121 G.
425 1094 452 1121 l.
477 1095 514 1121 B.
539 1093 599 1128 (111
624 1096 698 1122 0011.
723 1093 835 1128 Mod.)
862 1090 892 1122 ‹5-
925 1094 996 1122 edd.
1023 1096 1098 1122 vett.
1124 1097 1199 1122 ante
1224 1094 1314 1122 Colv.
1351 1091 1608 1119 discen-ebatur
1630 1092 1666 1120 B.
1694 1094 1775 1120 teste
1797 1093 1881 1120 Elm.

78 1134 339 1164 desta-ruebatur
352 1139 388 1167 G.
400 1139 432 1167 2.
447 1139 483 1167 Ρ.
496 1139 535 1166 D.
548 1139 662 1167 Venet.
677 1140 708 1166 4.
723 1139 830 1167 Paris.
845 1139 936 1168 Colv.
950 1139 1046 1167 vulo.
1061 1139 1091 1165 2.
1104 1139 1214 1167 Wow.
1230 1138 1315 1167 Prie.
1351 1134 1575 1174 diffelebatur
1589 1145 1618 1171 p.
1631 1138 1715 1170 Elin.
1733 1139 1829 1165 habet
1850 1137 1883 1165 iu

78 1184 167 1209 textu
182 1180 442 1210 ‹leste-ruebatur
454 1184 536 1216 quod
550 1183 635 1211 10101·
653 1187 763 1212 errata
781 1187 960 1212 correctum
980 1183 1076 1212 estin
1095 1181 1367 1220 distet-uebatur,
1393 1190 1489 1216 quam
1508 1182 1679 1210 lectionem
1698 1185 1771 1210 0011.
1791 1182 1882 1210 codd.

77 1230 108 1254 01
128 1227 198 1255 01111.
217 1229 381 1262 praebent.
429 1226 541 1255 cirtica
554 1230 590 1256 G.
607 1229 636 1257 1.
681 1227 861 1265 perlue-ida
874 1229 909 1257 Ο.
925 1235 997 1257 am.
1013 1237 1042 1263 p.
1058 1229 1093 1257 P.
1125 1226 1300 1265 perlucide
1313 1230 1350 1257 G.
1368 1229 1396 1256 1.
1411 1229 1442 1256 2.
1471 1225 1604 1264 placide
1616 1228 1655 1256 D.

77 1335 235 1387 Apuleii
271 1337 466 1388 ingenium
504 1337 688 1389 cepisset.
737 1336 834 1376 Item
872 1338 948 1376 iam

76 1394 252 1443 peccavit
281 1393 317 1430 in
350 1392 436 1431 loco
468 1392 564 1432 Met.
590 1393 676 1432 Vll.
707 1407 744 1445 p.
772 1398 866 1434 502.
901 1393 947 1432 li-

77 1449 207 1501 quida
227 1450 323 1502 fimo
346 1450 518 1488 strictim
543 1455 699 1502 eyesta,
724 1450 788 1488 ubi
816 1454 948 1488 contra

75 1505 244 1555 optimos
291 1505 404 1544 codd.
449 1505 706 1544 masculinum
759 1506 947 1558 reposuit.

75 1559 162 1612 Ego
201 1575 349 1602 crocus
386 1561 566 1599 feminino
609 1576 753 1613 genere
797 1563 947 1601 dixisse

75 1617 286 1668 Apuleium
311 1631 381 1669 pro
409 1617 502 1656 virili
528 1623 638 1670 parte
663 1623 790 1666 tueor,
817 1633 948 1670 quam-

74 1673 136 1711 vis
162 1675 389 1712 contrarium
415 1673 584 1713 clament
603 1676 856 1726 grammatici,
883 1676 947 1726 qui

75 1742 191 1781 quam
217 1730 376 1782 egregie
400 1731 610 1769 erraverint
639 1732 674 1769 in
706 1745 850 1783 genere
880 1731 949 1769 hu-

75 1787 134 1825 ius
158 1786 390 1825 substantivi
416 1787 686 1825 constituendo
713 1788 868 1826 eflicitur
898 1800 948 1825 ex

74 1842 135 1888 iis,
161 1856 262 1894 quae
286 1842 435 1895 profert
460 1843 580 1881 Voss.
600 1843 814 1883 Aristarch.
841 1843 886 1882 T.
901 1843 945 1882 ll.

74 1912 112 1950 p.
132 1902 224 1940 385.
257 1900 389 1950 ibique
418 1898 626 1939 Foertsch.
652 1900 788 1939 Schol.
815 1900 864 1939 ad
890 1899 949 1938 Iu·

73 1956 199 1994 venai.
216 1955 297 1995 Sat.
314 1955 397 1994 Vll.
413 1959 507 1996 208.
539 1955 626 1994 Huc
649 1957 802 1995 accedit
828 1956 947 1995 Grae-

74 2025 205 2051 corum
231 2012 459 2058 auctoritas,
487 2025 586 2064 quos
601 2011 738 2064 κρόκος
758 2013 944 2050 feminino

74 2068 288 2120 protulisse
323 2081 393 2119 pro
426 2072 531 2107 certo
563 2070 720 2108 scimus.
779 2068 945 2115 Quoties

74 2124 270 2177 Apuleius
301 2129 435 2164 contra
471 2129 684 2164 ceterorum
715 2127 945 2176 scriptorum

53 2181 395 2220 -consuetudinem
440 2181 661 2220 femininum
706 2181 945 2233 praetulerit,

75 2242 302 2289 argumento
329 2241 391 2276 est
413 2251 515 2276 unus
537 2237 633 2276 Met.
652 2237 680 2276 Ι.
695 2251 731 2289 p.
749 2241 787 2278 6.
813 2237 946 2277 loeus:

73 2291 283 2348 Hymettos
319 2293 475 2339 Attica,
515 2293 685 2333 Isthmos
721 2294 948 2348 Ephyraea

72 2355 114 2390 et
144 2350 328 2390 Tenedos
359 2350 606 2402 Spartiaca,
642 2350 692 2388 de
724 2351 834 2389 cuius
865 2364 946 2389 001·-

71 2408 246 2445 rectione
265 2405 407 2445 frustra
424 2406 656 2457 interpretes
675 2406 943 2460 desudarunt]

131 2463 269 2501 odoro
279 2463 469 2514 perpluit
479 2462 616 2501 imbre.
643 2461 788 2500 Crebro
800 2463 949 2515 pluere

71 2532 160 2557 cum
197 2519 426 2569 compositis
462 2520 588 2557 actIve
623 2518 696 2557 dici
733 2518 949 2558 docuerunt

71 2573 158 2613 lntt.
195 2575 246 2613 ad
281 2573 458 2625 Propert.
490 2573 537 2613 ΙΙ.
571 2579 636 2616 16.
666 2579 717 2620 3.,
756 2575 947 2615 lacrimas

72 2631 282 2682 depluit.
315 2629 471 2682 [Heius.
491 2631 540 2670 ad
561 2629 675 2669 Ovid.
690 2631 790 2670 Met.
810 2630 837 2670 Ι.
851 2635 945 2672 572.

73 2690 113 2725 et
124 2687 175 2726 ad
188 2685 381 2739 V1.3¹12.]
408 2686 510 2726 Edd.
530 2687 678 2738 aliquot
703 2686 838 2737 legunt
860 2700 948 2738 per-

72 2756 206 2794 peram
226 2744 408 2797 pet-fluit,
439 2743 490 2781 de
514 2756 592 2793 qua
614 2744 815 2792 utriusque
833 2756 950 2782 voca-

71 2798 152 2838 buli
183 2799 412 2838 confusione
443 2800 491 2839 cf.
517 2799 646 2851 Heyn.
673 2799 724 2838 ad
749 2798 893 2840 Tibull.
917 2799 949 2839 l.

128 2915 301 2951 montera
326 2911 506 2965 liqueum
519 2942 527 2951 .
543 2942 551 2950 .
569 2941 578 2951 .
595 2942 604 2950 .
626 2912 804 2964 decepit.
865 2912 946 2951 De-

74 2968 185 3019 cepit
207 2982 280 3006 000
308 2974 370 3007 est
394 2968 695 3007 sollicitandum.
752 2966 859 3006 Laus
884 2973 948 3008 est

70 3022 362 3070 machinatoris,
388 3026 453 3076 qui
467 3029 638 3063 montem
653 3023 760 3062 illum
777 3024 946 3075 ligneum

70 3078 140 3117 tali
163 3080 321 3119 artificio
346 3081 614 3133 disposuerat,
646 3083 687 3119 ut
710 3084 869 3131 peracta
892 3080 948 3119 fa-

70 3135 166 3174 bula
202 3136 324 3176 veluti
353 3141 478 3177 terrae
508 3137 618 3178 hiatu
646 3137 847 3190 repentino
878 3136 947 3176 ab·

1007 1338 1248 1385 sorberetur3
1275 1342 1314 1375 et
1339 1351 1483 1388 vorago
1511 1337 1609 1375 furto
1635 1340 1674 1375 et
1693 1336 1883 1374 citissime

1009 1393 1171 1432 abstulit
1195 1397 1233 1431 et
1258 1393 1455 1444 depressit
1487 1397 1668 1432 montem.
1720 1392 1882 1444 [Adeas

1008 1448 1092 1487 lntt.
1119 1449 1169 1487 ad
1195 1448 1280 1489 Liv.
1305 1448 1433 1488 XXII.
1465 1455 1504 1490 4.
1535 1452 1568 1500 §-
1593 1453 1630 1489 4.
1678 1448 1742 1487 De
1767 1463 1808 1486 re
1834 1448 1881 1487 cf.

1008 1506 1103 1545 Sen.
1127 1504 1252 1557 Epist.
1280 1509 1344 1546 88.
1371 1505 1402 1555 §.
1433 1509 1494 1546 19.
1535 1506 1613 1545 His
1642 1505 1882 1544 adnumeres

1009 1562 1107 1601 [leet
1128 1562 1446 1608 machinatores,
1486 1563 1557 1614 qui
1582 1566 1782 1613 peymata
1803 1575 1882 1612 per

1008 1632 1049 1658 se
1071 1619 1285 1670 sui-qentia
1299 1619 1548 1671 excoyitcmt
1560 1623 1599 1657 et
1618 1617 1803 1657 tabulata
1824 1622 1881 1656 ta-

1010 1676 1090 1715 cite
1114 1676 1156 1713 in
1181 1674 1347 1714 sublime
1371 1675 1618 1719 crescentia,
1644 1679 1683 1713 et
1705 1673 1812 1712 alias
1829 1687 1881 1713 esc

1012 1732 1182 1783 opinato
1207 1731 1455 1782 voluptatem
1479 1735 1554 1770 aut
1577 1729 1882 1769 dehiscentibus

1012 1801 1116 1840 quae
1141 1787 1424 1833 cohaerebant,
1449 1791 1522 1826 aut
1540 1787 1602 1825 his
1628 1799 1732 1839 quae
1757 1786 1882 1824 ‹lista-

1011 1843 1110 1883 bant
1138 1857 1212 1883 sua
1240 1847 1385 1895 sponte
1422 1842 1676 1889 coeuntibus,
1713 1846 1786 1881 aut
1820 1842 1881 1880 his

1012 1913 1116 1952 quae
1152 1899 1376 1938 eminebant
1400 1899 1608 1951 paulatim
1637 1899 1681 1937 in
1716 1912 1757 1938 se
1786 1899 1880 1936 resi-

1009 1956 1219 2001 dentibus,·
1250 1954 1416 2007 Buleng.
1449 1955 1499 1993 de
1530 1955 1750 1994 venatione
1783 1953 1880 1992 Circi

1009 2025 1040 2050 c.
1072 2016 1138 2052 35.
1175 2012 1211 2050 in
1244 2011 1384 2050 Graev.
1416 2011 1538 2050 Thes.
1569 2012 1702 2063 Antiq.
1733 2010 1778 2050 T.
1810 2009 1880 2048 lX.

1009 2081 1044 2119 p.
1067 2072 1160 2109 816.
1197 2067 1309 2120 Lips.
1336 2068 1386 2106 de
1410 2067 1614 2121 Amphith.
1640 2080 1671 2106 c.
1698 2071 1762 2109 22.
1790 2067 1880 2105 ibid.

1007 2138 1044 2176 p.
1074 2124 1216 2176 1316]

1066 2181 1378 2221 disternebatur.
1417 2181 1483 2234 [cf.
1498 2180 1548 2220 ad
1562 2180 1659 2220 Met.
1674 2179 1718 2219 Π.
1733 2193 1770 2231 p.
1788 2179 1879 2221 125.

1008 2237 1118 2277 humi
1150 2251 1269 2290 quam
1300 2238 1460 2290 procul
1488 2238 1757 2277 distratum
1784 2237 1881 2289 fuit.

1009 2292 1150 2332 Totum
1183 2293 1309 2333 locum
1346 2295 1437 2333 citat
1467 2293 1689 2345 Argoi..ad
1721 2291 1880 2332 Pam-in.

1008 2349 1058 2387 de
1082 2349 1183 2388 Lud.
1211 2349 1379 2389 Circens.
1405 2349 1434 2389 Ι.
1459 2355 1495 2391 8.
1526 2351 1562 2388 10
1589 2349 1733 2390 Graev.
1758 2348 1881 2388 Thes.

1007 2406 1143 2457 Autiq.
1170 2406 1217 2446 Τ.
1241 2405 1310 2445 ΙΧ.
1336 2420 1374 2458 p.
1399 2407 1483 2460 80.]

1070 2463 1217 2502 Indica
1242 2464 1444 2503 testudine
1463 2462 1718 2515 perlucidus.
1763 2459 1881 2512 [Plin.

1010 2517 1078 2557 lX.
1108 2523 1170 2560 10.
1209 2520 1473 2560 Testudinum
1497 2519 1716 2571 putamina
1744 2530 1883 2556 secare

1007 2576 1053 2614 in
1073 2576 1244 2615 laminas
1263 2575 1467 2628 lectosque
1491 2580 1531 2614 et
1546 2574 1795 2626 repositoria
1819 2573 1881 2612 his

1008 2633 1152 2671 vestire
1180 2631 1381 2672 Carvilius
1410 2632 1555 2671 Pollio
1587 2630 1780 2674 instituit,
1816 2629 1882 2667 ubi

1008 2688 1086 2726 vid.
1124 2687 1246 2728 Hard.
1283 2687 1368 2728 lntt.
1406 2687 1456 2726 ad
1487 2687 1627 2726 Senec.
1659 2686 1710 2724 de
1740 2685 1882 2724 Benes.

1009 2743 1097 2783 Vll.
1128 2747 1165 2786 9.
1196 2744 1227 2795 ξ.
1259 2748 1296 2785 2.
1344 2743 1529 2782 Wernsd.
1559 2743 1609 2781 ad
1639 2741 1756 2781 Poet.
1785 2741 1881 2780 Min.

1012 2799 1059 2840 T.
1072 2799 1135 2838 111.
1161 2814 1196 2851 p.
1212 2804 1308 2842 406.
1333 2799 1379 2839 T.
1393 2800 1462 2839 IV.
1487 2813 1524 2851 p.
1541 2803 1633 2840 657.
1659 2797 1880 2837 1111130111-

1010 2870 1099 2896 νο0.
1112 2856 1181 2896 ΧΙ.
1195 2860 1248 2897 94
1263 2870 1325 2906 sq.
1357 2856 1480 2894 Varro
1507 2855 1610 2906 apud
1635 2854 1737 2893 Non.
1763 2867 1800 2905 p.
1815 2858 1879 2894 86.

1013 2927 1134 2965 quam
1167 2913 1212 2951 iu
1247 2913 1528 2952 testudineo
1564 2912 1690 2956 lecto,
1727 2910 1880 2950 culcita

1005 2968 1173 3020 plumea
1202 2969 1246 3007 in
1277 2969 1345 3007 (lie
1375 2968 1575 3013 clormire3
1616 2966 1882 3017 Kobierzyck.

1011 3026 1061 3063 de
1077 3024 1191 3062 Luxu
1205 3023 1372 3062 Roman.
1385 3022 1431 3062 II.
1449 3027 1510 3064 10.
1538 3024 1572 3060 in
1601 3023 1740 3063 Graev.
1757 3021 1880 3062 Thes.

1009 3080 1144 3131 Antiq.
1170 3079 1215 3118 T.
1230 3079 1332 3118 VIII.
1359 3093 1382 3131 p
1413 3078 1552 3131 1372]

1060 3137 1231 3191 plumea
1255 3136 1459 3193 conyerie.
1521 3135 1607 3187 [De
1637 3148 1680 3175 re
1711 3135 1761 3176 cf.
1791 3134 1878 3175 lntt.

1505 3191 1596 3234 62*
