2155 3590
602 129 605 131 ’
633 119 821 159 LIBER
848 119 925 159 111.

983 118 1114 159 CAlP.
1143 117 1231 158 XX
1240 116 1266 155 1.
1781 117 1864 160 <189

68 232 246 275 omnihus
272 231 494 275 lac-iniisse
519 231 686 271 devestit
709 230 933 285 Pamphile,
962 238 1001 271 et
1025 229 1349 283 avmflaquadam
1381 229 1538 269 reclusa
1567 229 1733 284 pyxides
1758 229 1855 283 pius-

67 288 174 328 culas
199 288 289 328 inde
314 288 526 342 depromit,
555 288 712 340 deiquis
738 288 855 328 unius
880 288 1064 341 operculo
1086 293 1264 335 remoto,
1288 292 1407 337 abque
1432 284 1601 326 indidem
1627 293 1767 339 egesta
1790 296 1862 326 nn-

67 344 234 397 guedine
260 344 400 397 diuque
431 343 610 398 palmulis
640 344 721 384 suis
748 344 963 394 adfricata,
996 344 1044 384 ab
1069 343 1157 385 imis
1183 340 1402 396 unguilbus
1428 354 1516 382 sese
1540 348 1663 381 totam
1688 343 1861 395 adusque
1886 339 1951 374 213

65 414 237 441 summos
269 401 429 454 capillos
463 400 641 454 perlinit,
675 401 915 452 multumque
946 414 1033 441 cum
1065 400 1227 441 lucerna
1257 404 1412 438 secreto
1438 397 1654 448 collocuta,
1687 398 1863 438 membra

65 457 231 497 tremulo
261 471 451 497 succussu
476 457 610 510 quatit.
660 455 758 509 Quis
784 456 925 496 leviter
950 455 1225 496 fluctuantibus
1251 454 1471 508 promicant
1495 454 1631 493 molles
1651 454 1859 508 plumulae,

64 594 198 623 laciniis
218 597 420 625 desideratur
438 597 472 625 in
491 605 518 631 p.
567 595 719 624 reclusas
734 595 880 633 pyzides
901 597 936 624 G.
955 598 992 624 D.
1014 604 1033 625 a
1056 605 1085 631 p.
1106 605 1146 625 m.
1165 596 1200 624 P.
1220 596 1256 623 L.
1271 591 1300 623 ὃ,
1344 591 1488 631 pia-sides
1508 596 1543 622 G.
1559 595 1596 622 D.
1640 591 1814 629 plusculos
1827 594 1862 622 Ο.

65 644 105 668 at
117 639 267 677 epiadid?
285 649 341 675 pro
354 640 429 669 inde
438 650 478 677 p..
489 643 573 670 unde
586 643 638 670 vir
651 643 764 670 doetus
777 644 862 671 male
876 644 909 668 e!
919 649 935 667 e
939 641 1067 678 pysm‘de
1081 641 1233 670 coniecit.
1245 640 1401 668 Branlius
1410 639 1559 674 probavit
1574 637 1715 666 indidem
1726 638 1863 675 promit.

63 687 126 715 Sed
144 687 290 721 sequitur
307 685 448 714 intimem
467 690 593 724 egesta.
619 689 753 716 Temere
771 688 869 716 nimis
886 688 1073 716 Scriverius
1091 687 1144 715 hic
1162 685 1289 715 Brautii
1307 685 1527 716 coniecturam
1546 685 1580 712 ln
1595 687 1717 712 textum
1730 684 1862 720 recepit,
1893 684 1895 686 ’

62 731 165 760 eiecto
183 734 344 761 vocabulo
356 730 516 761 w'ndidem.
564 741 630 760 nno
651 740 749 769 opere
768 740 805 760 π.
853 734 964 769 egesto
985 734 1020 760 O.
1042 735 1143 770 gesta
1159 733 1242 760 lunt.
1261 732 1291 758 2.
1339 728 1519 767 megm'de'ne
1534 731 1574 765 β.
1594 731 1631 758 D.
1680 727 1863 769 adfricata

62 777 98 805 F.
112 778 143 805 3.
158 778 194 806 G.
207 778 246 806 D.
259 778 296 805 L.
312 786 340 812 p.
355 775 384 806 δ.
405 781 433 806 et
454 779 523 806 edd.
538 782 609 812 post
624 777 790 806 Colvium:
814 779 852 806 In
867 781 938 806 cett.
960 781 1007 805 est
1027 775 1204 815 adfrictu,
1231 776 1314 809 quod
1328 776 1407 804 Oud.
1428 774 1555 804 restitui
1575 775 1717 808 mavu113
1742 774 1819 802 licet
1834 775 1864 801 et

62 823 199 851 alteram
212 823 471 852 terminationem
486 823 518 851 in
532 825 591 851 hoc
604 823 778 857 participio
792 831 856 851 non
871 829 977 851 raram
991 832 1064 850 esse
1078 822 1225 850 affirmet.
1252 820 1423 855 [Equidem
1439 820 1521 848 nihil
1534 820 1669 848 mutavi.
1695 819 1737 847 cf.
1750 820 1864 847 Eckst.

62 867 103 894 ad
116 868 212 896 Voss.
226 868 329 896 Arist.
341 869 381 897 Π.
396 877 426 903 p.
440 867 532 903 817]
580 876 684 905 usqne
698 866 745 896 ad
756 865 785 896 ὃ.
827 866 959 904 perlita
973 869 1008 896 G.
1023 869 1060 896 Ι..
1074 869 1109 896 P.
1123 869 1162 895 R.
1178 866 1198 894 f.
1214 873 1250 895 π.
1275 870 1305 894 et
1322 867 1396 895 siue
1414 866 1510 894 dubio
1529 865 1687 895 etiamita
1698 864 1811 892 habuit
1823 864 1863 898 D,

62 912 117 945 qui
130 920 216 941 nunc
229 920 250 941 a
262 921 303 941 m.
313 921 340 942 s.
354 916 449 942 habet
459 912 612 949 perlinit.
631 914 724 942 Prior
735 914 822 941 enim
835 920 918 947 quae
933 912 1027 941 fuerit
1042 913 1148 948 lectio,
1162 918 1250 942 nunc
1260 911 1394 946 agnosci
1408 911 1528 944 nequit.
1550 909 1824 946 perlimitxenet.
1835 910 1864 937 4.

55 964 122 993 per
134 955 274 985 lucerna
293 959 374 992 quod
396 960 482 986 credi
501 959 602 993 possit
617 963 802 993 corruptum
815 966 857 985 ex
871 965 935 994 pro
950 956 1091 987 lucerna
1103 957 1175 986 sive
1189 960 1307 988 anleet
1317 963 1438 986 coram.
1464 957 1527 987 Sed
1540 957 1708 987 lucernam
1721 957 1865 986 allocuta

61 1003 206 1039 videtur,
234 1006 397 1037 tamquam
410 1006 579 1032 oraculum
594 1006 647 1032 vel
659 1005 819 1037 Sibyllam
834 1003 875 1032 cf.
889 1005 966 1031 Met.
978 1004 1018 1031 Π.
1034 1010 1063 1036 p.
1082 1003 1154 1030 116.
1181 1002 1221 1030 of.
1236 1002 1316 1030 oud.
1330 1003 1370 1030 ad
1385 1001 1480 1030 Caes.
1499 1001 1536 1030 Β.
1552 1002 1592 1030 G.
1606 1001 1674 1030 Vll.
1693 1001 1747 1028 4-7.
1793 997 1864 1026 col—

62 1046 222 1075 locutura
233 1050 270 1077 L.
296 1047 413 1076 locuta
425 1050 461 1077 B.
510 1056 666 1076 successu
680 1050 750 1077 edd.
764 1052 842 1076 vett.
854 1051 982 1082 praeter
994 1048 1152 1079 veneafi.
1177 1048 1213 1075 In
1227 1055 1263 1075 π.
1277 1050 1327 1075 est
1342 1045 1489 1077 tremula
1502 1045 1708 1075 succussim„
1743 1043 1866 1072 leniter

63 1094 99 1121 G.
119 1094 158 1122 D.
179 1097 208 1122 et
226 1094 296 1123 edd.
320 1098 396 1122 vett.
416 1098 543 1129 praeter
558 1095 608 1122 ed.
628 1102 674 1128 pr.
693 1095 777 1122 lunt.
792 1095 822 1122 2.
835 1093 964 1121 vicent.
1011 1091 1114 1121 moles
1133 1093 1171 1120 D.
1191 1099 1212 1120 a
1230 1100 1262 1127 p.
1280 1099 1320 1120 m.
1342 1092 1400 1120 sed
1413 1091 1446 1120 in
1460 1091 1606 1126 margi-ue
1623 1097 1644 1120 a
1661 1098 1703 1120 m.
1717 1098 1744 1119 s.
1758 1097 1866 1119 corre-

57 1143 144 1167 ctum
157 1142 216 1168 est.

63 1248 238 1287 defendit
263 1261 311 1286 ex
324 1246 466 1285 Plauto
488 1248 655 1299 aliisque
676 1247 929 1298 scriptoribus

63 1309 103 1342 et
126 1306 212 1356 ipso
238 1305 408 1355 Apuleio
439 1301 536 1342 Met.
563 1303 628 1341 IV.
655 1318 691 1354 p.
719 1307 812 1344 265.
844 1301 931 1341 VII.

61 1374 98 1412 p.
125 1365 217 1401 447.
250 1360 314 1398 De
339 1360 506 1399 arbitris
538 1360 559 1398 i.
586 1373 618 1397 e.
647 1360 932 1410 inspectoribus

61 1431 94 1455 s.
135 1417 447 1468 speculatoribus
491 1416 595 1456 idem
629 1416 791 1455 conferri
829 1417 934 1453 iubet

64 1473 227 1512 Taubm.
253 1477 293 1511 et
316 1471 404 1512 Par.
430 1473 478 1511 ad
494 1472 689 1519 Plautum,
713 1472 859 1511 Comm.
881 1471 931 1509 ad

62 1530 168 1569 vell.
192 1529 237 1568 Π.
265 1531 330 1570 ’14.
361 1527 498 1568 Heius.
524 1529 576 1568 ad
601 1528 714 1568 Ovid.
739 1528 837 1567 Met.
863 1527 931 1567 IV.

63 1590 156 1627 224.
181 1585 317 1625 Munk.
331 1585 382 1624 ad
394 1585 506 1625 Lact.
520 1585 655 1624 Plane.
672 1584 930 1637 Argum.LV.

65 1642 139 1681 fab.
165 1646 203 1684 3.
227 1657 267 1695 p.
285 1645 388 1683 819.

120 1700 172 1739 ab
208 1701 296 1738 imis
332 1701 548 1752 ιιηφιίὸιιε.
597 1699 782 1751 Speciem
807 1698 933 1749 adagii

63 1756 185 1795 habet
207 1756 305 1795 haec
329 1756 490 1802 locutio,
514 1757 565 1794 de
590 1770 668 1807 qua
692 1756 803 1794 Colv.
829 1755 935 1793 exci-

63 1817 118 1850 tat
142 1811 270 1852 Plaut.
297 1812 448 1864 Epidio.
474 1813 523 1850 V.
552 1818 587 1853 1.
617 1817 680 1853 17.
712 1812 869 1851 Petron.
902 1825 934 1849 c.

68 1873 158 1910 102.
195 1869 380 1908 Ambros.
405 1869 456 1907 de
481 1868 594 1908 offic.
623 1868 668 1907 ll.
701 1884 728 1908 a
767 1869 936 1921 testiyio

59 1926 184 1978 pedis
205 1939 331 1978 usque
353 1927 411 1964 ad
423 1927 610 1965 verticem
637 1924 855 1977 [Plin.V11.
873 1929 936 1965 17.

64 1982 194 2035 0217]
217 1981 373 2028 Quibus
388 1981 490 2021 Oud.
508 1982 619 2020 addit
633 1981 710 2020 Cic.
730 1996 799 2034 pro
813 1981 934 2019 Rosc.

66 2038 172 2077 (som.
204 2052 235 2077 c.
262 2043 298 2079 7.
346 2037 530 2077 Prudent.
560 2040 647 2090 περὶ
678 2052 783 2089 στεφ.
810 2036 838 2076 l.
874 2041 937 2077 10.

65 2099 105 2133 et
128 2094 213 2133 lntt.
234 2094 285 2133 ad
302 2093 462 2137 Petron.
480 2107 518 2145 p.
541 2099 634 2136 619.
663 2094 872 2146 [Schmidt.
886 2094 937 2131 ad

67 2151 162 2190 Hor.
188 2150 315 2202 Epist.
341 2149 386 2189 ΙΙ.
415 2155 450 2191 2.
477 2150 538 2203 4.]

118 2207 303 2260 perlinit.
327 2206 541 2247 Probabile
567 2212 630 2246 est
641 2206 937 2258 Oudendorpio.

63 2264 238 2316 perlita,
267 2263 376 2314 quod
400 2263 571 2302 nonnulli
597 2264 710 2304 codd.
736 2264 937 2316 praebent,

66 2333 198 2359 veram
223 2334 319 2359 esse
338 2320 453 2358 huius
473 2320 549 2359 loci
575 2322 803 2372 scripturam
828 2320 938 2371 ,prius

67 2380 142 2416 iam
157 2376 264 2416 Colv.
281 2377 606 2423 commendatam,
632 2381 676 2415 ut
686 2382 815 2415 tamen
830 2376 937 2414 Colv.

69 2448 143 2472 non
168 2448 239 2486 pro
264 2434 426 2484 passivo
451 2434 578 2472 active
602 2437 768 2485 accepto
782 2433 856 2471 sed
869 2446 940 2483 per

67 2490 223 2541 ellipsin
249 2491 555 2541 graecissantem
582 2490 722 2528 eodem
741 2489 860 2528 modo
879 2502 939 2527 ca-

68 2548 167 2599 piat,
200 2561 281 2597 ⁴quo
320 2547 466 2585 dicatur
496 2546 722 2599 perlinitur
753 2546 940 2591 membra,

68 2604 256 2644 induitur
287 2617 439 2656 corpus
468 2603 556 2642 coll.
588 2602 719 2642 Burni.
752 2602 802 2640 ad
827 2601 942 2641 Ovid.

71 2659 197 2711 Epist.
223 2673 273 2698 ex
297 2659 410 2698 Pont.
424 2659 451 2698 1.
473 2664 508 2701 2.
534 2663 624 2700 140.
650 2659 821 2698 Miscell.
840 2658 942 2698 Nov.

69 2716 181 2769 Lips.
207 2716 298 2754 Vol.
318 2716 385 2756 lv,
413 2716 458 2754 T.
473 2722 512 2757 4.
536 2730 572 2767 p.
594 2719 687 2756 713.
713 2715 944 2767 [Sedvalde

71 2774 222 2812 erravit.
272 2771 372 2819 Quis
398 2775 498 2811 enim
522 2786 692 2823 uuquam
718 2772 853 2818 sen-et,
884 2786 944 2812 mc

66 2830 263 2882 perlitus,
303 2844 345 2869 se
375 2830 571 2882 perlitus,
615 2842 733 2880 quum
777 2828 944 2879 quisque

71 2886 216 2925 scribat
238 2886 368 2925 solum
390 2887 580 2938 perlitus.
604 2885 736 2936 Magis
760 2885 944 2936 probatur

74 2942 197 2982 Colvii
221 2944 427 2982 sententia.
475 2942 578 2981 Nam
606 2956 680 2980 non
705 2955 790 2979 raro
814 2941 856 2980 fit
878 2942 942 2980 vel

73 2998 178 3050 apud
208 2999 378 3051 optimos
408 3000 637 3051 scriptores,
669 2999 848 3050 passiva,
880 2998 943 3037 vel

73 3056 108 3093 si
134 3056 269 3094 ‘mavis
306 3055 572 3107 deponentiali
609 3054 736 3094 forma
784 3055 943 3093 verbum

72 3112 324 3164 pronuntiari,
351 3113 461 3151 cuius
487 3113 648 3151 activam
669 3112 799 3163 potius
818 3112 854 3149 iu
870 3124 942 3149 usu

992 1250 1070 1292 est,
1102 1250 1144 1284 ut
1169 1248 1340 1297 punitus
1374 1260 1445 1298 pro
1473 1246 1649 1299 punivit.
1685 1244 1764 1285 Cic.
1795 1259 1865 1299 pro

992 1302 1168 1340 Milou.c.
1181 1306 1241 1342 13.
1257 1301 1287 1351 ᾧ.
1299 1305 1362 1342 33.
1377 1302 1640 1342 elucubratus
1649 1301 1724 1345 Cic.
1735 1301 1866 1352 Epist.

992 1358 1042 1396 ad
1067 1359 1147 1396 Att.
1173 1357 1259 1397 VII.
1289 1362 1349 1398 19.
1379 1359 1597 1410 fabricata
1622 1364 1680 1397 est
1711 1357 1787 1396 Cic.
1814 1358 1866 1395 de

993 1414 1099 1453 Orat.
1116 1414 1178 1453 111.
1195 1418 1259 1455 46.
1274 1415 1304 1464 δ.
1323 1409 1414 1455 180.
1446 1414 1533 1453 Nec
1557 1416 1643 1465 ipse
1667 1414 1866 1465 Apuleius

991 1471 1275 1510 taliuinnovare
1289 1471 1514 1521 repudiavit.
1530 1469 1674 1509 Florid.
1689 1475 1748 1510 16.
1758 1474 1866 1521 p.65.

994 1529 1165 1580 quidam
1177 1528 1291 1567 tardi
1296 1532 1415 1567 tatem
1429 1532 1582 1579 poetae
1598 1528 1866 1571 murmurari,

991 1589 1036 1622 ut
1046 1584 1151 1636 apud
1164 1584 1346 1623 Fronton.
1362 1583 1488 1635 Epist.
1505 1583 1555 1622 ad
1569 1582 1681 1622 Caes.
1698 1583 1745 1622 1..
1760 1581 1807 1621 11.
1832 1588 1867 1623 1.

993 1654 1029 1692 p.
1063 1645 1127 1681 34.
1160 1641 1328 1691 corrigo:
1362 1646 1407 1679 at
1437 1641 1515 1679 lzoc
1542 1641 1674 1691 pauci
1706 1639 1867 1692 [panca

994 1697 1095 1750 Μὰ]
1130 1698 1429 1737 mlumrmurati
1458 1701 1560 1737 sunt.
1609 1695 1729 1735 Plura
1761 1695 1869 1735 dabit

995 1755 1114 1793 Voss.
1141 1753 1262 1794 Arist.
1286 1753 1338 1792 de
1352 1754 1467 1795 Anal.
1483 1751 1548 1792 lll.
1567 1757 1604 1793 5.
1630 1767 1666 1804 p.
1683 1753 1764 1794 744
1776 1766 1867 1803 sqq.

995 1811 1059 1849 ubi
1092 1811 1140 1849 cf.
1166 1810 1304 1850 Eckst.
1329 1815 1368 1848 et
1389 1810 1564 1851 Salmas.
1592 1810 1645 1849 ad
1667 1808 1867 1861 Lamprid.

997 1866 1199 1905 Commod.
1229 1872 1290 1907 11.
1318 1866 1362 1905 Τ.
1383 1865 1410 1905 Ι.
1436 1880 1471 1917 p.
1494 1870 1586 1906 504.
1614 1864 1727 1905 Talia
1751 1877 1867 1916 quum

997 1924 1501 1975 negligerentinterpretes,
1527 1936 1602 1960 non
1617 1935 1703 1961 raro
1723 1921 1869 1960 sactum

999 1985 1078 2025 est,
1104 1984 1146 2019 ut
1159 1980 1269 2019 locos
1284 1980 1570 2019 inconsiderate
1588 1979 1868 2030 perturbarent.

999 2037 1066 2076 Sic
1089 2050 1153 2075 me
1178 2037 1284 2078 subit
1308 2036 1418 2075 locus
1432 2034 1565 2076 Schol.
1579 2035 1629 2075 ad
1643 2034 1775 2074 quen.
1788 2033 1815 2074 l.
1831 2037 1870 2075 6.

999 2094 1061 2131 ubi
1092 2093 1228 2144 legitur
1258 2092 1555 2146 'Glytcmnestra
1581 2093 1733 2132 amoris
1755 2091 1869 2130 illius

999 2163 1143 2191 caussa
1167 2151 1467 2189 communicata
1492 2162 1584 2188 cum
1607 2149 1750 2187 eodem
1774 2161 1867 2187 con-

996 2206 1109 2252 silia,
1146 2205 1251 2258 quod
1279 2206 1386 2245 male
1415 2209 1563 2244 mutant
1592 2205 1629 2243 in
1655 2205 1870 2244 communi-

1000 2268 1095 2302 cato
1125 2263 1299 2302 consilio
1322 2267 1365 2301 ut
1383 2261 1549 2301 Liv.lV.
1573 2265 1635 2302 14.
1655 2260 1685 2311 §.
1701 2265 1736 2302 2.
1763 2261 1869 2300 dicit:

999 2333 1090 2359 cum
1116 2320 1266 2372 quibus
1295 2332 1406 2371 spem
1429 2320 1634 2371 integram
1657 2319 1871 2358 communi-

999 2377 1084 2414 cati
1109 2390 1192 2414 non
1215 2378 1306 2415 sint.
1356 2375 1550 2421 Quoniam
1579 2379 1708 2414 tamen
1739 2375 1871 2425 optimi

999 2432 1113 2470 codd.
1133 2432 1348 2471 lectionem
1370 2446 1411 2471 se
1430 2431 1589 2483 perlita
1613 2446 1686 2471 non
1706 2435 1871 2475 tuentur,

1000 2494 1219 2539 permutare
1244 2489 1454 2540 quidquam
1478 2487 1613 2541 nolui.]

1057 2546 1208 2587 leviter.
1274 2544 1404 2585 Guelf.
1439 2549 1479 2583 et
1509 2544 1652 2585 Dresd.
1677 2545 1789 2582 unice
1816 2543 1871 2581 le—

1004 2606 1096 2653 gunt
1145 2603 1306 2648 leniter,
1357 2614 1435 2653 qua
1483 2602 1782 2643 commutatione
1836 2601 1871 2639 in

1002 2658 1105 2697 Mss.
1120 2659 1214 2698 nihil
1227 2663 1290 2697 est
1302 2658 1555 2709 frequentius.
1603 2657 1729 2696 Recte
1743 2661 1872 2696 tamen

1003 2715 1105 2755 Oud.
1132 2715 1270 2757 leviter
1294 2716 1448 2761 retinet,
1475 2714 1566 2765 quia
1579 2713 1779 2753 assiduum
1793 2727 1856 2751 mo

1002 2776 1083 2812 tum
1107 2775 1147 2810 et
1167 2772 1374 2811 ¹tremulam
1393 2771 1640 2820 celeremque
1661 2770 1873 2820 agili-tatem

1003 2829 1194 2879 designet.
1233 2828 1322 2867 coll.
1354 2828 1448 2868 Hor.
1490 2825 1620 2878 Epod.
1656 2825 1874 2867 XVI..48.

1002 2884 1130 2924 Richt.
1156 2884 1279 2923 obss.
1306 2885 1384 2926 crit.
1411 2898 1447 2935 p.
1472 2887 1538 2924 69.
1564 2883 1694 2922 Burm.
1718 2882 1771 2921 ad
1782 2883 1873 2922 val.

1002 2940 1133 2980 Flacc.
1171 2940 1197 2980 1.
1237 2945 1350 2987 389„
1394 2953 1495 2990 quos
1532 2938 1634 2980 oud.
1671 2938 1770 2978 Met.
1805 2939 1874 2979 Vl.

1003 3012 1040 3050 p.
1067 3002 1160 3040 423.
1186 2998 1339 3037 excitat.
1390 2995 1520 3048 [Hanc
1551 2996 1758 3035 lectionem
1785 3010 1874 3036 con-

1002 3055 1126 3094 firmat
1157 3068 1234 3094 vox
1256 3053 1568 3108 fluctuantibus,
1599 3052 1650 3090 de
1680 3056 1813 3092 tenera
1837 3057 1876 3091 et

1005 3112 1111 3150 molli
1137 3112 1310 3162 corporis
1335 3110 1618 3159 subagitatione
1637 3111 1875 3162 saepissime
