2155 3590
668 136 854 178 LIBER
888 138 937 178 V.
995 137 1124 179 CAP.
1152 135 1316 177 XXVI.

103 248 246 302 tibique
269 261 334 288 res
359 255 444 288 tuas
466 247 473 303 Ι
492 248 646 289 habeto.

1798 137 1878 179 373

691 248 779 303 Ego
803 264 898 290 vero
924 265 1099 291 sororem
1123 258 1228 290 tuam
1253 249 1312 304 (et
1334 260 1490 297 nomen,
1517 262 1592 302 quo
1618 256 1658 289 tu
1684 249 1873 300 censeris,
1901 255 1965 288 370

102 304 253 358 aiebat)
281 304 356 344 iam
389 281 752 358 mihifarreace'zf
769 307 912 359 nuptiis
943 307 1171 364 coniugabo.
1219 305 1279 347 Εἴ
1298 303 1429 347 ,statim
1461 302 1644 360 Zephyro
1669 306 1872 361 praecipit,

99 360 201 402 ultra
224 359 411 400 terminos
436 374 496 401 me
521 362 654 401 domus
680 361 762 402 eius
787 362 949 404 efflaret.

95 467 131 493 et
141 472 255 492 nomen
267 465 301 493 in
315 467 350 495 G.
367 467 394 494 1.
409 474 471 494 non
486 470 533 495 est
548 466 611 495 nisi
625 474 643 495 a
657 475 696 496 m.
711 475 737 496 s.
776 470 811 495 tn
825 471 914 497 abest
929 476 947 498 a
960 470 996 498 B.
1007 493 1014 506 ‚
1040 472 1125 500 unde
1134 469 1235 498 Scriv.
1249 468 1344 498 uncis
1357 468 1500 497 inclusit.
1537 465 1692 497 mr'ln'non
1708 473 1871 504 comparet

93 510 128 539 ln
140 511 176 539 P.
222 513 345 537 etr-reat
362 509 414 538 1ηέ
433 510 545 547 nuptis·
563 512 598 540 F.
613 514 644 540 3.
665 520 693 546 p.
731 515 905 549 arreptam
919 512 972 542 ln's
986 517 1098 551 nuptis
1113 515 1149 543 F.
1166 516 1194 544 1.
1230 512 1427 541 arreah‘et’t‘s
1447 514 1483 541 P.
1503 520 1545 541 ex
1559 515 1630 541 coll.
1645 514 1724 542 oud.
1759 515 1821 543 Sed
1835 515 1868 543 in

93 556 164 584 eon.
179 556 266 584 Grut.
279 556 398 591 legitur
409 554 612 592 arr-mmsis,
639 558 721 590 quod
741 558 824 586 idem
844 560 937 587 habet
951 561 985 588 B.
1023 568 1108 587 arra
1121 561 1224 597 atque
1237 557 1302 587 lu’is
1316 561 1368 587 vel
1381 556 1434 586 lais
1447 558 1516 587 edd.
1529 561 1606 587 vett.
1642 566 1684 585 ac
1697 556 1762 586 1ιίιέ
1775 556 1804 587 δ.
1828 561 1868 588 In

92 602 128 629 G.
144 601 171 628 1.
183 601 215 629 2.
229 601 263 629 0.
278 599 316 629 D.
331 602 367 628 R.
383 601 404 628 f.
418 604 497 629 haec
509 603 617 630 omnia
629 603 832 639 omittuntur,
858 605 976 638 quippe
988 607 1147 640 legentes:
1171 603 1294 633 acebat
1310 602 1363 632 la's
1381 602 1517 640 nuptiis.
1564 602 1689 631 nubtiis
1703 603 1738 632 P.
1786 611 1866 632 con-

89 643 230 682 iungabo
241 646 280 674 D.
327 641 467 680 afflaret
483 648 518 675 G.
534 648 562 676 1.
577 648 607 676 2.
621 649 655 676 0.
668 649 707 676 D.
722 655 750 682 p.
765 645 795 676 ὃ.
842 647 956 676 domus
969 650 1016 677 ed.
1031 650 1116 678 Prie.

88 720 251 772 decepti.
300 721 468 772 Saepius
493 735 582 760 vero
610 723 712 760 idem
742 723 878 761 eadem
907 726 943 762 in

87 776 250 816 formula
279 778 416 815 inveni.
449 778 495 816 cf,
520 777 672 828 Ulpian.
699 778 787 830 Dig.
814 779 879 817 IX.
907 785 942 820 2.

87 836 150 873 27.
181 833 241 871 fin.
280 834 374 873 Sive
404 835 673 874 devenerit
701 836 780 874 siz-e
813 842 942 887 nupta

84 894 141 928 est
161 890 312 929 mulier.
351 890 452 929 Geli.
478 888 546 930 IV.
571 895 605 931 3.
649 893 686 929 A
711 891 877 930 florent.
905 897 940 933 3.

81 943 156 982 hac
179 947 214 984 in
241 959 280 983 re
304 960 509 996 numquam
535 947 717 991 discessi,
744 949 806 998 qui
827 949 861 986 in
885 963 940 987 or-

79 1001 308 1052 thographia
340 1003 606 1041 constituenda
636 1004 800 1041 omnium
826 1005 937 1044 codd.

80 1059 389 1096 'accuratissimus
434 1062 512 1104 est,
560 1061 784 1110 praesertim
823 1074 938 1110 quum

78 1113 191 1151 etiam
217 1114 262 1152 G.
292 1119 325 1154 1.
353 1119 390 1155 2.
416 1128 500 1152 cum
525 1128 571 1152 eo
598 1116 869 1168 consentiant]

131 1169 284 1222 tibique
319 1185 381 1210 res
421 1175 510 1210 tuas
541 1171 698 1210 habeto.
755 1171 938 1210 For-mula

74 1224 260 1264 solemnis
285 1230 348 1264 est
370 1227 529 1265 divortii.
556 1226 652 1264 Elm.
678 1230 819 1265 excitat
837 1228 937 1266 Mat-

71 1281 226 1321 thaeum
239 1282 497 1321 Monachum
487 1296 523 1320 1n
539 1282 844 1329 Quaestionibus
858 1297 935 1322 ma-

71 1338 348 1377 trimonialibus
373 1339 397 1376 f.
424 1343 514 1379 507.
553 1343 588 1378 εἴ
616 1337 687 1390 γὰρ
721 1342 783 1378 καὶ
813 1336 934 1379 mdac

70 1403 145 1441 τοῖς
168 1393 389 1446 ἀνθρωποις
412 1399 447 1435 ε’
433 1395 495 1446 ’ξῆν
518 1397 581 1433 καὶ
606 1399 645 1434 ἐκ
669 1396 742 1434 τῶν
761 1398 838 1434 πα)
842 1398 932 1434 ason

68 1447 189 1501 νόμων
207 1453 268 1489 καὶ
287 1451 326 1498 ἐξ
338 1450 456 1516 ε”θᾳυς
474 1456 623 1504 μακροῦ
643 1450 815 1498 ἀναιτίως
833 1448 931 1491 ὶυειν

67 1506 114 1546 τὰ
137 1511 365 1552 συνοικέσια,
391 1523 486 1546 ωστε
510 1510 624 1558 λέγω
647 1506 711 1547 τὸν
735 1503 853 1559 ἄνδρα
877 1512 930 1557 τῷ

56 1559 258 1616 ’ὄμοζὺ7ῳ.·
281 1565 467 1604 ΓΥΝΑΙ
487 1566 720 1604 ΠΡΑΤΤΕ
747 1564 823 1604 ΤΑ
847 1564 930 1604 ΣΑ

67 1622 130 1659 καὶ
164 1636 300 1672 ταυτην
342 1623 482 1670 ἐκείνῳε
531 1621 706 1660 ΑΝΕΡ
744 1623 926 1660 ΠΡΑΤ-

70 1679 144 1718 ,ΤΕ
177 1678 251 1716 ΤΑ
285 1675 387 1724 ΣΑ,
430 1675 538 1716 καθὰ
575 1677 618 1728 δι’]
656 1679 719 1716 καὶ
754 1686 829 1724 τοῖς
852 1682 926 1716 τῶν

62 1731 239 1786 Ἑβραίων
281 1730 439 1786 ἀνδράσι
479 1730 600 1772 πάλαι
636 1737 924 1785 νενειιοθέτητο,

63 1791 223 1856 βιβλφν
232 1792 389 1840 πέμπειν
425 1787 659 1829 αποστασιόυ
689 1794 733 1841 τῇ
764 1792 921 1842 γιιαικὶ,

65 1844 164 1885 ἄλλα
186 1844 229 1885 τὸ
248 1846 312 1885 νῦν
325 1845 416 1885 εἶιαι
432 1846 542 1885 τοῦτο
562 1862 668 1899 παρα
681 1850 924 1898 Χριστιαιοῖς

64 1898 244 1955 ἁπήρῃται
269 1907 308 1941 et
326 1903 462 1941 Zonar.
483 1903 518 1940 in
535 1901 627 1941 Can.
643 1902 784 1941 Concil.
802 1902 923 1943 Trull.

63 1961 129 1999 87.
155 1962 195 1996 et
217 1958 389 1997 Brisson.
416 1958 464 1997 de
491 1957 638 1996 formul.
652 1958 754 1997 VIII.
775 1973 812 2010 p.
829 1963 920 1999 725.

63 2013 249 2068 [Plurima
273 2015 378 2053 dabit
403 2014 550 2053 Schott.
571 2016 605 2053 in
621 2014 787 2053 Observ.
802 2014 870 2055 IV.
886 2020 922 2055 4.

59 2085 100 2124 p.
126 2074 203 2112 186
227 2071 306 2123 sq.]

118 2131 157 2166 et
185 2140 342 2173 nomen,
370 2141 451 2179 quo
481 2132 524 2166 tu
549 2128 737 2173 censeris,
775 2127 921 2166 aiebat.

60 2181 201 2222 Mirum
225 2187 302 2230 est,
330 2183 522 2233 quomodo
555 2183 664 2222 locus
688 2183 921 2222 sanissimus

59 2242 239 2290 torquere
252 2239 303 2277 ita
315 2240 481 2290 potuerit
492 2240 735 2290 interpretes.
760 2238 919 2277 Beroal-

59 2294 132 2333 dus
163 2295 262 2334 haec
290 2296 419 2346 inepte
453 2294 614 2346 profert:
652 2297 763 2345 quasi
799 2295 916 2334 dicat:

60 2350 120 2389 Tu
145 2351 282 2390 diceris
306 2349 482 2403 Psyche,
513 2351 618 2402 quod
642 2353 768 2390 anima
790 2355 917 2397 sonat,

58 2406 125 2446 illa.
147 2407 237 2446 mihi
262 2408 333 2446 erit
356 2409 479 2446 anima
504 2410 543 2445 et
568 2409 653 2446 vita.
680 2407 843 2447 Plautus
868 2409 921 2446 ait

57 2464 227 2503 amicam
251 2465 423 2503 animam
447 2478 526 2503 esse
550 2465 719 2510 amanti,
746 2464 807 2501 vel
821 2465 920 2503 sicut

57 2521 98 2557 tu
118 2520 267 2558 nomine
287 2521 416 2558 uxoris
438 2524 475 2558 et
493 2521 625 2558 matris
644 2519 812 2558 familias
832 2533 918 2558 cen-

57 2576 177 2621 seris,
214 2576 290 2615 hoc
320 2580 398 2622 est,
431 2577 466 2614 in
492 2577 613 2627 pretio
639 2590 684 2614 es
708 2576 812 2627 apud
836 2590 916 2615 me:

56 2631 194 2670 eodem
218 2632 293 2671 hoc
316 2633 467 2671 nomine
490 2646 664 2670 sororem
693 2636 798 2671 tuam
827 2632 919 2670 mihi

58 2688 265 2739 copulabo,
292 2688 514 2727 utillamihi
534 2689 585 2726 sit
602 2702 714 2734 uxor,
746 2693 785 2727 et
797 2692 918 2727 mater

55 2742 230 2797 iamilias.
241 2743 424 2784 Beroaldi
438 2744 728 2783 allucinationes
741 2745 916 2783 reiiciens

57 2798 158 2838 oud.
182 2805 399 2854 corruptum
429 2801 503 2839 sibi
536 2801 654 2839 videri
680 2800 804 2839 locum
830 2814 915 2852 pro·

59 2856 255 2904 nuntiavit,
292 2857 580 2909 legendumque
615 2856 679 2895 vel
727 2870 811 2896 cum
847 2856 914 2894 Li-

57 2911 144 2963 psio
167 2912 217 2950 ad
239 2926 354 2965 marg.
376 2914 437 2952 ed.
457 2912 564 2952 Colv.
590 2915 632 2951 in
652 2927 804 2959 nomen,
829 2914 914 2951 sive

56 2967 100 3005 ut
111 2971 216 3017 gerat
226 2971 329 3008 tuum
320 2946 538 3024 ξ’1)εςιμτῘιεε,
564 2971 755 3008 autetiam
769 2970 914 3009 moris

57 3035 166 3062 meae
198 3037 348 3065 nomen.
407 3026 474 3064 Sic
509 3027 657 3077 passim
695 3025 912 3076 adoptare,

59 3077 283 3119 adsciscere
323 3083 365 3120 in
394 3096 505 3122 snum
536 3096 680 3121 nomen
716 3081 808 3129 dici3
849 3081 913 3119 vel

57 3137 98 3172 et
128 3136 283 3175 nomine
317 3138 400 3176 sive
435 3140 550 3177 etiam
580 3138 731 3177 nornine
762 3137 911 3177 eodem.

1004 724 1101 763 Hinc
1120 726 1222 763 idem
1253 726 1387 764 aiebat
1409 724 1524 776 plane
1542 723 1777 775 superfluum
1804 723 1865 762 hic

1002 794 1093 819 esse
1108 781 1214 827 dixit,
1228 782 1485 832 praecedente
1499 782 1571 819 iam
1587 780 1702 818 verbo
1717 781 1862 832 inquit,

1001 841 1040 875 et
1063 850 1132 888 per
1162 838 1394 876 idiotismum
1432 835 1638 888 explicavit
1669 835 1861 887 loquendi,

999 895 1224 944 praesertim
1239 895 1274 932 in
1290 907 1356 931 ore
1369 893 1543 944 puellari.
1570 892 1720 945 [Quam
1735 893 1861 930 incon·

998 950 1166 988 siderate
1202 951 1329 988 omnia
1363 950 1462 988 haec
1496 950 1737 1000 pronuntiata
1772 950 1860 993 sint,

997 1006 1163 1056 quisque
1187 1005 1384 1056 intelliget.
1409 1006 1541 1044 Locus
1554 1005 1683 1056 parvis
1696 1003 1859 1043 unciolis

998 1061 1140 1112 optime
1159 1066 1325 1100 sanatur.
1356 1061 1487 1100 Verba
1507 1062 1622 1099 enim:
1649 1066 1688 1099 et
1704 1074 1856 1107 nomen,

998 1131 1078 1169 quo
1108 1122 1151 1156 tu
1181 1118 1368 1163 censeris,
1399 1118 1534 1157 aiebat
1557 1130 1631 1155 non
1659 1116 1856 1168 Cupidinis

995 1176 1096 1217 sunt,
1110 1173 1181 1211 sed
1196 1172 1380 1224 Psychae
1406 1178 1445 1211 et
1468 1173 1689 1224 parenthesi
1713 1173 1854 1212 addita.

994 1227 1270 1267 Necessarium
1291 1230 1389 1267 enim
1410 1233 1507 1275 erat,
1531 1234 1573 1267 ut
1585 1229 1742 1280 Psyche
1756 1229 1855 1268 haec

993 1285 1193 1329 adiiceret,
1219 1287 1309 1335 quia
1333 1285 1433 1323 duae
1458 1289 1564 1323 erant
1581 1287 1663 1323 eius
1683 1298 1853 1332 sorores,

992 1354 1148 1390 quarum
1159 1345 1281 1379 utram
1290 1340 1438 1392 Cupido
1448 1340 1717 1391 significasset,
1724 1342 1854 1380 verbis

990 1401 1098 1436 taam
1116 1411 1294 1436 sororem
1318 1411 1391 1435 non
1418 1397 1622 1435 indicatum
1645 1402 1735 1436 erat.
1781 1397 1852 1443 Eo,

989 1453 1093 1502 quod
1111 1452 1271 1504 Psyche
1287 1454 1432 1492 sororis
1453 1454 1578 1503 ipsum
1593 1465 1729 1491 nomen
1745 1466 1767 1490 a
1781 1452 1852 1492 Cu-

987 1508 1117 1559 pidine
1130 1513 1386 1561 nuncupatum
1412 1509 1535 1548 fuisse
1551 1509 1650 1554 dicit,
1676 1523 1722 1547 eo
1735 1509 1850 1547 fiden-

985 1566 1119 1604 tiorem
1134 1579 1219 1604 eam
1233 1565 1407 1604 reddidit.
1422 1565 1478 1604 lta
1491 1566 1696 1617 sequentia
1710 1565 1849 1604 melius

984 1623 1238 1673 respondent:
1255 1624 1399 1674 accipe
1408 1636 1477 1668 me,
1494 1623 1850 1674 Cupiclo‚diynam

984 1683 1021 1716 te
1047 1680 1261 1731 conhzyem
1286 1684 1324 1718 et
1347 1684 1408 1726 tu,
1447 1679 1650 1732 Zephyre,
1688 1679 1848 1731 suscipe

984 1734 1222 1787 dominam]

1034 1793 1258 1843 forreaciz's
1303 1793 1470 1843 nuptiis.
1531 1790 1847 1843 [Corruptissima

981 1850 1053 1892 est,
1080 1860 1179 1897 quae
1199 1848 1234 1885 in
1256 1847 1431 1885 omnibus
1456 1846 1561 1885 libris
1587 1851 1693 1884 extat
1717 1847 1845 1892 lectio,

981 1906 1018 1940 et
1043 1903 1194 1941 diversa
1212 1905 1357 1942 ratione
1371 1902 1459 1942 W.
1474 1902 1562 1941 DD.
1590 1902 1674 1941 loco
1699 1902 1847 1941 mederi

981 1959 1220 1998 studuerunt.
1251 1959 1421 1997 XVower.
1459 1959 1640 1998 emendat
1674 1973 1772 1997 arra
1808 1963 1849 1997 et

980 2017 1134 2066 nuptiis
1148 2016 1398 2067 conia-qam),
1421 2014 1521 2054 Elm.
1547 2028 1633 2054 cum
1647 2015 1731 2053 aliis
1746 2029 1844 2054 arra

982 2075 1102 2123 atque
1127 2072 1188 2110 leis
1212 2073 1366 2123 nuptiis
1387 2072 1644 2124 coniuyabo,·
1669 2070 1843 2122 probabi-

980 2126 1130 2165 lissima
1159 2126 1325 2166 Merceri
1355 2127 1405 2166 ad
1436 2125 1529 2167 Tac.
1558 2128 1659 2166 Ann.
1685 2126 1751 2165 lv,
1781 2130 1841 2168 16.

980 2184 1199 2223 coniectura
1223 2184 1398 2222 omnibus
1421 2184 1507 2222 visa
1532 2188 1594 2222 est
1617 2183 1842 2228 editoribus,

979 2252 1092 2290 quam
1107 2239 1154 2278 ab
1164 2239 1353 2278 Scriverio
1368 2239 1463 2278 inde·
1470 2240 1602 2291 plures
1617 2241 1651 2278 in
1666 2243 1773 2278 textu
1786 2253 1839 2277 re-

976 2297 1164 2348 ceperint:
1196 2297 1473 2348 confarreatis
1499 2297 1663 2348 nuptiis.
1714 2295 1841 2334 Etiam

975 2350 1077 2391 Oud.
1102 2355 1141 2390 et
1159 2351 1280 2390 Orell.
1302 2351 1401 2390 hanc
1426 2353 1734 2391 emendationem
1752 2355 1844 2390 sunt

976 2408 1111 2447 secuti.
1136 2407 1222 2446 Nec
1235 2409 1452 2459 negandum
1461 2413 1540 2454 est,
1554 2409 1605 2447 ita
1622 2408 1701 2446 fere
1715 2408 1841 2446 omnia

975 2465 1076 2503 bene
1088 2463 1310 2516 procedere.
1336 2464 1504 2504 Minatur
1517 2466 1616 2503 enim
1625 2463 1840 2516 Cupid0‚se

975 2534 1147 2559 sororem
1176 2519 1360 2572 Psyches
1397 2522 1432 2559 in
1462 2521 1741 2560 matrimonium
1772 2520 1838 2559 du·

976 2581 1121 2616 cturum
1158 2590 1251 2615 esse
1287 2577 1403 2627 idque
1449 2577 1678 2628 legitimum,
1722 2589 1838 2627 quum

975 2632 1135 2684 Psyche
1170 2633 1258 2684 ipsa
1293 2634 1374 2670 iure
1411 2647 1495 2672 cum
1527 2647 1573 2671 eo
1604 2633 1733 2671 iuncta
1762 2646 1836 2670 non

974 2689 1098 2728 fuerit.
1145 2686 1269 2740 quue
1303 2690 1521 2740 pronuntiat
1557 2702 1671 2740 seqq.
1700 2688 1838 2727 Venus

974 2759 1009 2796 p.
1025 2748 1116 2786 397.
1144 2745 1324 2798 Impares
1343 2748 1443 2784 enim
1462 2747 1647 2796 nuptiae,
1672 2749 1710 2783 et
1717 2758 1836 2796 prae-

974 2806 1086 2841 terea
1110 2803 1151 2840 in
1177 2801 1274 2841 villa
1299 2803 1383 2840 sine
1397 2801 1559 2840 testz'bns
1573 2807 1611 2840 et
1618 2806 1741 2853 patre
1754 2814 1837 2840 non

974 2859 1241 2897 consentiente
1263 2860 1422 2909 factae,
1449 2857 1651 2908 leffltimae
1664 2870 1836 2896 essenon

968 2919 1142 2966 possunt
1170 2913 1308 2952 videri.
1357 2911 1435 2950 Per
1465 2913 1835 2965 confarreationem

969 2982 1061 3007 vero
1102 2969 1245 3007 fiebant
1285 2970 1440 3020 nuptiae
1489 2969 1742 3013 iustissimae,
1797 2972 1836 3007 et

971 3030 1142 3064 sanctae.
1169 3025 1215 3064 cf.
1231 3025 1398 3063 Miinter.
1413 3024 1462 3062 de
1482 3025 1720 3063 matrimonio
1740 3038 1834 3062 rom.

970 3082 1006 3119 in
1021 3082 1156 3133 specie
1169 3082 1218 3119 de
1226 3080 1528 3119 confarreatione
1536 3081 1704 3132 Gotting.
1717 3085 1834 3122 1787.

972 3136 1235 3177 confarreatio
1277 3137 1376 3175 enim
1416 3136 1550 3182 fiebat,
1593 3150 1680 3176 cum
1721 3139 1835 3176 certis
