2221 3667
317 138 400 182 394
579 138 626 179 L.
650 139 871 182 APULEn
900 140 1299 183 MADAURENSIS
1329 140 1880 183 METAMORPHOSEON

316 255 483 291 aetatem
506 258 636 306 portat
659 251 820 304 bellule,
853 267 949 308 puer
973 254 1042 294 tibi
1067 266 1220 306 semper
1244 253 1423 294 videtur?
1456 252 1591 296 Mater
1614 262 1744 296 autem
1769 261 1811 296 tu
1835 261 1875 296 et
1898 265 2102 309 praeterea

315 307 476 347 cordata
500 308 654 359 mulier,
683 309 750 349 lilii
775 310 830 350 tui
856 311 961 350 lusus
986 322 1140 362 semper
1164 308 1390 361 explorabis
1416 311 1585 362 curiose,
1613 318 1653 351 et
1675 312 1716 351 in
1741 325 1787 351 eo
1808 311 1999 352 luxuriem
2021 313 2101 353 cul-

314 363 438 416 pabis,
463 371 503 404 et
526 377 680 405 amores
704 366 900 414 revinces,
934 372 972 405 et
1002 372 1088 404 tuas
1114 371 1220 404 artes
1246 371 1409 418 tuasque
1434 366 1592 407 delicias
1616 367 1657 407 in
1683 368 1855 407 formoso
1876 368 1952 407 lilio
1973 382 2102 422 repre-

314 419 486 460 hendes?
511 419 608 474 Quis
634 429 763 462 autem
789 429 825 461 te
851 422 982 470 (lcum,
1010 420 1096 473 quis
1122 420 1318 460 hominum
1343 421 1534 475 patietur,
1560 424 1704 476 passim
1730 423 1928 477 cupidines
1953 424 2103 478 populis

317 475 650 527 disseminantem‚
681 492 764 517 cum
782 485 869 517 tuae
889 477 1024 515 domus
1044 489 1198 516 amores
1220 490 1351 517 amare
1373 491 1573 529 coerceas,
1596 486 1635 519 et
1652 479 1835 520 vitiorum
1857 480 2102 519 muliebrium

314 532 504 586 publicam
535 533 763 588 praecludas
797 532 1011 572 officinam?
1057 530 1124 573 Sic
1154 532 1244 573 illae
1275 540 1380 573 metu
1408 534 1643 588 sagittarum
1674 535 1890 590 patrocinio
1926 535 2102 590 gratiosa

313 657 432 688 cellule
446 660 467 690 f.
483 662 518 689 G.
533 662 563 690 2.
577 663 615 690 D.
640 658 781 687 bellulae
793 659 920 688 Vicent.
945 658 1050 688 vitale
1062 661 1096 689 0.
1145 661 1254 699 8114}in
1273 669 1327 696 pro
1346 668 1475 698 semper
1493 660 1626 690 videtur
1644 663 1679 692 P.
1695 663 1714 693 f.
1762 661 1865 691 barus
1878 666 1916 693 D.
1949 662 2032 692 Itcsae's
2043 664 2105 692 vi-

313 709 396 734 cent.
422 705 462 734 cs.
474 707 547 734 Inlt.
563 707 602 735 ad
616 706 685 734 Liv.
701 708 724 733 l.
739 707 769 733 5.
784 705 814 738 §.
829 706 860 733 2.
908 703 1046 732 luxurie
1060 707 1095 733 G.
1112 706 1141 734 ξ’.
1155 707 1193 734 D.

1241 710 1382 734 remetes
1396 704 1424 736 ὃ.
1463 710 1494 734 le
1507 706 1600 734 ‹la-am
1614 710 1648 737 F.
1665 709 1694 737 3.
1710 710 1745 736 G.
1759 710 1790 736 2.
1804 710 1841 736 Ι).
1856 710 1888 746 [J.
1905 709 1925 737 t'.
1940 710 2009 738 edd.
2026 712 2102 737 vett.

312 753 386 778 ante
400 751 502 779 Basil.
517 753 551 780 P.
565 756 593 779 et
608 751 681 778 111.
697 750 729 777 iu
743 749 905 784 excerptis
918 751 958 778 ad
971 758 1072 783 marg.
1087 752 1135 779 ed.
1151 750 1250 787 Coun,
1265 753 1320 779 sed
1334 753 1368 780 F.
1384 753 1413 781 1.
1429 752 1461 780 iu
1474 753 1630 781 Liudvub.
1645 755 1753 782 collat.
1784 753 1858 790 quis
1873 757 1984 781 antem
1998 752 2104 782 deum-

312 798 346 823 ut
360 795 475 829 reliqui
489 804 597 823 omnes¹
612 797 691 823 Mss.
723 794 903 830 patientur
916 796 952 823 Ρ.
983 793 1104 832 populi
1114 796 1149 824 P.

1191 794 1447 824 dese-minantem
1463 799 1497 825 B.
1540 805 1671 824 amares
1684 806 1800 824 amare
1813 800 1848 826 Β.
1884 798 2027 826 τῐσιήσηι
2049 807 2104 834 pru

312 838 484 876 officinam
499 840 519 868 s.
563 838 710 876 glorioso
731 840 812 872 quod
832 840 865 868 in
883 841 960 868 Ala.
982 844 1011 869 et
1031 840 1051 869 f.
1071 843 1151 868 teste
1162 841 1246 869 Elm.
1261 842 1396 880 legitur,
1420 841 1453 870 in
1472 846 1584 870 neutro
1598 846 1749 881 apparet,
1774 846 1805 871 et
1824 845 1933 873 collat.
1949 845 1989 873 ad
2003 851 2104 878 marg.

311 885 362 914 ed.
375 885 465 915 Colv.
479 888 600 913 tantum
613 884 646 911 in
655 884 689 912 F.
702 884 729 912 1.
743 884 791 913 ita
802 885 936 920 reperii-i
948 885 1096 915 affirmat.

367 987 534 1022 aetatem
547 985 695 1034 portat
715 982 871 1022 bellule.
920 982 1000 1036 [De
1020 983 1096 1023 hac
1122 983 1175 1022 di-

310 1039 435 1077 ctione
460 1038 507 1076 cf.
529 1051 629 1089 quae
658 1038 749 1077 dicit
764 1038 941 1078 Ciaconn.
967 1040 1018 1078 de
1040 1040 1174 1079 triclin.

309 1108 345 1147 p.
357 1098 419 1135 66.
429 1094 558 1133 Barth.
569 1094 735 1134 Arlvers.
745 1095 929 1135 XXXIII.
941 1101 1048 1150 22.p.
1057 1102 1074 1137 1
1083 1101 1174 1138 542.

309 1152 371 1202 qui
386 1152 485 1189 bene
499 1152 548 1189 de
562 1155 689 1189 aetate
703 1152 886 1203 explicat,
897 1166 997 1204 quae
1009 1153 1175 1192 nondum

308 1220 405 1244 sane
431 1209 636 1246 consenuit
660 1212 700 1246 et
722 1222 791 1260 pro
817 1210 941 1247 minus
966 1223 1178 1261 progressa

305 1263 479 1302 habetur.
505 1263 561 1302 Ita
574 1263 746 1303 Macrob.
757 1265 838 1303 Sat.
850 1264 893 1304 II.
910 1270 947 1306 3.
961 1267 1018 1305 M.
1031 1267 1176 1306 Cicero

307 1334 395 1359 cum
420 1321 539 1372 apud
563 1321 620 1359 M.
652 1321 946 1374 Damasippum
972 1328 1175 1368 coenaret,

306 1380 345 1415 et
374 1376 444 1415 ille
474 1377 668 1417 mediocri
700 1379 791 1416 vino
824 1380 964 1429 posito
1001 1380 1175 1418 diceret:

306 1432 430 1471 bibite
478 1433 691 1472 Salernum
740 1434 822 1473 XL
857 1449 1058 1474 annorum
1095 1440 1174 1475 est:

306 1489 435 1535 Bene,
448 1489 592 1541 inquit,
610 1494 716 1528 aeta
727 1495 814 1529 tem
824 1493 936 1542 fert.
955 1490 1178 1542 Comparari

306 1545 418 1595 igitur
442 1559 516 1583 non
547 1545 718 1583 debebat
741 1547 789 1584 ab
822 1545 906 1586 Intt.
939 1547 1082 1586 locutio
1113 1561 1176 1587 ae·

306 1606 424 1639 tatem
438 1615 579 1653 affere.
607 1615 706 1652 quae
721 1602 836 1654 plane
849 1602 954 1642 aliud
968 1603 1174 1655 siguificat:

306 1656 355 1694 de
387 1670 463 1708 qua
493 1657 540 1696 cs.
565 1657 694 1696 Burin.
721 1659 771 1698 ad
793 1658 913 1699 Anth.
938 1659 1027 1699 Lat.
1055 1660 1100 1699 Τ.
1128 1659 1175 1701 II.

306 1725 343 1763 p.
371 1714 453 1766 73.]

362 1770 522 1810 bellule.
583 1769 721 1823 [Quae
756 1774 790 1812 in
828 1772 1024 1811 nonnullis
1061 1773 1173 1812 codd.

304 1824 443 1876 legitur
477 1827 667 1878 scriptura
695 1829 824 1869 vetule
848 1834 887 1867 et
912 1830 1066 1870 cellule.
1093 1844 1173 1867 eor-

303 1881 454 1932 ruptela
469 1887 541 1929 est,
557 1884 704 1934 quaein
720 1884 794 1923 hoc
808 1885 996 1924 vocabulo
1011 1886 1173 1937 saepius

304 1939 546 1990 conspicitur.
573 1939 622 1978 cf.
636 1939 731 1979 Met.
746 1941 796 1980 X.
817 1956 856 1993 p.
878 1946 969 1982 707.
993 1940 1064 1981 XI.
1079 1947 1172 1984 816.

305 1998 343 2032 et
356 1995 406 2033 ad
415 1994 569 2034 Met.X.
584 2009 621 2047 p.
632 2001 724 2037 737.
740 1996 931 2037 Fortasse
945 1999 1178 2037 vocabulum

304 2051 431 2091 bellus
476 2051 539 2090 vel
583 2052 754 2093 bellulus
794 2055 1074 2093 restituendum
1116 2059 1179 2093 cst

303 2107 432 2159 Spart.
470 2109 604 2147 Sever.
642 2124 674 2148 c.
709 2113 773 2151 17.
808 2111 872 2149 ubi
898 2110 1026 2150 Palat.
1058 2112 1179 2150 habet

299 2168 480 2216 propter
513 2166 732 2205 novitatem
763 2168 1000 2208 animalium
1032 2168 1176 2208 bellev-

309 2220 426 2271 rum]

361 2277 538 2317 cordata
559 2278 713 2318 mulier.
763 2278 990 2331 [cordatus
1021 2285 1083 2319 est
1107 2294 1173 2319 sa-

304 2333 416 2383 piens
451 2338 490 2371 et
520 2335 704 2385 prudenS.
752 2336 801 2374 cf.
828 2336 924 2375 Eun.
962 2337 1067 2389 apud
1094 2336 1174 2377 Cic.

305 2388 422 2429 Tusc.
447 2389 477 2428 Ι.
505 2394 540 2431 9.
565 2392 629 2430 ubi
662 2392 709 2430 cf.
735 2392 883 2431 Moser.
911 2393 957 2432 T.
983 2393 1009 2432 Ι.
1041 2408 1079 2446 p.
1107 2398 1172 2435 63.

303 2446 489 2499 Eyreyic
502 2460 525 2485 c
535 2449 656 2487 orda
666 2453 758 2494 tus,
778 2450 896 2488 homo
911 2455 1027 2490 catus
1040 2450 1173 2491 Aeliu’

304 2502 454 2543 Sextus
483 2501 611 2543 Plaut.
642 2504 764 2544 Poen.
798 2504 823 2543 1.
859 2510 892 2546 1.
919 2509 956 2546 3.
992 2508 1105 2552 Quas
1130 2512 1174 2547 tu

303 2560 526 2610 sapienter,
565 2561 686 2600 docte
723 2566 761 2600 et
802 2563 973 2601 cordate
1003 2568 1042 2602 et
1071 2568 1172 2603 cate.

305 2615 353 2653 cs.
378 2614 502 2654 Buen.
528 2616 579 2655 ad
603 2616 713 2656 Lact.
739 2616 803 2656 III.
830 2622 896 2659 20.
922 2619 953 2670 §.
981 2623 1016 2659 2.
1043 2618 1174 2666 Quare

302 2685 376 2709 non
402 2674 666 2712 necessarium
692 2677 773 2719 est,
798 2678 839 2713 ut
859 2689 945 2714 cum
962 2676 1041 2714 viro
1057 2676 1173 2715 docto

307 2730 342 2766 in
366 2741 486 2779 marg.
503 2729 592 2768 edit.
618 2729 714 2770 lunt.
731 2736 765 2771 1.
780 2744 892 2769 meae
907 2731 1056 2783 legatur
1069 2737 1176 2780 cata,

310 2785 413 2836 quod
437 2799 508 2837 per
531 2799 578 2824 se
602 2801 677 2825 non
703 2787 978 2840 improbatur]

361 2841 482 2881 lusus.
542 2841 700 2894 [Lusus
734 2843 811 2882 hoc
846 2844 934 2883 loco
971 2844 1022 2882 de
1057 2847 1176 2885 rebus

305 2897 446 2935 dictum
477 2903 541 2937 est
569 2899 778 2938 Venereis.
815 2901 865 2940 cf.
896 2900 1010 2940 ovid.
1041 2902 1175 2942 Amor.

304 2952 350 2991 II.
377 2956 414 2993 3.
443 2958 504 2994 13.
529 2961 624 2995 suut
646 2958 739 3009 apti
764 2957 952 2997 lusibus
976 2959 1084 2997 armi.
1116 2958 1174 2998 Ita

307 3009 427 3049 ludus
462 3014 501 3049 et
538 3011 681 3052 ludere
722 3015 883 3064 saepius
925 3028 949 3054 a
982 3013 1174 3054 Romanis

304 3069 520 3116 usurpatur.
562 3067 611 3107 cf.
638 3068 725 3110 Liv.
747 3068 900 3110 XXVI.
926 3073 991 3113 50.
1017 3071 1049 3122 ᾧ.
1074 3074 1111 3112 5.
1142 3073 1176 3111 εἰ

302 3122 395 3173 frui
420 3123 562 3164 liceret
584 3125 687 3166 ludo
712 3127 858 3167 aetatis
881 3127 946 3167 ubi
971 3139 1085 3180 seqq.
1100 3127 1175 3168 sor-

1234 988 1345 1023 tasse
1370 984 1422 1023 ita
1447 983 1618 1035 legenda
1641 990 1732 1025 sunt
1758 986 2017 1038 (praesertim
2045 988 2061 1025 i
2070 988 2100 1026 l-

1235 1040 1365 1080 laeso
1391 1045 1430 1080 et
1452 1042 1634 1094 {cyitimo
1659 1047 1820 1089 amore.)
1848 1042 1932 1082 Intt.
1957 1043 2006 1082 ad
2019 1043 2104 1081 Liv.

1233 1095 1260 1135 I.
1287 1101 1323 1137 5.
1350 1097 1380 1147 ς’.
1408 1102 1443 1138 2.
1474 1097 1608 1138 Burm.
1633 1098 1683 1136 ad
1709 1098 1825 1150 Prop.
1850 1098 1894 1137 II.
1921 1103 1957 1140 5.
1983 1104 2020 1139 4.
2054 1099 2105 1137 ad

1233 1152 1390 1192 Petron.
1417 1152 1462 1193 lI.
1499 1168 1536 1206 p.
1563 1159 1615 1196 60
1641 1168 1701 1205 sq.
1740 1155 1792 1193 ad
1823 1155 1986 1195 Anthol.
2015 1155 2104 1193 Lat.

1237 1208 1282 1248 T.
1308 1209 1352 1249 II.
1378 1223 1416 1261 p.
1442 1214 1534 1251 516.
1574 1210 1630 1249 Ita
1666 1212 1828 1250 ludicre
1863 1212 2023 1263 saepius
2055 1211 2107 1249 de

1235 1267 1428 1305 amoribus
1454 1265 1706 1317 etillegitima
1719 1267 1876 1306 Venere
1895 1268 2031 1307 dicitur
2055 1267 2105 1306 cf.

1235 1322 1330 1361 Met.
1357 1322 1400 1360 II.
1427 1337 1463 1375 p.
1484 1328 1575 1363 101.
1600 1324 1778 1363 moribus
1804 1324 2010 1364 ludicra
2036 1322 2103 1361 lx.

1235 1391 1270 1430 p.
1298 1383 1389 1420 605.
1422 1381 1612 1419 maritum
1636 1380 1843 1419 tractabat
1868 1380 2103 1428 ludicro]

1288 1436 1476 1474 revinces.
1505 1434 1632 1488 [Male
1658 1440 1855 1487 exponunt
1879 1433 1979 1481 Intt„
2005 1449 2106 1486 quos

1236 1490 1336 1530 Oud.
1350 1497 1511 1530 secutus
1527 1496 1600 1537 est,
1615 1492 1891 1532 condemnatis
1904 1493 2108 1531 revincere

1236 1548 1388 1587 crimen
1419 1552 1703 1600 comparantes.
1756 1549 1982 1588 Recincere
2011 1562 2104 1586 vero

1235 1607 1297 1642 est
1319 1604 1536 1643 manifestis
1566 1606 1804 1655 argumentis
1840 1605 2106 1654 comprobare,

1232 1673 1314 1698 rem
1340 1661 1392 1699 ita
1416 1674 1528 1706 esse,
1555 1674 1767 1712 coarguere
1792 1674 1958 1700 amores.
1996 1660 2108 1699 Bene

1233 1717 1345 1767 igilur
1379 1717 1453 1755 sibi
1482 1718 1725 1769 respondent
1762 1717 2004 1768 explorabis
2042 1731 2107 1757 cu-

1232 1775 1337 1813 riose
1350 1777 1389 1811 et
1401 1775 1603 1813 rcm'nces:
1629 1774 1816 1825 culpabis
1831 1777 1870 1811 et
1888 1773 2106 1826 reprelien-

1233 1831 1312 1869 des.
1333 1829 1433 1867 Hinc
1447 1830 1607 1879 intelligi
1623 1833 1765 1881 potest,
1787 1843 1902 1881 quam
1916 1843 2105 1881 perversa

1231 1888 1282 1924 sit
1296 1886 1442 1924 codicis
1457 1889 1489 1924 ὃ.
1513 1887 1626 1925 lectio
1646 1891 1827 1931 remotes,
1852 1899 1886 1926 s,
1901 1887 2104 1925 resecabis

1232 1942 1344 1994 quasi
1370 1946 1410 1980 et
1429 1942 1624 1981 inhibebis
1643 1943 1880 1981 luxuriantes
1900 1943 1984 1981 eius
2004 1956 2107 1981 amo-

1236 2012 1321 2043 res,
1347 2011 1370 2036 a
1395 2012 1471 2050 quo
1499 1998 1603 2038 Oud.
1628 2013 1702 2037 non
1729 2000 1781 2037 ita
1807 1999 1954 2037 videtur
1981 1998 2107 2037 fuisse

1236 2055 1490 2094 abalienatus.
1540 2054 1626 2093 Hoc
1650 2056 1779 2106 potius
1800 2056 2031 2107 exprimeret
2047 2069 2105 2094 re-

1236 2113 1403 2156 vinctos,
1430 2110 1534 2162 quod
1549 2112 1602 2149 vir
1616 2111 1756 2149 doctus
1770 2112 1805 2149 in
1821 2125 1939 2163 marg.
1954 2110 2051 2151 lunt.
2067 2115 2106 2152 2.

1235 2169 1322 2206 sine
1347 2181 1491 2207 caussa
1515 2167 1765 2221 emendarit]

1293 2229 1412 2264 artes.
1462 2223 1550 2277 [De
1575 2225 1722 2262 artibus
1747 2224 1934 2269 Veneris,
1967 2225 2107 2275 quibus

1233 2295 1363 2319 amore
1372 2282 1525 2333 potitur,
1539 2280 1586 2320 cf.
1596 2280 1728 2319 Barth.
1738 2281 1905 2320 Advers.
1914 2279 2034 2319 XXX
2041 2280 2108 2320 lv.

1232 2353 1262 2377 c.
1290 2341 1326 2379 6.
1362 2351 1400 2390 p.
1438 2341 1558 2378 1555.
1608 2337 1780 2388 Euripid.
1810 2337 1949 2376 Helen.
1988 2341 2106 2378 1113,

1232 2393 1363 2433 d‘Orv.
1378 2394 1427 2432 ad
1443 2394 1582 2432 charit.
1597 2393 1666 2431 IV.
1680 2397 1718 2433 4.
1731 2407 1769 2446 p.
1783 2399 1878 2435 438.
1899 2394 1962 2434 ed.
1974 2393 2106 2446 Lips]

1284 2450 1553 2503 praecludas.
1601 2449 1691 2488 Non
1723 2451 1827 2501 cepIt
1850 2450 1952 2488 hunc
1980 2450 2105 2489 locum

1231 2506 1418 2546 Pricaeus
1444 2511 1605 2558 putans.
1638 2518 1687 2544 ex
1712 2507 2036 2557 praecedentibus
2064 2507 2107 2543 li-

1233 2577 1371 2615 quere,
1396 2563 1460 2601 hic
1474 2567 1653 2614 oportere
1666 2563 1779 2601 scribi
1794 2563 1995 2603 recludas.
2023 2563 2105 2601 Sed

1231 2621 1334 2659 bene
1353 2623 1485 2658 monet
1497 2619 1621 2665 Ou‹l.,
1645 2619 1879 2658 sententiam
1900 2619 1972 2657 loci
1994 2633 2105 2657 esse:

1233 2677 1277 2715 Si
1301 2676 1533 2728 praecludas
1554 2680 1643 2714 tuae
1663 2675 1792 2714 domui
1820 2676 2011 2714 officinam
2026 2690 2107 2714 mu-

1237 2733 1370 2771 liebris
1409 2732 1719 2777 consuetudinis,
1763 2735 1803 2770 et
1839 2732 1926 2770 furti
1963 2745 2106 2775 earum.

1237 2803 1338 2841 quae
1363 2789 1503 2828 ceteris
1529 2792 1567 2827 et
1591 2788 1768 2827 omnibus
1784 2789 1933 2840 passim
1945 2788 2107 2840 populis

1235 2851 1298 2885 est
1317 2846 1486 2897 publica.

1287 2902 1531 2955 patrocinio
1554 2902 1742 2953 yratc'oso
1765 2900 1974 2952 Gupitlz'm'.
2003 2901 2106 2942 Gra-

1233 2960 1337 2999 tz'oso
1361 2972 1438 2997 non
1462 2958 1695 3009 iungendum
1719 2961 1782 2995 est
1807 2970 1893 2996 cum
1917 2971 2014 2996 voce
2032 2958 2105 2998 Gu-

1226 3016 1382 3069 pidini,
1403 3014 1550 3067 vulgari
1569 3013 1850 3066 significatione
1868 3026 1937 3065 pro
1952 3027 2014 3061 eo,
2041 3015 2106 3065 qui

1233 3071 1350 3111 facile
1375 3072 1537 3124 gratiam
1561 3073 1602 3109 et
1632 3070 1805 3110 favorem
1829 3071 1993 3122 acquirit
2017 3083 2105 3123 pas-

1232 3129 1336 3175 sive,
1372 3128 1447 3168 sed
1477 3127 1603 3169 active
1634 3127 1878 3180 patrocinio
1914 3128 2104 3181 qratioso
