2155 3590
578 143 760 184 LIBER
789 145 837 185 V.
898 142 1024 185 CAP.
1059 142 1156 183 VH.
1187 141 1304 182 vm.
1752 140 1836 184 327

56 260 220 315 phyrum
249 258 445 312 praecepti
475 257 663 297 maritalis
689 257 885 297 admonet.
933 254 1019 296 Nec
1044 269 1168 305 mora,
1196 267 1280 294 eum
1305 253 1369 294 ille
1393 266 1536 307 parens
1566 253 1728 307 imperio
1753 260 1834 293 sta-

57 316 123 357 tim
149 314 459 355 clementissimis
485 313 637 353 flatibus
662 313 826 353 innoxia
850 320 1012 353 vectura
1036 313 1212 365 deportat
1234 310 1336 350 illas.
1370 307 1452 349 lam
1476 309 1619 350 mutuis
1645 309 1833 363 amplexi-

56 372 128 413 bus
153 377 192 411 et
216 370 489 410 festinantibus
515 369 635 409 saviis
661 383 747 409 sese
773 370 1046 423 perfruuntur,
1073 375 1112 408 et
1134 368 1224 408 illae
1248 366 1406 406 sedatae
1431 365 1615 406 lacrimae
1646 365 1832 419 postlimi-

57 428 122 469 nio
146 427 312 468 redeunt
335 426 572 480 prolectante
598 425 753 479 gaudio.
805 424 882 465 Sed
907 433 946 465 et
969 431 1135 475 tectum,
1162 422 1307 477 iuquit,
1341 429 1382 463 et
1406 422 1528 462 larem
1553 428 1729 462 nostrum
1753 421 1833 463 lae-

56 490 119 524 tae
142 482 356 533 succedite,
385 490 424 522 et
447 482 606 522 afflictas
631 481 780 524 animas
807 495 892 522 cum
916 480 1069 539 Psyche
1091 487 1225 522 vestra
1248 484 1439 521 recreate.

588 678 1024 727 CAPUT
1125 677 1299 725 VIII.

164 811 232 854 Sic
256 813 422 853 allocuta
447 826 617 853 summas
643 826 735 866 opes
759 812 893 851 domus
919 824 1062 852 aureae
1086 823 1303 865 vocumque
1327 808 1581 850 servientium
1608 806 1833 862 populosam

46 931 241 968 praeceptis
255 929 468 957 maritalibus
482 940 515 962 φ.
528 928 556 959 δ’.
572 938 600 964 p.
615 932 651 958 G.
668 932 695 958 t.
710 930 741 958 in
761 938 821 964 quo
836 936 1029 964 quamquam
1047 931 1135 958 extat
1150 927 1326 965 praecepti
1347 931 1454 956 tamen
1473 925 1589 955 restitit
1606 922 1834 959 maritalibus,

53 983 70 1004 ε
88 978 128 1004 ab
147 976 257 1004 eadem
277 983 374 1004 mauu
395 976 521 1004 videtui·
540 976 662 1003 lineola
680 976 859 1004 obductum.
902 981 1030 1010 parens
1049 974 1145 1000 immo
1165 972 1283 1001 statim
1303 973 1325 1002 f.
1340 974 1376 1001 R.
1424 970 1599 999 inaurium
1618 971 1790 998 vecturam
1804 965 1833 998 ὃ.

53 1027 112 1048 eas
126 1028 181 1056 pro
195 1019 272 1048 illas
287 1023 322 1049 G.
340 1022 366 1048 1.
380 1023 411 1049 2.
425 1021 463 1049 D.
478 1022 512 1049 P.
527 1021 561 1049 0.
576 1021 597 1048 f.
611 1021 648 1048 R.

53 1066 116 1093 viis
129 1067 177 1094 ed.
192 1067 295 1094 scriv.

696 1020 798 1047 sabiis
812 1020 886 1047 1⁴13.
901 1021 937 1047 G.
953 1021 981 1047 1.
996 1021 1026 1047 2.
1040 1020 1078 1047 D.
1092 1020 1127 1047 P.
1143 1019 1165 1047 f.
1178 1016 1206 1047 δ’.
1223 1026 1251 1052 p.
1276 1018 1382 1045 saviis
1394 1018 1429 1045 F.
1442 1018 1468 1045 1.
1483 1018 1517 1045 B.
1533 1020 1562 1046 et
1577 1016 1647 1044 edd.
1660 1018 1737 1043 vett.
1752 1021 1833 1042 sua-

344 1064 517 1092 lacre'mae'ue
532 1068 565 1094 0.
581 1067 662 1094 uude
675 1066 753 1094 oud.
768 1063 903 1093 coniecit
919 1062 1126 1091 lacrimatue.
1170 1061 1390 1099 postr'liun'm'u
1406 1064 1441 1090 G.
1460 1064 1487 1090 1.
1501 1069 1520 1090 a
1534 1070 1564 1096 p.
1577 1069 1618 1090 m.
1662 1058 1834 1097 plu-tante

53 1113 90 1140 G.
103 1113 135 1140 2.
149 1112 186 1140 J).
222 1113 255 1138 et
269 1114 390 1138 tectum
406 1114 439 1139 ut
451 1112 532 1138 Etm.
547 1111 605 1144 ait,
618 1113 708 1139 abest
722 1110 754 1138 in
770 1111 803 1138 B.
819 1114 846 1137 et
862 1117 917 1143 pro
931 1111 1125 1143 glossemate
1138 1109 1193 1137 ille
1205 1110 1311 1136 habet.
1336 1109 1396 1136 Sed
1413 1108 1612 1135 desideratur
1624 1109 1747 1134 tautum
1759 1111 1835 1140 par-

51 1156 154 1186 ucula
166 1160 240 1184 ame
252 1155 369 1184 larem.
414 1159 449 1182 et
461 1164 533 1182 cum
547 1157 582 1183 G.
599 1157 627 1183 1.
641 1157 670 1183 2.
685 1157 723 1183 D.
738 1156 773 1183 Ρ.
787 1155 822 1183 Ο.
869 1151 1029 1190 Psychem
1044 1155 1078 1181 G.
1094 1155 1124 1181 2.
1138 1154 1175 1182 D.
1222 1155 1370 1180 vestram
1385 1154 1422 1180 D.

141 1208 221 1237 opus
230 1210 258 1236 p.
285 1200 455 1236 lucumque
468 1201 503 1229 F.
516 1202 542 1228 1.
552 1202 587 1228 G.
601 1201 627 1227 1.
637 1200 796 1228 2.D.P.0.
807 1199 868 1231 ἱφ.
894 1200 929 1225 et
937 1198 1153 1225 servientium
1166 1199 1201 1226 F.
1213 1200 1241 1227 1.
1262 1196 1403 1234 populos
1414 1196 1588 1234 ncfamfi.
1598 1197 1717 1225 2.P.n.
1728 1203 1836 1232 popu-

51 1244 157 1274 losum
166 1246 404 1286 atquefa111.G.
418 1247 443 1274 1.
457 1241 577 1283 (atque
589 1252 690 1274 arms.
704 1252 807 1278 neque
815 1251 889 1272 vei-0
898 1241 1217 1281 populosfamile'am
1230 1241 1514 1279 demonstratque,
1523 1245 1555 1270 ut
1564 1241 1642 1270 oud.
1651 1242 1770 1270 exsuis
1777 1248 1834 1270 ex.

50 1346 245 1398 postponi.
270 1344 334 1383 Ad
353 1348 524 1382 nostrum
544 1342 670 1381 locum
688 1347 729 1381 ut
741 1342 911 1387 redeam,

52 1401 245 1440 sententia
275 1413 429 1451 quoque
464 1399 636 1451 flagitare
671 1399 836 1444 videtur,
873 1402 913 1435 ut

53 1457 214 1498 tandem
236 1456 287 1495 ad
319 1457 510 1507 posterius
541 1457 779 1494 enunciatum
817 1454 911 1492 rese-

51 1518 163 1554 ratur.
210 1512 385 1564 Psyche,
411 1526 510 1563 quae
535 1513 598 1550 diu
623 1512 913 1551 desideraverat

51 1583 225 1610 sororum
258 1570 487 1622 amplexus,
519 1582 630 1607 suani
660 1570 841 1619 pietatem
868 1582 912 1606 ae

53 1626 285 1665 desiderium
321 1626 457 1664 melius
494 1626 728 1677 pronuntiat,
767 1626 801 1663 si
827 1630 911 1663 lan-

53 1684 142 1723 dem
167 1683 216 1722 ad
241 1683 434 1734 amplecti
459 1683 639 1734 pertinet,
666 1695 779 1732 quam
805 1682 838 1719 si
864 1680 912 1719 ad

52 1740 212 1779 siccate.
250 1739 404 1777 Deinde
419 1740 579 1778 tandem
600 1739 783 1789 displicet
798 1751 913 1775 enun-

53 1795 227 1834 ciationis
258 1795 330 1833 fine
362 1797 539 1846 positum.
589 1794 736 1832 Eadem
773 1795 915 1833 discre-

51 1853 181 1903 pantia
205 1856 266 1890 est
290 1851 432 1890 Florid.
459 1851 520 1890 ΠΙ.
550 1855 611 1892 16.
638 1866 672 1903 p.
689 1855 752 1891 67.
778 1851 841 1888 ubi
868 1850 915 1888 ci.

51 1907 229 1948 Aliorum
260 1909 488 1960 sci-iptorum
519 1908 701 1958 exempla
731 1907 913 1958 suppedi-

52 1965 145 2003 tabit
174 1964 304 2003 Arntz.
337 1965 386 2003 ad
416 1963 513 2002 Plin.
544 1963 736 2015 Pauegyr.
762 1963 787 2001 l.
820 1966 849 2013 ἡ.
876 1968 911 2003 5.

51 2034 88 2073 p.
104 2024 139 2062 6.
164 2020 250 2059 Nee
263 2034 323 2059 me
338 2021 508 2072 impedit,
535 2020 636 2070 quod
653 2021 806 2072 quippe
826 2033 914 2058 cumv

52 2090 209 2128 semper
232 2078 332 2115 initio
359 2077 540 2114 orationis
565 2076 735 2128 legitur]

104 2135 323 2186 praecepti
346 2133 545 2171 maritalis
568 2133 769 2172 admovet.
805 2131 915 2169 Hanc

52 2189 280 2235 lectionem,
324 2202 424 2239 qnae
464 2189 551 2226 sola
591 2189 682 2226 mihi
725 2189 916 2239 probatur,

53 2245 157 2284 Oud.
183 2246 328 2296 optime
353 2246 402 2282 ita
427 2244 616 2283 defendit:
644 2244 791 2282 Secura
817 2243 915 2294 Psy-

54 2302 144 2348 che,
183 2301 405 2352 Cupidinem
447 2301 701 2353 praecepisse
736 2300 915 2350 Zephyro

52 2358 109 2403 id,
141 2358 243 2408 quod
277 2358 348 2396 sibi
374 2358 618 2409 promiserat,
649 2370 695 2395 se
725 2358 916 2394 iussurum

53 2414 159 2453 illum
197 2414 375 2452 elementi
411 2419 585 2458 vectura,
627 2413 699 2452 sibi
743 2414 915 2450 stiturum

52 2483 228 2515 sorores,
259 2471 439 2509 admonet
469 2471 544 2508 iam
569 2483 654 2507 eum
680 2469 780 2507 illius
806 2482 912 2520 prae-

54 2527 166 2579 cepti.
210 2526 381 2580 [Deinde
407 2528 439 2564 si
460 2527 694 2578 praeceptis
718 2525 912 2564 maritali-

54 2583 126 2623 bus
145 2583 300 2634 legitur,
325 2596 479 2635 semper
498 2584 612 2621 abest
625 2582 691 2620 illa
704 2582 914 2620 accuratior

52 2640 174 2685 notio,
206 2641 314 2678 cuius
345 2640 539 2678 admonuit
567 2638 728 2690 Psyche
757 2637 912 2689 Zephy-

51 2709 151 2740 rum,
188 2709 379 2747 quamque
404 2697 522 2734 omitti
549 2695 732 2734 aLatinis
753 2696 815 2732 vix
836 2707 910 2732 cre·

54 2751 224 2790 diderim.
252 2752 364 2799 Futg.
390 2752 453 2791 lli.
480 2757 515 2794 6.
542 2766 577 2803 p.
604 2756 695 2792 717.
722 2752 811 2789 «licit
834 2765 913 2790 ma-

52 2809 174 2848 ritale
199 2809 449 2848 obumbravit
470 2808 716 2860 taipertum]

108 2865 394 2916 festinantibus
406 2866 524 2905 saviis
537 2878 616 2903 sese
628 2867 912 2916 perfruuntur.

54 2918 233 2959 Insolens
266 2922 414 2960 videtur
445 2935 538 2959 esse
572 2920 710 2958 locutio
749 2921 915 2972 perfrui

55 2989 136 3015 sese
163 2979 418 3030 amplexibus
448 2983 484 3016 et
512 2978 630 3016 santis
654 2990 722 3028 pro
748 2975 911 3014 iucunde

55 3035 97 3070 et
119 3037 248 3071 mutuo
273 3047 367 3072 sese
391 3035 500 3086 potiri
525 3034 621 3071 inter
645 3033 848 3083 amplexus
874 3036 912 3070 et

55 3088 174 3127 savia.
200 3089 248 3128 cs.
271 3089 400 3129 Burm.
426 3090 475 3128 ad
499 3089 587 3127 val.
614 3089 742 3127 Flacc.
765 3088 908 3129 nte-8.

59 3142 194 3195 [Aliud
223 3146 394 3185 eiusdem
427 3151 540 3185 notae
566 3144 785 3196 exemplum
811 3145 911 3197 apud

968 1341 1132 1380 Latinos
1159 1355 1232 1379 non
1258 1341 1395 1380 inveni.
1427 1339 1590 1378 Errasse
1603 1342 1730 1377 tamen
1744 1338 1834 1377 mihi

969 1398 1119 1436 videtur
1143 1396 1263 1442 Oud.,
1289 1399 1352 1448 qui
1377 1410 1585 1448 pronomen
1610 1394 1722 1433 salva
1744 1408 1835 1433 sen-

970 1455 1089 1492 tentia
1112 1454 1258 1492 abesse
1283 1454 1445 1505 putavit3
1471 1452 1572 1490 unde
1594 1465 1641 1489 ea
1654 1455 1736 1490 erat
1748 1465 1834 1490 sen-

970 1513 1104 1555 tentia,
1129 1514 1169 1548 ut
1179 1510 1464 1562 festinantibus
1483 1523 1579 1554 sese,
1605 1521 1834 1559 quamquam

970 1568 1121 1612 invitus,
1150 1568 1324 1618 coniungi
1339 1565 1468 1604 vellet.
1501 1565 1588 1603 Hoc
1602 1563 1834 1603 nullomodo

969 1624 1123 1676 probari
1147 1627 1288 1675 potest.
1340 1623 1392 1662 Se
1416 1636 1507 1660 vero
1532 1622 1650 1660 sai-iis
1669 1621 1836 1673 perfrui

970 1681 1143 1719 intimum
1179 1680 1355 1732 exprimit
1397 1679 1540 1716 amoris
1577 1681 1615 1716 et
1651 1676 1833 1715 desiderii

971 1750 1148 1780 sensum,
1180 1750 1369 1775 summam
1393 1735 1603 1786 voluptatis
1628 1734 1834 1772 iucundita—

972 1798 1049 1831 tem
1075 1797 1113 1831 et
1137 1792 1339 1845 ardorem]

1030 1855 1174 1889 tectum
1199 1855 1238 1887 et
1262 1850 1385 1888 larem
1409 1853 1588 1887 nostrum
1620 1848 1832 1887 succedite.

971 1907 1034 1946 De
1059 1907 1339 1944 constructione
1365 1908 1560 1956 comparat
1573 1902 1674 1942 Oud.
1700 1903 1836 1943 Heius.

972 1963 1021 2001 ad
1053 1962 1168 2000 ovid.
1201 1962 1296 2000 Met.
1322 1960 1424 1999 Xffl.
1453 1964 1544 2000 611.
1582 1959 1648 1998 Dr.
1675 1960 1724 1998 ad
1748 1959 1833 1998 Liv.

973 2016 1199 2058 XXXVUL
1231 2022 1267 2058 9.
1299 2017 1386 2056 dict.
1418 2018 1466 2054 ad
1500 2016 1615 2055 Caes.
1644 2016 1689 2054 B.
1717 2015 1763 2054 G.
1788 2015 1834 2054 Π.

976 2079 1011 2115 6.
1045 2074 1179 2126 [Gron.
1210 2075 1258 2113 ad
1283 2074 1367 2111 Ltv.
1393 2072 1543 2111 XXXI.
1570 2077 1637 2113 45.
1668 2071 1753 2111 Intt.
1784 2072 1835 2111 ad

975 2131 1046 2169 Sil.
1081 2130 1130 2169 X.
1168 2135 1260 2171 597.
1302 2130 1351 2168 ad
1395 2128 1574 2181 Calpurn.
1615 2128 1727 2167 Deci.
1766 2132 1830 2170 29.

974 2187 1104 2225 Burni.
1131 2186 1179 2225 ad
1206 2187 1310 2237 Virg.
1337 2187 1434 2224 Aen.
1464 2185 1523 2224 ill.
1558 2189 1655 2225 541:
1686 2185 1750 2223 ubi
1781 2183 1834 2223 le-

975 2256 1067 2294 gere
1082 2242 1227 2281 malini:
1254 2257 1396 2283 currus
1409 2242 1642 2287 succedere,
1667 2241 1770 2293 quod
1785 2242 1834 2280 de

973 2299 1147 2351 pluribus
1178 2313 1306 2337 sermo
1337 2304 1407 2337 est.
1453 2299 1492 2337 S.
1526 2298 1650 2336 littera
1678 2303 1835 2349 propter

974 2360 1202 2407 sequentem
1218 2355 1392 2394 voculam
1406 2357 1553 2393 omissa
1566 2359 1637 2392 est.
1654 2354 1766 2393 Hune
1774 2368 1833 2392 ca-

975 2426 1060 2450 sum
1076 2413 1284 2463 antiquitus
1299 2412 1653 2462 codtl.occupasse‚
1667 2411 1834 2449 indicare

971 2468 1119 2506 videtur
1131 2467 1243 2507 Leid.
1259 2468 1355 2515 MS..
1382 2469 1445 2520 qui
1460 2482 1623 2508 currum
1642 2467 1831 2519 praebet]

1028 2524 1112 2563 Cn».
1138 2524 1239 2564 Ylss.
1288 2538 1454 2564 summas
1480 2538 1576 2576 opes
1601 2525 1741 2562 domus
1764 2539 1832 2563 uu-

969 2595 1063 2620 reae
1093 2594 1313 2634 vocumque
1347 2581 1598 2620 servientium
1629 2594 1734 2631 pop.
1767 2582 1818 2632 fa

969 2638 1135 2677 milium.
1184 2637 1384 2688 Coi-ruptio
1416 2638 1528 2675 unius
1561 2635 1737 2674 vocabuli
1767 2649 1832 2674 vo-

972 2708 1060 2734 cum
1088 2696 1122 2732 iu
1154 2695 1284 2733 locum
1317 2694 1441 2732 varias
1466 2692 1553 2731 VV.
1586 2692 1675 2742 DQ.
1707 2692 1832 2730 conie-

971 2755 1098 2789 cturas
1118 2751 1312 2795 excitavit,
1328 2755 1367 2788 ut
1382 2750 1530 2788 Gruter.
1545 2750 1578 2786 iu
1595 2749 1712 2799 Susp.
1726 2747 1829 2787 Vlll.

973 2812 1015 2847 ln
1042 2808 1114 2846 Sae'c
1138 2807 1337 2850 allocuta,
1363 2807 1553 2844 exstmmt
1577 2819 1673 2856 opes
1688 2805 1830 2845 domm

973 2877 1119 2903 aureae
1151 2864 1279 2902 oculis
1308 2863 1560 2901 serm'entium
1584 2860 1734 2913 popul.
1763 2864 1830 2914 fa-

972 2921 1122 2959 milium
1147 2920 1311 2959 auribus
1335 2933 1480 2957 earum.
1519 2915 1682 2955 Pontan.
1715 2917 1828 2956 Anal.

968 2975 1032 3014 Ill.
1066 2980 1127 3016 10.
1160 2989 1228 3026 pro
1265 2988 1432 3014 summus
1467 2975 1680 3012 rescribere
1709 2977 1831 3012 tentat

967 3038 1135 3073 summat
1163 3032 1184 3069 i.
1215 3045 1249 3070 e.
1279 3034 1432 3076 censet,
1463 3031 1658 3077 aestimat3
1688 3030 1830 3069 Vulca-

970 3090 1071 3127 nius:
1101 3103 1236 3128 summ.
1266 3102 1333 3139 op.
1365 3087 1470 3126 dom.
1501 3101 1588 3126 aur.
1619 3086 1830 3140 locumque

970 3150 1007 3184 et
1034 3146 1283 3184 servientium
1309 3158 1352 3197 p.
1381 3146 1417 3195 f.
1447 3143 1618 3194 pateribus
1641 3143 1830 3196 inyerens
