2155 3590
680 140 869 181 LIBER
892 139 966 181 XI.

1027 139 1153 181 CAP.
1182 138 1302 179 XXI.
1775 135 1884 178 1065

93 266 277 295 seorsum·
309 253 467 297 iubente
503 255 680 306 domina,
720 254 972 296 temerarium
1015 260 1129 307 atque
1172 252 1408 305 sacrilegum
1448 250 1592 291 audeat
1625 248 1886 290 ministerium

93 309 239 350 subire,
269 323 493 364 noxamque
535 311 691 352 letalem
733 311 983 352 contrahere.

1043 309 1148 351 Nam
1185 316 1226 353 et
1263 309 1432 354 inferum
1469 307 1640 348 claustra
1676 313 1716 348 et
1749 305 1888 346 salutis

97 367 256 407 tutelam
280 365 322 407 in
343 366 442 409 -deae
467 381 585 408 manu
609 368 751 422 posita,
778 368 978 422 ipsamque
998 366 1246 407 traditionem
1266 365 1314 405 ad
1332 364 1460 405 instar
1477 362 1726 404 voluntariae
1750 361 1888 402 mortis

97 430 136 462 et
164 422 365 476 precariae
397 423 534 464 salutis
565 424 778 475 celebrari,
812 425 950 478 quippe
982 438 1068 464 eum
1100 422 1312 463 transactis
1342 421 1448 461 vitae
1478 419 1717 474 temporibus
1749 418 1824 458 iam
1849 418 1889 457 in

97 478 181 533 ipso
207 478 339 519 linitae
360 477 368 535 Ι
387 479 486 521 lucis
510 481 643 521 limine
670 480 926 532 constitutos,
961 480 1047 534 quis
1069 487 1204 520 tamen
1236 485 1317 518 tuto
1342 476 1495 532 possint
1519 489 1662 530 magua
1685 474 1890 529 religionis
1915 479 1979 513 799

98 595 162 624 dea
174 604 230 631 pro
243 594 480 627 dominavmc.
494 598 542 627 ed.
557 599 587 628 2.
600 598 655 632 qui
670 605 836 634 perperam
848 597 952 627 Colvii
965 597 1214 632 frigidissimam
1228 595 1448 624 coniecturam
1462 602 1480 622 e
1492 594 1638 622 mutandi
1652 592 1820 629 prurigine
1832 600 1893 621 na-

99 646 163 670 tam
181 645 356 676 receperat.
391 642 606 680 sacrilegium
618 645 655 672 L.
693 643 802 672 tutela
816 645 852 672 G.
865 644 902 673 P.
914 644 951 671 0.
965 644 1003 671 D.
1017 643 1055 671 R.
1069 642 1092 671 f.
1104 644 1142 672 L.
1175 641 1323 678 positam
1339 648 1367 675 p.
1414 638 1606 675 voluptarie
1619 641 1654 668 0.
1696 645 1825 676 pavere
1838 645 1893 673 pro

95 686 279 723 precariae
304 688 340 715 D.
388 686 511 716 lumine
534 689 571 718 F.
597 690 627 717 1.
651 690 688 717 G.
711 691 749 718 P.
775 690 809 718 Ο.
834 690 872 717 D.
901 688 922 716 f.
946 689 1016 716 edd.
1029 687 1152 722 primae
1163 689 1248 715 lunt.
1265 688 1293 715 1.
1308 686 1413 715 Scriv.
1428 687 1457 713 2.
1476 693 1503 713 s.
1525 684 1699 713 maviana.
1735 682 1841 710 limite
1855 684 1894 711 R.

99 731 232 759 ntmzz'ne
244 734 327 760 lunt.
340 734 370 762 2.
383 734 458 763 Am.
482 735 519 762 In
533 738 605 762 cett.
620 733 742 764 limine.
778 733 963 761 constituto
977 734 1013 761 0.
1049 733 1141 770 queis
1154 733 1275 761 Floria.
1313 734 1382 759 tam
1397 738 1452 765 pro
1469 733 1578 757 lamen
1593 730 1627 758 Ο.
1660 729 1773 766 possit
1784 737 1813 764 p.
1830 728 1851 757 f.
1865 725 1895 757 δ’.

94 779 176 814 post
188 780 269 806 sunt
280 779 319 807 V.
332 779 369 807 L.
383 779 494 808 Brant.
507 779 576 809 cod.
604 783 682 816 post
697 778 767 808 sint
778 780 826 809 ed.
840 787 886 814 pr.
899 779 1028 807 Vicent.
1041 778 1154 806 Vener.
1168 779 1199 806 2.

105 889 280 916 coronas
305 882 342 916 ct
365 883 573 930 unquento-
594 883 631 917 et
644 878 886 930 paederotis
896 891 971 928 pu-
1027 877 1311 928 precariam
1341 875 1516 915 animam
1552 873 1732 917 trahere,
1763 872 1898 910 dicitur

101 946 207 984 fynus
246 935 341 984 (pro
374 935 609 986 petraitiS);
651 937 836 986 παιδέρως
871 935 972 971 enim

105 989 267 1027 Graecis
281 989 384 1027 idem
399 994 473 1035 est,
489 993 551 1041 qui
566 989 829 1041 παιδεραστής.
852 989 972 1028 Suam

104 1045 216 1093 igitur
263 1047 390 1097 ipsius
430 1047 707 1097 impudicitiam
752 1046 971 1085 Trimalcho

105 1105 144 1140 ut
168 1116 199 1140 c.
216 1106 279 1144 69.
304 1104 538 1154 perstringit.
562 1103 670 1142 Idem
684 1104 844 1142 restituo
860 1116 892 1142 c.
907 1107 971 1143 52.

106 1173 143 1210 p.
171 1159 264 1201 337.
300 1159 408 1198 IVam
446 1160 701 1200 Hermerotis
736 1173 903 1211 puynas
938 1164 976 1197 et

106 1215 402 1255 Paederotis
437 1217 479 1255 in
510 1217 680 1268 poculis
721 1216 868 1261 habeo,
909 1215 973 1254 ubi

107 1285 244 1311 nomen
275 1273 470 1324 proprium
502 1286 595 1311 esse
625 1276 729 1323 puto.
778 1274 975 1322 Παιδέρως

108 1329 208 1366 enim
238 1342 333 1366 esse
371 1341 508 1367 nomen
545 1332 654 1379 patet
689 1341 739 1366 ex
784 1327 973 1378 Inscriptt.

109 1383 212 1434 apud
247 1383 390 1423 Mnrat.
426 1397 463 1434 p.
498 1388 617 1431 1179.
649 1389 685 1425 5.
735 1384 976 1430 „IULIUS

112 1439 503 1493 PAEDEROS.‘·]

165 1497 343 1536 domina.
392 1497 530 1536 Lectio
545 1498 623 1536 dea
636 1500 726 1535 nata
739 1500 863 1535 estex
877 1508 977 1534 com-

109 1552 251 1604 pendio
271 1554 380 1592 ιῖοἶα
394 1567 472 1593 vnec
484 1554 699 1592 enumerari
713 1557 857 1605 potest,
882 1566 977 1603 quo-

111 1610 187 1648 ties
212 1609 312 1648 haec
335 1610 528 1649 vocabula
550 1614 594 1649 ut
616 1610 715 1650 deus
736 1614 775 1648 et
792 1610 979 1660 dontinus

111 1667 208 1705 inter
221 1679 267 1704 se
280 1666 571 1705 confundantur.
604 1666 804 1706 Dominus
817 1666 978 1716 saepius

113 1723 295 1762 nominari
310 1723 421 1769 deas,
429 1724 528 1762 sicut
536 1723 722 1762 dominos
735 1722 834 1760 deos
847 1726 978 1760 notum

110 1782 192 1826 est,
217 1779 266 1819 cf.
291 1779 428 1818 Heius.
453 1780 504 1819 ad
529 1778 642 1817 Ovid.
657 1778 816 1817 Heroid.
831 1777 897 1816 IV.
916 1781 978 1818 12.

114 1837 156 1874 in
176 1835 398 1880 donzinos
422 1837 484 1875 ius
500 1836 621 1875 habet
631 1835 702 1874 ille
714 1836 813 1874 cleos
831 1838 870 1872 et
888 1831 974 1873 κατ’

111 1890 239 1944 ἐξοχὴν
275 1893 391 1931 deum
428 1896 567 1938 mater,
605 1905 705 1942 quae
741 1891 882 1930 eadem
918 1894 980 1929 est

115 1948 207 1987 Isidi
234 1949 332 2000 cfip.
347 1953 459 1994 762..
483 1948 588 1987 audit
602 1949 766 1987 domina
791 1947 983 1986 cs.Burm.

116 2005 167 2044 ad
191 2005 281 2044 val.
308 2005 437 2044 Flacc.
458 2004 521 2043 Ill.
548 2008 613 2046 23.
640 2005 828 2044 adsuetus
851 2004 984 2058 Phry-

115 2063 209 2113 qt'us
249 2063 490 2102 danninum
531 2066 691 2101 vectare
722 2074 802 2112 per
836 2060 983 2100 urbem.

118 2118 237 2156 immo
262 2119 351 2170 ipsa
374 2118 449 2157 lsis
474 2118 533 2156 sic
557 2117 776 2168 appellatur
800 2117 905 2168 apud
930 2116 984 2154 lu-

117 2174 242 2214 venat.
257 2174 429 2216 VL530.
459 2174 607 2214 Credit
628 2175 729 2213 enim
754 2175 880 2225 ipsius
903 2174 984 2212 clo-

119 2233 271 2270 mt'nae
291 2234 441 2284 facore
464 2231 629 2270 moneri.
678 2229 746 2281 [cf.
771 2229 886 2268 Ovid.
902 2230 984 2268 Art.

118 2288 207 2327 Am.
231 2286 259 2325 I.
289 2292 382 2329 148.
405 2288 514 2338 Virg.
538 2286 641 2326 Aen.
664 2285 727 2325 ΙΙΙ.
755 2290 846 2327 113.
872 2289 984 2331 439..

118 2344 169 2383 ad
193 2357 307 2395 quem
333 2344 457 2383 locum
484 2343 531 2383 cf.
555 2343 640 2382 Intt.
667 2343 904 2382 Graecorum
923 2347 985 2380 est

118 2403 316 2447 δέσποινα,
341 2398 502 2440 ἄνασσα.
539 2399 652 2439 Haec
670 2398 784 2438 lectio
799 2413 847 2437 eo
860 2399 985 2450 mag1s

120 2457 320 2496 retinenda
345 2461 424 2502 est,
451 2457 555 2507 quod
575 2456 716 2494 eodem
736 2455 819 2494 fere
833 2460 986 2494 senten-

119 2515 254 2552 tiarum
279 2527 381 2552 nexu
405 2513 599 2551 Iuvenalis
629 2512 732 2551 idem
755 2512 986 2551 vocabulum

120 2571 334 2622 usurpavit.
358 2569 521 2608 Librarii
535 2569 677 2608 deinde
691 2573 882 2608 mutarunt
893 2569 986 2607 scri—

119 2630 288 2678 pturam,
309 2627 453 2679 quippe
468 2627 530 2677 qui
545 2626 735 2671 viderent,
749 2625 890 2664 ceteris
906 2625 987 2664 ubi-

121 2697 197 2734 que
222 2682 320 2722 locis
337 2682 481 2721 Isidem
500 2684 617 2723 deam
641 2682 839 2722 nominari.
865 2681 987 2721 Prae-

119 2743 228 2778 terea
251 2740 377 2791 magis
401 2740 642 2791 respondere
658 2739 809 2777 videtur
821 2739 988 2778 (lentina

121 2796 314 2835 vocabulo
330 2797 505 2842 iubente,
531 2810 608 2848 quo
632 2795 727 2835 ratio
746 2796 843 2834 inter
860 2808 987 2835 sacer-

122 2853 237 2892 dotes
257 2857 295 2891 et
313 2852 427 2892 deam
446 2853 650 2899 indicetur,
674 2851 819 2890 servitii
838 2852 988 2891 scilicet

123 2913 162 2948 et
185 2909 436 2962 dominatus]

175 2967 398 3018 precariae
409 2966 560 3006 salutis.
586 2964 684 3004 PrIc.
701 2964 849 3004 confert
862 2963 987 3015 Epist.

126 3021 238 3062 Paul.
260 3023 313 3062 ad
334 3022 449 3063 Rom.
463 3022 529 3062 Vl.
553 3028 617 3064 11.
643 3026 682 3061 et
707 3020 874 3061 Timoth.
890 3019 936 3059 ll.
950 3024 989 3061 2.

128 3083 192 3121 16.
216 3079 419 3120 Precaria
437 3080 557 3126 salas,
581 3083 624 3118 ut
636 3078 738 3132 apud
751 3076 873 3117 Tacit.
886 3075 989 3116 Hist.

126 3135 195 3174 lv.
221 3139 285 3179 76.
307 3137 544 3188 precaria
567 3138 650 3176 vita
680 3139 721 3174 et
743 3134 844 3174 Ann.
869 3132 898 3174 I.
923 3137 988 3174 42.

1030 933 1093 971 hic
1117 946 1182 978 ea,
1209 945 1309 983 quae
1334 945 1418 970 cum
1433 931 1576 970 donata
1588 930 1677 968 sita
1691 929 1766 968 dea
1778 928 1897 973 Iside,

1032 1004 1130 1028 nunc
1155 989 1190 1026 ei
1215 992 1297 1028 tota
1323 988 1504 1032 debetur,
1529 987 1564 1024 iu
1591 987 1675 1025 eius
1700 999 1814 1024 manu
1828 998 1897 1036 po-

1031 1047 1107 1085 sita
1132 1051 1212 1089 est,
1238 1049 1280 1083 ut
1304 1044 1456 1095 quidvis
1477 1057 1524 1082 ea
1541 1043 1670 1082 faeere
1692 1042 1746 1081 illi
1768 1042 1898 1088 liceat3

1032 1106 1073 1140 ut
1104 1103 1139 1140 in
1170 1102 1417 1153 praegressis
1450 1101 1537 1151 ipsa
1566 1099 1718 1138 dixerat
1741 1112 1778 1150 p.
1805 1102 1898 1139 766.

1034 1159 1168 1198 Plane
1191 1159 1414 1197 memineris
1438 1162 1476 1196 et
1495 1158 1636 1207 penita
1661 1160 1788 1194 mente
1807 1168 1899 1194 con-

1034 1216 1163 1255 ditum
1175 1228 1329 1265 semper
1342 1214 1501 1259 tenebis,
1514 1213 1610 1251 milti
1623 1212 1783 1263 reliqua
1798 1212 1902 1250 vitae

1034 1277 1104 1311 tua
1121 1270 1328 1311 enrricula
1342 1271 1530 1322 adusque
1556 1269 1747 1308 terminos
1771 1268 1903 1308 ultimi

1033 1329 1202 1379 spi-ritus
1226 1327 1388 1366 vadala.
1439 1326 1527 1365 Nec
1551 1326 1762 1371 iniurium,
1789 1324 1903 1364 cuius

1035 1384 1228 1436 beneficio
1246 1384 1417 1422 redieris
1430 1383 1487 1422 acl
1500 1382 1696 1427 homines,
1722 1381 1759 1419 ei
1778 1385 1904 1419 totum

1038 1440 1189 1478 debere
1215 1439 1328 1491 quod
1352 1440 1468 1478 vives.
1516 1437 1670 1486 Iiigitur
1691 1438 1755 1487 qui
1779 1437 1903 1474 sacris

1040 1495 1087 1533 {si
1094 1495 1114 1533 d
1121 1497 1153 1533 is
1161 1495 1330 1533 initiandi
1339 1498 1458 1539 erant,
1467 1495 1689 1545 promittere
1697 1492 1904 1537 debebant,

1037 1565 1084 1590 se
1097 1565 1208 1590 suam
1229 1552 1343 1589 vitam
1358 1550 1473 1589 Isidis
1493 1550 1679 1602 potestati
1697 1549 1905 1587 tradituros

1038 1622 1146 1653 esse,
1171 1612 1248 1646 tam
1274 1607 1339 1646 din
1366 1606 1549 1653 victuro&
1575 1619 1688 1658 quam
1716 1605 1791 1644 dea
1814 1619 1906 1657 pas-

1038 1678 1130 1704 sura
1155 1667 1276 1702 esset.
1303 1664 1380 1714 [De
1402 1664 1621 1716 precarias
1657 1662 1706 1701 cs.
1737 1661 1824 1700 Intt.
1857 1661 1907 1700 ad

1039 1721 1132 1760 Tac.
1148 1720 1280 1759 Germ.
1297 1725 1361 1761 44.
1376 1721 1425 1758 ad
1444 1719 1600 1758 Petron.
1622 1732 1654 1757 c.
1669 1722 1733 1760 30.
1754 1732 1793 1769 p.
1813 1722 1908 1758 256.

1040 1779 1449 1829 ‹Zispensalorvmzquc
1482 1778 1531 1815 ’ἱη
1562 1776 1800 1827 precario
1836 1790 1908 1814 au-

1036 1848 1128 1873 reos
1151 1838 1427 1873 nunzeramem
1451 1833 1665 1885 deprecati
1687 1845 1836 1876 sumus,
1866 1835 1911 1869 ut

1037 1904 1150 1930 servo
1193 1891 1413 1928 remitteret
1451 1902 1644 1941 poenam,
1691 1888 1753 1937 qui
1798 1887 1909 1925 locus

1044 1948 1211 1984 omnium
1237 1946 1553 1996 corruptissimus
1579 1948 1651 1983 est.
1689 1944 1775 1995 Ego
1796 1942 1910 1981 velim

1043 2016 1111 2054 pro
1126 2004 1168 2041 in
1179 2003 1375 2054 precario
1396 2002 1472 2053 legi
1493 2003 1535 2040 ‘iu
1551 2003 1690 2053 primo
1711 2000 1910 2040 cavaeclt'o

1045 2063 1111 2104 (ex
1137 2058 1368 2111 compendio
1391 2057 1638 2111 p'caeedt‘o]

1101 2116 1248 2155 limine.
1318 2115 1488 2154 Lumine
1522 2127 1643 2166 pravo
1680 2113 1819 2152 iudicio
1851 2111 1912 2150 hic

1043 2172 1304 2212 Beroaldinae
1335 2170 1591 2210 emendationi
1624 2174 1664 2208 et
1697 2170 1912 2220 scripturae

1044 2230 1273 2281 optimorum
1322 2228 1435 2267 codd.
1482 2227 1664 2279 praetulit
1710 2225 1911 2264 Pricaeus,

1042 2285 1302 2324 Benedicitur
1317 2285 1528 2337 exstinyui
1546 2284 1676 2324 lumen
1696 2284 1818 2328 citae,
1839 2282 1911 2320 lin-

1045 2344 1116 2395 qui
1129 2342 1260 2382 lumen
1278 2343 1382 2382 vitae
1399 2340 1556 2386 similia,
1583 2354 1657 2378 non
1682 2352 1795 2384 vero,
1821 2352 1912 2378 con-

1042 2399 1156 2438 stetui
1185 2399 1227 2437 in
1259 2399 1407 2438 lumine
1438 2398 1557 2443 ritae,
1588 2396 1661 2434 sed
1693 2396 1837 2448 optime
1862 2395 1912 2433 ad

1042 2456 1182 2509 finitae
1208 2455 1310 2495 lucis
1335 2455 1453 2494 limen
1470 2454 1644 2504 pervenit
1668 2451 1748 2497 ille,
1774 2451 1836 2503 qui
1862 2450 1913 2490 ad

1044 2512 1214 2551 ultimam
1251 2511 1355 2549 vitae
1390 2514 1533 2548 metam
1562 2510 1773 2561 processit,
1808 2507 1912 2545 undo

1045 2569 1081 2606 ei
1105 2569 1234 2606 statim
1260 2571 1504 2619 opponuntur
1523 2579 1650 2605 novae
1669 2565 1812 2605 salutis
1824 2578 1911 2604 cur-

1044 2624 1195 2671 ricula,
1225 2623 1289 2662 vel
1322 2624 1433 2674 quasi
1463 2636 1485 2660 e
1515 2622 1655 2661 domus
1681 2620 1810 2660 limine
1834 2634 1911 2672 quo

1044 2681 1173 2721 adhuc
1203 2681 1444 2720 constituitur
1484 2680 1635 2717 iamiam
1667 2691 1689 2716 e
1722 2678 1802 2717 vita
1833 2677 1912 2715 exi-

1044 2742 1152 2776 turus
1177 2741 1257 2785 est3
1295 2736 1342 2776 cf.
1373 2736 1424 2774 de
1455 2736 1621 2775 dictione
1648 2734 1767 2773 limen
1792 2734 1910 2779 vitae,

1047 2794 1150 2834 lucis
1169 2794 1294 2845 ipsum
1315 2791 1415 2832 Pric.
1430 2796 1469 2830 et
1481 2792 1611 2831 Burm.
1626 2791 1676 2829 ad
1690 2790 1795 2841 Virg.
1810 2791 1910 2828 Aen.

1044 2849 1111 2889 Vl.
1127 2853 1221 2891 829.
1234 2850 1285 2889 ad
1297 2849 1415 2888 Rutil.
1430 2847 1455 2887 Ι,
1470 2852 1536 2889 25.
1560 2847 1779 2898 Wopkens.
1793 2846 1909 2884 Misc.

1046 2906 1217 2947 Observ.
1240 2906 1330 2945 Vol.
1345 2905 1412 2944 IV.
1437 2919 1475 2957 p.
1490 2907 1583 2945 267.
1610 2903 1682 2943 Sil.
1706 2902 1789 2941 Ital.
1808 2900 1911 2940 Xlll.

1047 2967 1140 3004 548.
1166 2963 1388 3015 turbaeque
1411 2962 1454 3000 in
1479 2961 1644 3000 limine
1668 2959 1793 2999 lucis
1837 2958 1914 2997 Est

1045 3021 1122 3059 iter
1151 3020 1384 3058 exstinctae.
1456 3016 1596 3056 Contra
1625 3015 1743 3054 limen
1772 3015 1912 3062 mortis

1046 3088 1191 3127 saepe,
1203 3079 1246 3114 ut
1258 3072 1444 3113 Plin.V11.
1461 3077 1524 3114 44.
1552 3071 1674 3112 Sil.V.
1688 3074 1782 3113 423.
1801 3068 1912 3111 XIV.

1048 3136 1141 3175 444.
1164 3130 1309 3171 Nullus
1334 3130 1417 3169 fere
1441 3129 1551 3169 locus
1580 3131 1659 3175 est,
1691 3140 1767 3179 quo
1793 3127 1912 3168 limen
