<?xml version="1.0" encoding="UTF-8"?>
<!DOCTYPE html PUBLIC "-//W3C//DTD XHTML 1.0 Transitional//EN"
    "http://www.w3.org/TR/xhtml1/DTD/xhtml1-transitional.dtd">
<html xmlns="http://www.w3.org/1999/xhtml" xml:lang="en" lang="en">
 <head>
  <title>
</title>
<meta http-equiv="Content-Type" content="text/html;charset=utf-8" />
  <meta name='ocr-system' content='tesseract 3.04.00' />
  <meta name='ocr-capabilities' content='ocr_page ocr_carea ocr_par ocr_line ocrx_word'/>
</head>
<body>
  <div class='ocr_page' id='page_1' title='image "./operaomnia01apuluoft/operaomnia01apuluoft_0844.png"; bbox 0 0 2221 3667; ppageno 0'>
   <div class='ocr_carea' id='block_1_1' title="bbox 333 179 415 221">
    <p class='ocr_par' dir='ltr' id='par_1_1' title="bbox 333 179 415 221">
     <span class='ocr_line' id='line_1_1' title="bbox 333 179 415 221; baseline 0 0"><span class='ocrx_word' id='word_1_1' title='bbox 333 179 415 221; x_wconf 81' lang='lat'><strong>640</strong></span> 
     </span>
    </p>
   </div>
   <div class='ocr_carea' id='block_1_2' title="bbox 597 169 1895 216">
    <p class='ocr_par' dir='ltr' id='par_1_2' title="bbox 597 169 1895 216">
     <span class='ocr_line' id='line_1_2' title="bbox 597 169 1895 216; baseline -0.005 0"><span class='ocrx_word' id='word_1_2' title='bbox 597 176 645 216; x_wconf 74' lang='lat'><strong>1..</strong></span> <span class='ocrx_word' id='word_1_3' title='bbox 675 174 896 215; x_wconf 87' lang='lat' dir='ltr'>APULEII</span> <span class='ocrx_word' id='word_1_4' title='bbox 924 169 1324 214; x_wconf 85' lang='lat' dir='ltr'><strong>MADAURENSIS</strong></span> <span class='ocrx_word' id='word_1_5' title='bbox 1355 169 1895 212; x_wconf 88' lang='lat' dir='ltr'><strong>METAMORPHOSEON</strong></span> 
     </span>
    </p>
   </div>
   <div class='ocr_carea' id='block_1_3' title="bbox 334 281 2126 396">
    <p class='ocr_par' dir='ltr' id='par_1_3' title="bbox 334 281 2126 396">
     <span class='ocr_line' id='line_1_3' title="bbox 335 281 2126 341; baseline -0.004 -10"><span class='ocrx_word' id='word_1_6' title='bbox 335 303 508 332; x_wconf 90' lang='lat' dir='ltr'><strong>amorem</strong></span> <span class='ocrx_word' id='word_1_7' title='bbox 520 294 560 329; x_wconf 84' lang='lat' dir='ltr'><strong>et</strong></span> <span class='ocrx_word' id='word_1_8' title='bbox 573 287 758 341; x_wconf 83' lang='lat' dir='ltr'><strong>denegati</strong></span> <span class='ocrx_word' id='word_1_9' title='bbox 772 286 932 327; x_wconf 81' lang='lat' dir='ltr'>thalami</span> <span class='ocrx_word' id='word_1_10' title='bbox 944 284 1185 340; x_wconf 81' lang='lat' dir='ltr'>permiscens</span> <span class='ocrx_word' id='word_1_11' title='bbox 1198 281 1508 336; x_wconf 82' lang='lat' dir='ltr'><strong>indignationem</strong></span> <span class='ocrx_word' id='word_1_12' title='bbox 1519 313 1530 333; x_wconf 83' lang='lat'>‚</span> <span class='ocrx_word' id='word_1_13' title='bbox 1558 289 1722 322; x_wconf 81' lang='lat' dir='ltr'><strong>cruento</strong></span> <span class='ocrx_word' id='word_1_14' title='bbox 1737 283 1903 324; x_wconf 85' lang='lat' dir='ltr'><strong>facinori</strong></span> <span class='ocrx_word' id='word_1_15' title='bbox 1916 284 2126 338; x_wconf 75' lang='lat' dir='ltr'><strong>quaerebat</strong></span> 
     </span>
     <span class='ocr_line' id='line_1_4' title="bbox 334 337 2126 396; baseline -0.004 -8"><span class='ocrx_word' id='word_1_16' title='bbox 334 359 551 388; x_wconf 86' lang='lat' dir='ltr'><strong>accessum.</strong></span> <span class='ocrx_word' id='word_1_17' title='bbox 575 342 763 385; x_wconf 83' lang='lat' dir='ltr'><strong>Nanctus</strong></span> <span class='ocrx_word' id='word_1_18' title='bbox 787 343 954 396; x_wconf 88' lang='lat' dir='ltr'><strong>denique</strong></span> <span class='ocrx_word' id='word_1_19' title='bbox 980 338 1229 395; x_wconf 86' lang='lat' dir='ltr'><strong>praescntiae</strong></span> <span class='ocrx_word' id='word_1_20' title='bbox 1253 351 1348 379; x_wconf 86' lang='lat' dir='ltr'><strong>suae</strong></span> <span class='ocrx_word' id='word_1_21' title='bbox 1375 337 1651 392; x_wconf 77' lang='lat' dir='ltr'><strong>tempestiuam</strong></span> <span class='ocrx_word' id='word_1_22' title='bbox 1675 339 1943 390; x_wconf 81' lang='lat' dir='ltr'><strong>occasionem,</strong></span> <span class='ocrx_word' id='word_1_23' title='bbox 1970 341 2126 390; x_wconf 76' lang='lat' dir='ltr'><strong>sceleri,</strong></span> 
     </span>
    </p>
   </div>
   <div class='ocr_carea' id='block_1_4' title="bbox 330 465 2134 602">
    <p class='ocr_par' dir='ltr' id='par_1_4' title="bbox 330 465 2134 602">
     <span class='ocr_line' id='line_1_5' title="bbox 335 465 2128 512; baseline -0.004 -10"><span class='ocrx_word' id='word_1_24' title='bbox 335 473 453 512; x_wconf 76' lang='lat' dir='ltr'><strong>negati</strong></span> <span class='ocrx_word' id='word_1_25' title='bbox 464 475 500 502; x_wconf 89' lang='lat' dir='ltr'><strong>G.</strong></span> <span class='ocrx_word' id='word_1_26' title='bbox 514 475 545 502; x_wconf 84' lang='grc'><strong>2.</strong></span> <span class='ocrx_word' id='word_1_27' title='bbox 559 474 596 502; x_wconf 87' lang='lat' dir='ltr'><strong>P.</strong></span> <span class='ocrx_word' id='word_1_28' title='bbox 612 473 650 501; x_wconf 91' lang='lat' dir='ltr'><strong>D.</strong></span> <span class='ocrx_word' id='word_1_29' title='bbox 695 469 919 509; x_wconf 60' lang='lat' dir='ltr'><strong>permixtiones</strong></span> <span class='ocrx_word' id='word_1_30' title='bbox 932 469 968 497; x_wconf 88' lang='lat' dir='ltr'><strong>L.</strong></span> <span class='ocrx_word' id='word_1_31' title='bbox 983 467 1005 495; x_wconf 77' lang='lat' dir='ltr'><strong>r.</strong></span> <span class='ocrx_word' id='word_1_32' title='bbox 1029 466 1131 496; x_wconf 86' lang='lat' dir='ltr'><strong>Aliud</strong></span> <span class='ocrx_word' id='word_1_33' title='bbox 1144 468 1261 502; x_wconf 83' lang='lat' dir='ltr'><strong>agebat</strong></span> <span class='ocrx_word' id='word_1_34' title='bbox 1274 465 1373 495; x_wconf 80' lang='lat' dir='ltr'><strong>etiam</strong></span> <span class='ocrx_word' id='word_1_35' title='bbox 1387 465 1583 504; x_wconf 80' lang='lat' dir='ltr'><strong>sopingius‚</strong></span> <span class='ocrx_word' id='word_1_36' title='bbox 1609 466 1751 494; x_wconf 86' lang='lat' dir='ltr'><strong>allinens</strong></span> <span class='ocrx_word' id='word_1_37' title='bbox 1764 466 1903 501; x_wconf 85' lang='lat' dir='ltr'><strong>margini</strong></span> <span class='ocrx_word' id='word_1_38' title='bbox 1919 466 2128 503; x_wconf 73' lang='lat' dir='ltr'><strong>permittens.</strong></span> 
     </span>
     <span class='ocr_line' id='line_1_6' title="bbox 330 510 2134 558; baseline -0.006 -11"><span class='ocrx_word' id='word_1_39' title='bbox 330 519 535 558; x_wconf 67' lang='lat' dir='ltr'><strong>permiscens</strong></span> <span class='ocrx_word' id='word_1_40' title='bbox 555 520 591 547; x_wconf 82' lang='lat' dir='ltr'><strong>G.</strong></span> <span class='ocrx_word' id='word_1_41' title='bbox 607 519 637 546; x_wconf 90' lang='lat'><strong>1.</strong></span> <span class='ocrx_word' id='word_1_42' title='bbox 673 518 734 547; x_wconf 82' lang='lat' dir='ltr'><strong>Vir</strong></span> <span class='ocrx_word' id='word_1_43' title='bbox 752 518 865 545; x_wconf 86' lang='lat' dir='ltr'><strong>doctus</strong></span> <span class='ocrx_word' id='word_1_44' title='bbox 883 514 917 542; x_wconf 89' lang='lat' dir='ltr'><strong>in</strong></span> <span class='ocrx_word' id='word_1_45' title='bbox 936 520 1039 547; x_wconf 84' lang='lat' dir='ltr'><strong>marg.</strong></span> <span class='ocrx_word' id='word_1_46' title='bbox 1050 512 1180 541; x_wconf 82' lang='lat' dir='ltr'><strong>Vicent.</strong></span> <span class='ocrx_word' id='word_1_47' title='bbox 1198 518 1290 541; x_wconf 87' lang='lat' dir='ltr'><strong>meae</strong></span> <span class='ocrx_word' id='word_1_48' title='bbox 1308 510 1534 540; x_wconf 74' lang='lat' dir='ltr'><strong>reminiscens.</strong></span> <span class='ocrx_word' id='word_1_49' title='bbox 1581 514 1727 538; x_wconf 78' lang='lat' dir='ltr'><strong>nanctus</strong></span> <span class='ocrx_word' id='word_1_50' title='bbox 1740 512 1777 540; x_wconf 86' lang='lat' dir='ltr'><strong>F.</strong></span> <span class='ocrx_word' id='word_1_51' title='bbox 1791 513 1822 540; x_wconf 85' lang='grc'><strong>3.</strong></span> <span class='ocrx_word' id='word_1_52' title='bbox 1857 513 1894 540; x_wconf 88' lang='lat' dir='ltr'><strong>ln</strong></span> <span class='ocrx_word' id='word_1_53' title='bbox 1913 515 1987 540; x_wconf 78' lang='lat' dir='ltr'><strong>ceu.</strong></span> <span class='ocrx_word' id='word_1_54' title='bbox 2000 515 2134 540; x_wconf 70' lang='lat' dir='ltr'><strong>nactus,</strong></span> 
     </span>
     <span class='ocr_line' id='line_1_7' title="bbox 334 555 2132 602; baseline -0.006 -9"><span class='ocrx_word' id='word_1_55' title='bbox 334 567 525 602; x_wconf 73' lang='lat' dir='ltr'><strong>nactusque</strong></span> <span class='ocrx_word' id='word_1_56' title='bbox 548 562 688 600; x_wconf 79' lang='lat' dir='ltr'><strong>denique</strong></span> <span class='ocrx_word' id='word_1_57' title='bbox 713 564 750 590; x_wconf 83' lang='lat' dir='ltr'><strong>G.</strong></span> <span class='ocrx_word' id='word_1_58' title='bbox 770 562 802 589; x_wconf 82' lang='lat'><strong>2.</strong></span> <span class='ocrx_word' id='word_1_59' title='bbox 826 561 865 588; x_wconf 87' lang='lat'><strong>1).</strong></span> <span class='ocrx_word' id='word_1_60' title='bbox 890 559 927 586; x_wconf 90' lang='lat' dir='ltr'><strong>P.</strong></span> <span class='ocrx_word' id='word_1_61' title='bbox 953 558 1035 586; x_wconf 85' lang='lat' dir='ltr'><strong>coll.</strong></span> <span class='ocrx_word' id='word_1_62' title='bbox 1058 557 1156 586; x_wconf 84' lang='lat' dir='ltr'><strong>Voss.</strong></span> <span class='ocrx_word' id='word_1_63' title='bbox 1203 559 1329 593; x_wconf 65' lang='grc' dir='ltr'>παρίης</span> <span class='ocrx_word' id='word_1_64' title='bbox 1354 557 1390 585; x_wconf 90' lang='grc' dir='ltr'><strong>Ο.</strong></span> <span class='ocrx_word' id='word_1_65' title='bbox 1439 555 1675 593; x_wconf 76' lang='lat' dir='ltr'><strong>tempestillam</strong></span> <span class='ocrx_word' id='word_1_66' title='bbox 1699 557 1736 585; x_wconf 78' lang='lat' dir='ltr'><strong>F.</strong></span> <span class='ocrx_word' id='word_1_67' title='bbox 1758 558 1787 584; x_wconf 86' lang='lat'><strong>1.</strong></span> <span class='ocrx_word' id='word_1_68' title='bbox 1808 558 1839 584; x_wconf 88' lang='grc'><strong>3.</strong></span> <span class='ocrx_word' id='word_1_69' title='bbox 1865 558 1900 585; x_wconf 88' lang='lat' dir='ltr'><strong>G.</strong></span> <span class='ocrx_word' id='word_1_70' title='bbox 1928 559 1956 586; x_wconf 90' lang='lat'><strong>1.</strong></span> <span class='ocrx_word' id='word_1_71' title='bbox 1982 558 2014 586; x_wconf 82' lang='lat'><strong>2.</strong></span> <span class='ocrx_word' id='word_1_72' title='bbox 2039 566 2071 591; x_wconf 84' lang='grc' dir='ltr'><strong>φ.</strong></span> <span class='ocrx_word' id='word_1_73' title='bbox 2097 558 2132 586; x_wconf 87' lang='grc' dir='ltr'><strong>Ο,</strong></span> 
     </span>
    </p>
   </div>
   <div class='ocr_carea' id='block_1_5' title="bbox 335 601 1547 647">
    <p class='ocr_par' dir='ltr' id='par_1_5' title="bbox 335 601 1547 647">
     <span class='ocr_line' id='line_1_8' title="bbox 335 601 1547 647; baseline -0.008 -9"><span class='ocrx_word' id='word_1_74' title='bbox 335 609 541 647; x_wconf 79' lang='lat' dir='ltr'><strong>tepestillam</strong></span> <span class='ocrx_word' id='word_1_75' title='bbox 564 609 603 637; x_wconf 89' lang='lat' dir='ltr'><strong>D.</strong></span> <span class='ocrx_word' id='word_1_76' title='bbox 641 604 831 644; x_wconf 77' lang='lat' dir='ltr'><strong>postz&#39;bz&#39;lem</strong></span> <span class='ocrx_word' id='word_1_77' title='bbox 857 604 925 632; x_wconf 88' lang='lat' dir='ltr'><strong>cod.</strong></span> <span class='ocrx_word' id='word_1_78' title='bbox 948 604 1068 631; x_wconf 83' lang='lat' dir='ltr'><strong>Incert.</strong></span> <span class='ocrx_word' id='word_1_79' title='bbox 1101 603 1139 630; x_wconf 91' lang='lat' dir='ltr'><strong>In</strong></span> <span class='ocrx_word' id='word_1_80' title='bbox 1163 602 1280 631; x_wconf 78' lang='lat' dir='ltr'><strong>ceteris</strong></span> <span class='ocrx_word' id='word_1_81' title='bbox 1306 601 1547 637; x_wconf 71' lang='lat' dir='ltr'><strong>tempestivam.</strong></span> 
     </span>
    </p>
   </div>
   <div class='ocr_carea' id='block_1_6' title="bbox 1601 601 2134 638">
    <p class='ocr_par' dir='ltr' id='par_1_6' title="bbox 1601 601 2134 638">
     <span class='ocr_line' id='line_1_9' title="bbox 1601 601 2134 638; baseline 0.008 -11"><span class='ocrx_word' id='word_1_82' title='bbox 1601 601 1804 638; x_wconf 75' lang='lat' dir='ltr'><strong>praesentia</strong></span> <span class='ocrx_word' id='word_1_83' title='bbox 1827 608 1891 629; x_wconf 72' lang='lat' dir='ltr'><strong>sua</strong></span> <span class='ocrx_word' id='word_1_84' title='bbox 1915 603 1951 631; x_wconf 84' lang='lat' dir='ltr'><strong>G.</strong></span> <span class='ocrx_word' id='word_1_85' title='bbox 1975 603 2007 630; x_wconf 78' lang='lat'><strong>2.</strong></span> <span class='ocrx_word' id='word_1_86' title='bbox 2033 602 2070 631; x_wconf 91' lang='grc' dir='ltr'><strong>Ρ.</strong></span> <span class='ocrx_word' id='word_1_87' title='bbox 2095 603 2134 631; x_wconf 88' lang='lat' dir='ltr'><strong>D.</strong></span> 
     </span>
    </p>
   </div>
   <div class='ocr_carea' id='block_1_7' title="bbox 335 645 2135 688">
    <p class='ocr_par' dir='ltr' id='par_1_7' title="bbox 335 645 2135 688">
     <span class='ocr_line' id='line_1_10' title="bbox 335 645 2135 688; baseline -0.006 -4"><span class='ocrx_word' id='word_1_88' title='bbox 335 654 424 684; x_wconf 79' lang='lat' dir='ltr'><strong>Nam</strong></span> <span class='ocrx_word' id='word_1_89' title='bbox 449 657 591 684; x_wconf 82' lang='lat' dir='ltr'><strong>cunctus</strong></span> <span class='ocrx_word' id='word_1_90' title='bbox 616 651 754 688; x_wconf 75' lang='lat' dir='ltr'><strong>denique</strong></span> <span class='ocrx_word' id='word_1_91' title='bbox 779 655 861 677; x_wconf 87' lang='lat' dir='ltr'><strong>suae</strong></span> <span class='ocrx_word' id='word_1_92' title='bbox 888 645 1123 684; x_wconf 78' lang='lat' dir='ltr'><strong>tempestillam</strong></span> <span class='ocrx_word' id='word_1_93' title='bbox 1149 645 1358 674; x_wconf 74' lang='lat' dir='ltr'><strong>occasionem</strong></span> <span class='ocrx_word' id='word_1_94' title='bbox 1378 645 1600 682; x_wconf 79' lang='lat' dir='ltr'><strong>praesentiae</strong></span> <span class='ocrx_word' id='word_1_95' title='bbox 1619 648 1655 675; x_wconf 86' lang='lat' dir='ltr'><strong>G.</strong></span> <span class='ocrx_word' id='word_1_96' title='bbox 1677 645 1706 674; x_wconf 90' lang='lat'><strong>1.</strong></span> <span class='ocrx_word' id='word_1_97' title='bbox 1741 648 1779 675; x_wconf 87' lang='lat' dir='ltr'><strong>In</strong></span> <span class='ocrx_word' id='word_1_98' title='bbox 1803 647 1838 675; x_wconf 92' lang='lat'><strong>0.</strong></span> <span class='ocrx_word' id='word_1_99' title='bbox 1865 647 1986 682; x_wconf 79' lang='lat' dir='ltr'><strong>legitur</strong></span> <span class='ocrx_word' id='word_1_100' title='bbox 2009 649 2135 683; x_wconf 81' lang='lat' dir='ltr'><strong>nuptus</strong></span> 
     </span>
    </p>
   </div>
   <div class='ocr_carea' id='block_1_8' title="bbox 334 689 1953 738">
    <p class='ocr_par' dir='ltr' id='par_1_8' title="bbox 334 689 1953 738">
     <span class='ocr_line' id='line_1_11' title="bbox 334 689 1953 738; baseline -0.006 -8"><span class='ocrx_word' id='word_1_101' title='bbox 334 699 474 738; x_wconf 77' lang='lat' dir='ltr'><strong>denique</strong></span> <span class='ocrx_word' id='word_1_102' title='bbox 501 696 736 735; x_wconf 76' lang='lat' dir='ltr'><strong>tempestillam</strong></span> <span class='ocrx_word' id='word_1_103' title='bbox 760 692 969 722; x_wconf 76' lang='lat' dir='ltr'><strong>occasionem</strong></span> <span class='ocrx_word' id='word_1_104' title='bbox 988 691 1220 730; x_wconf 76' lang='lat' dir='ltr'><strong>praesentiae.</strong></span> <span class='ocrx_word' id='word_1_105' title='bbox 1259 689 1444 721; x_wconf 74' lang='lat' dir='ltr'><strong>Occasione</strong></span> <span class='ocrx_word' id='word_1_106' title='bbox 1468 691 1549 720; x_wconf 82' lang='lat' dir='ltr'><strong>vitio</strong></span> <span class='ocrx_word' id='word_1_107' title='bbox 1568 693 1808 728; x_wconf 77' lang='lat' dir='ltr'><strong>typothetarum</strong></span> <span class='ocrx_word' id='word_1_108' title='bbox 1825 691 1953 721; x_wconf 82' lang='lat' dir='ltr'><strong>Vicent.</strong></span> 
     </span>
    </p>
   </div>
   <div class='ocr_carea' id='block_1_9' title="bbox 335 740 642 776">
    <p class='ocr_par' dir='ltr' id='par_1_9' title="bbox 335 740 642 776">
     <span class='ocr_line' id='line_1_12' title="bbox 335 740 642 776; baseline -0.02 1"><span class='ocrx_word' id='word_1_109' title='bbox 335 748 372 776; x_wconf 90' lang='lat' dir='ltr'><strong>G.</strong></span> <span class='ocrx_word' id='word_1_110' title='bbox 387 748 461 776; x_wconf 78' lang='lat'><strong>1.2.</strong></span> <span class='ocrx_word' id='word_1_111' title='bbox 476 747 511 775; x_wconf 95' lang='grc' dir='ltr'><strong>Ο.</strong></span> <span class='ocrx_word' id='word_1_112' title='bbox 524 746 563 773; x_wconf 91' lang='lat' dir='ltr'><strong>D.</strong></span> <span class='ocrx_word' id='word_1_113' title='bbox 576 744 598 772; x_wconf 81' lang='lat' dir='ltr'><strong>f.</strong></span> <span class='ocrx_word' id='word_1_114' title='bbox 613 740 642 772; x_wconf 76' lang='grc' dir='ltr'><strong>ὃ.</strong></span> 
     </span>
    </p>
   </div>
   <div class='ocr_carea' id='block_1_10' title="bbox 334 845 1214 1526">
    <p class='ocr_par' dir='ltr' id='par_1_10' title="bbox 334 845 1214 1526">
     <span class='ocr_line' id='line_1_13' title="bbox 334 845 1206 908; baseline -0.013 -13"><span class='ocrx_word' id='word_1_115' title='bbox 334 854 547 908; x_wconf 82' lang='lat' dir='ltr'><strong>Apuleium</strong></span> <span class='ocrx_word' id='word_1_116' title='bbox 572 851 734 890; x_wconf 85' lang='lat' dir='ltr'><strong>sormam</strong></span> <span class='ocrx_word' id='word_1_117' title='bbox 760 849 927 888; x_wconf 80' lang='lat' dir='ltr'><strong>deorsus</strong></span> <span class='ocrx_word' id='word_1_118' title='bbox 957 845 1206 899; x_wconf 85' lang='lat' dir='ltr'><strong>praetulisse,</strong></span> 
     </span>
     <span class='ocr_line' id='line_1_14' title="bbox 336 903 1210 964; baseline -0.013 -12"><span class='ocrx_word' id='word_1_119' title='bbox 336 925 438 964; x_wconf 87' lang='lat' dir='ltr'><strong>quae</strong></span> <span class='ocrx_word' id='word_1_120' title='bbox 463 922 580 962; x_wconf 91' lang='lat' dir='ltr'><strong>quum</strong></span> <span class='ocrx_word' id='word_1_121' title='bbox 597 922 621 946; x_wconf 89' lang='lat' dir='ltr'><strong>a</strong></span> <span class='ocrx_word' id='word_1_122' title='bbox 635 905 830 946; x_wconf 83' lang='lat' dir='ltr'><strong>nonnullis</strong></span> <span class='ocrx_word' id='word_1_123' title='bbox 847 903 1009 943; x_wconf 78' lang='lat' dir='ltr'><strong>librariis</strong></span> <span class='ocrx_word' id='word_1_124' title='bbox 1029 904 1210 942; x_wconf 81' lang='lat' dir='ltr'><strong>inusitata</strong></span> 
     </span>
     <span class='ocr_line' id='line_1_15' title="bbox 335 961 1211 1013; baseline -0.01 -6"><span class='ocrx_word' id='word_1_125' title='bbox 335 969 561 1010; x_wconf 87' lang='lat' dir='ltr'><strong>haberetur,</strong></span> <span class='ocrx_word' id='word_1_126' title='bbox 597 965 634 1003; x_wconf 90' lang='lat' dir='ltr'><strong>in</strong></span> <span class='ocrx_word' id='word_1_127' title='bbox 665 963 783 1013; x_wconf 81' lang='lat' dir='ltr'><strong>longe</strong></span> <span class='ocrx_word' id='word_1_128' title='bbox 812 962 995 1001; x_wconf 88' lang='lat' dir='ltr'><strong>tritiorem</strong></span> <span class='ocrx_word' id='word_1_129' title='bbox 1022 961 1211 1000; x_wconf 81' lang='lat' dir='ltr'><strong>deorsum</strong></span> 
     </span>
     <span class='ocr_line' id='line_1_16' title="bbox 336 1016 1211 1071; baseline -0.01 -8"><span class='ocrx_word' id='word_1_130' title='bbox 336 1027 484 1063; x_wconf 78' lang='lat' dir='ltr'><strong>mutata</strong></span> <span class='ocrx_word' id='word_1_131' title='bbox 497 1025 569 1060; x_wconf 88' lang='lat' dir='ltr'><strong>est.</strong></span> <span class='ocrx_word' id='word_1_132' title='bbox 607 1020 651 1059; x_wconf 92' lang='lat' dir='ltr'><strong>Si</strong></span> <span class='ocrx_word' id='word_1_133' title='bbox 670 1019 763 1071; x_wconf 87' lang='lat' dir='ltr'><strong>quid</strong></span> <span class='ocrx_word' id='word_1_134' title='bbox 777 1019 826 1057; x_wconf 89' lang='lat' dir='ltr'><strong>de</strong></span> <span class='ocrx_word' id='word_1_135' title='bbox 841 1017 1061 1056; x_wconf 89' lang='lat' dir='ltr'><strong>discrimine</strong></span> <span class='ocrx_word' id='word_1_136' title='bbox 1074 1016 1211 1055; x_wconf 86' lang='lat' dir='ltr'><strong>utrius-</strong></span> 
     </span>
     <span class='ocr_line' id='line_1_17' title="bbox 337 1072 1213 1133; baseline -0.009 -15"><span class='ocrx_word' id='word_1_137' title='bbox 337 1094 414 1133; x_wconf 87' lang='lat' dir='ltr'><strong>que</strong></span> <span class='ocrx_word' id='word_1_138' title='bbox 444 1079 554 1117; x_wconf 89' lang='lat' dir='ltr'><strong>vocis</strong></span> <span class='ocrx_word' id='word_1_139' title='bbox 580 1090 630 1115; x_wconf 86' lang='lat' dir='ltr'><strong>ex</strong></span> <span class='ocrx_word' id='word_1_140' title='bbox 660 1076 814 1115; x_wconf 90' lang='lat' dir='ltr'><strong>duobus</strong></span> <span class='ocrx_word' id='word_1_141' title='bbox 847 1074 945 1112; x_wconf 74' lang='lat' dir='ltr'><strong>locis</strong></span> <span class='ocrx_word' id='word_1_142' title='bbox 976 1072 1141 1126; x_wconf 87' lang='lat' dir='ltr'><strong>proferri</strong></span> <span class='ocrx_word' id='word_1_143' title='bbox 1171 1072 1213 1111; x_wconf 90' lang='lat' dir='ltr'><strong>li-</strong></span> 
     </span>
     <span class='ocr_line' id='line_1_18' title="bbox 336 1129 1213 1182; baseline -0.01 -6"><span class='ocrx_word' id='word_1_144' title='bbox 336 1141 443 1182; x_wconf 83' lang='lat' dir='ltr'><strong>ceat,</strong></span> <span class='ocrx_word' id='word_1_145' title='bbox 468 1137 565 1174; x_wconf 87' lang='lat' dir='ltr'><strong>inter</strong></span> <span class='ocrx_word' id='word_1_146' title='bbox 590 1134 760 1173; x_wconf 80' lang='lat' dir='ltr'><strong>deorsus</strong></span> <span class='ocrx_word' id='word_1_147' title='bbox 784 1135 824 1170; x_wconf 90' lang='lat' dir='ltr'><strong>et</strong></span> <span class='ocrx_word' id='word_1_148' title='bbox 842 1131 1030 1170; x_wconf 77' lang='lat' dir='ltr'><strong>deorsum</strong></span> <span class='ocrx_word' id='word_1_149' title='bbox 1055 1142 1106 1167; x_wconf 88' lang='lat' dir='ltr'><strong>ex</strong></span> <span class='ocrx_word' id='word_1_150' title='bbox 1125 1129 1213 1169; x_wconf 90' lang='lat' dir='ltr'><strong>soni</strong></span> 
     </span>
     <span class='ocr_line' id='line_1_19' title="bbox 336 1185 1213 1239; baseline -0.01 -6"><span class='ocrx_word' id='word_1_151' title='bbox 336 1197 484 1233; x_wconf 84' lang='lat' dir='ltr'><strong>tantum</strong></span> <span class='ocrx_word' id='word_1_152' title='bbox 519 1190 756 1229; x_wconf 88' lang='lat' dir='ltr'><strong>iucunditate</strong></span> <span class='ocrx_word' id='word_1_153' title='bbox 785 1186 997 1239; x_wconf 87' lang='lat' dir='ltr'><strong>Apuleium</strong></span> <span class='ocrx_word' id='word_1_154' title='bbox 1034 1185 1213 1237; x_wconf 80' lang='lat' dir='ltr'><strong>elegisse</strong></span> 
     </span>
     <span class='ocr_line' id='line_1_20' title="bbox 336 1242 1214 1298; baseline -0.01 -9"><span class='ocrx_word' id='word_1_155' title='bbox 336 1251 536 1294; x_wconf 83' lang='lat' dir='ltr'><strong>existimo,</strong></span> <span class='ocrx_word' id='word_1_156' title='bbox 564 1247 668 1298; x_wconf 91' lang='lat' dir='ltr'><strong>quod</strong></span> <span class='ocrx_word' id='word_1_157' title='bbox 686 1245 782 1284; x_wconf 89' lang='lat' dir='ltr'><strong>Met.</strong></span> <span class='ocrx_word' id='word_1_158' title='bbox 797 1242 902 1282; x_wconf 86' lang='lat' dir='ltr'>VIII.</span> <span class='ocrx_word' id='word_1_159' title='bbox 927 1256 965 1294; x_wconf 93' lang='lat' dir='ltr'><strong>p.</strong></span> <span class='ocrx_word' id='word_1_160' title='bbox 979 1247 1075 1284; x_wconf 84' lang='lat'><strong>544.</strong></span> <span class='ocrx_word' id='word_1_161' title='bbox 1099 1246 1140 1280; x_wconf 89' lang='lat' dir='ltr'><strong>et</strong></span> <span class='ocrx_word' id='word_1_162' title='bbox 1163 1242 1214 1281; x_wconf 87' lang='lat' dir='ltr'><strong>de</strong></span> 
     </span>
     <span class='ocr_line' id='line_1_21' title="bbox 336 1300 1212 1355; baseline -0.011 -9"><span class='ocrx_word' id='word_1_163' title='bbox 336 1307 427 1346; x_wconf 83' lang='lat' dir='ltr'><strong>Deo</strong></span> <span class='ocrx_word' id='word_1_164' title='bbox 454 1305 565 1344; x_wconf 87' lang='lat' dir='ltr'><strong>Socr.</strong></span> <span class='ocrx_word' id='word_1_165' title='bbox 594 1317 631 1355; x_wconf 90' lang='lat' dir='ltr'><strong>p.</strong></span> <span class='ocrx_word' id='word_1_166' title='bbox 657 1306 749 1343; x_wconf 83' lang='lat'><strong>142.</strong></span> <span class='ocrx_word' id='word_1_167' title='bbox 781 1300 1026 1352; x_wconf 85' lang='lat' dir='ltr'><strong>comprobari</strong></span> <span class='ocrx_word' id='word_1_168' title='bbox 1051 1300 1212 1346; x_wconf 81' lang='lat' dir='ltr'><strong>videtur,</strong></span> 
     </span>
     <span class='ocr_line' id='line_1_22' title="bbox 338 1357 1211 1415; baseline -0.01 -13"><span class='ocrx_word' id='word_1_169' title='bbox 338 1374 573 1415; x_wconf 85' lang='lat' dir='ltr'><strong>quamquam</strong></span> <span class='ocrx_word' id='word_1_170' title='bbox 604 1373 679 1398; x_wconf 89' lang='lat' dir='ltr'><strong>non</strong></span> <span class='ocrx_word' id='word_1_171' title='bbox 711 1359 746 1397; x_wconf 91' lang='lat' dir='ltr'><strong>is</strong></span> <span class='ocrx_word' id='word_1_172' title='bbox 777 1370 865 1396; x_wconf 89' lang='lat' dir='ltr'><strong>sum</strong></span> <span class='ocrx_word' id='word_1_173' title='bbox 890 1357 954 1407; x_wconf 84' lang='lat' dir='ltr'><strong>qui</strong></span> <span class='ocrx_word' id='word_1_174' title='bbox 979 1357 1094 1395; x_wconf 82' lang='lat' dir='ltr'><strong>istam</strong></span> <span class='ocrx_word' id='word_1_175' title='bbox 1120 1368 1211 1406; x_wconf 89' lang='lat' dir='ltr'><strong>qua-</strong></span> 
     </span>
     <span class='ocr_line' id='line_1_23' title="bbox 338 1412 1211 1470; baseline -0.009 -12"><span class='ocrx_word' id='word_1_176' title='bbox 338 1419 570 1470; x_wconf 80' lang='lat' dir='ltr'><strong>lemcunque</strong></span> <span class='ocrx_word' id='word_1_177' title='bbox 594 1415 909 1455; x_wconf 86' lang='lat' dir='ltr'><strong>observationem</strong></span> <span class='ocrx_word' id='word_1_178' title='bbox 933 1412 1114 1464; x_wconf 82' lang='lat' dir='ltr'><strong>cuiquam</strong></span> <span class='ocrx_word' id='word_1_179' title='bbox 1144 1412 1211 1451; x_wconf 89' lang='lat' dir='ltr'><strong>ob-</strong></span> 
     </span>
     <span class='ocr_line' id='line_1_24' title="bbox 337 1471 673 1526; baseline -0.012 -10"><span class='ocrx_word' id='word_1_180' title='bbox 337 1476 494 1515; x_wconf 85' lang='lat' dir='ltr'><strong>trudere</strong></span> <span class='ocrx_word' id='word_1_181' title='bbox 518 1471 673 1526; x_wconf 74' lang='lat' dir='ltr'><strong>velim]</strong></span> 
     </span>
    </p>
   </div>
   <div class='ocr_carea' id='block_1_11' title="bbox 397 1558 1213 1614">
    <p class='ocr_par' dir='ltr' id='par_1_11' title="bbox 397 1558 1213 1614">
     <span class='ocr_line' id='line_1_25' title="bbox 397 1558 1213 1614; baseline -0.01 -8"><span class='ocrx_word' id='word_1_182' title='bbox 397 1578 616 1606; x_wconf 85' lang='lat' dir='ltr'><strong>accessum.</strong></span> <span class='ocrx_word' id='word_1_183' title='bbox 671 1560 878 1614; x_wconf 89' lang='lat' dir='ltr'><strong>[Nostrum</strong></span> <span class='ocrx_word' id='word_1_184' title='bbox 914 1558 1043 1598; x_wconf 86' lang='lat' dir='ltr'><strong>locum</strong></span> <span class='ocrx_word' id='word_1_185' title='bbox 1078 1558 1213 1598; x_wconf 84' lang='lat' dir='ltr'><strong>Barth.</strong></span> 
     </span>
    </p>
   </div>
   <div class='ocr_carea' id='block_1_12' title="bbox 339 1613 1215 1725">
    <p class='ocr_par' dir='ltr' id='par_1_12' title="bbox 339 1613 1215 1725">
     <span class='ocr_line' id='line_1_26' title="bbox 339 1613 1215 1669; baseline -0.01 -8"><span class='ocrx_word' id='word_1_186' title='bbox 339 1623 507 1662; x_wconf 89' lang='lat' dir='ltr'><strong>Advers.</strong></span> <span class='ocrx_word' id='word_1_187' title='bbox 544 1618 657 1659; x_wconf 87' lang='lat' dir='ltr'>XIX.</span> <span class='ocrx_word' id='word_1_188' title='bbox 696 1621 761 1659; x_wconf 88' lang='lat'><strong>15.</strong></span> <span class='ocrx_word' id='word_1_189' title='bbox 792 1630 830 1669; x_wconf 92' lang='lat' dir='ltr'><strong>p.</strong></span> <span class='ocrx_word' id='word_1_190' title='bbox 858 1619 951 1657; x_wconf 82' lang='lat'><strong>993.</strong></span> <span class='ocrx_word' id='word_1_191' title='bbox 983 1613 1137 1661; x_wconf 83' lang='lat' dir='ltr'><strong>adtulit,</strong></span> <span class='ocrx_word' id='word_1_192' title='bbox 1173 1618 1215 1653; x_wconf 89' lang='lat' dir='ltr'><strong>ut</strong></span> 
     </span>
     <span class='ocr_line' id='line_1_27' title="bbox 340 1671 1214 1725; baseline -0.013 -5"><span class='ocrx_word' id='word_1_193' title='bbox 340 1692 526 1720; x_wconf 81' lang='lat' dir='ltr'><strong>accessus</strong></span> <span class='ocrx_word' id='word_1_194' title='bbox 561 1676 666 1715; x_wconf 90' lang='lat' dir='ltr'><strong>idem</strong></span> <span class='ocrx_word' id='word_1_195' title='bbox 702 1687 797 1714; x_wconf 87' lang='lat' dir='ltr'><strong>esse</strong></span> <span class='ocrx_word' id='word_1_196' title='bbox 833 1672 939 1725; x_wconf 90' lang='lat' dir='ltr'><strong>quod</strong></span> <span class='ocrx_word' id='word_1_197' title='bbox 976 1672 1114 1713; x_wconf 81' lang='lat' dir='ltr'><strong>aditus</strong></span> <span class='ocrx_word' id='word_1_198' title='bbox 1150 1671 1214 1710; x_wconf 90' lang='lat' dir='ltr'><strong>de-</strong></span> 
     </span>
    </p>
   </div>
   <div class='ocr_carea' id='block_1_13' title="bbox 339 1733 610 1786">
    <p class='ocr_par' dir='ltr' id='par_1_13' title="bbox 339 1733 610 1786">
     <span class='ocr_line' id='line_1_28' title="bbox 339 1733 610 1786; baseline -0.015 -10"><span class='ocrx_word' id='word_1_199' title='bbox 339 1733 610 1786; x_wconf 60' lang='lat' dir='ltr'><strong>monstraret]</strong></span> 
     </span>
    </p>
   </div>
   <div class='ocr_carea' id='block_1_14' title="bbox 340 1816 1215 2042">
    <p class='ocr_par' dir='ltr' id='par_1_14' title="bbox 340 1816 1215 2042">
     <span class='ocr_line' id='line_1_29' title="bbox 391 1816 1214 1878; baseline -0.011 -13"><span class='ocrx_word' id='word_1_200' title='bbox 391 1825 642 1878; x_wconf 78' lang='lat' dir='ltr'><strong>permiscens</strong></span> <span class='ocrx_word' id='word_1_201' title='bbox 677 1820 1020 1873; x_wconf 48' lang='lat' dir='ltr'><strong>indi-qnationem.</strong></span> <span class='ocrx_word' id='word_1_202' title='bbox 1071 1816 1214 1857; x_wconf 88' lang='lat' dir='ltr'><strong>Emen-</strong></span> 
     </span>
     <span class='ocr_line' id='line_1_30' title="bbox 340 1876 1215 1926; baseline -0.01 -5"><span class='ocrx_word' id='word_1_203' title='bbox 340 1883 446 1921; x_wconf 86' lang='lat' dir='ltr'><strong>davit</strong></span> <span class='ocrx_word' id='word_1_204' title='bbox 471 1880 562 1919; x_wconf 91' lang='lat' dir='ltr'><strong>olim</strong></span> <span class='ocrx_word' id='word_1_205' title='bbox 576 1877 800 1918; x_wconf 86' lang='lat' dir='ltr'><strong>Beroaldus</strong></span> <span class='ocrx_word' id='word_1_206' title='bbox 819 1876 1090 1922; x_wconf 79' lang='lat' dir='ltr'><strong>reminiscens,</strong></span> <span class='ocrx_word' id='word_1_207' title='bbox 1112 1888 1215 1926; x_wconf 87' lang='lat' dir='ltr'><strong>quae</strong></span> 
     </span>
     <span class='ocr_line' id='line_1_31' title="bbox 340 1930 1214 1987; baseline -0.011 -9"><span class='ocrx_word' id='word_1_208' title='bbox 340 1939 561 1979; x_wconf 87' lang='lat' dir='ltr'><strong>coniectura</strong></span> <span class='ocrx_word' id='word_1_209' title='bbox 585 1936 814 1987; x_wconf 82' lang='lat' dir='ltr'><strong>argumento</strong></span> <span class='ocrx_word' id='word_1_210' title='bbox 834 1936 915 1977; x_wconf 86' lang='lat' dir='ltr'><strong>est,</strong></span> <span class='ocrx_word' id='word_1_211' title='bbox 940 1945 1031 1970; x_wconf 87' lang='lat' dir='ltr'><strong>eum</strong></span> <span class='ocrx_word' id='word_1_212' title='bbox 1055 1930 1214 1983; x_wconf 85' lang='lat' dir='ltr'><strong>Apuleii</strong></span> 
     </span>
     <span class='ocr_line' id='line_1_32' title="bbox 340 1987 1215 2042; baseline -0.011 -7"><span class='ocrx_word' id='word_1_213' title='bbox 340 1995 574 2034; x_wconf 79' lang='lat' dir='ltr'><strong>sententiam</strong></span> <span class='ocrx_word' id='word_1_214' title='bbox 594 2006 672 2031; x_wconf 88' lang='lat' dir='ltr'><strong>non</strong></span> <span class='ocrx_word' id='word_1_215' title='bbox 691 1989 937 2042; x_wconf 83' lang='lat' dir='ltr'><strong>percepisse.</strong></span> <span class='ocrx_word' id='word_1_216' title='bbox 968 1987 1072 2028; x_wconf 87' lang='lat' dir='ltr'><strong>Oud.</strong></span> <span class='ocrx_word' id='word_1_217' title='bbox 1094 1987 1215 2040; x_wconf 84' lang='lat' dir='ltr'><strong>expli-</strong></span> 
     </span>
    </p>
   </div>
   <div class='ocr_carea' id='block_1_15' title="bbox 340 2044 1219 2096">
    <p class='ocr_par' dir='ltr' id='par_1_15' title="bbox 340 2044 1219 2096">
     <span class='ocr_line' id='line_1_33' title="bbox 340 2044 1219 2096; baseline -0.008 -5"><span class='ocrx_word' id='word_1_218' title='bbox 340 2056 420 2091; x_wconf 86' lang='lat' dir='ltr'><strong>cat:</strong></span> <span class='ocrx_word' id='word_1_219' title='bbox 447 2050 583 2091; x_wconf 89' lang='lat' dir='ltr'><strong>Amori</strong></span> <span class='ocrx_word' id='word_1_220' title='bbox 601 2047 795 2088; x_wconf 83' lang='lat' dir='ltr'><strong>miscebat</strong></span> <span class='ocrx_word' id='word_1_221' title='bbox 818 2047 914 2083; x_wconf 87' lang='lat' dir='ltr'><strong>iram</strong></span> <span class='ocrx_word' id='word_1_222' title='bbox 934 2045 983 2083; x_wconf 94' lang='lat' dir='ltr'><strong>ob</strong></span> <span class='ocrx_word' id='word_1_223' title='bbox 1002 2044 1219 2096; x_wconf 86' lang='lat' dir='ltr'><strong>repulsam.</strong></span> 
     </span>
    </p>
   </div>
   <div class='ocr_carea' id='block_1_16' title="bbox 332 2100 1218 2882">
    <p class='ocr_par' dir='ltr' id='par_1_16' title="bbox 332 2100 1218 2882">
     <span class='ocr_line' id='line_1_34' title="bbox 340 2100 1218 2159; baseline -0.011 -11"><span class='ocrx_word' id='word_1_224' title='bbox 340 2109 553 2159; x_wconf 83' lang='lat' dir='ltr'><strong>Eleganter</strong></span> <span class='ocrx_word' id='word_1_225' title='bbox 565 2111 606 2145; x_wconf 84' lang='lat' dir='ltr'><strong>et</strong></span> <span class='ocrx_word' id='word_1_226' title='bbox 616 2119 686 2158; x_wconf 91' lang='lat' dir='ltr'><strong>pro</strong></span> <span class='ocrx_word' id='word_1_227' title='bbox 700 2102 899 2142; x_wconf 86' lang='lat' dir='ltr'><strong>hominum</strong></span> <span class='ocrx_word' id='word_1_228' title='bbox 912 2105 1058 2140; x_wconf 86' lang='lat' dir='ltr'><strong>natura.</strong></span> <span class='ocrx_word' id='word_1_229' title='bbox 1085 2100 1218 2148; x_wconf 81' lang='lat' dir='ltr'><strong>Quare</strong></span> 
     </span>
     <span class='ocr_line' id='line_1_35' title="bbox 339 2158 1218 2217; baseline -0.01 -13"><span class='ocrx_word' id='word_1_230' title='bbox 339 2164 577 2217; x_wconf 85' lang='lat' dir='ltr'><strong>saepissime</strong></span> <span class='ocrx_word' id='word_1_231' title='bbox 590 2163 638 2201; x_wconf 90' lang='lat' dir='ltr'><strong>ab</strong></span> <span class='ocrx_word' id='word_1_232' title='bbox 648 2160 763 2200; x_wconf 81' lang='lat' dir='ltr'><strong>Ovid.</strong></span> <span class='ocrx_word' id='word_1_233' title='bbox 778 2159 913 2198; x_wconf 82' lang='lat' dir='ltr'><strong>harum</strong></span> <span class='ocrx_word' id='word_1_234' title='bbox 926 2171 1051 2196; x_wconf 87' lang='lat' dir='ltr'><strong>rerum</strong></span> <span class='ocrx_word' id='word_1_235' title='bbox 1066 2158 1218 2209; x_wconf 89' lang='lat' dir='ltr'><strong>peritis-</strong></span> 
     </span>
     <span class='ocr_line' id='line_1_36' title="bbox 340 2214 1217 2265; baseline -0.009 -5"><span class='ocrx_word' id='word_1_236' title='bbox 340 2223 439 2260; x_wconf 89' lang='lat' dir='ltr'><strong>simo</strong></span> <span class='ocrx_word' id='word_1_237' title='bbox 466 2221 628 2265; x_wconf 83' lang='lat' dir='ltr'><strong>arbitro,</strong></span> <span class='ocrx_word' id='word_1_238' title='bbox 653 2219 805 2257; x_wconf 84' lang='lat' dir='ltr'><strong>iunctae</strong></span> <span class='ocrx_word' id='word_1_239' title='bbox 830 2218 921 2254; x_wconf 83' lang='lat' dir='ltr'><strong>sunt</strong></span> <span class='ocrx_word' id='word_1_240' title='bbox 944 2215 1022 2253; x_wconf 87' lang='lat' dir='ltr'><strong>hae</strong></span> <span class='ocrx_word' id='word_1_241' title='bbox 1046 2214 1217 2254; x_wconf 82' lang='lat' dir='ltr'><strong>affectio-</strong></span> 
     </span>
     <span class='ocr_line' id='line_1_37' title="bbox 338 2270 1215 2328; baseline -0.011 -10"><span class='ocrx_word' id='word_1_242' title='bbox 338 2292 423 2317; x_wconf 90' lang='lat' dir='ltr'><strong>nes.</strong></span> <span class='ocrx_word' id='word_1_243' title='bbox 455 2276 611 2328; x_wconf 85' lang='lat' dir='ltr'><strong>Inspice</strong></span> <span class='ocrx_word' id='word_1_244' title='bbox 623 2272 838 2313; x_wconf 88' lang='lat' dir='ltr'><strong>Heroidum</strong></span> <span class='ocrx_word' id='word_1_245' title='bbox 853 2271 1059 2323; x_wconf 87' lang='lat' dir='ltr'><strong>Epistolas</strong></span> <span class='ocrx_word' id='word_1_246' title='bbox 1079 2275 1118 2310; x_wconf 87' lang='lat' dir='ltr'><strong>et</strong></span> <span class='ocrx_word' id='word_1_247' title='bbox 1136 2270 1215 2309; x_wconf 90' lang='lat' dir='ltr'><strong>Ho-</strong></span> 
     </span>
     <span class='ocr_line' id='line_1_38' title="bbox 337 2329 1215 2382; baseline -0.01 -8"><span class='ocrx_word' id='word_1_248' title='bbox 337 2339 405 2374; x_wconf 84' lang='lat' dir='ltr'><strong>rat.</strong></span> <span class='ocrx_word' id='word_1_249' title='bbox 431 2333 508 2372; x_wconf 88' lang='lat' dir='ltr'><strong>Od.</strong></span> <span class='ocrx_word' id='word_1_250' title='bbox 533 2332 560 2372; x_wconf 92' lang='lat' dir='ltr'><strong>I.</strong></span> <span class='ocrx_word' id='word_1_251' title='bbox 590 2335 652 2373; x_wconf 84' lang='lat'><strong>13.</strong></span> <span class='ocrx_word' id='word_1_252' title='bbox 703 2329 834 2382; x_wconf 86' lang='lat' dir='ltr'><strong>[Hane</strong></span> <span class='ocrx_word' id='word_1_253' title='bbox 857 2329 1215 2379; x_wconf 84' lang='lat' dir='ltr'><strong>interpretationem</strong></span> 
     </span>
     <span class='ocr_line' id='line_1_39' title="bbox 337 2383 1215 2441; baseline -0.01 -10"><span class='ocrx_word' id='word_1_254' title='bbox 337 2393 413 2430; x_wconf 87' lang='lat' dir='ltr'><strong>iam</strong></span> <span class='ocrx_word' id='word_1_255' title='bbox 429 2394 544 2429; x_wconf 85' lang='lat' dir='ltr'><strong>antea</strong></span> <span class='ocrx_word' id='word_1_256' title='bbox 558 2387 767 2441; x_wconf 85' lang='lat' dir='ltr'><strong>amplexus</strong></span> <span class='ocrx_word' id='word_1_257' title='bbox 788 2389 871 2424; x_wconf 87' lang='lat' dir='ltr'><strong>erat</strong></span> <span class='ocrx_word' id='word_1_258' title='bbox 889 2385 1082 2436; x_wconf 82' lang='lat' dir='ltr'><strong>interpres</strong></span> <span class='ocrx_word' id='word_1_259' title='bbox 1095 2383 1215 2423; x_wconf 89' lang='lat' dir='ltr'><strong>Fran-</strong></span> 
     </span>
     <span class='ocr_line' id='line_1_40' title="bbox 338 2442 1216 2499; baseline -0.01 -12"><span class='ocrx_word' id='word_1_260' title='bbox 338 2447 518 2499; x_wconf 84' lang='lat' dir='ltr'><strong>cogallus</strong></span> <span class='ocrx_word' id='word_1_261' title='bbox 528 2461 536 2485; x_wconf 92' lang='lat'>:</span> <span class='ocrx_word' id='word_1_262' title='bbox 547 2442 1059 2484; x_wconf 84' lang='lat' dir='ltr'><strong>Thrasilenourrissantson</strong></span> <span class='ocrx_word' id='word_1_263' title='bbox 1070 2454 1216 2486; x_wconf 87' lang='lat' dir='ltr'><strong>amour,</strong></span> 
     </span>
     <span class='ocr_line' id='line_1_41' title="bbox 337 2499 1217 2556; baseline -0.009 -13"><span class='ocrx_word' id='word_1_264' title='bbox 337 2505 362 2543; x_wconf 69' lang='lat' dir='ltr'><strong>a</strong></span> <span class='ocrx_word' id='word_1_265' title='bbox 387 2505 452 2556; x_wconf 90' lang='lat' dir='ltr'><strong>qui</strong></span> <span class='ocrx_word' id='word_1_266' title='bbox 478 2502 553 2541; x_wconf 74' lang='lat' dir='ltr'><strong>l&#39;on</strong></span> <span class='ocrx_word' id='word_1_267' title='bbox 579 2503 683 2541; x_wconf 88' lang='lat' dir='ltr'><strong>avait</strong></span> <span class='ocrx_word' id='word_1_268' title='bbox 706 2500 770 2538; x_wconf 66' lang='lat' dir='ltr'><strong>ote</strong></span> <span class='ocrx_word' id='word_1_269' title='bbox 792 2502 902 2537; x_wconf 89' lang='lat' dir='ltr'><strong>toute</strong></span> <span class='ocrx_word' id='word_1_270' title='bbox 932 2499 1152 2549; x_wconf 73' lang='lat' dir='ltr'><strong>esperance</strong></span> <span class='ocrx_word' id='word_1_271' title='bbox 1177 2501 1217 2536; x_wconf 87' lang='lat' dir='ltr'><strong>et</strong></span> 
     </span>
     <span class='ocr_line' id='line_1_42' title="bbox 332 2554 1217 2614; baseline -0.008 -14"><span class='ocrx_word' id='word_1_272' title='bbox 332 2562 513 2614; x_wconf 85' lang='lat' dir='ltr'><strong>joignant</strong></span> <span class='ocrx_word' id='word_1_273' title='bbox 531 2560 555 2597; x_wconf 75' lang='lat' dir='ltr'><strong>a</strong></span> <span class='ocrx_word' id='word_1_274' title='bbox 574 2558 613 2597; x_wconf 87' lang='lat' dir='ltr'><strong>la</strong></span> <span class='ocrx_word' id='word_1_275' title='bbox 631 2557 792 2609; x_wconf 82' lang='lat' dir='ltr'><strong>passion</strong></span> <span class='ocrx_word' id='word_1_276' title='bbox 815 2555 853 2593; x_wconf 87' lang='lat' dir='ltr'><strong>la</strong></span> <span class='ocrx_word' id='word_1_277' title='bbox 869 2567 982 2605; x_wconf 84' lang='lat' dir='ltr'><strong>rage‚</strong></span> <span class='ocrx_word' id='word_1_278' title='bbox 1009 2554 1100 2605; x_wconf 81' lang='lat' dir='ltr'><strong>qu’il</strong></span> <span class='ocrx_word' id='word_1_279' title='bbox 1114 2555 1217 2593; x_wconf 88' lang='lat' dir='ltr'><strong>avait</strong></span> 
     </span>
     <span class='ocr_line' id='line_1_43' title="bbox 338 2609 1216 2665; baseline -0.008 -8"><span class='ocrx_word' id='word_1_280' title='bbox 338 2631 486 2665; x_wconf 59' lang='lat' dir='ltr'><strong>conque</strong></span> <span class='ocrx_word' id='word_1_281' title='bbox 511 2617 564 2655; x_wconf 87' lang='lat' dir='ltr'><strong>du</strong></span> <span class='ocrx_word' id='word_1_282' title='bbox 587 2614 714 2660; x_wconf 86' lang='lat' dir='ltr'><strong>refus,</strong></span> <span class='ocrx_word' id='word_1_283' title='bbox 741 2613 855 2664; x_wconf 86' lang='lat' dir='ltr'><strong>qu’on</strong></span> <span class='ocrx_word' id='word_1_284' title='bbox 877 2611 982 2650; x_wconf 87' lang='lat' dir='ltr'><strong>avait</strong></span> <span class='ocrx_word' id='word_1_285' title='bbox 1001 2611 1070 2649; x_wconf 86' lang='lat' dir='ltr'><strong>fait</strong></span> <span class='ocrx_word' id='word_1_286' title='bbox 1088 2609 1216 2650; x_wconf 87' lang='lat' dir='ltr'><strong>delui.</strong></span> 
     </span>
     <span class='ocr_line' id='line_1_44' title="bbox 336 2667 1217 2721; baseline -0.009 -8"><span class='ocrx_word' id='word_1_287' title='bbox 336 2674 426 2713; x_wconf 85' lang='lat' dir='ltr'><strong>Nec</strong></span> <span class='ocrx_word' id='word_1_288' title='bbox 438 2674 550 2712; x_wconf 87' lang='lat' dir='ltr'><strong>aliter</strong></span> <span class='ocrx_word' id='word_1_289' title='bbox 561 2671 735 2710; x_wconf 84' lang='lat' dir='ltr'><strong>Rodius:</strong></span> <span class='ocrx_word' id='word_1_290' title='bbox 757 2667 953 2721; x_wconf 70' lang='lat' dir='ltr'><strong>lerasgyll</strong></span> <span class='ocrx_word' id='word_1_291' title='bbox 965 2667 1055 2707; x_wconf 76' lang='lat' dir='ltr'><strong>liess</strong></span> <span class='ocrx_word' id='word_1_292' title='bbox 1069 2667 1217 2706; x_wconf 80' lang='lat' dir='ltr'><strong>darmn</strong></span> 
     </span>
     <span class='ocr_line' id='line_1_45' title="bbox 337 2724 1217 2779; baseline -0.009 -8"><span class='ocrx_word' id='word_1_293' title='bbox 337 2732 444 2771; x_wconf 83' lang='lat' dir='ltr'><strong>scine</strong></span> <span class='ocrx_word' id='word_1_294' title='bbox 458 2727 776 2779; x_wconf 76' lang='lat' dir='ltr'><strong>Leiclenscleaft,</strong></span> <span class='ocrx_word' id='word_1_295' title='bbox 801 2738 847 2764; x_wconf 90' lang='lat' dir='ltr'><strong>so</strong></span> <span class='ocrx_word' id='word_1_296' title='bbox 860 2724 1146 2777; x_wconf 72' lang='lat' dir='ltr'><strong>ltoffnunyslos</strong></span> <span class='ocrx_word' id='word_1_297' title='bbox 1159 2725 1217 2763; x_wconf 85' lang='lat' dir='ltr'><strong>sie</strong></span> 
     </span>
     <span class='ocr_line' id='line_1_46' title="bbox 338 2781 1216 2832; baseline -0.011 -5"><span class='ocrx_word' id='word_1_298' title='bbox 338 2787 446 2827; x_wconf 76' lang='lat' dir='ltr'><strong>auch</strong></span> <span class='ocrx_word' id='word_1_299' title='bbox 475 2799 575 2831; x_wconf 84' lang='lat' dir='ltr'><strong>war,</strong></span> <span class='ocrx_word' id='word_1_300' title='bbox 611 2783 728 2823; x_wconf 77' lang='lat' dir='ltr'><strong>nicht</strong></span> <span class='ocrx_word' id='word_1_301' title='bbox 760 2781 931 2832; x_wconf 70' lang='lat' dir='ltr'><strong>falcren,</strong></span> <span class='ocrx_word' id='word_1_302' title='bbox 967 2781 1146 2819; x_wconf 78' lang='lat' dir='ltr'><strong>somlern</strong></span> <span class='ocrx_word' id='word_1_303' title='bbox 1172 2793 1216 2818; x_wconf 78' lang='lat' dir='ltr'><strong>er</strong></span> 
     </span>
     <span class='ocr_line' id='line_1_47' title="bbox 337 2836 1216 2882; baseline -0.011 1"><span class='ocrx_word' id='word_1_304' title='bbox 337 2843 484 2882; x_wconf 73' lang='lat' dir='ltr'><strong>nttlzrte</strong></span> <span class='ocrx_word' id='word_1_305' title='bbox 510 2840 684 2881; x_wconf 82' lang='lat' dir='ltr'><strong>dieselbe</strong></span> <span class='ocrx_word' id='word_1_306' title='bbox 702 2839 775 2877; x_wconf 83' lang='lat' dir='ltr'><strong>mit</strong></span> <span class='ocrx_word' id='word_1_307' title='bbox 787 2838 878 2876; x_wconf 81' lang='lat' dir='ltr'><strong>dem</strong></span> <span class='ocrx_word' id='word_1_308' title='bbox 898 2836 1102 2876; x_wconf 79' lang='lat' dir='ltr'><strong>Unwillen</strong></span> <span class='ocrx_word' id='word_1_309' title='bbox 1115 2836 1216 2876; x_wconf 70' lang='lat' dir='ltr'><strong>tiber</strong></span> 
     </span>
    </p>
   </div>
   <div class='ocr_carea' id='block_1_17' title="bbox 339 2891 1018 2946">
    <p class='ocr_par' dir='ltr' id='par_1_17' title="bbox 339 2891 1018 2946">
     <span class='ocr_line' id='line_1_48' title="bbox 339 2891 1018 2946; baseline -0.012 -8"><span class='ocrx_word' id='word_1_310' title='bbox 339 2900 407 2938; x_wconf 72' lang='lat' dir='ltr'><strong>(lic</strong></span> <span class='ocrx_word' id='word_1_311' title='bbox 432 2900 617 2938; x_wconf 77' lang='lat' dir='ltr'><strong>erlittene</strong></span> <span class='ocrx_word' id='word_1_312' title='bbox 648 2891 1018 2946; x_wconf 70' lang='lat' dir='ltr'><strong>Versclzmc‘z‘lcuny.]</strong></span> 
     </span>
    </p>
   </div>
   <div class='ocr_carea' id='block_1_18' title="bbox 340 2993 1217 3220">
    <p class='ocr_par' dir='ltr' id='par_1_18' title="bbox 340 2993 1217 3220">
     <span class='ocr_line' id='line_1_49' title="bbox 395 2993 1214 3051; baseline -0.007 -13"><span class='ocrx_word' id='word_1_313' title='bbox 395 3005 580 3040; x_wconf 83' lang='lat' dir='ltr'><strong>nanctus.</strong></span> <span class='ocrx_word' id='word_1_314' title='bbox 607 2999 689 3051; x_wconf 83' lang='lat' dir='ltr'><strong>[De</strong></span> <span class='ocrx_word' id='word_1_315' title='bbox 701 2997 778 3035; x_wconf 90' lang='lat' dir='ltr'><strong>hac</strong></span> <span class='ocrx_word' id='word_1_316' title='bbox 792 2996 918 3034; x_wconf 81' lang='lat' dir='ltr'><strong>forma</strong></span> <span class='ocrx_word' id='word_1_317' title='bbox 953 2993 1001 3033; x_wconf 86' lang='lat' dir='ltr'><strong>cf.</strong></span> <span class='ocrx_word' id='word_1_318' title='bbox 1018 3007 1121 3044; x_wconf 86' lang='lat' dir='ltr'><strong>quae</strong></span> <span class='ocrx_word' id='word_1_319' title='bbox 1136 2993 1214 3032; x_wconf 84' lang='lat' dir='ltr'><strong>dixi</strong></span> 
     </span>
     <span class='ocr_line' id='line_1_50' title="bbox 340 3051 1215 3106; baseline -0.006 -14"><span class='ocrx_word' id='word_1_320' title='bbox 340 3055 389 3093; x_wconf 83' lang='lat' dir='ltr'><strong>ad</strong></span> <span class='ocrx_word' id='word_1_321' title='bbox 414 3055 615 3095; x_wconf 62' lang='lat' dir='ltr'><strong>Metvn.</strong></span> <span class='ocrx_word' id='word_1_322' title='bbox 645 3068 683 3106; x_wconf 91' lang='lat' dir='ltr'><strong>p.</strong></span> <span class='ocrx_word' id='word_1_323' title='bbox 716 3056 810 3094; x_wconf 86' lang='lat'><strong>473.</strong></span> <span class='ocrx_word' id='word_1_324' title='bbox 842 3051 956 3090; x_wconf 90' lang='lat' dir='ltr'><strong>Hanc</strong></span> <span class='ocrx_word' id='word_1_325' title='bbox 982 3052 1215 3101; x_wconf 80' lang='lat' dir='ltr'><strong>‘scripturam</strong></span> 
     </span>
     <span class='ocr_line' id='line_1_51' title="bbox 340 3111 1217 3159; baseline -0.003 -11"><span class='ocrx_word' id='word_1_326' title='bbox 340 3113 455 3149; x_wconf 83' lang='lat' dir='ltr'><strong>etiam</strong></span> <span class='ocrx_word' id='word_1_327' title='bbox 471 3112 519 3150; x_wconf 88' lang='lat' dir='ltr'><strong>G.</strong></span> <span class='ocrx_word' id='word_1_328' title='bbox 536 3118 569 3151; x_wconf 88' lang='lat'><strong>1.</strong></span> <span class='ocrx_word' id='word_1_329' title='bbox 585 3111 760 3155; x_wconf 87' lang='lat' dir='ltr'><strong>adiuvat,</strong></span> <span class='ocrx_word' id='word_1_330' title='bbox 784 3111 821 3148; x_wconf 89' lang='lat' dir='ltr'><strong>in</strong></span> <span class='ocrx_word' id='word_1_331' title='bbox 837 3121 914 3159; x_wconf 86' lang='lat' dir='ltr'><strong>quo</strong></span> <span class='ocrx_word' id='word_1_332' title='bbox 934 3121 1028 3147; x_wconf 80' lang='lat' dir='ltr'><strong>nam</strong></span> <span class='ocrx_word' id='word_1_333' title='bbox 1046 3111 1217 3147; x_wconf 81' lang='lat' dir='ltr'><strong>cunctus</strong></span> 
     </span>
     <span class='ocr_line' id='line_1_52' title="bbox 341 3164 1216 3220; baseline -0.005 -14"><span class='ocrx_word' id='word_1_334' title='bbox 341 3169 495 3220; x_wconf 80' lang='lat' dir='ltr'><strong>legitur.</strong></span> <span class='ocrx_word' id='word_1_335' title='bbox 522 3168 628 3217; x_wconf 85' lang='lat' dir='ltr'><strong>quod</strong></span> <span class='ocrx_word' id='word_1_336' title='bbox 640 3179 689 3205; x_wconf 85' lang='lat' dir='ltr'><strong>ex</strong></span> <span class='ocrx_word' id='word_1_337' title='bbox 702 3178 890 3218; x_wconf 83' lang='lat' dir='ltr'><strong>perversa</strong></span> <span class='ocrx_word' id='word_1_338' title='bbox 904 3164 1071 3203; x_wconf 80' lang='lat' dir='ltr'><strong>lectione</strong></span> <span class='ocrx_word' id='word_1_339' title='bbox 1089 3178 1126 3203; x_wconf 78' lang='lat' dir='ltr'><strong>n.</strong></span> <span class='ocrx_word' id='word_1_340' title='bbox 1147 3177 1216 3204; x_wconf 83' lang='lat' dir='ltr'><strong>an-</strong></span> 
     </span>
    </p>
   </div>
   <div class='ocr_carea' id='block_1_19' title="bbox 2011 690 2138 721">
    <p class='ocr_par' dir='ltr' id='par_1_19' title="bbox 2011 690 2138 721">
     <span class='ocr_line' id='line_1_53' title="bbox 2011 690 2138 721; baseline -0.016 -1"><span class='ocrx_word' id='word_1_341' title='bbox 2011 690 2138 721; x_wconf 73' lang='lat' dir='ltr'><strong>scelera</strong></span> 
     </span>
    </p>
   </div>
   <div class='ocr_carea' id='block_1_20' title="bbox 1266 846 2152 3215">
    <p class='ocr_par' dir='ltr' id='par_1_20' title="bbox 1266 846 2137 955">
     <span class='ocr_line' id='line_1_54' title="bbox 1266 846 2137 900; baseline -0.003 -13"><span class='ocrx_word' id='word_1_342' title='bbox 1266 851 1353 887; x_wconf 81' lang='lat' dir='ltr'><strong>ctus</strong></span> <span class='ocrx_word' id='word_1_343' title='bbox 1388 847 1433 900; x_wconf 86' lang='lat' dir='ltr'><strong>(n</strong></span> <span class='ocrx_word' id='word_1_344' title='bbox 1463 846 1653 898; x_wconf 83' lang='lat' dir='ltr'><strong>significat</strong></span> <span class='ocrx_word' id='word_1_345' title='bbox 1688 846 1917 897; x_wconf 86' lang='lat' dir='ltr'><strong>compendio</strong></span> <span class='ocrx_word' id='word_1_346' title='bbox 1952 847 2137 899; x_wconf 86' lang='lat' dir='ltr'><strong>scriptum</strong></span> 
     </span>
     <span class='ocr_line' id='line_1_55' title="bbox 1266 902 1963 955; baseline -0.003 -13"><span class='ocrx_word' id='word_1_347' title='bbox 1266 905 1376 953; x_wconf 84' lang='lat' dir='ltr'><strong>nam)</strong></span> <span class='ocrx_word' id='word_1_348' title='bbox 1404 907 1527 942; x_wconf 88' lang='lat' dir='ltr'><strong>ortum</strong></span> <span class='ocrx_word' id='word_1_349' title='bbox 1552 916 1647 942; x_wconf 86' lang='lat' dir='ltr'><strong>esse</strong></span> <span class='ocrx_word' id='word_1_350' title='bbox 1670 902 1963 955; x_wconf 63' lang='lat' dir='ltr'><strong>persuadetur]</strong></span> 
     </span>
    </p>

    <p class='ocr_par' dir='ltr' id='par_1_21' title="bbox 1269 956 2152 3215">
     <span class='ocr_line' id='line_1_56' title="bbox 1325 956 2137 1011; baseline -0.001 -12"><span class='ocrx_word' id='word_1_351' title='bbox 1325 959 1618 1011; x_wconf 77' lang='lat' dir='ltr'><strong>tempestillam.</strong></span> <span class='ocrx_word' id='word_1_352' title='bbox 1643 956 1785 998; x_wconf 89' lang='lat' dir='ltr'><strong>Mirum</strong></span> <span class='ocrx_word' id='word_1_353' title='bbox 1799 963 1879 1006; x_wconf 87' lang='lat' dir='ltr'><strong>est,</strong></span> <span class='ocrx_word' id='word_1_354' title='bbox 1905 959 2011 1010; x_wconf 89' lang='lat' dir='ltr'><strong>quod</strong></span> <span class='ocrx_word' id='word_1_355' title='bbox 2024 958 2137 999; x_wconf 84' lang='lat' dir='ltr'><strong>codd.</strong></span> 
     </span>
     <span class='ocr_line' id='line_1_57' title="bbox 1271 1014 2140 1068; baseline -0.001 -13"><span class='ocrx_word' id='word_1_356' title='bbox 1271 1016 1404 1068; x_wconf 88' lang='lat' dir='ltr'><strong>optimi</strong></span> <span class='ocrx_word' id='word_1_357' title='bbox 1428 1017 1464 1054; x_wconf 94' lang='lat' dir='ltr'><strong>in</strong></span> <span class='ocrx_word' id='word_1_358' title='bbox 1490 1015 1565 1055; x_wconf 88' lang='lat' dir='ltr'><strong>hac</strong></span> <span class='ocrx_word' id='word_1_359' title='bbox 1596 1014 1762 1054; x_wconf 87' lang='lat' dir='ltr'><strong>lectione</strong></span> <span class='ocrx_word' id='word_1_360' title='bbox 1787 1015 1838 1054; x_wconf 85' lang='lat' dir='ltr'><strong>ad</strong></span> <span class='ocrx_word' id='word_1_361' title='bbox 1859 1029 1977 1054; x_wconf 91' lang='lat' dir='ltr'><strong>unum</strong></span> <span class='ocrx_word' id='word_1_362' title='bbox 2003 1029 2140 1054; x_wconf 86' lang='lat' dir='ltr'><strong>omnes</strong></span> 
     </span>
     <span class='ocr_line' id='line_1_58' title="bbox 1271 1071 2142 1124; baseline -0.001 -12"><span class='ocrx_word' id='word_1_363' title='bbox 1271 1073 1529 1112; x_wconf 89' lang='lat' dir='ltr'><strong>consentiunt.</strong></span> <span class='ocrx_word' id='word_1_364' title='bbox 1579 1071 1898 1122; x_wconf 84' lang='lat' dir='ltr'><strong>Quotiescunque</strong></span> <span class='ocrx_word' id='word_1_365' title='bbox 1917 1072 2019 1111; x_wconf 91' lang='lat' dir='ltr'><strong>enim</strong></span> <span class='ocrx_word' id='word_1_366' title='bbox 2037 1072 2142 1124; x_wconf 86' lang='lat' dir='ltr'><strong>apud</strong></span> 
     </span>
     <span class='ocr_line' id='line_1_59' title="bbox 1271 1128 2141 1181; baseline -0.002 -13"><span class='ocrx_word' id='word_1_367' title='bbox 1271 1128 1485 1180; x_wconf 87' lang='lat' dir='ltr'><strong>Apuleium</strong></span> <span class='ocrx_word' id='word_1_368' title='bbox 1517 1140 1593 1168; x_wconf 80' lang='lat' dir='ltr'><strong>vox</strong></span> <span class='ocrx_word' id='word_1_369' title='bbox 1622 1130 1874 1181; x_wconf 78' lang='lat' dir='ltr'><strong>tempestivus</strong></span> <span class='ocrx_word' id='word_1_370' title='bbox 1898 1128 2055 1180; x_wconf 86' lang='lat' dir='ltr'><strong>legitur,</strong></span> <span class='ocrx_word' id='word_1_371' title='bbox 2091 1141 2141 1167; x_wconf 82' lang='lat' dir='ltr'><strong>ne</strong></span> 
     </span>
     <span class='ocr_line' id='line_1_60' title="bbox 1270 1185 2142 1237; baseline 0 -13"><span class='ocrx_word' id='word_1_372' title='bbox 1270 1199 1370 1225; x_wconf 89' lang='lat' dir='ltr'><strong>unus</strong></span> <span class='ocrx_word' id='word_1_373' title='bbox 1396 1185 1552 1237; x_wconf 90' lang='lat' dir='ltr'><strong>quidem</strong></span> <span class='ocrx_word' id='word_1_374' title='bbox 1577 1185 1702 1224; x_wconf 87' lang='lat' dir='ltr'><strong>codex</strong></span> <span class='ocrx_word' id='word_1_375' title='bbox 1726 1186 1897 1230; x_wconf 85' lang='lat' dir='ltr'><strong>aberrat,</strong></span> <span class='ocrx_word' id='word_1_376' title='bbox 1929 1189 1971 1224; x_wconf 91' lang='lat' dir='ltr'><strong>ut</strong></span> <span class='ocrx_word' id='word_1_377' title='bbox 1994 1188 2142 1224; x_wconf 87' lang='lat' dir='ltr'><strong>temere</strong></span> 
     </span>
     <span class='ocr_line' id='line_1_61' title="bbox 1271 1241 2140 1281; baseline 0 -1"><span class='ocrx_word' id='word_1_378' title='bbox 1271 1255 1356 1281; x_wconf 90' lang='lat' dir='ltr'><strong>cum</strong></span> <span class='ocrx_word' id='word_1_379' title='bbox 1382 1242 1469 1280; x_wconf 88' lang='lat' dir='ltr'><strong>aliis</strong></span> <span class='ocrx_word' id='word_1_380' title='bbox 1494 1242 1595 1281; x_wconf 85' lang='lat' dir='ltr'><strong>haec</strong></span> <span class='ocrx_word' id='word_1_381' title='bbox 1615 1242 1731 1280; x_wconf 89' lang='lat' dir='ltr'><strong>lectio</strong></span> <span class='ocrx_word' id='word_1_382' title='bbox 1752 1256 1827 1280; x_wconf 90' lang='lat' dir='ltr'><strong>non</strong></span> <span class='ocrx_word' id='word_1_383' title='bbox 1846 1241 2054 1281; x_wconf 87' lang='lat' dir='ltr'><strong>reiicienda</strong></span> <span class='ocrx_word' id='word_1_384' title='bbox 2077 1242 2140 1280; x_wconf 86' lang='lat' dir='ltr'><strong>sit.</strong></span> 
     </span>
     <span class='ocr_line' id='line_1_62' title="bbox 1271 1297 2141 1349; baseline 0 -13"><span class='ocrx_word' id='word_1_385' title='bbox 1271 1297 1388 1346; x_wconf 86' lang='lat' dir='ltr'><strong>Quod</strong></span> <span class='ocrx_word' id='word_1_386' title='bbox 1413 1298 1516 1338; x_wconf 91' lang='lat' dir='ltr'><strong>Oud.</strong></span> <span class='ocrx_word' id='word_1_387' title='bbox 1541 1299 1617 1338; x_wconf 88' lang='lat' dir='ltr'><strong>iam</strong></span> <span class='ocrx_word' id='word_1_388' title='bbox 1641 1299 1742 1337; x_wconf 89' lang='lat' dir='ltr'><strong>bene</strong></span> <span class='ocrx_word' id='word_1_389' title='bbox 1767 1297 1973 1345; x_wconf 84' lang='lat' dir='ltr'><strong>intellexit,</strong></span> <span class='ocrx_word' id='word_1_390' title='bbox 1999 1299 2063 1349; x_wconf 88' lang='lat' dir='ltr'><strong>qui</strong></span> <span class='ocrx_word' id='word_1_391' title='bbox 2076 1297 2141 1336; x_wconf 85' lang='lat' dir='ltr'><strong>vel</strong></span> 
     </span>
     <span class='ocr_line' id='line_1_63' title="bbox 1269 1354 2142 1408; baseline -0.002 -14"><span class='ocrx_word' id='word_1_392' title='bbox 1269 1357 1541 1408; x_wconf 79' lang='lat' dir='ltr'><strong>tempestivam</strong></span> <span class='ocrx_word' id='word_1_393' title='bbox 1582 1368 1668 1393; x_wconf 91' lang='lat' dir='ltr'><strong>cum</strong></span> <span class='ocrx_word' id='word_1_394' title='bbox 1710 1355 1799 1393; x_wconf 83' lang='lat' dir='ltr'><strong>aliis</strong></span> <span class='ocrx_word' id='word_1_395' title='bbox 1834 1355 2043 1407; x_wconf 82' lang='lat' dir='ltr'><strong>legendum</strong></span> <span class='ocrx_word' id='word_1_396' title='bbox 2077 1354 2142 1393; x_wconf 79' lang='lat' dir='ltr'><strong>vel</strong></span> 
     </span>
     <span class='ocr_line' id='line_1_64' title="bbox 1271 1411 2141 1463; baseline -0.001 -13"><span class='ocrx_word' id='word_1_397' title='bbox 1271 1411 1553 1463; x_wconf 73' lang='lat' dir='ltr'><strong>tempestillam</strong></span> <span class='ocrx_word' id='word_1_398' title='bbox 1575 1411 1818 1451; x_wconf 86' lang='lat' dir='ltr'><strong>retinendum</strong></span> <span class='ocrx_word' id='word_1_399' title='bbox 1848 1424 1942 1450; x_wconf 87' lang='lat' dir='ltr'><strong>esse</strong></span> <span class='ocrx_word' id='word_1_400' title='bbox 1967 1416 2141 1456; x_wconf 82' lang='lat' dir='ltr'><strong>censeat,</strong></span> 
     </span>
     <span class='ocr_line' id='line_1_65' title="bbox 1272 1466 2143 1519; baseline 0.002 -13"><span class='ocrx_word' id='word_1_401' title='bbox 1272 1471 1405 1507; x_wconf 89' lang='lat' dir='ltr'><strong>contra</strong></span> <span class='ocrx_word' id='word_1_402' title='bbox 1421 1469 1671 1519; x_wconf 87' lang='lat' dir='ltr'><strong>interpretum</strong></span> <span class='ocrx_word' id='word_1_403' title='bbox 1691 1466 1988 1507; x_wconf 84' lang='lat' dir='ltr'><strong>allucinationes</strong></span> <span class='ocrx_word' id='word_1_404' title='bbox 2006 1481 2143 1519; x_wconf 69' lang='lat' dir='ltr'><strong>agens,</strong></span> 
     </span>
     <span class='ocr_line' id='line_1_66' title="bbox 1272 1524 2144 1577; baseline 0.001 -15"><span class='ocrx_word' id='word_1_405' title='bbox 1272 1525 1338 1576; x_wconf 91' lang='lat' dir='ltr'><strong>qui</strong></span> <span class='ocrx_word' id='word_1_406' title='bbox 1361 1528 1403 1562; x_wconf 91' lang='lat' dir='ltr'><strong>ut</strong></span> <span class='ocrx_word' id='word_1_407' title='bbox 1427 1524 1627 1564; x_wconf 74' lang='lat' dir='ltr'><strong>VVasseus</strong></span> <span class='ocrx_word' id='word_1_408' title='bbox 1647 1525 1915 1577; x_wconf 69' lang='lat' dir='ltr'><strong>per-subtilem</strong></span> <span class='ocrx_word' id='word_1_409' title='bbox 1938 1524 2001 1562; x_wconf 77' lang='lat' dir='ltr'><strong>vel</strong></span> <span class='ocrx_word' id='word_1_410' title='bbox 2024 1525 2144 1576; x_wconf 78' lang='lat' dir='ltr'><strong>pesti-</strong></span> 
     </span>
     <span class='ocr_line' id='line_1_67' title="bbox 1274 1579 2143 1626; baseline -0.001 -6"><span class='ocrx_word' id='word_1_411' title='bbox 1274 1580 1410 1626; x_wconf 81' lang='lat' dir='ltr'><strong>bilem‚</strong></span> <span class='ocrx_word' id='word_1_412' title='bbox 1437 1584 1477 1619; x_wconf 90' lang='lat' dir='ltr'><strong>et</strong></span> <span class='ocrx_word' id='word_1_413' title='bbox 1499 1582 1555 1619; x_wconf 87' lang='lat' dir='ltr'><strong>vir</strong></span> <span class='ocrx_word' id='word_1_414' title='bbox 1580 1580 1719 1620; x_wconf 90' lang='lat' dir='ltr'><strong>doctus</strong></span> <span class='ocrx_word' id='word_1_415' title='bbox 1744 1582 1779 1619; x_wconf 91' lang='lat' dir='ltr'><strong>in</strong></span> <span class='ocrx_word' id='word_1_416' title='bbox 1805 1580 1977 1619; x_wconf 85' lang='lat' dir='ltr'><strong>Miscell.</strong></span> <span class='ocrx_word' id='word_1_417' title='bbox 1992 1579 2143 1619; x_wconf 85' lang='lat' dir='ltr'><strong>V01.11.</strong></span> 
     </span>
     <span class='ocr_line' id='line_1_68' title="bbox 1274 1636 2144 1689; baseline 0 -14"><span class='ocrx_word' id='word_1_418' title='bbox 1274 1636 1320 1675; x_wconf 87' lang='lat' dir='ltr'><strong>T.</strong></span> <span class='ocrx_word' id='word_1_419' title='bbox 1344 1636 1409 1675; x_wconf 86' lang='lat'><strong>111.</strong></span> <span class='ocrx_word' id='word_1_420' title='bbox 1433 1651 1470 1689; x_wconf 91' lang='lat' dir='ltr'><strong>p.</strong></span> <span class='ocrx_word' id='word_1_421' title='bbox 1486 1640 1599 1684; x_wconf 72' lang='lat'><strong>394..</strong></span> <span class='ocrx_word' id='word_1_422' title='bbox 1624 1638 1728 1676; x_wconf 87' lang='lat' dir='ltr'><strong>idem</strong></span> <span class='ocrx_word' id='word_1_423' title='bbox 1747 1637 2030 1689; x_wconf 77' lang='lat' dir='ltr'><strong>persubtilem,</strong></span> <span class='ocrx_word' id='word_1_424' title='bbox 2056 1651 2144 1676; x_wconf 90' lang='lat' dir='ltr'><strong>con-</strong></span> 
     </span>
     <span class='ocr_line' id='line_1_69' title="bbox 1273 1693 2146 1745; baseline 0.001 -14"><span class='ocrx_word' id='word_1_425' title='bbox 1273 1694 1457 1732; x_wconf 91' lang='lat' dir='ltr'><strong>iecerunt.</strong></span> <span class='ocrx_word' id='word_1_426' title='bbox 1504 1693 1580 1732; x_wconf 88' lang='lat' dir='ltr'><strong>Hic</strong></span> <span class='ocrx_word' id='word_1_427' title='bbox 1610 1695 1803 1745; x_wconf 87' lang='lat' dir='ltr'><strong>posterior</strong></span> <span class='ocrx_word' id='word_1_428' title='bbox 1826 1707 1873 1732; x_wconf 82' lang='lat' dir='ltr'><strong>eo</strong></span> <span class='ocrx_word' id='word_1_429' title='bbox 1900 1707 2057 1745; x_wconf 90' lang='lat' dir='ltr'><strong>quoque</strong></span> <span class='ocrx_word' id='word_1_430' title='bbox 2081 1707 2146 1732; x_wconf 89' lang='lat' dir='ltr'><strong>no·</strong></span> 
     </span>
     <span class='ocr_line' id='line_1_70' title="bbox 1271 1748 2146 1802; baseline 0 -14"><span class='ocrx_word' id='word_1_431' title='bbox 1271 1750 1374 1788; x_wconf 87' lang='lat' dir='ltr'><strong>mine</strong></span> <span class='ocrx_word' id='word_1_432' title='bbox 1389 1750 1666 1802; x_wconf 83' lang='lat' dir='ltr'><strong>vituperandus</strong></span> <span class='ocrx_word' id='word_1_433' title='bbox 1681 1754 1761 1797; x_wconf 83' lang='lat' dir='ltr'><strong>est,</strong></span> <span class='ocrx_word' id='word_1_434' title='bbox 1787 1750 1890 1801; x_wconf 85' lang='lat' dir='ltr'><strong>quod</strong></span> <span class='ocrx_word' id='word_1_435' title='bbox 1910 1764 1961 1789; x_wconf 84' lang='lat' dir='ltr'><strong>ex</strong></span> <span class='ocrx_word' id='word_1_436' title='bbox 1973 1748 2146 1789; x_wconf 89' lang='lat' dir='ltr'><strong>Florent.</strong></span> 
     </span>
     <span class='ocr_line' id='line_1_71' title="bbox 1276 1806 2147 1859; baseline -0.002 -13"><span class='ocrx_word' id='word_1_437' title='bbox 1276 1811 1312 1846; x_wconf 95' lang='lat'><strong>1.</strong></span> <span class='ocrx_word' id='word_1_438' title='bbox 1337 1810 1376 1844; x_wconf 88' lang='lat' dir='ltr'><strong>et</strong></span> <span class='ocrx_word' id='word_1_439' title='bbox 1401 1806 1512 1846; x_wconf 89' lang='lat' dir='ltr'><strong>Fulv.</strong></span> <span class='ocrx_word' id='word_1_440' title='bbox 1539 1807 1652 1846; x_wconf 87' lang='lat' dir='ltr'><strong>codd.</strong></span> <span class='ocrx_word' id='word_1_441' title='bbox 1683 1808 1912 1859; x_wconf 82' lang='lat' dir='ltr'><strong>scripturam</strong></span> <span class='ocrx_word' id='word_1_442' title='bbox 1938 1807 2147 1859; x_wconf 72' lang='lat' dir='ltr'><strong>postillam</strong></span> 
     </span>
     <span class='ocr_line' id='line_1_72' title="bbox 1272 1861 2145 1914; baseline 0.001 -14"><span class='ocrx_word' id='word_1_443' title='bbox 1272 1861 1454 1914; x_wconf 85' lang='lat' dir='ltr'><strong>praefert,</strong></span> <span class='ocrx_word' id='word_1_444' title='bbox 1470 1876 1585 1913; x_wconf 82' lang='lat' dir='ltr'><strong>quam</strong></span> <span class='ocrx_word' id='word_1_445' title='bbox 1599 1863 1673 1902; x_wconf 87' lang='lat' dir='ltr'><strong>sibi</strong></span> <span class='ocrx_word' id='word_1_446' title='bbox 1687 1865 1761 1902; x_wconf 87' lang='lat' dir='ltr'><strong>iste</strong></span> <span class='ocrx_word' id='word_1_447' title='bbox 1774 1863 1936 1902; x_wconf 78' lang='lat' dir='ltr'><strong>linxisse</strong></span> <span class='ocrx_word' id='word_1_448' title='bbox 1950 1863 2145 1914; x_wconf 87' lang='lat' dir='ltr'><strong>putandus</strong></span> 
     </span>
     <span class='ocr_line' id='line_1_73' title="bbox 1274 1917 2144 1971; baseline 0 -14"><span class='ocrx_word' id='word_1_449' title='bbox 1274 1925 1347 1958; x_wconf 87' lang='lat' dir='ltr'><strong>est.</strong></span> <span class='ocrx_word' id='word_1_450' title='bbox 1372 1917 1608 1971; x_wconf 82' lang='lat' dir='ltr'><strong>Anonymus</strong></span> <span class='ocrx_word' id='word_1_451' title='bbox 1632 1920 1668 1957; x_wconf 89' lang='lat' dir='ltr'><strong>in</strong></span> <span class='ocrx_word' id='word_1_452' title='bbox 1693 1919 1876 1958; x_wconf 89' lang='lat' dir='ltr'><strong>Addend.</strong></span> <span class='ocrx_word' id='word_1_453' title='bbox 1902 1919 1952 1959; x_wconf 82' lang='lat' dir='ltr'><strong>ad</strong></span> <span class='ocrx_word' id='word_1_454' title='bbox 1976 1919 2050 1957; x_wconf 87' lang='lat' dir='ltr'><strong>has</strong></span> <span class='ocrx_word' id='word_1_455' title='bbox 2063 1918 2144 1958; x_wconf 85' lang='lat' dir='ltr'><strong>Ob-</strong></span> 
     </span>
     <span class='ocr_line' id='line_1_74' title="bbox 1273 1976 2145 2028; baseline 0 -14"><span class='ocrx_word' id='word_1_456' title='bbox 1273 1988 1379 2015; x_wconf 88' lang='lat' dir='ltr'><strong>serv.</strong></span> <span class='ocrx_word' id='word_1_457' title='bbox 1410 1976 1694 2028; x_wconf 76' lang='lat' dir='ltr'><strong>tempestillam</strong></span> <span class='ocrx_word' id='word_1_458' title='bbox 1723 1976 1964 2014; x_wconf 84' lang='lat' dir='ltr'><strong>retinendum</strong></span> <span class='ocrx_word' id='word_1_459' title='bbox 1996 1979 2145 2022; x_wconf 81' lang='lat' dir='ltr'><strong>censet,</strong></span> 
     </span>
     <span class='ocr_line' id='line_1_75' title="bbox 1275 2032 2147 2084; baseline 0 -13"><span class='ocrx_word' id='word_1_460' title='bbox 1275 2032 1459 2071; x_wconf 81' lang='lat' dir='ltr'><strong>subtilem</strong></span> <span class='ocrx_word' id='word_1_461' title='bbox 1491 2033 1746 2071; x_wconf 75' lang='lat' dir='ltr'><strong>occasionem</strong></span> <span class='ocrx_word' id='word_1_462' title='bbox 1778 2033 1882 2070; x_wconf 85' lang='lat' dir='ltr'><strong>bene</strong></span> <span class='ocrx_word' id='word_1_463' title='bbox 1911 2032 1985 2070; x_wconf 87' lang='lat' dir='ltr'><strong>dici</strong></span> <span class='ocrx_word' id='word_1_464' title='bbox 2022 2045 2147 2084; x_wconf 88' lang='lat' dir='ltr'><strong>posse</strong></span> 
     </span>
     <span class='ocr_line' id='line_1_76' title="bbox 1275 2088 2146 2141; baseline 0.001 -15"><span class='ocrx_word' id='word_1_465' title='bbox 1275 2102 1444 2139; x_wconf 82' lang='lat' dir='ltr'><strong>negans,</strong></span> <span class='ocrx_word' id='word_1_466' title='bbox 1492 2088 1597 2127; x_wconf 89' lang='lat' dir='ltr'><strong>unde</strong></span> <span class='ocrx_word' id='word_1_467' title='bbox 1632 2088 1731 2128; x_wconf 87' lang='lat' dir='ltr'><strong>Met.</strong></span> <span class='ocrx_word' id='word_1_468' title='bbox 1765 2088 1834 2128; x_wconf 84' lang='lat' dir='ltr'><strong>IV.</strong></span> <span class='ocrx_word' id='word_1_469' title='bbox 1870 2102 1910 2141; x_wconf 91' lang='lat' dir='ltr'><strong>p.</strong></span> <span class='ocrx_word' id='word_1_470' title='bbox 1935 2092 2042 2129; x_wconf 74' lang='lat'><strong>243.</strong></span> <span class='ocrx_word' id='word_1_471' title='bbox 2077 2103 2146 2141; x_wconf 90' lang='lat' dir='ltr'><strong>pro</strong></span> 
     </span>
     <span class='ocr_line' id='line_1_77' title="bbox 1275 2144 2149 2185; baseline 0 -1"><span class='ocrx_word' id='word_1_472' title='bbox 1275 2145 1459 2185; x_wconf 74' lang='lat' dir='ltr'><strong>subtilem</strong></span> <span class='ocrx_word' id='word_1_473' title='bbox 1491 2146 1744 2184; x_wconf 80' lang='lat' dir='ltr'><strong>occasionem</strong></span> <span class='ocrx_word' id='word_1_474' title='bbox 1775 2145 1971 2184; x_wconf 87' lang='lat' dir='ltr'><strong>emendari</strong></span> <span class='ocrx_word' id='word_1_475' title='bbox 2001 2144 2149 2184; x_wconf 85' lang='lat' dir='ltr'><strong>mavult</strong></span> 
     </span>
     <span class='ocr_line' id='line_1_78' title="bbox 1275 2200 2146 2253; baseline -0.001 -13"><span class='ocrx_word' id='word_1_476' title='bbox 1275 2201 1450 2241; x_wconf 83' lang='lat' dir='ltr'><strong>subitam</strong></span> <span class='ocrx_word' id='word_1_477' title='bbox 1476 2202 1742 2241; x_wconf 81' lang='lat' dir='ltr'><strong>occasionem.</strong></span> <span class='ocrx_word' id='word_1_478' title='bbox 1792 2200 2040 2253; x_wconf 84' lang='lat' dir='ltr'><strong>Quamquam</strong></span> <span class='ocrx_word' id='word_1_479' title='bbox 2071 2215 2146 2253; x_wconf 86' lang='lat' dir='ltr'><strong>ego</strong></span> 
     </span>
     <span class='ocr_line' id='line_1_79' title="bbox 1277 2257 2146 2310; baseline 0.002 -15"><span class='ocrx_word' id='word_1_480' title='bbox 1277 2270 1434 2309; x_wconf 89' lang='lat' dir='ltr'><strong>quoque</strong></span> <span class='ocrx_word' id='word_1_481' title='bbox 1459 2258 1663 2297; x_wconf 89' lang='lat' dir='ltr'><strong>lectionem</strong></span> <span class='ocrx_word' id='word_1_482' title='bbox 1678 2259 1959 2310; x_wconf 72' lang='lat' dir='ltr'><strong>tempestillam</strong></span> <span class='ocrx_word' id='word_1_483' title='bbox 1971 2271 2045 2297; x_wconf 87' lang='lat' dir='ltr'><strong>suo</strong></span> <span class='ocrx_word' id='word_1_484' title='bbox 2058 2257 2146 2297; x_wconf 91' lang='lat' dir='ltr'><strong>loco</strong></span> 
     </span>
     <span class='ocr_line' id='line_1_80' title="bbox 1272 2314 2146 2360; baseline 0 -7"><span class='ocrx_word' id='word_1_485' title='bbox 1272 2316 1439 2360; x_wconf 86' lang='lat' dir='ltr'><strong>restitui,</strong></span> <span class='ocrx_word' id='word_1_486' title='bbox 1463 2319 1592 2353; x_wconf 87' lang='lat' dir='ltr'><strong>tamen</strong></span> <span class='ocrx_word' id='word_1_487' title='bbox 1616 2314 1761 2352; x_wconf 89' lang='lat' dir='ltr'><strong>vellem</strong></span> <span class='ocrx_word' id='word_1_488' title='bbox 1785 2314 1900 2354; x_wconf 86' lang='lat' dir='ltr'><strong>huius</strong></span> <span class='ocrx_word' id='word_1_489' title='bbox 1924 2314 2146 2354; x_wconf 88' lang='lat' dir='ltr'><strong>deminutivi</strong></span> 
     </span>
     <span class='ocr_line' id='line_1_81' title="bbox 1273 2370 2145 2422; baseline -0.002 -12"><span class='ocrx_word' id='word_1_490' title='bbox 1273 2371 1402 2410; x_wconf 86' lang='lat' dir='ltr'><strong>simile</strong></span> <span class='ocrx_word' id='word_1_491' title='bbox 1437 2371 1635 2422; x_wconf 86' lang='lat' dir='ltr'><strong>quoddam</strong></span> <span class='ocrx_word' id='word_1_492' title='bbox 1675 2370 1898 2422; x_wconf 87' lang='lat' dir='ltr'><strong>exemplum</strong></span> <span class='ocrx_word' id='word_1_493' title='bbox 1934 2372 2002 2409; x_wconf 88' lang='lat' dir='ltr'><strong>viri</strong></span> <span class='ocrx_word' id='word_1_494' title='bbox 2043 2372 2145 2411; x_wconf 88' lang='lat' dir='ltr'><strong>docti</strong></span> 
     </span>
     <span class='ocr_line' id='line_1_82' title="bbox 1273 2427 2145 2480; baseline 0.002 -15"><span class='ocrx_word' id='word_1_495' title='bbox 1273 2427 1548 2479; x_wconf 86' lang='lat' dir='ltr'><strong>protulissent,</strong></span> <span class='ocrx_word' id='word_1_496' title='bbox 1574 2441 1690 2478; x_wconf 89' lang='lat' dir='ltr'><strong>quum</strong></span> <span class='ocrx_word' id='word_1_497' title='bbox 1713 2428 1938 2480; x_wconf 79' lang='lat' dir='ltr'><strong>quantillus</strong></span> <span class='ocrx_word' id='word_1_498' title='bbox 1957 2431 1997 2466; x_wconf 78' lang='lat' dir='ltr'><strong>et</strong></span> <span class='ocrx_word' id='word_1_499' title='bbox 2010 2429 2145 2468; x_wconf 83' lang='lat' dir='ltr'><strong>tantil-</strong></span> 
     </span>
     <span class='ocr_line' id='line_1_83' title="bbox 1275 2484 2146 2536; baseline -0.001 -12"><span class='ocrx_word' id='word_1_500' title='bbox 1275 2485 1354 2530; x_wconf 84' lang='lat' dir='ltr'><strong>lus,</strong></span> <span class='ocrx_word' id='word_1_501' title='bbox 1386 2498 1489 2536; x_wconf 89' lang='lat' dir='ltr'><strong>quae</strong></span> <span class='ocrx_word' id='word_1_502' title='bbox 1518 2484 1659 2522; x_wconf 88' lang='lat' dir='ltr'><strong>eadem</strong></span> <span class='ocrx_word' id='word_1_503' title='bbox 1687 2485 1836 2522; x_wconf 87' lang='lat' dir='ltr'><strong>ratione</strong></span> <span class='ocrx_word' id='word_1_504' title='bbox 1865 2484 2056 2523; x_wconf 84' lang='lat' dir='ltr'><strong>formatae</strong></span> <span class='ocrx_word' id='word_1_505' title='bbox 2091 2486 2146 2523; x_wconf 90' lang='lat' dir='ltr'><strong>vi-</strong></span> 
     </span>
     <span class='ocr_line' id='line_1_84' title="bbox 1275 2540 2147 2593; baseline -0.001 -13"><span class='ocrx_word' id='word_1_506' title='bbox 1275 2541 1456 2587; x_wconf 83' lang='lat' dir='ltr'><strong>deantur,</strong></span> <span class='ocrx_word' id='word_1_507' title='bbox 1483 2555 1558 2580; x_wconf 92' lang='lat' dir='ltr'><strong>non</strong></span> <span class='ocrx_word' id='word_1_508' title='bbox 1583 2541 1738 2579; x_wconf 90' lang='lat' dir='ltr'><strong>omnino</strong></span> <span class='ocrx_word' id='word_1_509' title='bbox 1762 2540 2016 2580; x_wconf 86' lang='lat' dir='ltr'><strong>satisfaciant.</strong></span> <span class='ocrx_word' id='word_1_510' title='bbox 2048 2541 2147 2593; x_wconf 89' lang='lat' dir='ltr'><strong>Spe-</strong></span> 
     </span>
     <span class='ocr_line' id='line_1_85' title="bbox 1276 2596 2146 2650; baseline -0.001 -13"><span class='ocrx_word' id='word_1_511' title='bbox 1276 2600 1376 2637; x_wconf 86' lang='lat' dir='ltr'><strong>ciem</strong></span> <span class='ocrx_word' id='word_1_512' title='bbox 1401 2598 1596 2649; x_wconf 88' lang='lat' dir='ltr'><strong>quandam</strong></span> <span class='ocrx_word' id='word_1_513' title='bbox 1621 2596 1828 2648; x_wconf 80' lang='lat' dir='ltr'><strong>analogiae</strong></span> <span class='ocrx_word' id='word_1_514' title='bbox 1844 2597 2146 2650; x_wconf 76' lang='lat' dir='ltr'><strong>habetpauxil-</strong></span> 
     </span>
     <span class='ocr_line' id='line_1_86' title="bbox 1276 2653 2147 2706; baseline 0.002 -14"><span class='ocrx_word' id='word_1_515' title='bbox 1276 2654 1348 2695; x_wconf 78' lang='lat' dir='ltr'><strong>lus.</strong></span> <span class='ocrx_word' id='word_1_516' title='bbox 1395 2653 1590 2693; x_wconf 88' lang='lat' dir='ltr'><strong>Invenitur</strong></span> <span class='ocrx_word' id='word_1_517' title='bbox 1614 2657 1719 2693; x_wconf 88' lang='lat' dir='ltr'><strong>certe</strong></span> <span class='ocrx_word' id='word_1_518' title='bbox 1744 2653 1978 2693; x_wconf 88' lang='lat' dir='ltr'><strong>adiectivum</strong></span> <span class='ocrx_word' id='word_1_519' title='bbox 2002 2659 2147 2706; x_wconf 85' lang='lat' dir='ltr'><strong>tempe-</strong></span> 
     </span>
     <span class='ocr_line' id='line_1_87' title="bbox 1273 2710 2147 2763; baseline -0.003 -12"><span class='ocrx_word' id='word_1_520' title='bbox 1273 2716 1356 2751; x_wconf 84' lang='lat' dir='ltr'><strong>stus</strong></span> <span class='ocrx_word' id='word_1_521' title='bbox 1386 2712 1491 2763; x_wconf 82' lang='lat' dir='ltr'><strong>apud</strong></span> <span class='ocrx_word' id='word_1_522' title='bbox 1520 2710 1629 2750; x_wconf 89' lang='lat' dir='ltr'><strong>Fest.</strong></span> <span class='ocrx_word' id='word_1_523' title='bbox 1661 2723 1698 2761; x_wconf 90' lang='lat' dir='ltr'><strong>p.</strong></span> <span class='ocrx_word' id='word_1_524' title='bbox 1728 2713 1818 2750; x_wconf 88' lang='lat'><strong>155.</strong></span> <span class='ocrx_word' id='word_1_525' title='bbox 1843 2710 2023 2748; x_wconf 89' lang='lat' dir='ltr'><strong>Lindem.</strong></span> <span class='ocrx_word' id='word_1_526' title='bbox 2056 2716 2147 2749; x_wconf 85' lang='lat' dir='ltr'><strong>tem-</strong></span> 
     </span>
     <span class='ocr_line' id='line_1_88' title="bbox 1272 2765 2147 2820; baseline -0.002 -13"><span class='ocrx_word' id='word_1_527' title='bbox 1272 2772 1390 2820; x_wconf 89' lang='lat' dir='ltr'><strong>pesta</strong></span> <span class='ocrx_word' id='word_1_528' title='bbox 1405 2768 1657 2819; x_wconf 82' lang='lat' dir='ltr'><strong>tempestiva,</strong></span> <span class='ocrx_word' id='word_1_529' title='bbox 1682 2765 1785 2805; x_wconf 90' lang='lat' dir='ltr'><strong>unde</strong></span> <span class='ocrx_word' id='word_1_530' title='bbox 1799 2765 1954 2804; x_wconf 88' lang='lat' dir='ltr'><strong>formari</strong></span> <span class='ocrx_word' id='word_1_531' title='bbox 1965 2767 2147 2818; x_wconf 80' lang='lat' dir='ltr'><strong>potuisse</strong></span> 
     </span>
     <span class='ocr_line' id='line_1_89' title="bbox 1274 2823 2149 2874; baseline -0.002 -12"><span class='ocrx_word' id='word_1_532' title='bbox 1274 2824 1549 2863; x_wconf 85' lang='lat' dir='ltr'><strong>deminutivum</strong></span> <span class='ocrx_word' id='word_1_533' title='bbox 1563 2827 1866 2862; x_wconf 87' lang='lat' dir='ltr'><strong>consentaneum</strong></span> <span class='ocrx_word' id='word_1_534' title='bbox 1880 2823 2149 2874; x_wconf 74' lang='lat' dir='ltr'><strong>est,quodque</strong></span> 
     </span>
     <span class='ocr_line' id='line_1_90' title="bbox 1273 2880 2148 2933; baseline 0 -14"><span class='ocrx_word' id='word_1_535' title='bbox 1273 2882 1510 2933; x_wconf 88' lang='lat' dir='ltr'><strong>praeceteris</strong></span> <span class='ocrx_word' id='word_1_536' title='bbox 1540 2881 1578 2918; x_wconf 90' lang='lat' dir='ltr'><strong>in</strong></span> <span class='ocrx_word' id='word_1_537' title='bbox 1611 2880 1805 2919; x_wconf 90' lang='lat' dir='ltr'><strong>locutione</strong></span> <span class='ocrx_word' id='word_1_538' title='bbox 1840 2893 1928 2918; x_wconf 76' lang='lat' dir='ltr'><strong>nox</strong></span> <span class='ocrx_word' id='word_1_539' title='bbox 1957 2884 2148 2931; x_wconf 87' lang='lat' dir='ltr'><strong>tempesta</strong></span> 
     </span>
     <span class='ocr_line' id='line_1_91' title="bbox 1275 2935 2146 2987; baseline -0.003 -11"><span class='ocrx_word' id='word_1_540' title='bbox 1275 2938 1453 2976; x_wconf 90' lang='lat' dir='ltr'><strong>omnibus</strong></span> <span class='ocrx_word' id='word_1_541' title='bbox 1467 2937 1640 2976; x_wconf 88' lang='lat' dir='ltr'><strong>innotuit.</strong></span> <span class='ocrx_word' id='word_1_542' title='bbox 1666 2935 1706 2974; x_wconf 89' lang='lat' dir='ltr'><strong>In</strong></span> <span class='ocrx_word' id='word_1_543' title='bbox 1721 2949 1832 2987; x_wconf 86' lang='lat' dir='ltr'><strong>seqq.</strong></span> <span class='ocrx_word' id='word_1_544' title='bbox 1846 2949 1883 2987; x_wconf 88' lang='lat' dir='ltr'><strong>p.</strong></span> <span class='ocrx_word' id='word_1_545' title='bbox 1900 2940 1993 2976; x_wconf 87' lang='lat'><strong>510.</strong></span> <span class='ocrx_word' id='word_1_546' title='bbox 2009 2936 2146 2974; x_wconf 86' lang='lat' dir='ltr'><strong>eadem</strong></span> 
     </span>
     <span class='ocr_line' id='line_1_92' title="bbox 1274 2992 2147 3045; baseline -0.001 -13"><span class='ocrx_word' id='word_1_547' title='bbox 1274 2994 1325 3032; x_wconf 89' lang='lat' dir='ltr'><strong>de</strong></span> <span class='ocrx_word' id='word_1_548' title='bbox 1349 3007 1392 3031; x_wconf 83' lang='lat' dir='ltr'><strong>re</strong></span> <span class='ocrx_word' id='word_1_549' title='bbox 1410 2993 1608 3045; x_wconf 89' lang='lat' dir='ltr'><strong>Apuleius</strong></span> <span class='ocrx_word' id='word_1_550' title='bbox 1633 2992 1739 3030; x_wconf 87' lang='lat' dir='ltr'><strong>dicit:</strong></span> <span class='ocrx_word' id='word_1_551' title='bbox 1764 2993 1853 3032; x_wconf 76' lang='lat' dir='ltr'><strong>Diu</strong></span> <span class='ocrx_word' id='word_1_552' title='bbox 1879 2993 2058 3045; x_wconf 74' lang='lat' dir='ltr'><strong>(lenique</strong></span> <span class='ocrx_word' id='word_1_553' title='bbox 2082 2993 2147 3031; x_wconf 73' lang='lat' dir='ltr'><strong>cle-</strong></span> 
     </span>
     <span class='ocr_line' id='line_1_93' title="bbox 1275 3049 2152 3101; baseline -0.002 -12"><span class='ocrx_word' id='word_1_554' title='bbox 1275 3050 1523 3090; x_wconf 79' lang='lat' dir='ltr'><strong>liberavcrat</strong></span> <span class='ocrx_word' id='word_1_555' title='bbox 1543 3063 1675 3089; x_wconf 86' lang='lat' dir='ltr'><strong>secum</strong></span> <span class='ocrx_word' id='word_1_556' title='bbox 1700 3049 1953 3101; x_wconf 78' lang='lat' dir='ltr'><strong>Thrasyllus,</strong></span> <span class='ocrx_word' id='word_1_557' title='bbox 1980 3062 2064 3101; x_wconf 79' lang='lat' dir='ltr'><strong>quo</strong></span> <span class='ocrx_word' id='word_1_558' title='bbox 2087 3050 2152 3087; x_wconf 74' lang='lat' dir='ltr'><strong>vel</strong></span> 
     </span>
     <span class='ocr_line' id='line_1_94' title="bbox 1276 3105 2148 3157; baseline -0.002 -12"><span class='ocrx_word' id='word_1_559' title='bbox 1276 3107 1543 3146; x_wconf 74' lang='lat' dir='ltr'><strong>clandestinis</strong></span> <span class='ocrx_word' id='word_1_560' title='bbox 1568 3105 1790 3156; x_wconf 82' lang='lat' dir='ltr'><strong>colloquiis</strong></span> <span class='ocrx_word' id='word_1_561' title='bbox 1816 3111 2148 3157; x_wconf 83' lang='lat' dir='ltr'><strong>opportunum</strong></span> 
     </span>
     <span class='ocr_line' id='line_1_95' title="bbox 1275 3161 1670 3215; baseline -0.005 -14"><span class='ocrx_word' id='word_1_562' title='bbox 1275 3164 1473 3215; x_wconf 77' lang='lat' dir='ltr'><strong>reperiret</strong></span> <span class='ocrx_word' id='word_1_563' title='bbox 1503 3161 1670 3212; x_wconf 78' lang='lat' dir='ltr'><strong>locum]</strong></span> 
     </span>
    </p>
   </div>
  </div>
 </body>
</html>
