2155 3590
733 148 921 189 LIBER
950 149 994 189 11.
1055 147 1182 188 CAP.
1214 148 1263 188 V.
1847 146 1900 190 85

101 262 190 303 imis
218 261 378 303 Tartari
416 269 453 302 et
487 262 528 302 in
565 269 761 303 vetustum
800 264 919 304 chaos
955 262 1211 316 submergere
1241 260 1365 302 novit.
1427 259 1531 301 Nam
1564 260 1680 302 simul
1710 274 1901 314 quemque

101 319 355 373 conspexerit
389 319 589 373 speciosae
627 320 777 359 formae
822 318 1047 375 iuvelnem,

99 388 187 416 eum
213 382 253 415 et
276 375 430 415 oculum
456 383 495 415 et
519 375 689 415 animum
717 376 935 438 detorquet.
999 375 1107 415 Serit
1129 373 1359 423 blanditias,
1388 373 1540 414 invadit
1563 373 1764 427 spiritum,
1793 387 1901 414 amo-

97 431 154 472 ris
185 431 368 495 profundi
399 431 566 487 peldicis
600 432 773 472 aeternis
807 432 957 486 alligat.

97 487 196 528 dio
185 502 226 528 111
256 501 357 528 saxa
382 495 419 528 ct
446 503 485 527 ln
510 501 631 542 pecua
657 496 697 528 et
721 488 885 542 quodvis
911 488 1058 529 animal
1081 494 1225 543 puncto
1249 487 1462 536 reformat,
1490 485 1589 526 alios
1614 499 1710 527 vero
1735 500 1900 541 prorsus

94 629 128 657 in
146 628 216 656 ima
240 626 432 656 TartariG.
447 629 484 657 D.
500 629 534 657 P.
549 629 583 657 0.
598 628 619 658 f.
632 631 670 658 R.
685 630 720 657 L.
736 630 771 658 B.
787 638 820 662 φ.
835 636 870 658 π.
885 629 1017 657 Benicn.
1038 628 1140 663 Epist..
1154 629 1206 657 71.
1226 627 1260 656 in
1279 628 1347 656 ima
1372 625 1530 654 Tartara
1543 623 1572 656 δ.
1620 633 1701 654 cans
1720 628 1759 655 D.
1779 626 1904 664 mergit

91 680 150 710 pro
168 673 379 711 submergere
402 674 498 701 novit
514 675 552 703 R.
572 682 608 703 π,
623 676 662 703 Ι),
688 682 708 703 a
721 681 761 703 m.
776 682 805 708 p.
825 673 986 711 demergit
1002 674 1023 703 f.
1071 681 1144 701 cum
1157 681 1215 708 pro
1233 671 1335 701 simul
1345 674 1381 702 G.
1393 673 1433 701 D.
1447 674 1483 701 P.
1497 673 1536 702 R.
1550 671 1571 701 f.
1587 672 1622 702 0.
1670 671 1773 700 simul
1782 680 1855 700 cum
1870 669 1900 702 δ.

93 726 254 757 quemque
271 720 307 749 F.
322 721 352 748 3.
373 721 411 749 D.
433 719 454 748 f.
476 727 637 756 quemque
656 727 751 757 quem
767 721 803 748 G.
827 722 863 748 In
878 720 995 749 ceteris
1009 719 1103 748 libris
1119 722 1149 748 et.
1162 720 1232 748 edd.
1245 722 1323 747 vett..
1337 721 1396 747 est.
1411 724 1623 755 quemquam,
1637 725 1695 752 pro
1709 725 1772 751 quo
1785 718 1900 747 Heius.

92 772 319 802 quemcunque
343 765 466 793 frustra
484 765 632 794 coniecit.
686 764 862 801 conspersi
889 773 919 799 p.
933 769 961 793 et
987 765 1057 793 edd.
1077 768 1156 793 vett.
1174 771 1294 801 sponse
1303 763 1446 802 formae
1465 764 1504 792 D.
1558 762 1698 799 capitur
1714 770 1771 797 pro
1794 763 1900 790 sumi-

93 812 151 838 tur
175 818 193 838 e
211 812 324 846 glossa
349 811 426 839 Bas.
449 812 477 839 1.
499 811 583 844 (μιοιί
601 812 716 839 Roald.
749 811 913 844 probavit:
935 812 1019 839 unde
1040 811 1130 838 Grut.
1160 816 1328 844 perperam
1354 808 1539 838 emendavit
1564 808 1689 836 uritur.
1724 809 1762 836 In
1787 809 1823 837 P.
1849 811 1901 837 est

89 855 259 883 sunmitur
278 856 311 883 in
326 857 361 884 G.
377 859 408 883 et
419 857 457 884 D.
472 856 652 883 summitur
664 856 698 884 in
712 853 735 884 δ
744 855 907 883 suanam·
920 855 961 884 cf.
975 856 1111 884 Pontan.
1127 855 1225 883 Anal.
1238 856 1262 883 I.
1278 856 1308 882 4.
1355 857 1389 882 et
1400 861 1473 882 eum.
1487 851 1515 883 ὃ.
1564 852 1700 881 aeterni
1711 850 1739 881 δ.
1753 853 1900 880 eneruis

90 902 126 930 G.
136 899 290 940 fastidio
309 902 345 930 F.
364 903 391 929 1.
413 902 442 929 3.
459 900 530 935 [qui
550 909 591 929 ex
609 901 745 935 antiqua
764 901 965 930 correctione
982 903 1078 929 nabet
1097 898 1351 938 vz'lz'sastv‘dz'o]
1371 901 1407 929 G.
1422 901 1457 928 P.
1472 900 1510 928 D.
1524 900 1561 928 L.
1574 900 1613 928 11.
1628 898 1650 927 f.
1663 906 1692 933 p.
1706 906 1743 927 π.
1757 895 1787 927 δ.
1802 900 1837 927 Ο.
1861 899 1899 928 In

88 949 162 975 cett.
170 947 264 975 libris
274 947 380 975 etedd.
390 945 669 985 vett.fast2'd2'ens.
679 948 840 976 Stewech.
855 949 893 973 ut
901 944 982 973 viles
987 943 1180 985 fastidiens
1193 946 1371 974 emendans
1385 946 1431 973 ita
1445 944 1587 974 defendit
1596 943 1674 978 quia
1686 944 1775 972 dicta
1788 946 1901 973 essent

88 993 127 1021 de
140 992 319 1026 Pamphile,
339 992 474 1020 Milonis
488 992 636 1027 coniuge,
655 992 784 1026 hospita
796 992 902 1028 Lucii,
919 998 1001 1024 quae
1015 994 1047 1019 ut
1063 999 1219 1025 quemque
1232 991 1384 1019 iuvenem
1398 989 1627 1025 conspexisset
1639 988 1743 1018 forma
1755 989 1898 1025 liberali,

87 1038 178 1066 illico
197 1037 232 1065 in
257 1045 329 1065 eum
354 1042 382 1065 et
404 1040 533 1065 oculum
554 1038 755 1071 detorqueret
775 1041 804 1066 et
824 1037 984 1071 animum;
1009 1036 1185 1069 statimqne
1204 1036 1323 1064 amoris
1342 1035 1469 1070 pedicis
1488 1035 1614 1064 irretire
1632 1038 1815 1064 conaretur.
1863 1034 1899 1062 Si

1092 324 1301 358 venustate
1337 317 1421 357 eius
1453 317 1622 357 sumitur
1651 324 1691 357 et
1718 317 1823 358 illico
1859 317 1901 357 in
1926 322 1968 354 98

1019 431 1134 472 Func
1166 430 1294 470 minus
1326 429 1548 483 morigeros
1580 436 1620 470 et
1647 429 1747 470 viles
1782 430 1894 470 fasti·
1914 435 2012 476 [117]

87 1091 168 1116 quos
181 1090 259 1110 vero
274 1083 438 1116 reperiret.
459 1090 593 1116 quorum
606 1091 697 1111 mens
717 1082 914 1111 occaluisse!
935 1082 974 1109 ad
996 1081 1187 1116 blanditias,
1214 1088 1268 1110 eos
1290 1084 1323 1109 ut
1348 1083 1474 1115 spretos
1495 1084 1523 1108 et
1549 1080 1634 1109 vilia
1657 1075 1779 1119 capita}
1792 1079 1899 1115 magi-

87 1128 137 1156 cis
156 1127 282 1156 artibus
301 1128 419 1156 misere
438 1130 478 1156 ab
498 1135 537 1156 ea
557 1128 711 1156 exerceri.

85 1181 143 1208 pro
157 1171 289 1200 animal
298 1180 328 1208 p.
375 1171 464 1200 alios
481 1181 547 1199 nrm
566 1170 595 1201 δ.

83 1296 171 1321 men
197 1283 320 1322 ferale
344 1296 559 1332 magorum:
585 1282 631 1321 cf.
655 1295 757 1332 quae
781 1285 959 1320 accurate

83 1339 244 1392 protulit
269 1338 369 1378 Cort.
396 1339 447 1376 ad
470 1338 616 1377 Lucan.
644 1337 710 1377 Vl.
737 1338 849 1390 439]

139 1397 237 1435 imis.
287 1396 531 1447 Saepissime
551 1409 668 1433 casus
687 1396 750 1433 uni
764 1394 957 1433 vocabulo

81 1452 284 1492 adiunctos
308 1453 475 1497 variare,
502 1452 576 1490 iam
600 1452 784 1490 monitum
811 1455 872 1489 est
894 1464 956 1489 su-

80 1523 151 1562 pra
174 1524 210 1561 p.
239 1513 302 1549 79.
336 1508 396 1546 Ea
431 1511 562 1546 autem
594 1509 752 1550 variatio
778 1508 957 1546 omnibus

80 1567 226 1617 scriptt.
253 1570 314 1603 est
338 1566 553 1608 tritissima:
580 1565 630 1606 cs.
647 1565 749 1603 oud.
777 1564 826 1603 ad
850 1564 958 1602 Suet.

80 1623 206 1673 Vesp.
243 1626 303 1663 19.
338 1622 387 1660 ad
417 1621 513 1660 Hirt.
546 1620 594 1659 B.
627 1621 674 1660 G.
700 1620 804 1660 Vlll.
832 1635 864 1659 c.
892 1624 957 1661 46.

79 1679 208 1718 Burni.
239 1679 289 1716 ad
320 1679 422 1717 Aen.
454 1677 482 1716 l.
516 1682 581 1717 41.
615 1678 785 1716 Gronov.
812 1678 862 1716 ad
887 1678 958 1715 Ar-

78 1737 171 1775 rian.
204 1734 290 1773 Vll.
317 1739 352 1776 6.
380 1735 486 1785 Virg.
513 1733 598 1772 Ecl.
626 1735 675 1773 V.
709 1738 744 1775 6.
784 1734 855 1786 [cf.
889 1733 956 1772 Dr.

79 1793 127 1831 ad
147 1792 233 1830 Liv.
254 1791 322 1831 IV.
345 1796 383 1837 2,
405 1796 440 1832 7.
462 1790 611 1830 Obbar.
632 1792 667 1829 in
691 1791 864 1830 Seebod.
886 1791 957 1829 Ar-

79 1850 177 1888 chiv.
206 1852 325 1889 1825.
352 1848 395 1887 lI.
427 1863 465 1900 p.
492 1852 584 1888 374.
611 1847 733 1887 Bach.
765 1848 815 1886 ad
841 1847 954 1886 Ovid.

78 1905 175 1945 Met.
192 1910 286 1946 582.
302 1910 366 1946 83.
416 1905 473 1943 lta
497 1905 782 1943 emendandum
808 1918 955 1942 censeo

78 1964 114 2001 in
145 1962 309 2015 prologo
340 1962 445 2001 Dict.
470 1960 573 2000 Cret.
594 1963 754 2013 peritus
778 1963 888 2000 vocis
918 1966 957 2000 et

79 2021 236 2065 litteris,
262 2019 367 2069 quod
393 2022 525 2057 contra.
544 2018 711 2056 omnium
732 2017 856 2056 Codd.
878 2017 953 2056 lec-

76 2077 220 2115 tionem
234 2077 268 2114 in
290 2076 518 2115 litterarmn
536 2074 638 2112 Ded.
664 2073 767 2112 male
786 2087 952 2113 eommu-

76 2133 181 2171 tavit.
244 2133 410 2171 Perae'tus
430 2132 530 2169 enini
551 2132 714 2181 saepius
728 2129 955 2169 Ablativum

77 2189 281 2235 adsciscit3
307 2188 355 2227 cf.
382 2187 539 2226 Ruhnk.
565 2188 615 2226 ad
634 2186 740 2226 Vell.
760 2186 803 2225 II.
824 2190 890 2228 29.
917 2191 953 2227 3.

79 2245 196 2284 Gron.
223 2245 273 2284 ad
299 2243 403 2283 Gell.
431 2243 498 2283 IV.
525 2244 580 2296 8.]

134 2303 258 2341 cliuos
302 2301 415 2353 [Cum
453 2300 646 2339 nonnullis
682 2301 953 2351 interpretibus

76 2373 151 2397 non
178 2359 227 2397 (le
252 2358 423 2397 tenebris
449 2359 484 2396 in
510 2359 732 2395 universnm
753 2356 952 2395 intellexe-

75 2417 162 2461 rim,
186 2415 260 2453 sed
285 2416 336 2453 de
361 2416 461 2454 inani
487 2414 553 2451 illo
579 2418 618 2452 et
642 2427 783 2460 vacuo,
809 2427 859 2452 ex
878 2427 954 2465 quo

74 2485 201 2510 rerum
226 2477 362 2511 natura
387 2472 603 2523 composita
634 2475 708 2517 est,
735 2470 825 2521 quia
848 2474 954 2509 tene-

75 2530 154 2567 bris
169 2527 317 2568 Tartari
336 2528 550 2580 praecedit.
599 2526 698 2566 Illud
719 2528 853 2566 vocab.
873 2542 953 2566 cor-

75 2587 237 2624 rexerim
274 2585 379 2637 apud
415 2583 567 2623 Placid.
606 2584 742 2622 Gloss.
775 2598 812 2635 p.
838 2584 952 2625 448.:

80 2642 221 2682 Chaon
247 2647 438 2682 naturam
463 2645 689 2694 confusam.
742 2640 855 2679 Chao
875 2643 900 2680 i.
921 2655 953 2681 e.

76 2701 192 2738 immi
212 2699 276 2738 vel
290 2699 423 2739 cliuos.
474 2698 648 2747 (Cleoum
661 2703 850 2736 natam-am
864 2699 954 2737 uni-

76 2770 241 2795 versam.
304 2756 417 2794 Chao
448 2756 495 2794 id
525 2760 582 2793 cst
611 2756 726 2793 inani
758 2754 820 2793 cel
849 2754 954 2794 chao

73 2812 196 2851 <habet
214 2812 414 2864 palimps.)
449 2811 622 2849 lndicare
649 2812 748 2849 enini
769 2811 851 2849 vult
865 2809 953 2849 Pla-

71 2868 206 2915 efflue,
248 2869 381 2908 Chaos
413 2872 451 2907 et.
487 2867 598 2907 Chao
636 2868 671 2905 in
703 2867 834 2906 dativo
867 2867 954 2915 dici,

77 2937 312 2977 quamquam
336 2940 373 2978 p.
399 2929 492 2966 438.
520 2928 771 2976 monoptoton
798 2924 836 2963 id
862 2938 954 2962 esse

77 2983 439 3035 praescripserat]

133 3053 316 3090 merqere
349 3037 626 3078 n‹›1e‘.Hinc
658 3038 865 3076 lectionem
890 3038 954 3076 de-

79 3094 199 3133 fendit
213 3095 314 3133 oud.
330 3109 377 3132 ex
394 3096 510 3133 Gron.
527 3096 627 3133 (Jbs.
642 3094 709 3132 lv.
725 3098 789 3134 22.
804 3094 900 3133 Met.
910 3093 954 3134 II.

78 3164 116 3202 p.
128 3152 415 3204 106.V.p.327.
431 3151 546 3204 [Plio.
558 3150 656 3190 H.N.
667 3150 813 3191 XXIII.
825 3154 859 3192 6.
870 3151 953 3204 57]

760 1134 884 1164 specna
904 1127 938 1155 G.
960 1127 994 1155 P.
1010 1133 1140 1163 pecora
1160 1127 1196 1154 D.
1245 1128 1277 1153 el
1297 1129 1373 1154 ante
1387 1124 1526 1163 quodvis
1541 1128 1632 1154 abest
1647 1125 1716 1154 aF.
1733 1127 1761 1154 1.

1811 1123 1899 1153 alios

1074 1282 1196 1320 εἰηιιιί
1238 1295 1433 1334 quemque
1475 1282 1748 1333 conspexerit.
1823 1279 1897 1319 Te·

1017 1350 1121 1375 mere
1158 1338 1237 1387 egit
1268 1336 1386 1382 Oud..
1418 1337 1481 1388 qui
1519 1350 1751 1388 quamquain
1783 1350 1897 1376 usum

1017 1394 1245 1432 coniunctivi
1278 1408 1301 1431 a
1330 1395 1449 1433 simul
1475 1395 1552 1445 apti
1584 1394 1687 1431 bene
1728 1394 1896 1445 agnovit,

1017 1451 1066 1488 ob
1098 1451 1212 1489 unius
1243 1454 1371 1489 tamen
1411 1449 1559 1488 codicis
1602 1451 1832 1502 scripturam
1857 1453 1897 1488 et.

1017 1510 1260 1546 constantem
1270 1507 1305 1544 A
1312 1507 1389 1558 pul.
1401 1506 1719 1545 consuetudinem
1730 1505 1896 1558 [ethet.

1020 1563 1085 1602 lV.
1117 1578 1154 1615 p.
1187 1568 1279 1604 241.
1313 1562 1397 1602 Vll.
1424 1578 1462 1615 p.
1489 1567 1582 1603 458.
1609 1566 1703 1603 493.
1730 1562 1831 1600 VIII.
1857 1577 1896 1615 p.

1020 1624 1111 1661 578.
1145 1620 1213 1659 IX.
1246 1635 1284 1672 p.
1318 1620 1429 1672 662]
1464 1620 1713 1658 indicativum
1743 1623 1896 1671 praetu-

1019 1676 1071 1715 lit.
1120 1677 1184 1715 De
1208 1677 1398 1716 coniunct.
1425 1676 1574 1715 confert
1598 1675 1682 1715 Intt.
1709 1676 1759 1714 ad
1781 1675 1896 1714 Caes.

1017 1733 1064 1772 Β.
1082 1733 1130 1772 G.
1144 1733 1210 1772 lv.
1228 1738 1291 1775 26.
1313 1733 1435 1773 Drak.
1456 1734 1506 1771 ad
1521 1733 1607 1772 Liv.
1621 1731 1687 1771 vl.
1707 1737 1741 1772 1.
1755 1732 1896 1772 Lamb.

1017 1790 1067 1829 ad
1092 1790 1187 1828 Hor.
1220 1790 1297 1829 Od.
1328 1790 1355 1829 I.
1389 1795 1425 1830 4.
1455 1795 1517 1831 17.
1552 1789 1744 1841 [nostrum
1769 1789 1897 1828 locum

1017 1847 1199 1886 emendat
1208 1846 1307 1885 Cort.
1323 1847 1373 1886 ad
1387 1846 1534 1885 Lucan.
1544 1846 1611 1886 lV.
1623 1846 1733 1898 685]
1751 1847 1896 1892 Quem-

1017 1918 1094 1957 que
1125 1917 1174 1942 ex
1205 1904 1291 1943 cod.
1322 1903 1367 1943 F.
1394 1907 1431 1944 3.
1463 1904 1613 1955 recepi,
1647 1916 1763 1953 quum
1790 1904 1894 1955 qnis-

1016 1975 1093 2013 qne
1131 1961 1236 2012 apud
1267 1960 1449 1999 Plautum
1480 1961 1716 2010 praeceteris
1748 1959 1894 2010 aliquo-

1013 2018 1087 2055 ties
1107 2032 1176 2069 pro
1198 2018 1443 2070 quicunque,
1471 2017 1653 2069 quisquis
1672 2016 1816 2054 dictum
1841 2017 1894 2053 in-

1014 2076 1201 2121 veniatur;
1235 2073 1283 2112 cs.
1309 2073 1391 2112 Mil.
1423 2072 1467 2111 Il.
1495 2077 1585 2113 25.
1612 2071 1777 2112 Taubni.
1803 2072 1894 2111 ibid.

1015 2130 1064 2169 ad
1091 2144 1192 2170 verS.
1211 2135 1245 2170 1.
1269 2144 1304 2181 p.
1321 2134 1415 2170 797.
1433 2127 1641 2169 Mercat.l.
1657 2134 1692 2169 1.
1708 2133 1774 2170 20.
1799 2129 1893 2167 Am·

1014 2187 1106 2238 phit.
1140 2186 1165 2224 I.
1202 2192 1236 2227 1.
1273 2190 1363 2227 156.
1402 2185 1469 2224 IV.
1508 2190 1545 2227 3.
1581 2191 1644 2226 14.
1703 2185 1894 2224 Prudent-

1012 2246 1099 2298 περὶ
1117 2258 1223 2294 amq).
1239 2243 1290 2283 X.
1310 2248 1371 2284 14.
1388 2247 1451 2284 35.
1468 2244 1597 2293 ibique
1610 2242 1787 2295 Fabi-ic]

1070 2302 1249 2340 sumitur.
1271 2300 1473 2339 Vexantur
1486 2299 1572 2338 Intt.
1586 2303 1709 2338 utrum
1726 2300 1892 2351 capitur

1011 2357 1075 2395 vel
1111 2359 1246 2396 uritur
1282 2358 1433 2402 confici,
1471 2371 1517 2395 an
1555 2358 1656 2395 sumi
1692 2370 1761 2409 pro
1799 2370 1891 2394 con-

1012 2415 1115 2453 sumi
1156 2414 1300 2453 debeat
1337 2414 1518 2463 intelligi,
1560 2417 1601 2451 ut
1634 2411 1797 2452 Taubm.
1840 2412 1891 2450 ad

1013 2469 1139 2509 Plaut.
1166 2470 1313 2510 Pseud.
1328 2471 1377 2509 Y.
1402 2476 1436 2510 1.
1458 2475 1523 2511 23.
1550 2471 1678 2522 opinio
1701 2473 1772 2507 est.
1811 2468 1889 2506 Ne-

1014 2540 1091 2577 que
1115 2528 1335 2578 negandum
1362 2532 1442 2573 est,
1468 2527 1706 2578 singularem
1722 2526 1783 2564 hie
1797 2538 1891 2564 esse

1012 2584 1125 2623 huius
1144 2586 1253 2624 vocis
1272 2585 1604 2634 significationem.

1068 2641 1166 2680 viles
1182 2642 1362 2694 fastidio
1400 2641 1506 2693 [Nec
1520 2639 1731 2683 Stewech„
1758 2639 1821 2689 qui
1846 2644 1894 2678 ut

1015 2699 1107 2738 viles
1123 2699 1344 2750 fastidiens
1364 2697 1558 2741 emendat,
1585 2710 1656 2734 nec
1676 2695 1798 2741 Oud..
1826 2696 1889 2746 qui

1012 2758 1170 2806 propter
1211 2756 1383 2807 ipsorum
1421 2754 1614 2793 fastidium
1650 2765 1792 2804 magae
1828 2753 1891 2791 isti

1014 2812 1205 2850 vilescere
1225 2814 1386 2850 iuvenes
1405 2812 1508 2855 dicit,
1534 2810 1570 2847 h.
1592 2809 1616 2848 l.
1642 2809 1890 2848 intellexisse

1012 2868 1104 2906 mihi
1119 2869 1306 2907 videntur.
1341 2868 1481 2906 Minus
1495 2868 1593 2905 enim
1610 2866 1767 2905 adverb.
1783 2866 1888 2917 quod

1014 2925 1063 2964 ad
1091 2927 1197 2977 prius
1218 2925 1357 2964 adiect.
1372 2925 1542 2975 positum
1556 2923 1682 2968 vides,
1697 2923 1813 2962 etiam
1838 2922 1890 2961 ad

1012 2982 1110 3022 viles
1118 2982 1237 3020 debet
1250 2981 1394 3024 reson-ri,
1404 2984 1445 3019 ut
1457 2982 1535 3018 sint
1547 2981 1570 3018 ii
1584 2981 1747 3019 iuvenes
1761 2981 1889 3018 minus

1012 3039 1190 3084 venales,
1210 3039 1381 3077 moribus
1398 3051 1472 3076 non
1495 3037 1680 3089 corrupti,
1706 3040 1746 3074 et
1771 3036 1889 3075 amori

1014 3097 1243 3134 resistentes
1277 3096 1326 3132 ob
1358 3094 1554 3133 fastidium
1579 3091 1841 3145 Pamphiles]

1073 3152 1244 3205 quodvis
1268 3152 1424 3191 animal
1452 3150 1571 3202 [Mss.
1597 3162 1698 3201 quae
1719 3150 1781 3188 hic
1801 3163 1889 3189 con-
