2155 3590
709 144 897 184 LIBER
927 144 973 185 ll.
1028 142 1152 184 CAP.
1183 141 1250 183 Vt.
1825 138 1880 182 87

80 258 226 314 poteris
251 257 392 298 fabulis
418 259 536 298 miris
560 257 721 311 explere-
746 265 896 311 peetus.
943 259 1073 298 Aufer
1095 255 1324 296 formidines
1350 254 1555 309 puerileis:
1585 253 1762 295 cominus
1791 268 1878 294 cum

79 330 123 356 re
151 315 237 369 ipsa
267 315 423 355 naviter
453 315 693 368 congredere
725 322 765 353 et
793 314 797 369 Ι
824 328 846 353 a
877 328 985 354 nexu
1016 313 1168 367 quidem
1199 311 1362 352 venerio
1394 311 1557 365 hospitis
1589 318 1679 351 tuae
1706 317 1879 363 tempera

79 378 118 412 et
147 371 257 426 probi
280 370 443 412 Milonis
475 371 666 424 genialem
698 377 827 410 torum
858 371 1068 424 religiosus
1099 369 1267 423 suspice.
1328 367 1480 408 Verum
1511 366 1613 407 enim
1640 380 1740 406 vero
1767 365 1878 406 Fotis

79 427 226 468 famula
261 435 417 482 petatur
452 427 585 467 enixe.
647 425 752 466 Nam
789 434 826 467 et
864 428 990 466 forma
1021 426 1162 467 scitula
1192 432 1231 466 et
1262 424 1435 464 moribus
1467 424 1617 463 ludicra
1648 430 1686 463 et
1716 436 1879 476 prorsus

78 484 261 538 argutula
297 491 371 524 est.
434 483 601 537 Vesperi
638 497 790 536 quoque
827 497 912 523 cum
950 497 1087 523 somno
1124 482 1387 538 aonpederes,
1434 487 1474 520 et
1508 480 1548 519 in
1586 479 1805 519 cubiculum
1842 485 1879 519 te

78 540 241 581 deduxit
272 540 455 590 comiter,
494 547 533 580 et
569 539 709 579 blande
747 539 888 579 lectulo
927 539 1135 580 collocavit
1165 546 1205 579 et
1240 537 1336 578 satis
1367 544 1548 577 amanter
1578 535 1800 590 cooperuit,
1841 541 1882 575 et

78 597 254 637 osculato
296 603 362 636 tuo
406 596 530 650 rapite
574 610 686 650 quam
730 596 854 636 invita
898 596 1116 636 discederet
1160 595 1270 635 wltu
1311 593 1499 648 prodidit:
1556 592 1721 646 denique
1763 605 1879 646 saepe

76 701 287 739 rumoptae'mis
308 710 364 737 pro
380 701 510 738 poleroe's
525 704 562 730 R.
577 702 598 730 s.
613 703 750 730 Guielm.
766 705 898 736 putabat
910 701 1040 738 poteris
1054 702 1186 736 antique
1201 701 1321 729 dictum
1334 708 1408 729 esse
1422 708 1477 735 pro
1492 698 1630 736 potiris.
1668 695 1805 737 fabulis
1819 697 1882 724 mi·-

75 747 163 776 serr's
181 748 271 776 codd.
291 751 320 776 et
340 748 408 776 edd.
429 751 507 775 vett.
527 752 682 781 quantum
702 748 772 775 scio
792 755 918 776 omnes:
946 756 1019 776 nam
1040 748 1122 781 quod
1143 747 1175 775 in
1188 748 1225 774 L.
1246 746 1364 781 legitur
1377 743 1496 781 rter's’is,
1511 745 1542 773 id
1556 744 1662 779 ipsum
1677 747 1724 772 est
1738 742 1880 771 miseris.

76 793 166 822 Colv.
187 800 260 821 cum
278 793 487 821 Metiebornio
509 793 656 827 probavit
678 791 848 821 nu‘seellis.
897 792 992 820 miris
1012 793 1044 820 in
1065 793 1189 826 aliquot
1209 792 1299 819 codd.
1319 791 1384 825 legi
1405 790 1542 819 affirmat
1561 790 1709 817 u'ower.
1758 788 1881 827 aufers

75 838 196 867 F.3.B.
239 836 401 874 pnerz'less
414 839 449 866 F.
462 839 528 866 1.3.
544 840 578 866 B.
599 840 636 866 In
651 839 769 866 ceteris
784 839 878 866 libris
893 843 921 866 et
936 839 1006 865 edd.
1031 841 1105 866 vett.
1121 841 1207 866 extat
1217 835 1376 873 pueriles.
1415 835 1596 863 cnmun'nus
1611 836 1647 863 G.
1681 833 1838 871 graviter
1852 830 1880 862 ὃ.

75 882 212 911 naviter
229 884 265 911 F.
281 885 310 911 3.
327 884 361 911 G.
377 884 414 912 D.
430 883 451 910 f.
473 882 534 917 (cf.
554 883 621 912 Cic.
636 884 722 912 Orat.
739 884 790 911 47.
805 883 836 917 ὅ.
856 885 926 911 158.
946 884 1033 911 Fest.
1049 891 1075 911 s.
1093 891 1124 910 v.
1145 889 1253 910 nar-ns
1273 890 1302 916 p.
1320 883 1394 910 108.
1414 883 1485 910 110.
1503 882 1574 909 179.
1594 880 1760 915 Ῑ.1ιι(ἰθιιι.,
1788 886 1882 913 quem

75 929 151 957 vide
164 936 194 963 p.
215 929 290 957 440.
309 929 408 956 Doed.
422 931 600 963 synonym.
615 930 650 956 Τ.
670 930 693 956 Ι.
715 937 743 963 p.
763 929 856 964 124.)
903 932 935 955 el
956 935 1093 955 annea-u
1109 927 1130 956 f.
1179 927 1313 955 renerio
1332 928 1369 955 F.
1391 928 1420 955 3.
1435 928 1471 955 P.
1487 934 1514 961 p.
1532 929 1560 954 et
1576 926 1646 954 edd.
1659 928 1736 953 vett.
1756 928 1884 959 praeter

74 974 189 1003 Venet.
210 981 293 1007 qnae
311 976 405 1001 habet
428 982 547 1000 renero
567 978 594 1001 et
611 974 717 1002 Paris.
766 976 810 1002 <In
831 974 883 1002 liis
904 973 1187 1001 terminationibus
1203 973 1234 1001 in
1248 979 1306 999 eus
1320 976 1348 1000 et
1362 972 1414 1000 ius
1429 980 1528 1006 saepe
1541 971 1672 1000 variant
1686 971 1827 1005 codices,
1848 972 1882 996 ut

74 1019 160 1047 inter
178 1017 346 1046 Thracius
366 1023 394 1046 et
415 1017 588 1046 Thraecas
608 1020 693 1053 apud
707 1020 797 1053 virg.
812 1018 880 1047 Eel.
896 1020 951 1047 IV.
967 1021 1029 1048 55.,1
1053 1026 1172 1045 renero
1186 1019 1224 1046 D.
1245 1025 1368 1045 venenu
1390 1019 1424 1046 G.
1476 1017 1756 1045 toremve11et.2.
1804 1021 1881 1042 sus—

76 1064 147 1100 cipe
166 1066 200 1092 G.
223 1061 251 1092 δ.
299 1062 474 1100 religt‘nm's
494 1064 623 1100 suscipe
642 1072 670 1097 p.
720 1071 832 1091 rerum
854 1064 938 1091 em'm
955 1070 1060 1100 puero
1080 1064 1116 1091 F.
1136 1065 1165 1091 3.
1187 1065 1222 1091 G.
1240 1064 1270 1092 1.
1291 1061 1386 1096 (nam
1406 1063 1457 1091 his
1478 1062 1562 1097 ipsis
1581 1061 1691 1090 verbis
1708 1060 1761 1089 hic
1781 1061 1884 1088 codex

74 1109 208 1144 incipit]
229 1111 264 1137 G.
279 1110 309 1137 2.
324 1110 361 1136 D.
377 1110 412 1137 P.
429 1117 456 1143 p.
471 1111 505 1137 Ο.
520 1118 556 1137 π.
573 1117 684 1136 rerum
700 1109 878 1145 em'mpnto
892 1109 925 1146 β.
936 1116 1025 1144 ero
1041 1106 1068 1136 d.
1084 1106 1213 1135 adaia-e
1225 1109 1261 1136 F.
1275 1109 1296 1136 l.
1312 1109 1349 1136 R.
1365 1111 1393 1136 et
1408 1109 1478 1136 edd.
1493 1111 1570 1135 vett.
1584 1110 1714 1141 praeter
1726 1107 1775 1134 ed.
1790 1113 1837 1140 pr.
1851 1107 1881 1134 et

73 1156 157 1183 lunt.
172 1156 203 1182 2.

251 1153 376 1181 scitula
390 1157 440 1181 est
455 1152 484 1182 ὃ.
533 1157 565 1181 el
580 1158 655 1183 ante
667 1153 814 1182 moribus
828 1156 915 1183 deest
930 1155 962 1182 in
977 1155 1015 1181 D.
1030 1162 1049 1181 a
1064 1161 1103 1181 m.
1120 1161 1147 1187 p.
1196 1151 1330 1180 ludrica
1342 1154 1381 1180 D.

1429 1155 1463 1180 et
1475 1156 1550 1180 ante
1558 1157 1705 1188 prorsus
1719 1159 1781 1179 non
1795 1158 1885 1179 com-

74 1204 164 1234 paret
178 1200 256 1227 inG.
271 1198 454 1236 ergastula
469 1201 504 1227 G.
522 1201 549 1228 l.
564 1198 739 1236 argutula.
778 1197 830 1226 En
844 1206 931 1234 resp.
948 1199 968 1227 f.
991 1198 1048 1233 [cf.
1065 1199 1177 1226 Heius.
1192 1199 1233 1226 ad
1253 1199 1345 1226 Ovid.
1361 1201 1436 1226 Met.
1451 1199 1520 1226 XV.
1536 1196 1616 1232 677]
1638 1194 1832 1224 condedem‘s
1846 1202 1883 1224 π.

76 1246 108 1271 te
126 1243 160 1270 in
179 1242 364 1271 cubiculum
384 1242 524 1271 deduxi!
539 1245 683 1272 Sci-iver.
698 1245 822 1272 Anecd.
838 1245 955 1272 Philol.
978 1252 1004 1277 p.
1020 1245 1072 1271 38.
1094 1244 1217 1277 primus
1237 1243 1335 1270 edidit
1356 1247 1484 1277 propter
1499 1243 1693 1276 particulam
1713 1241 1811 1269 ethic
1826 1249 1884 1269 su-

74 1289 238 1324 perfluam,
255 1296 351 1322 quam
365 1293 471 1318 tamen
484 1290 563 1317 oud.
580 1298 636 1323 per
648 1290 886 1323 polysyndeton
901 1288 1055 1317 defendit.

754 1336 788 1360 et
807 1332 928 1361 blande
947 1336 981 1359 e!
1000 1332 1075 1360 lect.
1095 1334 1134 1361 D.
1155 1331 1240 1359 lectu
1263 1335 1293 1358 te
1309 1334 1343 1360 0.
1359 1340 1394 1360 π.
1410 1335 1444 1360 G.
1464 1334 1490 1360 l.
1513 1330 1566 1366 (in
1581 1340 1643 1366 quo
1656 1331 1742 1359 lecta
1757 1339 1821 1360 non
1835 1335 1884 1359 est

73 1332 236 1362 deduxit:
262 1334 402 1361 comiter
421 1336 456 1362 G.
478 1336 507 1362 2.
529 1339 556 1362 et
579 1335 705 1362 vicent.

74 1379 139 1407 nisi
159 1386 179 1408 a
197 1388 237 1407 m.
258 1379 305 1413 s.)
353 1377 550 1415 comperuit
568 1380 603 1407 G.
625 1380 653 1407 1.
673 1380 802 1407 vicent.
822 1380 935 1407 Venet.
958 1380 987 1406 4.

1104 1286 1204 1314 τίκα-ἣ
1218 1288 1313 1315 Vulc.
1323 1289 1353 1315 2.
1370 1288 1472 1315 Basil.
1486 1289 1513 1315 l.
1526 1285 1665 1315 decerit
1678 1288 1713 1315 G.
1726 1288 1752 1315 1.
1767 1294 1787 1315 a
1801 1294 1841 1315 m.
1856 1295 1883 1314 s.

1037 1376 1212 1405 obsculato
1234 1380 1270 1405 G.
1285 1379 1315 1406 2.
1335 1379 1372 1405 D.
1399 1376 1556 1404 obs-ulum
1577 1379 1612 1405 G.
1631 1379 1657 1405 1.
1704 1376 1835 1404 invicta
1854 1373 1884 1405 δ’.

74 1423 133 1458 [cf.
152 1425 206 1452 Dr.
227 1425 266 1452 ad
289 1424 347 1452 Sil.
367 1425 635 1452 1v.o79.Burm.
663 1426 703 1452 ad
719 1424 819 1452 Rutil.
839 1425 951 1452 1tin.1.
967 1425 1019 1451 64.
1042 1428 1070 1451 et
1091 1424 1131 1452 ad
1146 1423 1252 1458 Quint.
1268 1423 1358 1451 Decl.
1376 1423 1617 1452 ccccxxvu.
1639 1431 1668 1458 p.
1684 1423 1758 1450 733.
1774 1423 1828 1450 Dr.
1843 1422 1884 1450 ad

72 1469 144 1498 Liv.
157 1471 212 1498 rv.
227 1470 280 1498 53.
295 1470 325 1503 §-
341 1468 386 1504 9.]

73 1557 133 1595 cit.
178 1556 299 1596 Am'le
313 1558 412 1595 enim
426 1557 605 1596 studium
619 1557 668 1595 <le
684 1558 828 1595 nutrice
842 1569 950 1607 gran-

73 1613 198 1652 daeva
213 1613 358 1659 dicitur.
380 1626 482 1664 quae
500 1613 672 1652 celerare
686 1614 861 1666 cupiens,
887 1627 950 1650 ve-

72 1670 188 1721 stigia
218 1683 266 1708 eo
291 1671 416 1720 magis
441 1670 627 1710 retardat:
665 1670 715 1709 cs.
746 1669 867 1709 Bach.
901 1670 950 1708 ad

73 1725 187 1764 Ovid.
214 1726 309 1765 Met.
335 1725 439 1765 XIII.
468 1727 579 1779 533]

129 1784 249 1822 mv're's.
300 1782 427 1829 Quum
449 1796 585 1821 omnes
606 1783 688 1821 fere
703 1783 818 1822 codd.
843 1785 950 1822 mise-

73 1841 130 1879 ris
159 1840 390 1891 praebeant,
422 1840 602 1879 diversae
627 1846 718 1879 sunt
742 1840 832 1878 W.
859 1839 950 1878 DD.

74 1897 327 1935 coniecturae.
372 1895 555 1935 Beroald.
578 1897 750 1936 Milesiis
770 1897 951 1935 emenda-

72 1951 282 2004 vit,quibus
292 1958 420 1991 tamen
431 1953 493 1992 hic
502 1954 612 1992 locus
621 1968 695 1992 non
707 1953 949 1999 est‚Scriver.

77 2009 246 2049 mulseis.
272 2008 395 2048 Unice
409 2011 593 2061 probatur
601 2010 702 2048 Oud.
718 2011 949 2050 coniectura.

75 2067 138 2116 qui
165 2067 277 2104 miris
296 2067 331 2104 in
353 2070 500 2104 textum
519 2068 649 2118 recepi
668 2066 806 2112 voluit,
833 2079 949 2116 quum

74 2125 215 2161 mirum
247 2122 296 2159 de
326 2123 445 2160 rebus
477 2124 591 2169 raris,
623 2124 790 2174 egregiis
822 2127 861 2160 et
886 2136 949 2160 ex-

74 2179 355 2230 spectationem
380 2180 654 2229 superantibus
680 2180 827 2218 dicatur
852 2183 889 2216 et
915 2181 949 2216 in

74 2232 176 2274 Mss.
210 2248 365 2285 quoque
397 2235 676 2286 depravatione
705 2237 798 2274 miri
823 2237 857 2273 in
882 2237 950 2274 mi-

74 2293 153 2331 seri
182 2296 340 2343 propter
371 2292 639 2343 compendium
676 2293 737 2333 ηιῗι·
770 2291 860 2330 nihil
900 2293 951 2329 sit

75 2348 334 2398 frequentius:
361 2348 409 2387 cf.
424 2348 560 2387 Heius.
576 2349 625 2387 ad
640 2347 754 2387 Ovid.
770 2348 867 2386 Met.
882 2347 950 2386 lX.

75 2408 168 2445 394.
202 2404 304 2443 Oud.
337 2405 385 2443 ad
418 2404 568 2444 Lucan.
601 2404 667 2443 IX.
701 2409 796 2446 832.
832 2402 951 2444 Gron.

74 2461 125 2500 ad
147 2461 251 2499 Gell.
273 2460 364 2500 XV.
389 2466 449 2501 16.
478 2461 626 2514 [Kopp.
650 2462 699 2500 ad
722 2462 836 2500 Mart.
859 2460 951 2513 (Tap.

74 2532 113 2570 p.
135 2522 228 2558 768.
267 2531 318 2555 ex
342 2518 403 2557 ed.
431 2532 484 2570 pr.
513 2522 551 2556 et
577 2522 671 2570 optt.
692 2518 793 2557 Mss.
819 2519 951 2557 nescio

75 2575 216 2626 quibus
242 2575 303 2613 hic
328 2575 504 2627 probavit
531 2575 748 2626 1m‘sc·ella‘s.}

130 2632 333 2683 yemalem
383 2636 514 2671 torum.
563 2631 731 2682 [Lectus
775 2632 954 2684 'qem'ah's

74 2691 163 2740 post
204 2689 358 2740 nuptias
401 2690 435 2726 in
474 2688 569 2726 atrio
605 2688 786 2726 collocari
823 2693 861 2725 et
897 2692 952 2725 re'-

76 2744 215 2795 ligiose
245 2745 391 2783 servari
415 2745 589 2791 solebat:
627 2744 675 2783 cf.
702 2744 878 2783 b‘rissou.
905 2744 955 2782 de

75 2801 145 2839 ritu
200 2806 304 2854 nupt.
356 2803 392 2839 iu
438 2801 576 2840 Graec.
622 2800 744 2839 Thes.
793 2803 952 2852 Antiqq.

74 2856 180 2895 VIII.
209 2870 244 2909 p.
270 2862 389 2898 1048.
416 2857 612 2897 Sicu-ech.
638 2858 687 2897 ad
712 2859 858 2897 Arnob.
885 2857 952 2897 lv.

75 2927 108 2952 c.
146 2918 210 2955 25.
249 2914 373 2954 Orell.
411 2913 521 2952 Tum.
563 2914 606 2953 II.
645 2928 680 2965 p.
715 2918 809 2955 233.
840 2913 952 2966 Lips.

75 2968 200 3009 Elect.
222 2970 247 3009 I.
267 2985 301 3010 c.
319 2976 380 3011 17.
397 2972 585 3010 Schmidt.
608 2971 658 3009 ad
676 2970 811 3010 Horat.
824 2970 952 3023 Epist.

77 3026 107 3065 l.
142 3032 176 3067 1.
208 3031 272 3068 87.
312 3029 491 3067 sreuzcr.
524 3027 703 3079 Symbol.
743 3027 788 3066 Τ.
820 3027 883 3067 III.
913 3041 951 3080 p.

78 3087 115 3123 4.
136 3097 195 3135 sq.
223 3088 288 3125 36.
309 3098 369 3135 sq.
397 3089 490 3125 432.
512 3098 574 3135 sq.
601 3090 638 3122 et
662 3083 847 3135 Hartung.
873 3084 936 3124 Re

80 3139 143 3191 lig.
170 3140 204 3180 d.
230 3140 343 3180 Rom.
371 3140 396 3179 l.
421 3156 457 3194 p.
485 3142 569 3193 39·.l

1068 1570 1201 1595 rerum
1217 1557 1321 1594 em‘ln
1335 1569 1440 1595 vero.
1454 1555 1595 1594 W'ass.
1609 1554 1754 1594 adlevit
1769 1555 1887 1607 qnasi

1006 1627 1141 1666 ymera
1170 1612 1236 1664 [cf.
1251 1612 1411 1650 Ruhnk.
1428 1612 1529 1650 Dict.
1546 1612 1595 1650 ad
1611 1611 1721 1650 Suet.
1735 1625 1773 1663 p.
1791 1615 1886 1650 257.

1010 1669 1146 1708 Eckst.
1168 1669 1217 1707 ad
1238 1669 1358 1707 Voss.
1379 1670 1498 1707 Arist.
1527 1667 1637 1706 Tom.
1658 1666 1702 1707 11.
1732 1682 1769 1719 p.
1791 1670 1884 1708 537.

1010 1726 1123 1764 Varr.
1154 1726 1258 1778 apud
1289 1725 1389 1764 Non.
1417 1740 1453 1777 p.
1484 1730 1574 1766 156.
1605 1723 1730 1764 Prisc.
1754 1724 1823 1762 Vl.
1849 1727 1898 1763 8..

1009 1797 1049 1835 p.
1076 1787 1169 1823 247.
1196 1781 1333 1821 Krehl.
1395 1782 1477 1820 sed
1503 1786 1582 1820 tum
1607 1782 1749 1819 rectius
1774 1781 1887 1819 abes-

1011 1844 1073 1878 set
1095 1839 1268 1892 famula.
1307 1838 1423 1885 Quod
1438 1838 1541 1877 Oud.
1568 1839 1732 1877 coniecit
1753 1851 1887 1889 puero

1011 1911 1079 1948 pro
1106 1896 1203 1934 milei
1224 1909 1359 1947 puero
1387 1895 1447 1933 vel
1468 1909 1549 1947 per
1573 1908 1724 1934 serrum
1749 1907 1887 1938 meum,

1009 1952 1126 1991 valde
1159 1952 1308 1990 videtur
1337 1952 1518 1990 ieiunum.
1579 1950 1682 1997 Quid
1714 1963 1786 2001 ego
1812 1954 1888 1988 sta-

1009 2010 1157 2053 tuerim,
1183 2008 1310 2046 adhuc
1330 2008 1486 2053 haereo,
1507 2009 1645 2059 primo
1671 2007 1775 2058 quod
1797 2006 1889 2045 olim

1010 2066 1267 2109 conieceram,
1306 2079 1380 2102 non
1416 2064 1609 2103 satisfacit
1639 2077 1765 2115 neque
1797 2076 1887 2101 vero

1009 2125 1044 2162 iu
1084 2136 1214 2161 rerum
1246 2123 1349 2160 enim
1386 2135 1478 2161 vero
1515 2122 1766 2173 acquiescere
1796 2134 1887 2172 pos-

1010 2178 1126 2230 sum.]

1068 2235 1245 2275 ludicra.
1285 2234 1399 2281 Quod
1424 2234 1610 2273 Heinsius
1636 2236 1671 2273 in
1692 2233 1818 2285 Epist.
1839 2234 1890 2273 ad

1012 2292 1152 2330 Graev.
1198 2290 1310 2329 Tom.
1349 2290 1417 2331 IV.
1460 2305 1499 2342 p.
1532 2294 1627 2332 329.
1671 2291 1891 2330 coniecerat

1012 2348 1197 2394 lubrica,
1235 2347 1350 2386 valde
1383 2348 1581 2400 displicuit
1617 2348 1744 2394 Oud.,
1771 2361 1890 2399 quum

1011 2404 1190 2443 Fotidem
1222 2409 1299 2443 tam
1329 2406 1465 2457 paucis
1495 2404 1602 2443 horis
1627 2404 1773 2443 Lucius
1799 2418 1888 2442 nos-

1013 2475 1100 2500 cere
1138 2475 1212 2500 non
1251 2463 1463 2513 potuisset,
1501 2461 1573 2500 sed
1606 2461 1771 2499 vidisset
1802 2473 1889 2500 eam

1014 2519 1218 2558 ludicram
1244 2520 1266 2557 i.
1293 2533 1325 2557 e.
1354 2518 1456 2557 ludis
1482 2519 1679 2557 amatoriis
1705 2518 1890 2556 deditam.

1011 2574 1069 2614 lta
1098 2575 1199 2613 enim
1233 2576 1374 2614 ludum
1407 2579 1445 2613 et
1477 2575 1683 2614 ludicrum
1709 2575 1783 2612 dici
1807 2573 1889 2612 illu-

1010 2636 1108 2670 strat
1132 2645 1180 2669 ex
1209 2632 1326 2683 Apol.
1352 2646 1388 2683 p.
1416 2635 1510 2672 398.
1531 2646 1566 2683 p.
1589 2635 1684 2671 407.
1704 2631 1799 2669 Met.
1818 2628 1890 2669 IX.

1010 2703 1049 2740 p.
1079 2688 1174 2729 603.
1213 2689 1277 2738 [cl'.
1315 2687 1458 2727 Tibull.
1496 2687 1521 2726 Ι.
1561 2691 1654 2728 363.
1692 2686 1719 2726 Ι.
1753 2691 1789 2727 5.
1823 2691 1889 2729 26.

1011 2745 1139 2783 Burni.
1167 2746 1216 2783 ad
1243 2745 1362 2783 Auth.
1390 2743 1476 2782 Lat.
1503 2742 1529 2782 I.
1557 2758 1594 2795 p.
1622 2744 1734 2797 516]

1070 2802 1284 2842 deducere.
1340 2800 1541 2853 Proprium
1569 2800 1643 2839 hac
1666 2801 1703 2838 in
1729 2814 1770 2839 re
1796 2813 1891 2839 esse

1013 2860 1270 2911 compositum
1291 2857 1406 2896 docet
1425 2857 1529 2895 Oud.
1550 2870 1598 2894 ex
1613 2856 1702 2896 Ter.
1716 2856 1892 2910 Adelph.

1012 2914 1080 2955 IV.
1107 2921 1147 2956 5.
1172 2918 1238 2956 60.
1270 2914 1387 2953 Ovid.
1417 2913 1513 2951 Met.
1540 2913 1590 2952 X.
1617 2917 1711 2954 462.
1743 2913 1888 2953 Tibull.

1011 2970 1040 3010 l.
1067 2976 1104 3012 7.
1132 2966 1197 3012 65.
1223 2971 1287 3009 ubi
1318 2970 1394 3009 vid.
1419 2969 1592 3008 Broukh.
1620 2974 1659 3008 et
1683 2970 1815 3010 adnot.
1840 2971 1891 3010 ad

1013 3027 1130 3067 Caes.
1155 3027 1254 3066 BG.
1277 3027 1326 3066 V.
1351 3031 1414 3067 14.
1448 3025 1513 3079 [cf.
1538 3026 1698 3066 Ruhnk.
1729 3027 1779 3066 ad
1800 3025 1891 3068 Ter.

1012 3084 1035 3123 l.
1063 3100 1095 3124 c.
1122 3089 1160 3123 et
1184 3084 1234 3122 ad
1264 3083 1406 3134 Hecyr.
1434 3081 1462 3122 l.
1488 3086 1523 3123 2.
1547 3086 1610 3124 60.
1636 3082 1888 3123 Potissimum

1011 3142 1046 3180 in
1072 3156 1147 3180 usu
1172 3144 1234 3180 est
1259 3141 1309 3179 de
1339 3140 1486 3192 nuptis,
1513 3153 1614 3193 quae
1638 3141 1688 3180 ad
1714 3141 1889 3180 maritum

1906 314 1966 347 101
