2221 3667
325 138 408 179 656
582 138 628 178 L.
655 137 875 177 APULEH
908 137 1311 177 MADAURENSIS
1340 136 1889 180 METAMORWJOSEON

237 259 300 292 5¹9
328 251 464 290 furens
496 262 591 305 aper
614 249 767 290 invadit
791 250 983 291 iacentem
1010 263 1055 289 ae
1080 248 1207 303 primo
1238 248 1426 304 lalcinias
1452 250 1560 301 eius,
1588 266 1683 291 mox
1708 252 1833 306 ipsum
1859 261 2133 307 resurgentem

326 306 448 346 multo
469 307 587 348 dente
607 306 788 347 laniavit.
816 306 905 347 Nec
925 306 1052 359 coepti
1073 305 1215 345 nefarii
1236 305 1379 346 bonum
1402 306 1527 360 piguit
1548 307 1736 358 amicum,
1760 311 1822 349 vel
1835 324 1931 350 suae
1945 311 2135 350 saevitiae

326 363 479 403 litatum
506 364 645 403 saltem
672 370 783 403 tanto
811 363 983 417 periculo
1011 375 1179 402 cernens
1206 362 1332 415 potuit
1357 363 1530 416 expleri,
1560 364 1627 403 sed
1655 365 1803 417 percito
1830 374 1944 420 atquc
1971 367 2135 421 plagosa

237 428 300 460 520
326 433 447 460 crura
484 420 712 473 contegenti
750 418 1172 472 suumqueauxilium
1210 418 1410 459 miscriter
1448 420 1607 473 roganti
1641 434 1711 474 per
1737 421 1742 476 Ι
1766 422 1893 462 femur
1923 424 2132 463 dexterum

325 536 375 565 dit
387 539 471 567 Elm.
486 538 590 567 Scriv.
605 538 725 566 Florid.
773 534 938 563 invadens
953 534 1065 571 primo
1085 534 1233 563 lom'm'as
1253 537 1289 564 G.
1307 537 1335 564 1.
1350 538 1380 565 2.
1400 537 1439 565 Ι).
1453 538 1489 565 P.
1503 538 1540 565 L.
1558 537 1578 565 f.
1593 538 1684 566 colv.
1699 539 1795 566 Vulc.
1810 541 1911 567 Merc.
1925 540 2036 569 VVow.
2051 541 2136 569 Prie.

324 583 397 610 eius
412 591 475 611 non
490 587 652 618 comparet
669 583 700 610 in
715 584 750 610 G.
770 583 796 609 1.
811 583 842 609 2.
859 582 894 609 P.
910 581 945 609 Ο.
988 583 1067 616 pust
1083 581 1190 617 ipsum
1205 589 1262 615 pro
1275 589 1357 608 mor
1370 582 1478 617 ipsum
1498 584 1534 610 G.
1560 585 1586 610 1.
1605 585 1636 610 2.
1656 584 1694 612 D.
1709 585 1744 612 L.
1762 585 1797 612 0.
1813 583 1834 611 f.
1850 585 1884 612 B.
1900 591 1936 611 π.
1950 586 1988 612 R.
2003 581 2031 613 d.
2046 585 2135 614 Coiv.

324 629 420 657 Vulc.
435 631 535 657 Merc.
550 630 662 656 u'ow.
678 628 763 655 Prie.
812 625 983 653 laniacum
996 627 1032 654 F.
1050 627 1078 655 1.
1095 634 1123 660 p.
1171 627 1282 655 Verba
1302 626 1357 653 rel
1375 635 1478 661 usque
1498 628 1538 656 ad
1559 629 1752 665 contrgenti
1769 630 1904 658 exulare
1924 636 1944 658 a
1959 631 1995 657 G.
2013 631 2042 658 1.
2056 631 2087 658 2.
2101 632 2136 659 Ο.

323 674 361 702 Ρ.
376 682 411 702 π.
426 675 557 703 adnotat
572 674 652 702 Oud.
677 672 835 705 Equidem
850 671 947 699 aliter
959 672 1082 700 inveni.
1109 672 1271 706 Scriptum
1285 673 1371 700 enim
1384 676 1433 701 est
1448 673 1480 702 in
1495 674 1531 701 G.
1544 674 1570 702 1.
1585 675 1679 702 2.1).:
1694 674 1836 701 aun'cnm
1851 673 1910 701 sed
1922 682 2018 702 suum
2031 674 2137 702 anexi-

324 718 404 746 lium
418 720 466 747 ita
481 723 513 747 ut
527 727 582 753 pro
598 716 651 745 cel
662 717 804 751 positum
817 718 857 745 sit
873 715 933 744 sed
944 721 975 744 et
987 719 1107 750 copula
1119 724 1182 754 qne
1197 720 1266 751 post
1281 724 1376 744 suum
1397 718 1607 747 desideretur.
1633 720 1722 753 Quod
1742 719 1923 748 verisimile
1943 724 1991 748 est
2012 720 2044 748 in
2064 724 2137 749 cett.

324 772 451 798 quoque
464 765 571 797 codd..
598 770 679 796 quos
693 762 772 790 Oud.
787 762 916 796 adtulit,
936 762 1090 791 inveniri.
1129 765 1228 789 tanto
1242 762 1363 789 sallem
1379 760 1407 792 ὃ.
1426 772 1455 797 p.
1490 762 1550 791 sed
1558 765 1696 799 parcito
1710 766 1758 793 ed.
1775 773 1820 799 nr.
1835 765 1964 794 vicent.
1978 766 2091 793 Venet.
2106 768 2138 793 2.

317 809 467 847 plagosa
481 816 587 836 crura
599 808 635 836 F.
652 809 680 835 1.
695 810 778 835 teste
791 809 873 836 Elm.
888 808 924 836 F.
939 809 969 836 3.
985 817 1017 842 φ.
1032 808 1068 836 Β.
1083 805 1219 843 (male).
1251 806 1400 845 plagosa
1419 816 1527 836 crura
1546 808 1690 837 vulnera
1705 819 1734 844 p.
1753 811 1824 839 cdd.
1839 814 1916 839 vett.
1932 814 2060 844 praeter
2072 811 2139 838 Ve-

324 859 388 884 net.
404 857 433 883 4.
449 860 476 883 ei
487 856 559 882 Par.
569 875 575 887 ,
602 860 686 886 quae
699 854 811 887 legunt
821 851 969 889 plagosa
983 860 1090 880 crura
1104 853 1297 889 contegenti
1309 874 1315 880 .
1326 876 1331 882 .
1342 853 1490 891 plagosa
1503 862 1610 881 crura
1625 854 1788 882 vellerum
1803 854 1945 882 vulnera
1958 859 2044 884 extat
2061 856 2093 883 in
2103 857 2139 884 Β.

324 908 365 929 ex
380 899 554 929 conatione
569 897 681 926 modii.
708 899 771 926 Sed
785 896 840 925 bel
850 902 905 926 aut
920 897 974 925 vel
985 897 1112 932 (utrum
1127 899 1284 933 scriptum
1299 899 1340 927 sit
1352 920 1360 935 ,
1385 907 1449 928 non
1464 902 1545 928 bene
1558 904 1663 934 potest
1678 900 1847 936 dignosci)
1861 901 1951 929 linea
1964 901 2138 929 obductum

323 949 390 981 est,
416 950 448 973 ut
462 944 544 972 vitio
557 942 660 972 modii
673 945 859 972 aberratum
872 944 1035 972 videatur.
1059 945 1097 972 In
1116 947 1189 974 cett.
1205 942 1355 981 plagam
1374 943 1518 972 vulnera
1537 950 1572 974 ut
1590 945 1624 974 in
1642 946 1678 974 F.
1696 947 1724 975 1.
1739 947 1834 974 Vulc.
1848 947 1879 974 2.
1903 947 1964 975 Vir
1977 947 2090 974 doctus
2104 945 2140 974 in

322 998 424 1024 marg.
445 991 493 1018 ed.
514 989 644 1017 Vicent.
665 989 813 1017 emendat
834 997 941 1016 crura
961 988 1100 1017 vulnere
1119 989 1323 1025 contegenti.
1372 991 1620 1018 cmmm'seriter
1641 991 1660 1021 f.
1682 991 1769 1020 Prie.
1788 993 1874 1020 male
1894 990 2137 1019 vaseribiliter.

316 1035 521 1074 perfruerer.
549 1034 737 1068 Adscrinsit
750 1035 826 1063 libri
841 1035 894 1064 sui
907 1042 984 1062 orae
999 1036 1125 1063 Gruter.
1143 1034 1248 1074 forle
1258 1037 1392 1071 guttur.
1416 1038 1462 1064 Ne
1477 1036 1605 1065 audias.
1630 1038 1705 1071 Ipse
1719 1037 1881 1070 Apuleius
1901 1038 1953 1065 dat
1969 1037 2137 1069 rationem.

322 1088 380 1109 cur
400 1078 728 1118 Tlepolemifemnr,
756 1087 819 1108 non
839 1080 926 1109 alias
945 1080 1094 1114 corporis
1114 1084 1224 1114 partes
1238 1082 1421 1110 vulnerarit
1440 1083 1657 1117 Thrasyllus,
1685 1081 1830 1120 utferri
1847 1080 1991 1109 vulnera
2012 1080 2139 1109 similia

322 1126 512 1154 viderentur
526 1127 690 1161 prosectu
709 1123 878 1163 dentium,
905 1133 986 1160 quos
1007 1125 1185 1154 feminibus
1205 1125 1355 1155 infixerat
1375 1133 1464 1161 aper.
1513 1126 1694 1155 defletum
1714 1128 1751 1156 F.
1765 1128 1796 1156 3.
1821 1129 1858 1156 In
1879 1131 1952 1157 cett.
1967 1125 2139 1155 dextrum.

321 1172 369 1200 De
388 1171 460 1200 suis
477 1171 569 1199 codd.
591 1171 672 1199 Oud.
686 1170 774 1199 silet.

322 1270 492 1309 nonnulli
506 1270 1089 1322 interpretes‚utColvius‚ecoe
1102 1285 1204 1318 eum,

323 1341 424 1378 quae
439 1327 630 1379 particula
642 1329 676 1366 in
692 1341 735 1365 re
749 1329 964 1379 repentina,
991 1328 1205 1380 improvisa

323 1388 363 1423 et
375 1385 574 1436 inopinata
586 1385 749 1436 saepius
764 1385 798 1422 in
815 1399 887 1423 usu
903 1388 975 1423 est.
991 1384 1056 1437 [cs.
1070 1384 1204 1425 Burni.

323 1441 373 1480 ad
399 1440 514 1480 Ovid.
529 1441 629 1480 Met.
642 1440 688 1480 ll.
704 1445 798 1481 441.
825 1441 952 1479 Hand.
971 1440 1203 1481 TurselLIl.

322 1512 360 1550 p.
376 1498 487 1550 347]
516 1498 728 1549 Scioppius
741 1511 854 1544 vero,
870 1499 935 1549 qui
947 1497 1053 1537 Bert.
1070 1498 1202 1537 lectio-

323 1568 412 1593 nem
444 1554 602 1594 seilicet
630 1568 718 1593 eum
759 1559 849 1593 ante
886 1554 1024 1593 oculos
1054 1555 1201 1601 habuit,

323 1611 489 1663 putavit,
517 1611 644 1649 locum
671 1610 918 1661 glossemate
943 1625 1038 1656 esse
1065 1611 1200 1664 ‹lepra-

322 1672 454 1707 vatum
479 1671 519 1705 et
544 1667 689 1705 deletis
715 1668 874 1707 scilicet
891 1682 979 1708 eum
999 1668 1201 1706 vocabulis

322 1723 533 1776 legendum
555 1738 629 1763 uec
649 1725 739 1770 diu,
767 1738 869 1776 aper
879 1726 1026 1775 furens
1043 1726 1203 1764 invadit

323 1795 422 1821 eum.
476 1779 610 1819 Primo
648 1794 763 1827 cave,
802 1794 852 1818 ne
886 1795 966 1820 nec
1003 1780 1078 1821 diu
1114 1794 1200 1818 cum

321 1837 470 1888 aliquot
484 1837 765 1883 codd..eiicias,
792 1850 894 1888 quae
918 1841 961 1875 ut
992 1851 1065 1877 nce
1083 1851 1200 1876 mora

321 1898 532 1945 ponuntur,
564 1894 628 1932 ubi
658 1894 714 1931 rei
745 1907 900 1932 summa
925 1892 1108 1933 celeritas
1134 1908 1199 1932 ex-

320 1951 505 2002 primitur.
530 1950 578 1988 ef.
604 1950 701 1988 Met.
716 1949 783 1989 IV.
810 1965 848 2003 p.
864 1954 957 1991 291.
984 1964 1074 1990 nec
1100 1952 1199 1997 diu,

322 2021 413 2048 eum
447 2012 627 2059 repente.
680 2007 745 2045 De
778 2009 814 2045 vi
845 2006 961 2046 huius
986 2007 1200 2060 particulae

321 2069 375 2109 et,
401 2077 502 2114 quae
527 2064 769 2102 narrationes
796 2065 1010 2110 connectit,
1033 2064 1099 2103 ubi
1130 2078 1196 2102 res

319 2121 457 2159 dicitur
485 2122 661 2172 proxime
692 2124 732 2159 et
768 2119 947 2159 celeriter
983 2125 1198 2160 consecuta

320 2191 428 2223 esse,
477 2177 525 2216 cf.
551 2176 654 2216 Oud.
681 2177 732 2216 ad
758 2176 873 2217 Caes.
899 2177 946 2216 B.
975 2178 1022 2217 G.
1035 2177 1103 2217 Vl.
1130 2181 1195 2218 37.

318 2233 466 2273 Lucan.
483 2234 508 2272 l.
526 2238 619 2274 231.
644 2234 742 2272 Met.
759 2234 805 2272 V.
825 2248 865 2287 p.
880 2238 975 2275 325.
996 2240 1196 2287 proveeta

319 2305 407 2330 nox
422 2295 465 2329 et
485 2290 656 2330 clemens
677 2291 847 2344 quidam
860 2305 992 2331 sonus.
1019 2291 1116 2329 Met.
1131 2290 1200 2329 IX.

317 2361 356 2399 p.
372 2350 470 2389 630.
502 2347 765 2388 Commodum
791 2348 936 2387 Veneri
958 2348 1201 2393 militabant,

318 2408 364 2442 et
388 2409 535 2444 contra
562 2405 799 2456 opinionem
820 2405 1062 2456 improvisus
1081 2407 1200 2444 mari-

318 2465 381 2499 tus
407 2461 586 2507 adsistit,
612 2461 676 2499 ubi
705 2461 820 2499 etiam
833 2465 985 2499 mutare
1000 2465 1198 2500 conantur.

316 2516 415 2555 Met.
442 2516 547 2555 Vlll.
574 2530 610 2568 p.
638 2521 732 2558 557.
767 2519 851 2557 vix
882 2518 984 2557 haec
1009 2519 1124 2558 (licta
1156 2524 1202 2557 et

316 2575 452 2613 statim
466 2573 655 2626 lapidum
669 2576 839 2614 cessavit
854 2575 988 2613 imber.
998 2574 1048 2612 X.
1058 2588 1093 2625 p.
1106 2578 1199 2615 690.

316 2631 402 2670 υἷα·
434 2630 528 2670 dum
560 2631 776 2682 sepultura
804 2632 953 2682 suerat
981 2632 1199 2683 explicata

316 2692 362 2725 et
385 2687 536 2725 statim.
576 2687 674 2726 Stat.
708 2687 834 2726 Theb.
856 2687 941 2725 Vll.
973 2691 1064 2728 300.
1099 2688 1201 2727 Nec

318 2743 514 2796 lonyum
540 2748 585 2782 et
603 2744 781 2796 pulcher
809 2743 1038 2783 Alathrevs.
1064 2744 1198 2784 Burin.

315 2800 365 2837 ad
390 2800 499 2850 Virg.
525 2800 626 2839 Aen.
658 2800 721 2839 111.
749 2804 785 2841 9.
813 2800 916 2852 [Intt.
943 2800 993 2840 ad
1019 2800 1123 2839 Aen.
1150 2801 1195 2840 Il.

315 2859 409 2896 804.
436 2856 564 2896 Hand.
592 2856 762 2896 Turseli.
789 2856 835 2894 T.
855 2856 899 2896 ll.
925 2871 962 2909 p.
989 2861 1082 2897 482.
1109 2857 1197 2896 Huc

313 2925 409 2950 vero
448 2913 642 2952 referendi
680 2927 754 2952 non
792 2917 882 2952 sunt
918 2913 994 2952 loci
1032 2913 1130 2953 Met.
1145 2915 1195 2953 V.

314 2981 352 3018 p.
369 2973 461 3009 353.
487 2983 573 3009 nec
599 2970 685 3009 diu
712 2971 878 3009 blandis
903 2971 1191 3011 alimoniarum

1265 1271 1394 1312 oculis
1407 1271 1677 1312 tolerantibus
1686 1286 1821 1324 porro
1839 1273 2021 1318 Quirites
2034 1285 2137 1325 pro-

1264 1329 1618 1381 elamareymtsti,
1643 1330 1740 1373 sed,
1764 1329 1828 1368 ubi
1843 1329 2137 1368 enunciationes

1261 1399 1337 1423 non
1364 1384 1605 1432 coniunctae,
1630 1385 1705 1424 sed
1729 1385 1847 1438 plane
1870 1386 2074 1424 seiunctae
2099 1389 2138 1423 et

1264 1442 1473 1494 oppositae
1498 1443 1571 1480 sibi
1597 1442 1816 1494 apparent]

1320 1499 1502 1538 laniaw't.
1549 1498 1629 1551 [Ex
1643 1503 1823 1550 corrupta
1837 1498 1950 1537 codd.
1963 1498 2136 1537 Florent.

1264 1559 1297 1595 1.
1324 1559 1364 1593 et
1388 1553 1488 1593 Pith.
1515 1554 1682 1593 lectione
1708 1556 1906 1595 laniatum
1919 1556 1998 1594 erui
2012 1569 2139 1607 posse

1260 1616 1372 1663 putat
1396 1610 1501 1649 Oud.
1527 1611 1728 1658 lam-inat,
1756 1625 1871 1663 quam
1889 1625 2028 1650 vocem
2050 1625 2138 1650 sae-

1260 1668 1350 1719 pius
1380 1668 1616 1718 interpretes
1647 1667 1818 1719 Apuleio
1849 1668 2043 1706 intrudere
2067 1682 2132 1707 vo-

1260 1723 1405 1763 lebant.
1453 1724 1501 1762 cs.
1532 1724 1631 1763 Met.
1659 1724 1725 1763 IV.
1752 1739 1788 1777 p.
1816 1728 1909 1766 283.
1937 1727 2140 1778 ferroque

1263 1781 1500 1826 laniatus,
1524 1781 1590 1819 ubi
1604 1781 1740 1820 Heius.
1761 1782 1878 1820 etiam
1896 1781 2032 1820 maluit
2052 1782 2138 1821 lan-

1259 1839 1420 1877 cinatus
1435 1851 1469 1888 p.
1480 1841 1572 1878 298.
1589 1839 1782 1878 lassatum
1795 1839 1859 1877 iri.
1874 1837 1980 1877 vlu.
1995 1851 2032 1889 p.
2043 1842 2136 1879 550.

1260 1894 1487 1933 laciniatim.
1501 1895 1700 1946 disperso.
1725 1895 1863 1933 Heius.
1873 1894 2044 1933 Advers.
2054 1894 2082 1934 I.
2097 1901 2134 1935 4.

1258 1963 1294 2002 p.
1305 1955 1369 1991 42.
1387 1950 1469 1988 Sed
1484 1952 1647 2003 saepius
1662 1951 1827 2004 perfecti
1840 1952 1951 1990 tertia
1963 1965 2136 2003 persona

1258 2007 1294 2044 in
1316 2007 1428 2046 codd.
1451 2021 1537 2045 cnm
1556 2008 1757 2060 participio
1771 2012 1920 2047 mutata
1932 2011 2008 2053 est,
2032 2008 2134 2048 itain

1254 2065 1448 2115 prioribus
1474 2063 1523 2102 D.
1554 2078 1625 2116 pro
1658 2066 1885 2117 ornputavit
1907 2064 2028 2103 habet
2057 2080 2136 2104 am-

1251 2126 1459 2172 putatum,
1486 2134 1588 2172 quae
1615 2121 1792 2161 confusio
1818 2135 1869 2160 ex
1893 2121 2136 2173 compendiis

1253 2177 1456 2230 utriusque
1480 2177 1627 2216 formae
1652 2178 1802 2231 oritur]

1312 2239 1435 2287 atque
1478 2234 1661 2287 playosa
1710 2249 1834 2275 crura
1889 2235 2134 2287 conteqenti.

1261 2289 1471 2329 Fluetnant
1502 2291 1615 2330 codd.
1653 2291 1750 2330 inter
1782 2291 1972 2330 lectiones
2009 2305 2134 2330 crura

1260 2351 1302 2386 et
1330 2348 1514 2394 vulnera,
1541 2361 1702 2399 quarum
1726 2352 1862 2386 neutra
1886 2347 2134 2398 Oud.·quum

1260 2404 1434 2456 placeat,
1480 2418 1530 2442 ex
1572 2404 1679 2443 Bert.
1719 2405 1886 2444 lectione
1923 2404 2136 2442 fabricatus

1259 2465 1323 2499 est
1343 2462 1501 2512 femina
1527 2460 1618 2500 coll.
1643 2461 1731 2500 dict.
1757 2461 1808 2499 ad
1828 2461 1937 2500 Suet.
1953 2460 2028 2499 Tit.
2048 2475 2078 2499 c.
2097 2465 2131 2500 4.

1259 2518 1330 2557 snb
1354 2518 1684 2568 fc111inibus,vubi
1705 2518 1822 2557 docet
1841 2518 1993 2556 femora
2017 2522 2057 2556 et
2080 2517 2133 2554 in-

1259 2575 1377 2625 guina
1401 2574 1570 2612 maxime
1595 2575 1644 2613 ab
1670 2576 1774 2626 apris
1807 2575 1952 2626 appeti.
2003 2573 2129 2620 Quam

1259 2644 1394 2683 parum
1425 2635 1555 2669 autem
1586 2631 1674 2669 fidei
1704 2631 1788 2670 cod.
1806 2631 1861 2669 B.
1887 2630 2131 2669 tribuendum

1259 2687 1328 2734 sit,
1366 2691 1407 2726 ut
1448 2701 1498 2725 ex
1535 2702 1582 2725 eo
1617 2692 1738 2726 totum
1766 2687 1896 2725 locum
1921 2686 2133 2726 emendare

1256 2744 1388 2791 liceat,
1415 2744 1512 2782 inter
1531 2758 1668 2784 onmes
1688 2745 1787 2782 satis
1808 2748 1972 2782 constat.
1997 2742 2131 2781 Proba

1247 2805 1402 2840 ‚tantum
1429 2800 1545 2839 lectio
1560 2806 1623 2839 est
1635 2815 1776 2846 crura,
1804 2800 1912 2838 cuius
1927 2799 2131 2850 glossema

1253 2858 1387 2910 potius
1422 2861 1485 2896 est
1523 2858 1699 2897 vulnera.
1750 2856 1828 2894 lam
1866 2858 1967 2895 enim
1998 2857 2131 2895 obstat

1253 2915 1458 2953 verborum
1493 2914 1676 2967 playosa
1700 2913 1867 2953 vulnera
1899 2914 2128 2951 coniunctio.

1253 2984 1355 3022 quae
1376 2971 1441 3008 vix
1462 2970 1550 3009 seri-i
1576 2974 1727 3022 potest,
1754 2970 1934 3020 quamvis
1960 2971 2058 3008 inter
2081 2982 2128 3005 se

316 3025 519 3076 obsequiis
550 3031 587 3066 te
618 3027 905 3079 soyinaturnm
931 3041 1064 3066 omnes
1096 3042 1191 3067 con.-
1245 3028 1408 3080 plafflze
1449 3032 1489 3066 ot
1524 3027 1691 3067 vulnera
1733 3026 2004 3065 diversissima
2038 3026 2129 3064 sint.

311 3082 477 3131 firman!
485 3112 494 3126 ‚
519 3083 604 3121 sed
617 3084 907 3134 cumprimum,
923 3088 963 3121 et
974 3083 1072 3122 Met.
1087 3083 1190 3122 5'111.

313 3149 354 3186 p.
391 3140 484 3176 587.
522 3138 622 3178 Nec
658 3141 744 3180 diu
780 3140 864 3179 tole
896 3141 1067 3191 focinus
1097 3142 1192 3180 meis

1251 3083 1487 3123 Einendavit
1511 3084 1598 3121 sine
1623 3084 1739 3121 dubio
1766 3083 1942 3134 quidam,
1969 3083 2032 3133 qui
2059 3095 2129 3133 per

1249 3154 1425 3191 sequens
1438 3142 1574 3191 femur
1586 3140 1778 3190 deceptus
1791 3144 1866 3188 est,
1892 3153 1994 3191 quae
2007 3138 2130 3177 altera
