2155 3590
782 85 1051 126 CAPUT
1111 84 1164 124 ll.
1757 97 1874 124 xxvu

81 202 253 241 onmium
277 203 454 254 denique
481 200 736 251 fabularum,
767 206 810 240 ut
840 215 888 240 ne
916 203 1072 254 finyere
1098 200 1259 252 quidem
1287 200 1456 250 possitis
1486 200 1561 237 ista
1587 199 1875 237 verisimiliter?

79 273 116 310 p.
149 263 248 298 460:
286 259 566 297 filemorassem
599 257 672 295 tibi
704 259 821 296 etiam
855 258 1062 297 Theocriti
1092 257 1220 308 paria
1257 261 1296 294 et
1330 256 1415 294 alia
1455 256 1623 293 Homeri
1764 256 1807 292 ni
1838 259 1875 292 te

79 316 234 354 dudam
265 315 646 357 animadrertissmn,
689 313 887 353 Graecam
925 313 1191 352 Pudentillae
1227 313 1441 364 epistolam
1471 312 1605 362 leqerc
1641 312 1862 363 nequivisse

79 385 116 422 p.
142 375 233 410 473.
261 372 372 409 disce
396 372 558 409 nomina
583 383 716 409 rernm
743 370 889 415 latina,
923 384 1026 423 quae
1050 374 1275 421 propterea
1307 370 1415 406 carie
1445 369 1648 406 nominavi
1673 372 1717 406 ut
1740 368 1875 406 denuo

80 430 296 467 instructus
321 441 501 469 accuses‚·
527 440 564 478 p.
591 428 683 465 581.
713 426 826 471 Quid
849 429 1003 478 faciam
1031 431 1109 464 tam
1135 425 1323 468 rudibus,
1351 429 1430 463 tam
1457 423 1669 463 barbaris?
1694 424 1875 463 Docemn

79 498 234 523 rursum
261 484 361 522 haec
380 489 418 522 et
435 484 559 522 multa
577 483 704 533 plura
724 483 806 521 alia
828 484 868 521 in
890 483 1143 521 bibliothecis
1165 481 1343 533 publicis
1367 482 1483 532 apud
1509 480 1753 519 clarissimos
1778 481 1874 519 scri-

73 545 215 592 ptores
243 554 302 578 me
334 540 486 591 lenqisse.
547 538 633 576 Hoc
660 543 787 576 tamen
821 539 869 576 de
900 538 1211 590 Metamorphosi
1241 537 1434 575 silentium
1467 537 1772 575 adversariorum
1799 550 1873 574 non

77 601 153 634 tam
181 609 230 634 ex
254 610 385 633 eorum
412 596 641 645 ignorantia,
668 609 782 646 quam
807 597 895 634 inde
921 595 1190 647 explicandum
1217 608 1328 637 esse,
1361 593 1463 643 quod
1495 595 1530 631 in
1558 593 1681 630 lucem
1709 593 1873 630 nondum

78 652 114 690 hi
143 653 223 690 libri
252 652 389 690 fuerint
414 653 524 697 editi,
550 652 636 690 hinc
661 652 750 689 mihi
777 653 816 690 tit
841 653 1060 703 probabile,
1093 652 1195 702 quod
1221 650 1415 703 Apuleius
1442 655 1572 688 contra
1600 650 1782 688 lasciviae
1807 651 1873 687 cri-

76 709 341 755 minationem,
374 710 482 747 cuius
508 722 557 746 ex
580 709 785 747 versiculis
811 709 956 759 aliquot
981 722 1067 746 eum
1099 708 1307 746 adversarii
1340 707 1670 750 insimulaverant,
1703 711 1780 743 tam
1810 720 1872 744 au-

77 766 210 803 dacter
240 779 368 804 coram
400 766 589 803 iudicibus
622 770 661 803 et
690 770 746 803 tot
772 767 1033 816 cuiuscunque
1059 765 1212 816 generis
1238 770 1277 803 et
1301 764 1540 802 condicionis
1567 762 1784 800 bominibus
1809 762 1873 799 de-

77 822 238 860 fendere
273 835 319 860 se
350 836 422 860 non
454 824 663 873 potuisset,
700 823 772 860 nisi
809 822 1142 873 Metamorphosin
1179 822 1227 859 ab
1266 821 1441 859 omnibus
1478 820 1640 870 ignorari
1677 820 1872 857 scivisset.

79 878 150 917 His
186 879 297 930 igitur
337 880 569 929 argumentis
601 878 807 917 Bosschae
838 880 1075 930 opinionem,
1106 883 1199 930 post
1230 878 1464 930 Apologiam
1498 876 1754 926 compositam
1780 889 1873 913 esse

76 935 411 987 metamorphosin
439 950 510 974 non
536 936 681 973 firmam
706 949 800 973 esse
825 937 1026 980 evincitur,
1058 949 1173 985 quum
1205 948 1227 972 e
1258 936 1446 973 contrario
1478 947 1602 971 meam
1628 933 1873 978 sententiam,

75 993 225 1031 iuvenis
250 1006 336 1031 eam
362 1006 454 1029 esse
479 992 709 1044 opusculum
734 993 843 1043 plura
867 997 1092 1042 argumenta
1116 992 1349 1030 confirment.

189 1049 261 1087 His
286 1049 488 1087 concessis
513 1050 692 1087 iuvenem
718 1049 842 1087 fuisse
869 1049 1096 1099 Apuleium,
1122 1049 1266 1099 quippe
1292 1049 1354 1098 qui
1380 1061 1427 1085 ne
1452 1047 1622 1098 quintum
1650 1047 1873 1084 vicesimum

78 1106 231 1157 quidem
267 1119 406 1144 annum
443 1119 659 1157 superasse
695 1106 880 1156 potuerit,
917 1106 1015 1143 satis
1052 1106 1192 1155 poterit
1227 1105 1398 1155 probari,
1437 1117 1552 1153 quum
1583 1103 1707 1141 Roma
1739 1102 1873 1141 relicta

75 1162 304 1201 Madauram
329 1162 488 1207 rediret,
515 1163 578 1199 ubi
604 1176 671 1213 per
695 1162 814 1199 breve
839 1166 994 1213 tempus
1018 1166 1199 1199 versatus
1225 1160 1350 1199 Oeam
1378 1161 1710 1210 proficiscebatur,
1738 1173 1813 1210 qua
1838 1160 1872 1197 in

73 1220 168 1257 urbe
198 1223 290 1270 post
319 1220 518 1257 triennium
550 1219 715 1264 iuvenis,
747 1222 787 1256 ut
818 1219 905 1269 ipse
937 1218 1150 1269 profitetur.
1182 1232 1251 1269 pro
1276 1230 1322 1255 se
1354 1217 1525 1261 dicebat,
1556 1222 1596 1254 ut
1620 1218 1692 1255 iam
1719 1216 1873 1254 demon›

73 1280 234 1314 stratum
261 1280 339 1317 est,
367 1277 429 1313 vix
454 1289 576 1314 anuos
601 1275 884 1325 duodetriginta
908 1275 971 1312 vel
997 1275 1149 1325 triginta
1177 1279 1300 1313 natus.

187 1331 338 1379 Quodsi
375 1332 583 1384 Apuleium
622 1333 715 1369 intra
752 1345 891 1369 annum
935 1334 1174 1371 126—132.
1212 1336 1339 1368 natum
1371 1343 1464 1367 esse
1495 1343 1643 1367 mecum
1683 1330 1874 1380 posueris,

76 1389 288 1428 efficiuntur
313 1390 399 1428 anni
428 1394 499 1429 151
516 1393 675 1435 -157‚
701 1390 796 1427 iutra
822 1402 921 1439 quos
947 1387 1283 1439 Metamorphosis
1309 1387 1489 1425 absoluta
1515 1386 1638 1425 fuerit.

925 1524 960 1573 ξ.
987 1527 1024 1566 3.

355 1605 420 1644 De
445 1605 594 1645 caussis
614 1605 785 1655 fabulae
812 1618 918 1657 quae
941 1606 983 1643 in
1004 1604 1327 1657 Metamorphosi
1352 1605 1592 1643 continetur.

189 1684 517 1723 Commemoratur
541 1697 563 1721 a
588 1682 729 1722 Photio
758 1683 850 1722 Cod.
878 1682 1061 1722 CXXIX.
1087 1684 1246 1722 Luciani
1276 1683 1451 1729 libellus,
1479 1684 1541 1733 qui
1573 1683 1714 1729 Λοῦκις
1745 1676 1765 1732 ἧ
1793 1681 1876 1729 ὄνος

76 1742 289 1780 inscribitur
321 1743 463 1793 quique
493 1741 654 1778 eandem
689 1754 789 1791 quae
820 1740 855 1779 in
887 1741 1198 1793 Metamorphosi
1236 1740 1456 1791 Apuleiana
1493 1744 1676 1778 tractatur
1706 1739 1875 1778 fabulam

75 1798 252 1837 continet.
285 1798 326 1836 Si
354 1798 508 1849 quidem
534 1796 675 1835 Photio
703 1797 799 1835 fides
825 1797 1024 1843 habenda,
1058 1797 1203 1836 Lucius
1230 1796 1383 1848 quidam
1410 1795 1614 1834 Patrensis
1640 1801 1771 1835 auctor
1796 1801 1876 1834 erat

75 1856 304 1906 argumenti,
332 1867 562 1905 quamquam
584 1858 667 1892 uter
692 1854 799 1905 prius
820 1855 974 1899 vixerit,
1005 1854 1151 1893 Lucius
1172 1868 1218 1892 an
1241 1853 1454 1899 Lucianus,
1482 1858 1519 1891 et
1545 1858 1626 1891 uter
1648 1867 1696 1891 ex
1717 1852 1875 1891 alterius

76 1910 170 1950 libro
197 1911 383 1956 hauserit,
409 1911 444 1948 in
471 1910 597 1948 medio
623 1910 818 1961 relinquit,
849 1911 1078 1949 coniecturis
1104 1915 1248 1949 tantum
1274 1915 1314 1948 ut
1337 1910 1499 1948 Lucium
1525 1910 1708 1948 maiorem
1733 1909 1877 1948 habeat

75 1968 223 2006 (luctus.
285 1967 387 2014 Quid
419 1966 600 2005 photium
631 1967 744 2005 mirer
774 1981 890 2017 quum
924 1968 984 2005 vel
1018 1972 1148 2005 nostra
1179 1971 1307 2005 aetate
1339 1980 1415 2017 qua
1448 1966 1494 2005 lis
1527 1966 1709 2004 facillime
1745 1971 1875 2018 potest

75 2025 194 2063 dirimi
222 2025 285 2062 viri
312 2024 413 2062 docti
439 2023 628 2068 dubitent,
668 2024 781 2061 immo
813 2024 889 2061 sint
921 2025 985 2074 qui
1015 2029 1080 2062 aut
1110 2023 1270 2062 Lucium
1304 2023 1483 2061 extitisse
1514 2025 1692 2074 praecise
1722 2027 1874 2073 negent,

76 2086 117 2118 ut
139 2080 442 2118 wielandius
460 2078 511 2131 ¹),
537 2083 603 2118 aut
627 2079 784 2131 Apuleii
812 2079 939 2118 fontes
965 2094 988 2118 a
1012 2079 1185 2118 Luciauo
1216 2084 1394 2131 repetant
1409 2078 1458 2129 2).
1520 2080 1602 2118 Sed
1628 2093 1676 2118 ex
1701 2079 1874 2118 Luciano

75 2141 250 2187 repetere
287 2149 359 2173 sua
394 2150 468 2174 non
499 2140 652 2187 poterat
676 2136 888 2187 Apuleius,
928 2151 1044 2188 quum
1080 2141 1161 2175 tota
1191 2137 1379 2188 temporis
1411 2138 1505 2175 ratio
1538 2136 1627 2175 huic
1656 2137 1875 2175 sententiae

75 2197 273 2244 repugnet.
333 2191 446 2230 Prius
472 2193 571 2230 enim
599 2191 786 2242 Apuleio,
811 2197 852 2230 ut
875 2192 1074 2232 Reizius
1100 2193 1149 2231 de
1177 2193 1252 2231 vita
1278 2192 1438 2231 Luciani
1465 2193 1608 2232 dudum
1635 2194 1875 2232 demonstra-

77 2250 146 2294 vit,
173 2253 284 2288 natus
304 2252 366 2286 est
386 2248 583 2287 Lucianus
605 2250 751 2287 circiter
771 2263 908 2287 annum
935 2254 1011 2291 120
1031 2263 1066 2301 p.
1085 2249 1193 2298 Chr„
1219 2254 1259 2287 ut
1280 2249 1362 2287 sere
1375 2251 1552 2300 aequalis
1569 2250 1680 2289 tuerit
1693 2249 1873 2302 Apuleio.

74 2306 138 2344 Ab
164 2306 302 2344 iuvene
328 2318 418 2343 vero
445 2306 539 2344 intra
564 2318 686 2343 annos
716 2311 944 2348 151—-157
975 2307 1233 2358 conscriptam
1266 2320 1359 2345 esse
1389 2307 1725 2359 Metamorphosin
1757 2321 1875 2360 supra

74 2363 147 2401 iam
175 2362 329 2400 caussis
355 2363 646 2413 comprobatum
672 2367 743 2401 est.
792 2363 911 2414 Atqui
936 2363 1149 2402 Lucianum
1176 2368 1328 2402 constat
1352 2377 1400 2401 eo
1427 2365 1672 2416 potissimum
1698 2369 1874 2415 tempore

75 2432 149 2470 quo
185 2418 350 2456 Athenis
380 2418 681 2470 philosophandi
714 2432 856 2458 caussa
886 2420 959 2458 iam
992 2421 1146 2471 triginta
1176 2420 1238 2458 vel
1272 2420 1402 2472 plures
1435 2434 1558 2459 annos
1589 2426 1701 2459 natus
1727 2421 1874 2458 circiter

77 2479 306 2517 155-160
333 2475 657 2522 commorabatur,
685 2475 804 2513 libros
830 2477 1049 2516 confecisse
1075 2477 1272 2528 plurimos.
1311 2477 1392 2515 Sed
1420 2482 1458 2515 ut
1484 2477 1583 2515 huuc
1611 2478 1743 2515 librum
1769 2479 1873 2528 prius

74 2531 300 2577 confecerit,
338 2545 413 2582 quo
445 2531 600 2570 tandem
632 2532 748 2570 modo
781 2533 953 2571 notitiam
985 2534 1069 2572 eius
1105 2534 1178 2572 sibi
1217 2539 1368 2585 poterat
1405 2535 1599 2586 Apuleius
1636 2547 1871 2585 comparare,

74 2602 189 2640 quum
227 2602 273 2626 eo
301 2602 376 2639 quo
412 2587 607 2626 Lucianus
640 2589 674 2626 in
703 2589 832 2627 Gallia
863 2595 944 2629 erat
974 2594 1148 2641 tempore
1180 2591 1347 2628 Athenis
1379 2590 1622 2629 versaretur?
1655 2590 1751 2628 Hinc
1782 2590 1871 2628 mihi

73 2645 276 2697 probabile
307 2646 363 2691 fit,
395 2644 504 2683 Lucii
535 2644 872 2696 Metamorphosis»
905 2661 998 2685 esse
1030 2647 1195 2692 sontem,
1232 2648 1334 2686 unde
1365 2661 1474 2686 suam
1507 2648 1762 2685 narrationem
1789 2647 1870 2685 Ma-

71 2701 276 2740 daurensis
301 2702 510 2753 repetierit.
564 2700 703 2740 Liceat
727 2703 910 2741 nonnulla
934 2704 983 2742 de
1007 2703 1130 2743 Lucio
1156 2704 1311 2743 addere.
1363 2704 1658 2756 conscripserat
1681 2704 1746 2742 ille
1771 2708 1871 2742 teste

71 2756 211 2796 Photio
248 2757 595 2810 Metamorphoses
635 2772 707 2796 seu
746 2758 1143 2799 Transformationum
1182 2761 1420 2800 narrationes
1459 2763 1602 2806 varias,
1640 2774 1741 2811 quae
1777 2774 1871 2812 pura

72 2814 248 2853 dictionis
274 2815 468 2853 suavitate
493 2814 714 2853 excelluere
728 2814 782 2865 3),
815 2830 1051 2869 quarumque
1082 2822 1162 2856 erat
1193 2822 1457 2869 argumentum
1490 2817 1683 2855 hominum
1709 2817 1744 2856 in
1771 2817 1870 2856 alios

162 2964 200 3000 1)
225 2964 276 2994 Cf.
300 2965 480 2994 versionem
505 2965 580 2994 libri
606 2966 774 2995 Lucianei.
822 2967 938 2997 omnia
963 2968 1047 2997 enim
1074 2976 1157 3003 quae
1183 2969 1269 3004 apud
1296 2967 1444 2997 Photium
1466 2969 1620 3003 leguntur
1638 2968 1740 2997 sciolo
1759 2969 1870 2997 nescio

69 3010 121 3039 cui
146 3010 266 3039 tribuit.

159 3056 200 3090 2)
225 3055 273 3084 ΟΥ.
289 3056 397 3090 Pauly
411 3056 592 3085 versionem
608 3057 897 3091 opp.Lucian.1x.
913 3066 942 3092 p.
961 3060 1055 3087 1046.
1069 3060 1205 3094 Tubing.

161 3101 200 3136 3)
224 3095 311 3129 ’Euri
324 3096 386 3139 τὴν
402 3096 529 3142 φράσιν
545 3098 656 3140 σαφής
671 3111 705 3130 τε
719 3098 774 3131 καὶ
788 3099 949 3143 καθαρὸς
962 3102 1016 3133 καὶ
1032 3099 1348 3145 φίλοςῖγλυκύτητα.
1376 3105 1466 3133 Phot-
1481 3104 1556 3134 Cod.
1571 3105 1712 3134 cxxix.
