2155 3590
688 115 876 156 Lmen
905 115 980 158 1x.
1040 114 1166 155 cAP.
1191 115 1267 169 lx.
1786 116 1868 159 7139

127 225 293 280 Quidni?
326 225 522 267 lacunosis
553 225 733 277 incilibus
764 227 1040 282 voraginosam
1070 227 1209 282 partim
1238 225 1439 280 stagnanti
1475 225 1610 280 palude
1642 226 1792 267 fluidam
1827 235 1866 268 et
1889 234 1987 275 [221]
2035 228 2041 232 ‘

91 282 180 323 alibi
199 282 376 323 subluvie
394 296 564 322 coenosa
582 283 785 325 lubricam.
837 283 994 325 Crebris
1014 284 1178 337 denique
1198 282 1447 323 offensaculis
1462 289 1500 323 et
1512 283 1678 324 assiduis
1693 283 1863 337 lapsibus

87 339 162 378 iam
188 338 361 379 contusis
388 338 566 379 cruribus
590 339 707 390 meis,
734 341 805 381 vix
831 341 984 381 tandem
1010 340 1057 380 ad
1082 345 1319 394 campestres
1350 338 1511 379 semitas
1542 339 1670 380 fessus
1696 340 1862 380 evadere

87 395 207 448 potui.
240 393 294 434 Et
318 408 422 444 ecce,
450 394 562 434 nobis
588 403 746 449 repente
772 397 817 436 de
842 403 954 450 tergo
980 395 1198 450 manipulus
1223 395 1364 435 armati
1388 402 1671 448 supercurrunt
1693 395 1860 449 equites,

85 463 279 504 aegreque
311 450 480 491 cohibita
509 465 695 505 equorum
728 452 875 493 eurruli
899 452 1007 493 rabie
1031 451 1232 493 Philebum
1257 457 1486 504 ceterosque
1510 451 1670 491 comites
1695 451 1779 492 eius
1803 451 1862 492 in-

84 565 200 604 qm'dm'
227 567 335 601 Scipio
366 567 504 596 Gentilis
532 570 655 596 mavult
681 567 837 606 qm‘ppem'
858 568 944 603 Orig.
969 569 1040 598 Lib.
1066 569 1155 603 Sing.
1187 576 1215 603 p.
1242 569 1316 597 401.
1346 567 1401 596 Nil
1424 570 1521 596 muto.
1580 565 1753 595 laciniosis
1777 565 1806 597 ὃ.
1832 571 1864 596 et

82 613 209 640 volebat
235 613 420 647 Sopingius.
466 611 621 640 incilibus
645 615 681 642 L.
729 613 763 640 in
788 613 947 642 cubilibus
971 622 1007 642 π.
1055 614 1211 650 stagnaci
1233 614 1268 641 F.
1298 614 1325 642 l.
1350 614 1386 641 B.
1411 620 1440 647 p.
1482 610 1640 648 paludem
1665 613 1701 641 B.
1727 616 1758 641 et
1781 616 1863 641 teste

82 658 164 685 Elm.
187 657 283 685 etiam
308 657 341 685 in
372 659 406 685 1⁴¹.
437 659 480 693 1.,
519 658 551 686 in
576 658 670 686 cuius
698 662 802 687 tamen
833 659 1008 688 collatione
1031 658 1244 693 Lindenbrog.
1265 658 1410 692 equidem
1434 657 1518 686 nihil
1543 658 1730 685 adnotatum
1755 657 1861 693 video,

82 709 184 735 neque
208 702 240 729 in
266 709 302 729 eo
326 702 459 736 legitur,
490 706 523 730 ut
548 703 630 731 idem
656 706 792 732 testatur
815 705 916 739 Elm.‚
946 710 1141 739 coenasum,
1172 704 1256 737 qnod
1279 704 1315 731 Β.
1341 710 1371 736 p.
1395 704 1424 731 et
1448 703 1487 730 D.
1511 704 1681 737 praebent,
1705 702 1762 730 sed
1785 709 1860 728 cne-

79 754 173 774 nosa.
219 745 410 774 subbluviue
436 749 547 775 Vener.
568 749 596 775 4.
634 747 806 775 summ-iae
831 748 934 777 Paris.
958 750 1067 782 Inepte
1092 749 1252 776 Boxhorn.
1278 748 1319 776 ad
1343 747 1506 782 spartian.
1528 748 1625 775 Hadr.
1644 747 1680 775 Τ.
1693 747 1749 775 111.
1774 746 1860 775 Hist.

78 792 165 826 Aug.
180 799 208 825 p.
222 793 296 821 771.
312 793 405 826 qnasi
419 802 435 821 e
447 793 518 821 Ver.
534 793 591 820 Ed.
606 793 681 827 legit
697 793 826 821 divisim
840 792 898 820 sub
912 791 1015 829 lucie,
1041 796 1075 821 ut
1088 792 1192 820 luvies
1205 793 1247 821 sit
1262 792 1348 820 dicta
1365 799 1419 826 pro
1437 790 1569 819 illuvies
1593 791 1634 820 cf.
1652 792 1737 820 Pric-
1751 791 1858 820 Amm.

79 839 182 864 Marc.
202 838 271 865 XV.
292 845 318 864 c.
339 839 369 865 4.
394 845 452 864 nec·
477 836 624 864 limosa
648 836 837 865 subluvie
863 836 1027 865 tardatur
1038 845 1229 874 properans
1239 834 1381 874 flumen.
1428 833 1646 873 offensalaezlis
1665 833 1695 865 δ.
1720 835 1783 871 [De
1802 838 1860 864 hoc

77 894 235 920 vocabulo
259 893 300 921 cf.
327 895 477 922 Buenem.
503 895 543 921 ad
567 894 658 922 Lact.
686 895 725 922 de
749 893 831 928 Opif.
857 902 884 922 e.
906 895 935 921 1.
960 895 992 927 S.
1012 896 1041 921 8.
1068 902 1096 928 p.
1122 893 1234 929 1118]
1281 891 1425 920 lassz‘bus
1444 894 1479 920 G.
1507 893 1535 921 1.
1561 894 1596 922 0.
1643 881 1802 921 cumtb‘sis
1820 894 1859 922 D.

78 935 284 973 dc‘apestres
298 940 334 967 G.
349 939 378 966 ⁴2.
393 939 430 966 D.
480 937 656 974 manipulis
670 940 705 967 P.
721 940 750 967 3.
766 940 801 967 G.
819 941 846 967 1.
860 940 890 966 2.
905 940 939 967 O.
953 940 990 967 R.
1006 935 1034 967 ὃ.
1051 938 1070 966 f.
1084 939 1122 966 D.
1148 940 1264 966 Incert.
1278 936 1441 973 manipuli
1451 939 1486 966 F.
1503 939 1530 966 1.
1546 939 1580 966 P.
1607 939 1642 966 [η
1660 941 1732 967 cett.
1751 937 1860 965 mum*-

71 981 183 1018 pulus.
229 985 471 1019 supercurrunt
486 986 532 1011 est
548 984 579 1011 in
592 984 740 1012 omnibus
753 986 833 1012 Mss,
849 987 975 1017 praeter
987 985 1022 1012 B.
1037 983 1090 1017 qui
1105 991 1175 1011 cum
1195 983 1274 1011 Edd.
1294 984 1389 1011 habet
1408 982 1630 1018 supercurrit.
1677 983 1800 1020 equitis
1825 983 1859 1012 in

76 1028 222 1056 omnihus
234 1028 397 1056 invenitur
411 1029 499 1056 codd.
517 1032 544 1056 et
565 1029 634 1056 edd.
655 1031 780 1063 praeter
793 1029 828 1056 Β.
854 1029 879 1055 Ε
892 1029 927 1057 F.
945 1029 972 1056 1.
993 1036 1013 1056 a
1026 1035 1123 1056 manu
1135 1028 1350 1059 Lindenbrog.
1366 1028 1457 1055 nulla
1472 1028 1635 1062 scriptura
1653 1029 1780 1057 adiecta
1799 1031 1858 1057 est.

76 1079 255 1109 egi-egoque
269 1081 324 1108 pro
339 1080 501 1110 aegreque
515 1074 551 1100 G.
566 1074 594 1101 2.
610 1074 648 1101 D.
697 1071 864 1099 cohibitae
878 1080 1016 1110 quorum
1031 1071 1066 1101 F.
1082 1074 1110 1100 3.
1126 1074 1161 1101 G.
1178 1073 1205 1100 1.
1242 1069 1430 1099 cohibentes
1445 1074 1479 1100 B.
1496 1080 1524 1106 p.
1541 1076 1571 1101 et
1584 1074 1651 1102 edd.
1667 1076 1744 1101 vett.
1756 1081 1859 1107 usque

77 1118 115 1146 ad
136 1117 292 1146 Colvium.
316 1119 424 1146 Verba
443 1115 590 1145 cohibita
609 1125 712 1151 usque
725 1119 765 1146 ad
780 1120 974 1154 ceterosque
987 1125 1049 1145 non
1064 1120 1246 1152 comparent
1262 1117 1294 1145 in
1308 1118 1343 1145 G.
1360 1118 1389 1145 2.
1403 1118 1441 1145 D.
1489 1124 1606 1154 equum
1621 1119 1695 1146 Bas.
1710 1119 1739 1147 1.
1754 1118 1856 1147 Colin.

75 1170 233 1199 equorum
252 1163 452 1191 desideratur
473 1162 507 1190 in
525 1163 560 1190 P.

620 1161 744 1190 currae'le‘
765 1159 793 1191 ὃ.
823 1161 969 1189 curie-uh·
985 1163 1020 1191 G.
1044 1163 1072 1190 1.
1097 1161 1133 1196 [e
1157 1169 1219 1190 sua
1243 1163 1351 1189 collat.
1377 1162 1455 1190 Oud.
1475 1161 1551 1190 citat
1573 1161 1747 1201 cut-siculi,
1773 1163 1856 1197 quod

75 1208 171 1236 etiam
190 1208 222 1236 in
236 1209 270 1236 0.
290 1211 318 1235 et
340 1207 360 1236 f.
374 1207 437 1242 legi
454 1207 529 1242 ait.)
578 1205 712 1242 cz'm‘le'p.
758 1207 828 1234 eius
842 1215 905 1236 non
918 1207 1064 1242 agnoscit
1078 1203 1107 1235 δ.
1121 1209 1148 1235 et
1162 1206 1245 1235 satis
1257 1206 1446 1242 languidam
1465 1214 1524 1235 nec
1544 1208 1765 1237 necessariam
1782 1216 1857 1237 esse

74 1260 184 1281 vocem
197 1256 340 1281 autumat
358 1253 437 1281 Oud.

127 1349 326 1390 incilibus.
364 1349 414 1388 cs.
438 1348 487 1386 de
512 1348 587 1386 hoc
611 1362 695 1388 voc.
717 1348 856 1387 Graev.
881 1349 931 1387 ad

73 1404 150 1445 Cic.
182 1405 305 1457 Epist.
337 1405 387 1443 ad
419 1404 568 1443 Divers.
583 1404 684 1443 VIII.
717 1409 753 1444 5.
783 1405 931 1444 incili

70 1462 337 1501 inhaeserunt.
365 1460 466 1513 [lntt.
491 1460 541 1500 ad
560 1460 670 1500 Fest.
693 1475 730 1513 p.
746 1464 838 1501 458.
867 1460 928 1499 ed.

69 1518 244 1557 Lindem.
256 1517 375 1556 Voss.
398 1517 565 1568 Etymol.
580 1531 611 1555 s.
628 1531 662 1556 v.
687 1520 726 1554 et
740 1516 926 1555 Doederl.

70 1574 282 1626 Synonym.
320 1573 367 1612 T.
386 1572 452 1612 Vl.
478 1587 514 1624 p.
544 1577 634 1614 168.
670 1573 782 1611 Hunc
805 1576 925 1611 totum

69 1631 194 1669 locum
208 1631 299 1669 citat
311 1629 622 1668 Heins.Advers.
638 1628 663 1667 I.
683 1633 743 1670 10.
760 1643 795 1680 p.
816 1629 928 1681 104]

117 1686 348 1739 manipulus
360 1687 506 1726 armati
516 1691 811 1738 supercurrunt
823 1686 929 1737 equi-

66 1749 132 1783 tes.
160 1742 324 1795 [Optimi
339 1742 450 1780 codd.
461 1755 544 1780 cum
558 1745 623 1779 aut
634 1743 743 1780 'neam'
740 1741 853 1794 pulis
865 1744 931 1779 aut

65 1798 263 1850 manipuli
282 1799 509 1850 praebeant,
537 1797 656 1836 latere
669 1797 812 1848 aliquid
827 1795 928 1835 Oud.

65 1857 188 1893 visum
212 1858 292 1900 est,
323 1868 346 1892 a
377 1858 490 1906 captu
517 1854 750 1893 librariorum
776 1853 928 1903 longius

62 1914 264 1950 remotum.
310 1910 396 1962 Ego
426 1910 660 1961 singularem
692 1909 923 1960 manipulus

61 1967 216 2013 retinui,
255 1967 344 2018 quia
375 1981 446 2005 non
478 1966 604 2004 solum
636 1965 685 2004 ad
717 1965 922 2003 lectionem

64 2023 175 2062 codd.
196 2024 414 2074 manipulis
436 2036 548 2073 quam
569 2022 742 2073 proxime
762 2021 921 2067 accedit,

62 2079 321 2131 syllabaeque
352 2093 398 2118 us
427 2082 466 2116 et
496 2079 529 2117 is
557 2078 692 2117 finales
723 2091 791 2128 per
821 2090 922 2115 com-

63 2135 204 2188 pendia
225 2134 422 2174 simillima
444 2135 611 2184 scriptae
631 2135 665 2171 in
685 2134 786 2172 Mss.
806 2146 921 2183 quam

61 2191 295 2243 saepissime
320 2190 612 2237 confunduntur3
637 2190 710 2227 sed
736 2190 824 2240 quia
842 2203 922 2229 ma-

61 2248 195 2300 nipuli
219 2247 255 2286 h.
273 2247 292 2285 l.
319 2247 368 2285 de
393 2261 465 2285 non
490 2248 542 2285 ita
565 2260 704 2297 magna
727 2245 922 2284 hominum

61 2305 190 2356 copia,
216 2307 395 2355 quantam
421 2306 664 2354 persecutam
698 2315 788 2339 esse
809 2300 922 2340 latro-

61 2374 132 2398 nes
147 2359 352 2398 verisimile
367 2363 444 2404 est,
469 2362 574 2398 stare
594 2372 666 2396 non
686 2371 808 2408 posse
829 2357 919 2396 mihi

60 2416 214 2467 quidem
238 2415 504 2466 persuadetur.
549 2413 669 2452 Porro
694 2413 914 2452 emendatio

60 2485 154 2511 esse
179 2472 328 2510 videtur
352 2471 504 2517 librarii,
533 2471 595 2522 qui
621 2469 812 2521 quomodo
837 2484 914 2510 ma-

57 2528 223 2580 nipulus
247 2531 285 2566 et
302 2529 450 2567 armati
467 2529 617 2580 equites
636 2527 730 2564 inter
748 2539 793 2564 se
814 2539 914 2564 com-

58 2584 145 2636 poni
160 2587 324 2635 possent
337 2583 544 2633 ignorabat.
568 2583 694 2621 Recte
706 2595 796 2620 vero
811 2581 912 2621 Oud.

59 2643 254 2692 comparat
265 2654 335 2680 een
350 2640 475 2679 bemle
486 2639 736 2692 qen-apende
749 2639 892 2677 ruiters
901 2655 913 2678 .-

58 2709 135 2747 qua
151 2696 286 2735 eadem
300 2697 444 2734 ratione
457 2709 528 2734 nos
542 2708 696 2747 quoque
717 2694 916 2744 loquimur,

57 2755 100 2790 ut
111 2753 260 2804 equites
273 2753 464 2804 appositio
480 2753 547 2797 sit,
572 2751 647 2789 hoc
661 2751 813 2801 quidem
830 2750 914 2788 loco

58 2806 299 2854 necessaria,
329 2821 378 2846 ne
408 2807 639 2860 manipulus
668 2806 820 2858 propria
843 2820 916 2844 sua

57 2863 108 2901 de
142 2863 335 2915 peditibus
376 2864 606 2915 intelligatur
640 2862 914 2913 significatione

57 2919 104 2958 cf.
131 2919 270 2970 Veget.
293 2920 374 2959 Mil.
399 2919 445 2960 11.
474 2924 534 2960 14.
559 2919 646 2958 Nee
670 2918 756 2956 ferri
780 2922 911 2969 potest

53 2974 272 3014 emendatio
296 2977 526 3028 manipulus
544 2975 687 3027 equilis
710 2988 778 3027 pro
800 2976 908 3027 equi-

54 3035 155 3078 tum,
185 3032 273 3081 quia
299 3033 412 3083 genio
442 3033 596 3084 linguae
625 3031 776 3069 omnino
799 3044 909 3082 repu-

55 3087 158 3137 gnat,
184 3088 246 3140 qui
270 3088 502 3140 singularem
524 3101 640 3142 eques
658 3100 726 3139 pro
747 3087 908 3140 equiceS,

990 1361 1180 1398 nunquam
1205 1361 1296 1387 vero
1323 1352 1451 1388 turma
1471 1350 1619 1401 equitis
1635 1364 1704 1402 pro
1725 1355 1855 1391 turma

989 1406 1166 1457 equitum
1191 1419 1224 1444 s.
1250 1406 1451 1456 equitatus
1482 1405 1683 1444 admittere
1714 1408 1854 1457 possit,

987 1464 1028 1498 ut
1047 1464 1151 1498 recte
1177 1461 1252 1500 iam
1277 1459 1378 1498 Oud.
1406 1461 1613 1501 admonuit.
1659 1460 1854 1514 Manipu-

987 1516 1046 1556 lus
1077 1519 1229 1568 proprie
1254 1529 1507 1567 quaeeunque
1530 1518 1640 1556 turba
1665 1522 1704 1556 et
1726 1519 1852 1557 multi-

985 1572 1076 1611 tudo
1103 1573 1295 1611 hominum
1321 1572 1366 1611 cf.
1386 1572 1487 1611 Non.
1508 1587 1544 1624 p.
1561 1578 1652 1615 556.
1678 1574 1850 1614 Mercer:

989 1630 1200 1682 manipuli
1223 1633 1314 1668 sunt
1339 1643 1477 1669 manus
1500 1629 1668 1670 'militum
1686 1629 1748 1669 vel
1769 1632 1850 1671 col-

990 1685 1084 1724 lecti
1111 1686 1188 1724 viri
1207 1686 1377 1724 Sisenna
1399 1685 1501 1724 Hist.
1529 1686 1595 1725 lib.
1623 1687 1700 1726 III.
1735 1687 1850 1727 Com-

987 1745 1115 1781 mutus
1139 1746 1268 1780 tamen
1292 1746 1332 1780 et
1354 1745 1537 1793 tempora
1566 1743 1729 1796 siuyula
1754 1757 1847 1783 con-

987 1799 1133 1842 stituit,
1165 1802 1203 1836 et
1230 1798 1335 1837 sicut
1355 1801 1536 1844 steterat,
1566 1799 1847 1851 manipulos

989 1854 1140 1892 obverti
1164 1854 1277 1893 iussit
1301 1852 1447 1899 (isidor.
1473 1853 1605 1905 Origg.
1625 1854 1694 1894 lX.
1720 1858 1758 1896 3.
1779 1859 1845 1896 50.

980 1908 1104 1947 XVII.
1121 1913 1157 1949 9.
1176 1913 1266 1949 107.
1286 1908 1429 1947 XVIII.
1443 1913 1478 1949 3.
1495 1914 1532 1949 5.
1556 1910 1667 1962 plura
1679 1911 1842 1962 profert)

980 1964 1177 2015 Hicigitur
1192 1979 1264 2003 non
1279 1965 1327 2003 ad
1345 1965 1488 2003 milites
1508 1966 1718 2013 retulerim,
1743 1968 1844 2006 unde

981 2035 1064 2059 cum
1079 2020 1180 2059 Oud.
1197 2035 1269 2059 non
1288 2021 1498 2060 mirandum
1515 2026 1588 2068 est,
1612 2024 1844 2076 manipulos

979 2077 1041 2115 hic
1064 2077 1113 2115 ad
1139 2078 1291 2128 equites
1321 2077 1464 2116 relatos
1496 2092 1609 2125 esse,
1635 2082 1676 2117 ut
1713 2085 1843 2120 turma

979 2134 1030 2171 ad
1052 2133 1206 2184 pedites
1227 2133 1313 2172 coll.
1334 2133 1466 2172 Schel.
1485 2135 1535 2173 ad
1555 2134 1696 2186 Hygia.
1716 2149 1754 2186 p.
1775 2140 1841 2176 85.

980 2189 1090 2240 Lips.
1101 2189 1149 2227 (le
1157 2190 1241 2228 Mil.
1250 2190 1568 2241 R0m.p.60.1utt.
1578 2191 1627 2230 ad
1636 2190 1668 2229 F
1670 2196 1762 2230 ront.
1771 2191 1839 2232 IV.

981 2259 1011 2284 e.
1026 2244 1053 2284 I.
1073 2245 1102 2295 ᾧ.
1117 2250 1180 2287 26.
1206 2245 1327 2285 Erant
1349 2247 1489 2297 pagani
1502 2260 1628 2298 neque
1644 2261 1733 2286 vero
1747 2248 1836 2286 iusti

977 2302 1132 2347 milites,
1158 2316 1234 2354 qua
1257 2302 1307 2340 de
1333 2316 1452 2341 causa
1474 2303 1575 2341 idem
1606 2302 1707 2342 Oud.
1733 2303 1837 2342 aliud

978 2358 1080 2409 quid,
1107 2372 1182 2410 quo
1202 2359 1333 2397 armati
1352 2357 1390 2395 hi
1416 2359 1569 2408 equites
1600 2359 1749 2406 fuerint,
1774 2359 1839 2399 hic

972 2413 1091 2452 latere
1123 2428 1323 2466 perperam
1353 2415 1568 2460 existimat,
1598 2415 1687 2466 quia
1710 2417 1836 2455 mani-

965 2470 1091 2522 pulus
1113 2474 1258 2509 tantum
1284 2470 1333 2508 de
1356 2471 1538 2510 militibus
1563 2472 1735 2522 usurpari
1760 2472 1835 2510 sibi

971 2527 1173 2578 persuasit.
1198 2527 1309 2565 Bene
1332 2527 1384 2564 ita
1408 2528 1535 2567 omnia
1558 2527 1771 2579 procedunt
1794 2532 1836 2566 et

971 2582 1082 2621 lectio
1107 2584 1323 2622 certissima
1347 2582 1438 2636 est]

1027 2639 1193 2679 currulc‘.
1252 2638 1437 2678 Pricaeus
1472 2639 1507 2677 in
1545 2653 1639 2678 voce
1674 2640 1833 2680 curruli

973 2694 1176 2733 offendens
1201 2695 1361 2734 coniecit
1385 2695 1596 2736 currilium
1614 2694 1675 2734 vel
1691 2710 1830 2735 curru-

973 2751 1068 2791 lium
1098 2752 1157 2790 cit.
1189 2751 1322 2790 Gloss.
1355 2750 1440 2802 Cyr.
1478 2765 1513 2802 p.
1543 2755 1635 2792 438.
1673 2751 1835 2804 δρομεὺς

972 2805 1085 2853 ἵππος
1109 2807 1284 2848 cum-ulis
1306 2821 1431 2860 equus
1455 2812 1494 2846 et
1517 2821 1555 2858 p.
1582 2811 1674 2850 640.
1699 2823 1826 2860 τροχη-

971 2861 1084 2914 λάτης
1102 2861 1216 2908 ἵππος
1235 2863 1409 2903 currulis
1428 2877 1561 2916 equus.
1589 2863 1722 2902 Gloss.
1737 2862 1829 2902 Phi--

966 2918 1041 2957 lox.
1079 2933 1114 2970 p.
1145 2922 1211 2959 59.
1248 2919 1410 2959 currt'lls
1437 2933 1561 2971 equus
1591 2917 1656 2958 σὺν
1687 2914 1828 2971 ἅρματι

963 2972 1229 3026 ἀγωνιζόμενος
1240 2973 1362 3021 amoq.
1387 2974 1512 3013 Recte
1523 2978 1649 3013 tamen
1663 2975 1827 3015 advertit

965 3030 1086 3076 Oud.,
1120 3034 1319 3082 poetarum
1343 3043 1448 3069 more
1488 3044 1556 3082 per
1585 3030 1822 3084 hypallagen

965 3087 1174 3143 Apuleium
1209 3100 1338 3129 amare
1367 3087 1421 3128 rei
1451 3087 1687 3134 adscribere,
1719 3089 1825 3142 quod

1399 3151 1453 3197 49
