2221 3667
167 568 229 601 301

259 166 344 210 284
522 165 569 206 L.
600 166 820 207 APULEII
851 164 1249 210 MADAL'RENSIS
1279 164 1819 211 METAMOBPHOSEON

259 286 339 319 tam
369 279 597 333 praecipua,
637 287 715 320 tam
741 280 943 334 praeclara
976 277 1193 332 pulcritudo
1228 291 1302 322 nec
1337 278 1507 331 exprimi
1547 292 1592 319 ac
1623 292 1671 320 ne
1702 281 1938 326 sufficienter
1969 281 2051 335 qui-

259 335 343 375 dem
382 334 532 376 laudari
569 337 761 376 sermonis
800 336 955 376 humani
988 333 1150 387 penuria
1189 340 1356 386 poterat.
1411 333 1528 374 Multi
1560 335 1725 398 denique
1757 336 1898 383 civium
1923 345 1962 378 et
1987 339 2053 378 ad-

257 404 383 431 venae
409 392 578 445 copiosi,
613 407 709 446 quos
742 392 875 432 eximii
907 389 1118 443 spectaculi
1149 403 1285 429 rumor
1315 390 1490 430 studiosa
1516 391 1742 432 celebritate
1769 394 2050 446 congregabat,

257 447 485 489 inaccessae
515 449 773 489 formositatis
806 446 1063 487 admiratione
1102 445 1265 499 stupidi,
1301 453 1339 491 et
1371 447 1624 496 admoventes
1650 448 1783 499 oribus
1810 449 1891 495 suis
1917 450 2053 499 dexte-

256 517 364 554 ram,
391 504 561 558 primore
586 505 707 559 digito
732 505 771 544 in
797 510 968 543 erectum
995 501 1172 555 pollicem
1197 503 1418 552 residente,
1448 511 1490 543 ut
1512 502 1635 558 ipsam
1660 518 1823 567 prorsus
1849 505 1957 546 deam
1974 504 2053 546 Ve-

257 573 392 600 nerem
429 561 638 615 religiosis
663 559 955 600 zzidoritionibus
994 558 1301 598 xencrabantur.
1338 558 1344 615 Ι
1376 559 1534 613 lamque
1571 561 1772 614 proximas
1806 561 1985 602 civitates
2016 569 2055 602 et

256 616 428 670 attiguas
454 631 522 672 reb
512 618 637 657 iones
665 618 765 655 fama
791 621 1042 669 pervaserat,
1071 614 1197 663 dcam,
1227 629 1340 677 quarn
1368 617 1566 657 caerulum
1588 618 1820 681 profundum
1842 618 1968 671 pelagi
1989 632 2053 672 pe-

256 672 358 737 perit
381 680 420 714 et
444 688 510 714 ros
536 672 799 734 spumantium
822 671 1006 710 fluctuum
1032 646 1234 721 educavit,
1262 686 1339 711 lam
1366 673 1536 713 numinis
1562 674 1622 713 sui
1648 674 1790 727 passim
1817 674 1962 714 tributa
1988 688 2054 715 ve-

256 729 321 769 nia
345 729 385 769 in
410 731 546 770 mediis
573 741 801 769 conversari
826 727 954 781 populi
976 727 1173 778 coetibus,
1201 728 1264 768 iel
1286 736 1392 769 certe
1416 744 1574 770 rursum
1593 745 1695 771 novo
1715 731 1941 771 coelestium
1962 731 2054 771 stel-

257 873 326 897 tam
340 869 528 906 praecipua
546 866 753 903 negligentia'
771 867 910 896 forsitan
930 870 1169 902 typothetarum
1194 869 1227 896 in
1248 869 1297 897 ed.
1316 870 1439 898 Floridi
1465 870 1586 898 omissa
1610 874 1696 899 sunt.
1741 869 1898 907 plez-lara
1909 873 1947 901 Ι).
1994 881 2055 901 nee

254 913 364 951 suffic.
378 917 453 945 Bas.
471 916 497 943 1.
535 911 713 949 spectabili
723 914 758 941 0.
774 915 809 943 G.
828 915 855 942 1.
870 921 890 942 a
902 921 933 947 p.
947 921 988 941 m.
1025 912 1241 941 adumnenees
1255 915 1290 943 G.
1305 916 1336 942 2.
1379 913 1526 942 dextera
1541 917 1575 943 G.
1589 917 1608 944 2
1635 917 1671 944 Ρ.
1686 918 1722 945 l).
1765 914 1910 944 dea-tras
1925 918 1957 946 in
1971 920 2054 948 notis

253 963 334 989 Elm.
350 960 434 988 falso
448 959 622 987 excitatum
638 962 701 992 est.
729 961 965 993 typothetarum
979 959 1052 986 sine
1066 959 1160 986 dubio
1175 967 1292 988 errore.
1335 959 1454 996 priore
1467 961 1502 989 F.
1518 963 1547 989 3.
1564 962 1599 989 G.
1617 962 1644 988 1.
1661 962 1689 988 2.
1705 963 1741 990 R.
1757 962 1777 990 f.
1791 962 1825 990 Ο.
1841 963 1874 990 P.
1891 964 1928 990 D.
1941 966 1969 992 et
1984 965 2054 993 edd.

252 1005 489 1041 retulit-imore
502 1004 536 1032 F.
556 1005 582 1031 l.
599 1005 634 1032 B.
649 1006 691 1032 Μ.
707 1003 739 1041 β.
756 1012 784 1037 p.
812 1003 853 1032 cf.
868 1005 907 1032 ad
922 1007 998 1032 Met.
1012 1006 1052 1032 11.
1066 1012 1093 1039 p.
1110 1006 1162 1033 93.
1210 1004 1244 1031 ιή
1259 1008 1334 1033 ante
1348 1008 1494 1033 eret-tum
1516 1007 1721 1034 desideratur
1739 1007 1772 1036 in
1788 1009 1822 1035 G.
1839 1009 1869 1036 2.
1884 1009 1921 1036 D.
1970 1009 2054 1036 rese·-

252 1049 380 1077 dentem
395 1050 430 1078 F.
444 1051 475 1077 3.
523 1048 629 1084 ipsum
644 1057 706 1077 non
721 1053 882 1083 comparet
897 1050 929 1077 in
943 1050 983 1078 D.
1032 1047 1206 1077 crederent
1222 1058 1277 1085 pro
1294 1049 1545 1078 ceam-abanim
1559 1053 1594 1079 G.
1612 1053 1638 1080 1.
1655 1053 1684 1079 2).
1699 1053 1735 1080 R.
1753 1053 1773 1080 f.
1788 1056 1816 1080 et
1831 1053 1866 1080 F.
1881 1055 1911 1081 3.
1926 1048 1999 1090 <sed
2014 1062 2056 1083 ex

251 1096 469 1125 additamento
484 1093 678 1130 posteriori).
715 1092 935 1122 crederentur
948 1096 982 1123 Ο.
997 1102 1033 1123 π.
1082 1094 1150 1122 iam
1165 1092 1193 1123 δ’.
1208 1096 1332 1124 omissa
1356 1104 1419 1133 qne
1433 1097 1606 1130 particula.
1643 1097 1821 1135 emetignas
1838 1099 1871 1126 B.
1897 1098 2054 1136 ‹rt-'lignus

252 1142 287 1169 G.
306 1142 332 1169 1.
381 1138 568 1166 coeruleum
583 1137 612 1168 ὃ.
632 1141 689 1168 sed
703 1140 744 1168 cf.
759 1141 799 1168 ad
813 1142 890 1172 Met.
904 1142 942 1170 Π.
959 1149 987 1175 Ρ.
1006 1141 1079 1169 109.
1127 1141 1365 1168 summentium
1381 1143 1416 1170 G.
1429 1144 1460 1170 2.
1476 1143 1511 1171 P.
1526 1143 1564 1171 D,
1613 1141 1779 1170 educavit.
1806 1141 1878 1170 lam
1893 1145 1929 1173 G.
1946 1146 1974 1173 1.
2021 1147 2056 1172 et

250 1184 285 1212 in
303 1183 418 1212 mediis
441 1182 470 1213 δ.
519 1184 665 1212 certibus
687 1186 762 1214 Bas.
785 1186 812 1214 1.

862 1193 950 1214 naz-a
963 1186 998 1214 F.
1014 1183 1044 1216 1.
1093 1192 1269 1223 sperarum
1285 1185 1463 1214 stellarum
1485 1189 1567 1222 quod
1581 1196 1621 1216 ex
1635 1190 1670 1219 B.
1682 1189 1825 1221 ,enotavit
1840 1190 1918 1218 Oud.
1933 1190 1978 1219 ibi
1990 1198 2055 1219 non

248 1231 382 1267 legitur,
402 1232 458 1260 sed
472 1234 581 1266 aperte
595 1228 811 1269 spherarum,
837 1239 920 1265 qnae
934 1232 1044 1261 eadem
1059 1235 1107 1259 est
1122 1233 1200 1260 Oud.
1214 1232 1410 1261 coniectura.

305 1367 380 1393 nec
406 1353 584 1404 eoeprimz’
609 1356 697 1391 cett.
748 1352 828 1405 [De
853 1354 1048 1391 sententia
1073 1353 1122 1392 cs.

249 1410 335 1449 lntt.
363 1409 412 1448 ad
439 1408 593 1447 Petron.
620 1423 651 1448 c.
683 1413 771 1450 126.
803 1424 838 1461 p.
868 1414 958 1452 779.
1002 1410 1121 1461 Apul.

248 1467 348 1506 Met.
372 1465 441 1505 XI.
467 1479 503 1517 p.
531 1469 623 1507 756.
650 1470 690 1504 et
714 1481 751 1518 p.
779 1470 891 1512 808..
923 1468 987 1504 ubi
1013 1466 1123 1518 plura

248 1522 479 1576 proferam}

305 1583 344 1619 el
369 1580 624 1619 admoventes
649 1581 787 1620 oribus
811 1581 905 1620 suis.
936 1580 1011 1619 Hic
1035 1595 1119 1631 pro-

248 1637 356 1704 prius
371 1640 433 1675 est
446 1636 687 1676 adorantium
701 1641 858 1688 gestus,
885 1650 999 1688 quem
1021 1636 1119 1675 Etm.

250 1695 326 1733 iam
358 1693 565 1732 illustravit
589 1707 637 1731 ex
657 1693 817 1732 Lucian.
840 1694 889 1732 de
909 1694 1039 1732 saltat.
1059 1698 1120 1734 17.

248 1765 286 1803 Ρ.
302 1754 395 1792 278.
420 1744 516 1790 ὅπου
530 1752 594 1788 καὶ
604 1747 876 1790 Ἰιὸοὶεπιιδαι
897 1750 1018 1790 {mam
1032 1748 1121 1815 ἀια

249 1803 404 1853 στάντες
422 1805 703 1859 προσεύχωνται
722 1804 787 1845 τὸν
801 1801 932 1846 ’Πὶιοι
957 1805 1024 1859 οὐχ
1051 1823 1120 1846 ωσ-

247 1879 318 1916 περ
353 1863 457 1914 ημεῖς
481 1861 545 1914 τὴν
573 1872 677 1926 χεῖρα
707 1860 888 1910 κύσαντες
918 1861 1120 1914 ηγούμεθα

247 1922 371 1970 ἐντελῆ
390 1918 495 1971 ἡμῶι
515 1918 606 1959 εἶναι
630 1919 696 1971 τὴν
722 1916 844 1972 εὐχήι.
870 1919 1027 1958 Heliod.
1048 1919 1117 1959 IX.

246 1991 283 2029 p.
305 1980 398 2019 433.
424 1976 537 2028 Hesy
543 1977 602 2015 ch.
628 1990 660 2015 s.
683 1991 717 2016 v.
738 1975 934 2029 Ἀιτίχιιρ
934 1994 965 2021 ς.
1003 1975 1120 2015 Prae-

246 2038 353 2075 terea
366 2033 415 2072 cs.
426 2033 640 2074 Heumann.
657 2035 692 2072 in
707 2033 876 2072 Miscell.
891 2033 991 2071 Nov.
1006 2032 1117 2085 Lips.

245 2089 407 2129 Votvl.
420 2104 455 2141 Ρ.
467 2093 558 2130 483.
583 2089 770 2142 [Saepius
784 2090 834 2128 de
848 2104 895 2128 eo
910 2104 1017 2128 more
1030 2104 1119 2140 ege-

244 2151 330 2185 runt
353 2148 601 2198 interpretes,
627 2148 723 2185 inter
749 2160 848 2197 quos
874 2147 1119 2197 potissimum

246 2204 490 2243 conterantur
514 2203 722 2243 Hotmann.
749 2203 798 2241 de
818 2205 938 2241 veteri
965 2205 1034 2247 ritu
1053 2218 1118 2242 nu-

244 2261 353 2311 ptiar.
392 2274 423 2299 c.
449 2259 517 2298 XI.
556 2260 590 2299 in
624 2259 766 2298 Graev.
800 2259 921 2298 Thes.
953 2261 1115 2312 Antiqq.

246 2316 292 2360 T.
306 2315 410 2355 Vlll.
427 2330 462 2367 p.
481 2320 587 2358 1119
602 2330 663 2367 sq.
686 2316 883 2356 Tomasin.
911 2317 960 2355 de
985 2317 1116 2357 donar.

243 2377 335 2415 xett.
362 2388 393 2412 c.
408 2373 457 2411 ἲ.
483 2373 573 2417 ibid.
601 2371 645 2410 T.
671 2372 756 2411 XII.
784 2387 820 2424 p.
838 2378 928 2414 775.
955 2373 1117 2413 Biouer.

244 2431 294 2468 de
309 2434 400 2469 vett.
425 2434 463 2470 et
486 2433 643 2468 recentt.
669 2429 994 2468 adorationibus
985 2444 1020 2468 ιιι
1039 2429 1115 2468 Po-

244 2487 320 2526 len.
363 2485 570 2539 Supplem.
612 2485 732 2524 Thes.
777 2487 936 2537 Antiqq.
982 2485 1028 2526 T.
1069 2486 1116 2526 ll.

243 2557 280 2595 Ρ.
299 2547 417 2585 1022.
442 2543 552 2595 Lips.
568 2542 690 2582 Elect.
706 2542 754 2580 11.
785 2544 822 2581 6.
851 2542 896 2581 Τ.
918 2542 942 2581 I.
969 2558 1006 2594 p.
1023 2548 1114 2584 774.

243 2600 305 2639 ed.
329 2600 466 2639 Vesal.
492 2599 578 2641 lntt.
604 2600 653 2638 ad
679 2599 822 2638 Minue.
848 2598 932 2638 Fet.
960 2599 1003 2638 11.
1031 2601 1113 2651 §.5

243 2656 376 2696 Barth.
412 2657 501 2696 Adx
505 2670 578 2695 ers.
615 2655 785 2695 XXXII.
827 2659 888 2696 13.
926 2669 962 2707 Ρ.
992 2661 1111 2697 1487.

245 2713 365 2752 Salm.
391 2713 441 2752 ad
465 2713 626 2764 Vopisc.
652 2711 768 2752 P1·.ob
795 2726 826 2751 c.
848 2716 914 2753 23.
941 2712 1050 2752 Tom.
1066 2713 1112 2752 11.

243 2783 280 2821 p.
309 2773 388 2811 686
414 2784 474 2821 sq.
511 2770 671 2821 Rupert.
704 2769 755 2808 ad
778 2768 908 2808 Iuven.
935 2768 1017 2807 Sat.
1044 2769 1111 2807 lv.

247 2830 338 2867 118.
365 2825 410 2865 T.
435 2825 480 2865 II.
506 2840 543 2878 p.
573 2829 662 2868 195.
694 2825 783 2868 adn.
807 2825 951 2876 Botttg.
977 2826 1110 2865 Sabin.

245 2881 291 2921 T.
304 2882 350 2922 II.
367 2897 400 2934 p.
416 2888 481 2924 51.
507 2882 568 2922 ed.
593 2897 680 2922 nov.
694 2882 811 2934 Apul.
826 2882 944 2935 Apol.
965 2897 1001 2934 p.
1017 2886 1110 2923 519.

244 2938 307 2978 Ex
335 2938 397 2977 his
427 2944 591 2991 apparet
614 2939 822 2991 legendum
847 2952 940 2978 esse
960 2941 1114 2991 primo-

243 3009 289 3034 re
314 2996 484 3048 dayam]

295 3053 479 3103 primore
493 3054 639 3105 cliyilo.
689 3053 788 3092 Sunt
802 3051 911 3092 multi
927 3053 1110 3103 interpre-

243 3112 325 3153 tes,
363 3108 424 3158 qui
462 3109 665 3158 primorem
703 3109 861 3159 digitum
898 3109 1110 3148 secundum

243 3177 337 3202 esse
361 3178 384 3202 a
407 3164 551 3216 pollice
576 3167 599 3205 i.
624 3179 656 3204 e.
681 3167 856 3207 indicem
881 3165 1108 3217 intelligunt,

1185 1368 1270 1392 cum
1303 1354 1352 1392 de
1385 1355 1560 1404 quolibet
1591 1354 1666 1393 alio
1694 1357 1807 1393 etiam
1835 1355 1976 1395 (lictum
2003 1358 2052 1395 vi·

1184 1411 1262 1449 deri
1288 1411 1437 1462 possit,
1464 1415 1502 1449 ct
1527 1411 1576 1449 de
1595 1425 1747 1450 summo
1767 1416 1911 1451 tantum
1931 1413 2051 1464 digito

1183 1472 1221 1505 et
1258 1468 1308 1505 de
1344 1468 1429 1506 eius
1461 1469 1703 1506 extremitato
1735 1469 1963 1520 capiendum
1989 1471 2051 1509 sit.

1182 1524 1248 1576 [cf.
1273 1523 1402 1563 Plant.
1422 1523 1543 1563 Poen.
1560 1524 1622 1562 111.
1643 1530 1677 1564 1.
1693 1529 1756 1566 63.
1783 1526 1872 1576 ibiq.
1889 1525 2051 1565 Taubm.

1181 1595 1216 1632 Ρ
1247 1584 1365 1621 1069.
1390 1581 1536 1620 Bacch.
1552 1580 1617 1619 IV.
1644 1585 1696 1666 3.)
1708 1586 1771 1622 39.
1798 1586 1839 1620 ut
1862 1584 2051 1634 primori-

1183 1638 1255 1679 bus
1290 1638 1418 1677 {alnis
1450 1636 1646 1675 T1in.lx.
1701 1643 1806 1680 .65.
1857 1638 2050 1679 Echterm.

1182 1695 1216 1732 in
1250 1694 1420 1732 dissert:
1459 1694 1625 1733 Froben
1656 1709 1729 1735 aus
1761 1709 1790 1734 e.
1819 1695 1921 1735 Aba.
1954 1696 2052 1736 iiber

1181 1751 1339 1790 Namen
1370 1766 1407 1790 u.
1434 1751 1597 1805 symbol.
1625 1751 1801 1791 Redeat.
1829 1752 1868 1790 d.
1898 1753 2051 1804 Finyer

1182 1808 1216 1846 b.
1254 1807 1292 1846 d.
1328 1808 1399 1848 Gr.
1432 1823 1470 1847 ιι.
1496 1808 1618 1847 Rom.
1650 1821 1686 1859 p.
1713 1812 1777 1849 21.
1809 1808 1927 1860 Apul.
1952 1808 2049 1849 Met.

1178 1862 1231 1902 X.
1257 1878 1293 1916 p.
1322 1864 1433 1916 710]

1237 1921 1545 1960 venerabantur.
1596 1920 1854 1973 [Crederent‚
1882 1922 1986 1973 quod
2011 1924 2049 1961 in

1181 1977 1374 2016 nonnullis
1400 1977 1513 2016 codd.
1538 1977 1694 2028 legitur,
1720 1992 1768 2016 ex
1788 1978 1924 2030 glossa
1939 1980 2049 2018 inter-

1179 2038 1310 2084 pretor
1333 2034 1442 2072 vocis
1469 2035 1780 2080 venerabantur,
1807 2034 2048 2086 qnumlibra-

1178 2091 1219 2128 rii
1244 2105 1318 2129 non
1345 2090 1628 2141 intelligentes,
1654 2096 1698 2130 ut
1716 2105 1808 2130 esse
1822 2092 2048 2142 particulam

1179 2149 1493 2199 comparationis,
1526 2147 1807 2191 coniunctivum
1839 2149 2047 2188 substitue-

1177 2208 1271 2242 rent.
1319 2204 1444 2242 Aliter
1468 2204 1625 2255 quidem
1650 2218 1713 2243 res
1739 2219 1812 2243 non
1837 2209 1970 2257 potest
1994 2206 2046 2244 di-

1176 2260 1343 2299 iudi0ari.
1394 2260 1582 2298 Fortasse
1609 2260 1708 2299 docti
1735 2262 1954 2306 emendatio
1985 2266 2048 2302 est

1176 2316 1331 2363 librarii,
1359 2318 1422 2368 qui
1449 2316 1629 2367 Fulgent.
1649 2319 1767 2365 verba
1792 2323 2044 2369 cognoverat:

1175 2375 1373 2414 iuniorem
1398 2387 1477 2413 esse
1501 2379 1582 2412 tam
1606 2376 1851 2427 magnificae
1869 2377 2044 2428 fiynrae,

1175 2435 1220 2470 ut
1245 2431 1480 2470 crederetur
1512 2430 1641 2469 Venus
1665 2445 1746 2470 esse
1771 2432 2009 2485 terrestris]

1230 2487 1447 2526 stellarum.
1497 2487 1792 2539 Spleaerarwn,
1819 2488 1922 2539 quod
1945 2489 1981 2527 in
1997 2488 2043 2528 B.

1175 2543 1260 2582 cod.
1287 2543 1442 2594 legitur,
1468 2542 1568 2582 Oud.
1595 2557 1665 2595 pro
1687 2557 1774 2582 vera
1796 2545 1961 2585 lectione
1976 2545 2042 2584 ha-

1173 2601 1257 2645 bet,
1283 2601 1391 2638 cuius
1415 2600 1620 2652 glossema
1638 2601 1688 2638 sit
1700 2601 1918 2645 stellarum.
1947 2601 2042 2642 Glo-

1172 2657 1263 2697 bum
1286 2657 1388 2695 enim
1412 2671 1444 2696 s.
1470 2665 1635 2709 σφαῖραν
1655 2671 1728 2696 non
1744 2657 1872 2696 solum
1891 2657 1963 2702 diei
1976 2672 2042 2704 so-

1173 2713 1248 2751 lem
1271 2712 1412 2764 Pomp.
1438 2713 1532 2752 Met.
1553 2712 1579 2752 1.
1610 2717 1673 2754 18.
1699 2713 1767 2752 Sil.
1784 2713 1810 2752 I.
1827 2718 1918 2759 258.
1943 2714 2040 2754 Har-

1170 2774 1316 2821 pocrat.
1342 2784 1375 2809 s.
1392 2784 1424 2809 v.
1447 2766 1720 2821 Ἀναξαγόρας,
1746 2770 1818 2808 sed
1844 2774 1883 2808 et
1905 2784 2038 2821 quam-

1169 2827 1230 2864 vis
1246 2826 1417 2866 stellam.
1432 2826 1519 2865 coll.
1536 2825 1580 2865 P.
1595 2826 1723 2865 Burm.
1738 2826 1787 2864 ad
1802 2826 1889 2864 Val.
1905 2826 2037 2867 Flacc.

1168 2883 1219 2922 V.
1245 2887 1310 2924 46.
1359 2882 1447 2930 Quo
1478 2883 1683 2933 accedere,
1716 2882 1818 2933 quod
1843 2883 2037 2934 Apuleius

1172 2941 1280 2991 ipsas
1312 2953 1476 2989 graecas
1512 2953 1630 2978 voces
1668 2938 1804 2979 efferre
1840 2944 1959 2979 amet:
1996 2945 2038 2981 ut

1170 2996 1266 3035 Met.
1280 2995 1348 3036 XI.
1375 3011 1412 3048 p.
1430 3000 1520 3043 772.
1547 3001 1650 3036 veste
1674 2996 1891 3042 cataclista
1916 2997 1965 3035 dc
1984 2997 2035 3037 D.

1170 3053 1277 3092 Soer.
1303 3068 1339 3105 p.
1367 3057 1458 3094 679.
1485 3054 1543 3091 ad
1567 3054 1742 3092 citiarum
1774 3052 1917 3092 Lunae
1940 3054 2035 3092 leeli—

1170 3124 1252 3149 σωκ
1275 3109 1364 3148 coll.
1391 3109 1436 3148 T.
1463 3109 1574 3148 Sellii
1599 3108 1765 3147 observ.
1792 3122 1822 3146 e.
1843 3113 1904 3148 15.
1932 3109 2035 3161 [Hoc

1167 3165 1269 3205 idem
1299 3166 1525 3211 observavit
1555 3165 1690 3204 Munk.
1722 3166 1756 3203 in
1784 3165 1928 3217 Hygin.
1954 3166 2032 3206 fab.
