2155 3590
657 153 846 193 LIBER
874 151 944 193 Vl.

1005 150 1132 193 CAP.
1162 149 1326 191 xvnl.
1785 146 1868 190 457

92 267 244 309 deducit
271 274 548 307 commeantes.
597 265 707 320 Ergo
737 273 776 306 et
805 267 909 307 inter
938 272 1112 306 mortuos
1136 263 1303 305 avaritia
1327 261 1439 303 vivit.
1488 259 1575 302 Nec
1601 260 1760 302 Charon
1783 260 1865 310 ille,

90 332 128 366 et
162 323 266 364 Ditis
296 330 408 378 pater
435 330 567 363 tantus
599 323 713 374 deus,
754 323 959 376 quidquam
990 321 1162 376 gratuito
1192 319 1286 360 facit
1309 325 1348 359 et
1368 319 1374 374 Ι
1393 318 1564 358 moriens
1591 331 1736 372 pauper
1758 316 1868 358 viati·
1893 320 1957 354 417

89 440 185 469 ducit
196 441 229 468 in
243 441 309 469 cod.
323 441 360 469 F.
377 442 405 468 1.
422 440 488 475 legi
507 441 637 468 adnotat
657 441 735 468 Oud.
762 440 825 468 Sed
843 440 877 468 in
898 441 1004 468 collat.
1017 439 1231 473 Lindenbrog.
1250 436 1332 465 nihil
1345 436 1532 465 adnotatum
1546 438 1604 462 est.
1650 431 1718 460 Nec
1735 431 1870 461 Charon

88 485 144 514 ille
169 483 262 513 Ditis
280 488 385 522 pater
407 486 443 514 F.
460 487 487 513 1.
502 486 537 514 B.
551 486 724 514 ΑΙ11.111111.
741 487 770 513 1.
792 486 885 513 Vulc.
906 486 935 513 2,
955 486 1037 513 Elm.
1063 482 1157 510 Ditis
1168 484 1270 519 pater
1290 481 1409 510 Florid.
1435 478 1535 507 ditis:
1561 482 1596 506 et
1617 481 1719 515 pater
1743 479 1870 508 Vicent.

87 531 191 559 tivit:
214 538 274 558 nec
286 529 342 558 ille
355 529 435 558 ditis
445 533 550 566 pater
559 532 642 560 Iunt.
658 532 687 559 ⁴2.
722 532 759 558 In
774 530 909 564 reliquis
927 527 1023 557 Ditis
1042 531 1076 556 et
1087 531 1202 565 pater.
1249 526 1393 554 moriens
1405 532 1539 562 pauper
1558 525 1593 553 F.
1607 526 1638 553 3.
1652 525 1688 553 G.
1701 526 1740 553 D.
1753 525 1790 552 P.
1805 532 1834 559 p.
1850 524 1872 552 1.

85 579 122 606 In
135 580 206 605 cett.
219 583 352 612 pauper
364 574 521 603 moriens.

88 663 263 703 adnotat:
301 662 443 707 Sutili,
480 663 564 700 sive
594 661 725 700 multis
755 662 950 712 variisque

86 720 224 771 pannis
260 723 422 757 consuto
459 724 737 769 consartoque,
786 722 823 755 et
862 718 951 756 hinc

88 775 289 820 vilissimo,
303 780 344 813 ut
356 775 452 813 infra
466 775 605 828 cymba
618 776 758 814 sutilis.
785 774 834 813 Et
853 774 951 813 haec

86 831 304 883 explicandi
328 832 422 869 ratio
447 831 538 869 mihi
561 831 709 869 videtur
729 844 822 869 esse
841 844 950 882 prae-

85 890 258 926 stantior.
304 886 407 925 Nam
437 886 552 926 valde
583 889 747 926 ieiunum
784 891 862 932 est,
899 887 949 925 ad

85 944 284 982 materiem
303 945 468 994 cymbae
486 945 681 995 respicere
700 947 738 981 et
758 944 806 981 ad
827 944 948 994 prima

86 1002 196 1038 navis
227 1001 348 1045 initia,
381 1013 482 1050 quae
512 1000 697 1038 describit
726 999 787 1037 his
819 999 946 1037 verbis

84 1056 230 1094 Lucan.
257 1056 324 1094 lV.
354 1060 461 1096 131.:
492 1056 675 1095 Primum
705 1070 810 1095 cana
839 1055 948 1095 salia:

87 1113 323 1164 madefacto
348 1113 491 1151 vimine
511 1126 684 1164 parcam
710 1113 882 1152 Texitur
908 1113 948 1149 in

80 1169 276 1221 puppim,
302 1181 501 1220 caesoque
524 1169 672 1208 induta
691 1169 859 1207 iuvenco
888 1167 948 1205 Vi-

85 1226 208 1264 ctoris
243 1225 410 1275 patiens
449 1224 645 1263 tumidum
684 1225 953 1274 superemicat

85 1294 247 1320 amnem.
294 1278 370 1317 Est
398 1279 501 1318 enim
533 1279 674 1333 cymba
704 1280 836 1319 sutilis
866 1279 952 1316 sine

85 1337 198 1376 dubio
215 1349 271 1381 ea,
294 1348 395 1386 quae
419 1336 580 1387 saepius
604 1337 679 1373 iam
703 1339 890 1373 renovata
914 1339 953 1373 et

84 1392 216 1432 multis
240 1393 356 1442 lignis
388 1396 568 1430 consarta
597 1396 677 1436 est,
710 1391 876 1441 hincque
908 1392 950 1429 ri-

84 1461 195 1488 mosa
230 1452 387 1500 propter
422 1461 613 1486 summam
643 1451 880 1485 vetustatem
913 1451 951 1485 et

85 1504 264 1544 infinitum
310 1518 434 1543 usum.
492 1505 635 1557 Cymba
674 1503 821 1542 videtur
857 1517 951 1541 esse

83 1559 168 1602 κατ’
185 1558 311 1613 ἐξοχὴν
335 1561 477 1599 1119111111
502 1561 553 1599 de
582 1562 710 1599 carina
735 1559 952 1599 Charontis.

86 1618 132 1657 cf.
157 1616 313 1656 Petron.
340 1631 371 1655 c.
400 1621 489 1657 121.
521 1631 555 1655 v,
579 1622 668 1659 116.
707 1617 789 1656 Vix
813 1618 950 1655 navita

84 1674 328 1714 Porthmeus
359 1673 553 1726 Sufficiet
581 1674 799 1713 simulacra
826 1674 951 1712 cirum.

84 1731 302 1770 traducere
333 1730 508 1784 cymba.
540 1729 716 1782 Inscript.
749 1729 852 1780 apud
878 1728 952 1766 Fa-

83 1788 194 1825 brett.
219 1790 357 1838 p.702.
374 1800 409 1824 n.
425 1790 516 1826 235.
533 1787 774 1838 Satfuerat,
801 1785 951 1824 Porth-

84 1856 189 1888 mm,
215 1843 378 1896 cymba
402 1843 557 1881 vexisse
581 1843 778 1881 mar-iiam.
818 1841 950 1880 Horat.

85 1897 160 1937 Od.
186 1897 231 1938 ll.
257 1901 293 1938 3.
320 1902 383 1938 28.
409 1897 527 1949 Prop.
554 1897 617 1936 111.
646 1902 708 1938 16.
735 1902 800 1938 24.
832 1896 952 1936 Plura

85 1953 268 2005 exempla
279 1955 483 2005 praebebit
495 1953 624 1993 Burm.
633 1954 684 1992 ad
692 1952 854 1993 Anthol.
862 1953 949 1991 Lat.

86 2011 132 2049 T.
157 2010 203 2049 Π.
228 2023 268 2061 p.
292 2014 345 2050 20
370 2023 431 2061 sq.
455 2009 582 2048 Aliter
606 2009 707 2060 apud
734 2009 863 2047 1111911.
890 2008 952 2048 ΙΙΙ.

85 2066 401 2108 266.11011111131111·
414 2066 552 2105 alnus.-
566 2066 654 2104 Iam
665 2066 776 2104 sedet
790 2067 832 2103 in
844 2067 952 2116 ripa,

85 2127 311 2174 tetrumque
334 2122 509 2160 novitius
532 2122 690 2166 horret,
715 2135 789 2160 nec
814 2125 954 2172 sperat

85 2178 249 2217 coenosi
259 2178 441 2230 yztryitis
453 2177 606 2222 alnum,
632 2176 682 2216 ad
696 2190 810 2227 quem
825 2177 953 2215 locum

85 2233 219 2272 Schol.
244 2234 297 2271 ita
321 2233 588 2271 emendandus
614 2237 692 2271 est:
719 2233 950 2272 porthmea.

90 2290 319 2330 baronem
346 2289 439 2338 (Ms.
470 2289 677 2338 Carinam)
692 2289 954 2328 Porthmewn

86 2346 192 2386 dicit
206 2343 261 2383 ob
278 2344 482 2394 (Msazou)
499 2350 715 2397 anqustnm
729 2346 953 2384 traiectum.

84 2399 278 2454 Πορθμὸς
301 2401 400 2439 9111111
414 2413 556 2452 graece
574 2401 729 2447 vadum,
747 2405 954 2451 angustum

84 2459 283 2496 traiectum
314 2457 515 2508 significat.
567 2457 718 2496 Cumba
749 2456 953 2494 lectionem

85 2527 136 2552 ex
160 2514 316 2565 optimis
341 2513 456 2552 codd.
479 2514 678 2559 revocavi,
705 2526 820 2563 quam
840 2514 955 2551 etiam

83 2569 215 2610 Bentl.
239 2570 276 2608 in
301 2568 389 2607 loco
408 2568 541 2607 Horat.
556 2568 631 2607 Od.
647 2568 691 2607 ll.
706 2573 742 2609 3.
759 2573 822 2609 28.
836 2569 957 2607 1131191

84 2625 135 2665 cs.
161 2625 297 2664 Gloss.
323 2625 412 2677 Cyr.
437 2639 478 2677 p.
502 2629 595 2666 371.
620 2622 776 2664 ἀκάτιον
800 2626 954 2664 cumba.

86 2681 139 2722 Et
160 2682 213 2720 ita
237 2681 341 2733 apud
365 2682 514 2720 Auson.
540 2681 701 2720 Mosen.
728 2685 821 2722 216.
846 2681 956 2719 resti-

84 2737 229 2776 tuenda
242 2741 305 2776 est
316 2736 584 2776 nonnullorum
598 2737 709 2776 codd.
720 2737 833 2776 lectio
848 2750 953 2780 cum,-

86 2793 172 2834 bae.
195 2792 253 2832 Ita
275 2795 411 2834 tumba
434 2793 574 2844 legitur
598 2795 633 2832 in
658 2792 844 2831 Prudent.
868 2794 953 2845 περὶ

86 2851 190 2899 στέφ.
205 2854 267 2890 11.
282 2854 320 2891 9.
347 2851 454 2890 Sunt
470 2855 509 2889 et
524 2854 635 2889 mula
654 2854 783 2889 tamen
805 2850 952 2889 tacitas

91 2904 324 2946 claudentia
348 2912 441 2946 tum
452 2906 533 2945 bas
559 2905 806 2957 Illarmora]

147 2960 268 3013 Eryo
286 2967 326 3001 et
343 2964 450 3001 inter
468 2967 647 3001 mortuos
661 2963 838 3001 avaritia
849 2962 955 3001 vivit.

91 3013 193 3054 Oud.
217 3020 337 3067 putat,
362 3019 480 3057 verba
503 3018 591 3057 inde
615 3019 664 3056 ab
689 3018 807 3070 Eryo
831 3030 958 3068 usque

91 3070 142 3108 ad
164 3073 344 3122 patietur
372 3075 675 3126 parentheticum
713 3074 957 3113 enunciatum

91 3126 216 3178 ipsius
251 3141 345 3168 esse
367 3130 528 3183 Apuleii
563 3130 627 3169 vel
652 3129 829 3171 aniculae
856 3129 958 3170 hanc

1008 660 1179 699 fabulam
1204 659 1402 699 narrantis.
1456 656 1588 695 Priora
1619 658 1718 695 enim
1743 660 1782 694 91
1807 670 1872 694 se-

1009 718 1163 768 quentia
1200 716 1303 767 loqui
1340 716 1468 754 turrim
1511 713 1716 752 fatidicam.
1789 712 1872 750 Sed

1008 773 1326 812 absurdissimum
1339 774 1467 816 esset,
1492 771 1526 808 si
1549 770 1623 808 ista
1647 769 1873 820 parenthesi

1007 829 1221 868 enunciatio
1253 828 1468 867 arctissime
1482 826 1713 871 cohaerens,
1738 826 1772 864 si
1786 826 1874 876 ipsa

1006 887 1117 924 turris
1141 886 1259 923 verba
1283 885 1652 934 interrumperentur.
1676 881 1764 921 Hoc
1787 882 1873 932 quis

1005 943 1175 993 cogitare
1220 941 1381 991 potest?
1440 939 1538 978 Hinc
1578 939 1629 977 ad
1664 940 1874 977 orationem

1005 999 1118 1036 turris
1155 998 1337 1036 fatidicae
1372 997 1470 1035 haec
1507 996 1625 1033 verba
1664 995 1873 1046 pertinent,

1007 1054 1110 1105 quod
1134 1055 1250 1092 etiam
1286 1067 1397 1105 seqq.
1429 1053 1610 1104 probant,
1643 1051 1783 1102 quibus
1814 1063 1874 1089 ac-

1006 1111 1174 1149 curatius
1214 1109 1446 1160 explicatur,
1494 1112 1638 1147 tantam
1675 1120 1769 1145 esse
1810 1105 1874 1144 vel

1007 1167 1104 1204 inter
1128 1170 1299 1204 mortuos
1325 1165 1540 1209 avaritiam,
1564 1168 1606 1202 ut
1631 1177 1703 1202 nec
1724 1163 1874 1202 Charon

1011 1222 1076 1260 ille
1089 1221 1194 1260 Ditis
1218 1226 1328 1271 pater
1349 1221 1555 1272 quidquam
1571 1222 1734 1271 gratuito
1750 1219 1877 1263 faciat,

1010 1278 1184 1317 Orellius
1203 1276 1306 1316 Oud.
1333 1281 1492 1315 secutus
1519 1281 1579 1314 est
1603 1277 1638 1314 in
1659 1276 1747 1314 edit.
1773 1275 1875 1328 sua.]

1065 1347 1138 1373 nec
1167 1334 1329 1373 Charon
1354 1334 1424 1372 ille
1451 1338 1490 1371 et
1516 1333 1624 1372 DItz's
1645 1337 1776 1384 pater.
1804 1331 1877 1383 [Ita

1008 1391 1110 1428 hunc
1122 1389 1249 1428 locum
1264 1388 1456 1434 constitui,
1473 1390 1536 1439 qui
1551 1389 1586 1426 in
1601 1388 1712 1426 codd.
1722 1388 1877 1438 optimis

1009 1447 1164 1497 legitur:
1202 1446 1312 1484 Ditis
1348 1450 1386 1484 et
1415 1450 1551 1496 pater.
1598 1443 1877 1482 Necessarium

1008 1503 1110 1541 enim
1143 1515 1258 1552 quum
1289 1501 1480 1539 videretur
1516 1500 1679 1540 Charon
1704 1504 1743 1538 et
1767 1499 1878 1538 Ditis

1005 1565 1128 1611 pater
1165 1559 1260 1596 inter
1289 1571 1383 1596 sese
1409 1557 1607 1608 distingui,
1639 1556 1777 1594 factum
1804 1559 1877 1602 est,

1008 1620 1050 1654 ut
1074 1614 1293 1653 Beroaldus
1317 1628 1392 1654 nec
1409 1614 1573 1653 Charon
1595 1613 1664 1652 ille
1677 1626 1750 1651 nec
1767 1612 1879 1651 Ditis

1004 1677 1129 1724 pater
1160 1671 1320 1722 legeret.
1368 1670 1471 1709 Oud.
1506 1674 1634 1720 putat,
1672 1668 1879 1707 lectionem

1011 1729 1123 1767 Ditis
1140 1732 1176 1766 et
1191 1733 1315 1779 pater
1328 1741 1400 1766 non
1416 1731 1595 1777 oportere
1609 1725 1763 1771 mutari,
1789 1726 1879 1775 quia

1010 1782 1089 1823 ἀπὸ
1115 1784 1240 1823 κοιιόὗ
1264 1783 1478 1834 repetenda
1503 1783 1554 1820 sit
1576 1781 1764 1833 particula
1783 1795 1878 1826 non,

1011 1854 1111 1891 quae
1136 1840 1172 1878 in
1193 1853 1428 1891 praegresso
1448 1852 1522 1877 nec
1543 1839 1671 1876 lateat.
1710 1837 1880 1888 Negavit

1008 1896 1086 1934 hoc
1120 1909 1288 1946 unquam
1326 1895 1468 1933 factum
1504 1894 1630 1933 fuisse
1665 1893 1793 1932 Bentl.
1829 1893 1880 1931 ad

1009 1952 1144 1990 Horat.
1178 1951 1303 2003 Epod.
1330 1950 1439 1989 XVI.
1467 1954 1521 1996 6.,
1553 1963 1670 2000 quum
1694 1950 1760 1988 alii
1784 1949 1880 1987 affir-

1010 2011 1170 2047 marent.
1218 2007 1379 2058 Optime
1416 2020 1506 2045 vero
1537 2007 1695 2058 exponit
1723 2005 1878 2044 Ruhnk.

1010 2064 1060 2103 ad
1084 2063 1190 2102 Veu.
1217 2062 1258 2102 ll.
1284 2068 1396 2109 451„
1422 2064 1456 2101 111
1482 2063 1664 2114 negativa
1688 2062 1882 2101 sententia

1010 2133 1177 2172 pergere
1203 2121 1415 2159 orationem
1440 2132 1510 2170 per
1535 2124 1590 2164 et,
1616 2132 1692 2169 quo
1716 2118 1881 2158 addatur

1011 2177 1088 2215 alia
1111 2189 1176 2214 res
1200 2176 1317 2214 rebus
1341 2181 1456 2214 311193
1482 2175 1594 2213 dictis
1626 2179 1665 2213 et
1682 2176 1746 2213 uni
1766 2188 1880 2225 nega-

1011 2232 1104 2271 tioni
1128 2246 1265 2270 omnes
1279 2233 1539 2270 subiiciantur.
1564 2231 1611 2270 cf.
1625 2231 1753 2270 Hand.
1768 2230 1882 2269 Turs.

1011 2288 1059 2328 ll.
1082 2301 1119 2339 p.
1135 2292 1227 2329 537.
1252 2287 1373 2328 Bach.
1399 2288 1450 2326 ad
1469 2286 1581 2326 Ovid.
1595 2286 1771 2327 Met.111.
1787 2291 1882 2327 492.

1013 2344 1100 2383 Hoc
1125 2357 1359 2395 quamquam
1384 2357 1516 2382 verum
1541 2348 1620 2390 est,
1651 2348 1779 2382 tamen
1806 2357 1881 2381 non

1010 2400 1204 2451 intelligo,
1229 2400 1425 2451 quomodo
1440 2399 1542 2438 Oud.
1567 2401 1678 2440 Ditis
1702 2405 1741 2439 et
1758 2404 1883 2452 pater

1013 2456 1227 2495 defendere
1252 2458 1435 2507 potuerit,
1474 2456 1578 2506 quod
1610 2458 1726 2494 etiam
1759 2456 1882 2494 editor

1015 2511 1210 2563 Goetting.
1231 2516 1269 2551 et
1281 2511 1403 2551 Orell.
1424 2513 1460 2551 in
1480 2516 1628 2550 textum
1640 2514 1881 2563 receperunt.

1013 2569 1125 2608 Ditis
1142 2574 1268 2620 pater
1291 2570 1392 2607 enim
1411 2569 1446 2608 si
1466 2569 1621 2608 diversa
1639 2572 1701 2606 est
1719 2569 1767 2606 ab
1784 2567 1882 2606 Cha-

1012 2629 1123 2664 ronte
1152 2638 1338 2677 persona,
1370 2630 1409 2664 et
1431 2625 1613 2676 postponi
1638 2638 1713 2663 non
1739 2627 1881 2675 potest.

1012 2681 1116 2720 Nam
1146 2694 1216 2733 per
1245 2695 1292 2719 se
1316 2681 1391 2721 iam
1417 2685 1543 2732 patet,
1568 2681 1670 2719 hunc
1694 2693 1808 2718 usum
1833 2679 1884 2718 ad

1009 2741 1149 2790 poetas
1174 2737 1440 2776 tantummodo
1459 2738 1668 2789 pertinere,
1694 2736 1759 2775 ubi
1772 2737 1883 2774 metri

1009 2807 1130 2832 eausa
1155 2794 1381 2832 intercedat.
1409 2793 1491 2832 Sed
1515 2799 1559 2831 ut
1582 2795 1635 2831 ita
1658 2792 1737 2830 fieri
1754 2792 1884 2844 possit

1009 2849 1206 2901 etwopk.
1216 2849 1318 2887 Tull.
1328 2849 1438 2888 Lect.
1447 2863 1484 2900 p.
1494 2853 1557 2889 33.
1573 2848 1702 2887 Hand.
1712 2847 1882 2887 Tursell.

1008 2905 1053 2944 ll.
1084 2920 1124 2958 p.
1156 2910 1268 2952 538„
1300 2906 1375 2943 hoc
1399 2910 1527 2943 tamen
1553 2905 1756 2943 verborum
1781 2918 1884 2944 nexu

1015 2963 1254 3014 comprobari
1280 2962 1430 3012 nequit,
1456 2961 1547 3012 quia
1566 2964 1644 2999 tam
1663 2961 1883 3000 arctissime

1013 3019 1111 3057 inter
1133 3031 1228 3057 sese
1252 3019 1454 3055 coniuncta
1478 3021 1569 3056 sunt
1592 3016 1691 3056 baec
1715 3018 1881 3064 nomina,

1013 3077 1093 3113 tum
1106 3087 1209 3125 quae
1222 3074 1387 3124 disiungi
1402 3077 1614 3124 nequeunt,
1639 3073 1751 3112 Ditis
1757 3079 1883 3125 pater

1013 3131 1068 3170 ita
1089 3133 1336 3183 separantur,
1363 3128 1533 3181 denique
1545 3129 1758 3181 particulae
1771 3134 1811 3169 et
1821 3131 1881 3168 vis
