2155 3590
574 136 766 176 LIBER
796 137 869 177 VI.
928 136 1058 176 CAP.
1087 136 1182 175 XV.
1210 135 1329 175 XVI.
1779 135 1862 178 447

67 249 214 290 iussum
239 246 411 289 Veneris
436 255 590 304 petere,
624 249 737 303 eique
762 263 805 290 se
829 248 1167 304 praeministrare.
1218 245 1352 301 Quare
1378 246 1491 301 paulo
1518 246 1672 297 facilior
1696 247 1863 289 adeundi

66 305 139 345 fuit
163 304 288 359 copia.

611 432 1051 479 CAPUT
1154 431 1317 479 XVI.

176 561 242 605 Sic
279 570 477 617 acceptam
510 578 596 604 cum
629 563 771 618 gaudio
804 565 956 618 plenam
987 565 1169 605 urnulam
1199 563 1353 620 Psyche
1380 562 1530 605 Veneri
1561 562 1680 603 citata
1711 563 1859 604 retulit.

69 618 76 675 Ι
105 618 193 661 Nec
219 627 348 660 tamen
373 627 509 660 nutum
529 621 624 660 deae
644 620 859 660 saevientis
880 621 942 661 vel
962 627 1054 661 tunc
1075 621 1238 675 expiare
1257 617 1598 675 potuitquam'sic
1612 632 1697 659 eam
1713 619 1864 660 maiora

62 684 178 731 atque
213 677 347 731 peiora
383 676 532 731 flagitia
563 676 805 717 comminans
837 677 1006 731 appellat
1034 677 1219 718 renidens
1251 676 1474 719 exitiabile:
1523 673 1607 716 Iam
1637 682 1679 715 tu
1709 675 1863 729 quidem

61 805 196 834 missum
210 813 266 840 pro
280 804 406 834 iussum
420 814 450 841 p.
476 804 533 841 [cf.
548 807 657 834 Burm.
672 806 713 834 ad
726 807 854 835 Petron.
869 813 897 834 c.
915 807 988 835 123.
1002 806 1074 835 Liv.
1088 808 1129 836 11.
1143 808 1196 835 49.
1211 806 1242 841 S.
1256 807 1287 835 3.
1302 809 1330 835 el
1344 808 1417 835 Intt.
1430 805 1472 835 ad
1489 806 1545 835 111.
1568 807 1598 834 4.
1618 799 1735 844 §.11.]
1784 803 1865 842 quia

60 859 117 886 pro
131 858 238 889 quare
250 852 287 880 B.
326 850 473 890 felicior
484 849 631 878 adeundi
642 850 663 880 f.
680 849 850 890 faelicn'or
864 850 921 879 alii
936 854 1016 879 teste
1029 853 1112 880 Elm.
1117 850 1284 890 faciliori
1295 853 1333 880 D.

67 889 72 892 ¹
149 894 308 924 urnulam
321 897 358 925 F.
375 898 402 924 1.
417 897 450 924 3.
466 898 501 925 G.
515 897 543 924 D
569 897 604 925 Ο.
620 896 641 924 f.
654 898 738 924 Iunt.
754 898 784 924 2.
806 897 888 930 quod
908 896 1051 925 restituit
1070 898 1153 926 Elm.
1175 905 1247 925 cum
1262 896 1403 925 Scriver.
1425 900 1455 925 et
1468 895 1609 924 Florido.
1633 896 1670 924 In
1685 898 1758 923 cett.
1773 895 1864 927 codd.

59 945 90 970 et
104 943 172 971 edd.
187 941 307 977 legitur
319 949 451 970 urnam.
473 942 536 970 Sed
549 943 606 969 hoc
620 941 818 970 deminutivo
827 941 991 975 Apuleius
1005 949 1132 975 semper
1144 950 1225 970 usus
1239 945 1287 970 est
1301 941 1334 970 in
1348 944 1407 970 hoc
1427 941 1555 976 quidem
1568 942 1702 969 vasculo
1719 935 1866 974 Psyches

61 987 262 1022 designando
288 986 328 1015 cf.
343 994 443 1021 supra
457 995 486 1021 p.
500 988 576 1014 405.
604 985 782 1024 confestim
797 984 931 1024 deserto
951 985 1115 1013 urnula.
1140 995 1171 1021 p.
1186 988 1260 1015 408.
1281 985 1358 1014 cedo
1379 986 1483 1014 istam
1503 983 1706 1014 urnulam.
1730 986 1819 1020 Quod
1832 985 1866 1013 in

59 1032 96 1060 P.
110 1032 174 1067 legi
190 1032 235 1060 ait
245 1029 350 1066 plena
363 1030 498 1068 urnula,
514 1032 546 1060 id
560 1031 723 1065 excerptis
737 1032 777 1060 ad
791 1038 893 1065 marg.
909 1032 956 1059 ed.
967 1031 1057 1060 Colv.
1073 1039 1137 1059 non
1152 1034 1387 1067 comprobatur,
1402 1039 1486 1065 quae
1499 1029 1670 1065 urnulam,
1684 1034 1717 1059 ut
1731 1030 1766 1059 in
1779 1034 1866 1059 cete-

58 1076 104 1104 ris
118 1080 166 1104 est
181 1077 289 1112 codd..
305 1079 469 1111 praebent.
523 1074 662 1103 Veneris
672 1077 706 1104 Ο.
719 1098 726 1111 ,
747 1076 802 1110 qui
816 1077 899 1104 idem
914 1084 1002 1104 error
1015 1084 1045 1110 p.
1061 1078 1134 1104 404.
1150 1076 1346 1111 conspIcuus
1360 1080 1407 1105 est
1421 1077 1455 1105 in
1470 1077 1538 1106 cod.
1553 1084 1607 1105 722:
1633 1075 1716 1103 auri
1725 1073 1867 1103 mollitie

59 1123 250 1158 congestum
262 1122 425 1158 gremium
445 1119 598 1148 Veneri
614 1123 784 1157 reportat.
834 1120 908 1148 cita
923 1121 956 1149 Ο.
974 1130 1006 1154 φ.
1020 1122 1059 1149 Ι).
1107 1120 1291 1148 saevientis
1305 1122 1463 1149 omittitur
1477 1122 1508 1150 in
1523 1122 1557 1150 B.
1607 1119 1661 1148 vel
1671 1123 1765 1149 abest
1778 1122 1818 1148 ab
1831 1121 1866 1150 Ο.

59 1168 139 1193 tunc
157 1173 221 1194 non
240 1170 404 1201 comparet
421 1167 455 1196 in
473 1168 512 1195 R.
532 1167 551 1194 f.
599 1166 764 1202 expirare
783 1166 892 1200 inepte
912 1165 934 1193 f.
981 1164 1095 1193 rident
1110 1167 1146 1194 G.
1160 1167 1198 1195 D.
1214 1163 1242 1195 δ.
1262 1166 1284 1194 s.
1305 1167 1339 1195 Ο.
1360 1174 1395 1195 π.
1420 1168 1538 1196 Incert.
1562 1168 1598 1195 In
1612 1170 1685 1195 cen.
1701 1163 1866 1193 renidens.

58 1211 117 1239 ain
130 1218 188 1246 pro
199 1211 269 1239 iam
282 1211 305 1240 f.

54 1324 241 1374 ferarum
253 1321 472 1360 antecedat.
497 1320 645 1358 Melius
659 1321 732 1358 iam
747 1319 930 1358 Beroald.

58 1378 291 1429 cogitatione
320 1377 485 1416 addidit:
523 1377 703 1429 arneiyer
730 1376 853 1422 Iocis,
891 1380 932 1414 ut

56 1433 130 1472 hoc
155 1447 279 1485 genus
305 1433 528 1486 explicaret.
569 1432 671 1485 [Sed
695 1433 795 1471 haee
820 1433 931 1470 inter-

55 1490 230 1542 pretandi
250 1492 344 1528 ratio
365 1503 482 1541 quum
495 1488 596 1528 Oud.
613 1503 686 1527 non
701 1489 930 1533 satisfaciat,

56 1548 218 1585 coniecit
231 1560 301 1598 pro
314 1548 528 1586 innoxius.-
554 1546 650 1585 inde
664 1547 796 1591 ocius,
822 1545 927 1596 quod

55 1601 229 1642 Orellius
254 1604 289 1642 in
315 1606 464 1641 textum
488 1603 652 1653 recepit,
679 1615 926 1652 quamquam,

54 1663 97 1698 ut
119 1660 207 1711 ipse
231 1659 340 1705 dicit,
367 1659 589 1698 coniectura
600 1659 649 1697 ab
664 1657 766 1697 Oud.
786 1673 862 1697 non
877 1659 929 1697 sit

54 1720 230 1768 recepta,
257 1715 362 1766 quod
376 1717 455 1754 fieri
469 1730 543 1755 non
557 1716 692 1767 potuit,
719 1729 836 1767 quum
852 1729 926 1753 non

55 1773 143 1824 ipse
161 1772 235 1811 sed
248 1771 457 1811 Ruhnken.
480 1776 702 1811 contextum
718 1773 930 1810 constitue-

55 1832 124 1868 ret.
149 1828 360 1868 Ruhnken.
384 1842 477 1867 vero
503 1830 539 1867 in
567 1842 614 1867 eo
641 1830 798 1874 erravit,
826 1828 930 1879 quod

53 1886 252 1925 innoxias
285 1886 454 1932 retinuit,
493 1889 716 1926 commenta
754 1899 843 1923 vero
881 1885 931 1923 de

58 1940 160 1981 Oud.
185 1942 381 1980 sententia
394 1955 444 1980 ex
459 1941 544 1980 edd.
559 1941 718 1980 Iuntinis
733 1946 772 1980 et
785 1941 931 1980 Aldina

54 1999 241 2049 reposuit.
290 1997 509 2049 Utrumque
541 1997 643 2035 enirn
667 2001 734 2035 aut
757 2011 930 2049 compro-

55 2055 150 2093 bare
173 2058 238 2093 aut
261 2055 420 2093 reiicere
452 2054 635 2093 debehat.
683 2053 765 2092 Sed
802 2067 932 2104 quam·

57 2123 174 2161 quam
208 2109 311 2149 Oud.
344 2110 502 2161 largior,
538 2110 702 2161 saepius
735 2111 864 2149 ociter
894 2114 933 2148 et

57 2169 169 2206 ocius
193 2166 298 2217 apud
321 2166 533 2218 Apuleium
558 2166 649 2217 legi,
675 2165 779 2216 quod
805 2178 932 2204 exem-

55 2221 135 2274 plis
150 2223 374 2261 confirmare
387 2236 462 2260 non
478 2236 579 2274 opus
599 2226 673 2267 est,
698 2226 826 2261 tamen
843 2236 932 2260 con-

55 2279 201 2318 iectura
223 2279 342 2331 plane
365 2292 659 2330 supervacanea
685 2283 756 2316 est.
807 2279 931 2317 Inno-

55 2336 151 2375 :ct'us
164 2339 203 2373 et
217 2340 459 2375 commentus
467 2336 552 2374 suis
566 2335 663 2373 locis
677 2339 783 2374 stare
794 2335 930 2388 malo]

111 2394 424 2444 prae-minantes.
483 2391 544 2430 Ex
578 2395 686 2431 tanta
722 2389 932 2430 lectionum

58 2448 250 2500 farragine
276 2448 377 2486 hanc
402 2461 488 2486 cum
502 2447 604 2486 Oud.
619 2448 803 2500 praetuli,
830 2461 932 2499 quae

56 2519 130 2543 non
168 2504 296 2543 solum
334 2505 514 2556 vestigiis
553 2506 783 2556 optimorum
818 2504 931 2544 codd.

57 2561 251 2600 stabilitur
265 2561 338 2599 sed
354 2562 469 2600 etiam
486 2565 642 2612 propter
656 2560 931 2612 usumApuleii

56 2621 233 2669 praestat
281 2618 328 2657 cf.
354 2617 450 2656 Met.
464 2617 514 2656 V.
540 2631 576 2668 p.
609 2621 721 2663 353„
747 2618 811 2656 ubi
843 2617 932 2656 cod.

58 2673 201 2713 Dresd.
213 2689 235 2713 a
245 2687 334 2713 m.s.
345 2674 460 2712 etiam
471 2675 650 2714 minatur
657 2674 774 2713 habet
783 2678 822 2712 et
829 2672 932 2712 VIII.

58 2733 216 2782 p.563.,
230 2731 295 2769 ubi
308 2735 436 2769 tamen
451 2730 564 2769 lectio
579 2734 641 2768 est
654 2731 934 2770 diversissima.

61 2785 192 2825 Brant.
202 2786 600 2839 comparatlsidorum
614 2789 649 2825 in
660 2785 827 2837 Orig.X.
842 2790 932 2827 177.

62 2843 238 2882 minator
256 2849 314 2883 est
330 2845 519 2889 monitor,
544 2844 617 2882 sed
634 2845 812 2882 monitor
832 2843 933 2883 ‹lici-

62 2902 146 2945 tur,
182 2912 270 2938 cum
291 2901 548 2952 pronunciat
578 2899 702 2945 bona,
740 2900 930 2946 minator,

62 2967 152 2993 cum
187 2958 357 2996 nunciat
398 2957 582 2996 adversa.
655 2956 933 2995 Praemonere

63 3022 165 3061 quae
189 3013 379 3064 scriptura
403 3013 492 3051 inde
518 3028 540 3052 a
564 3012 760 3051 Beroaldo
787 3013 933 3051 intrusa

62 3070 126 3104 est
137 3066 384 3116 editionibus,
411 3070 789 3121 interpretamentum
804 3069 932 3119 potius

63 3135 157 3161 esse
165 3130 326 3176 apparet
334 3126 511 3165 vocabuli
516 3125 933 3178 praeminandt',quod

992 1323 1175 1370 quantum
1189 1320 1292 1365 scio,
1314 1319 1471 1370 Apuleii
1486 1324 1524 1358 et
1539 1320 1767 1359 Tertulliani
1781 1334 1867 1371 pro-

989 1377 1112 1427 prium
1127 1380 1202 1414 est.
1230 1375 1306 1414 Pro
1317 1381 1520 1428 potantes,
1536 1377 1640 1428 quod
1648 1375 1819 1415 Floreat.
1831 1383 1866 1416 1.

989 1432 1126 1477 habet,
1152 1431 1254 1471 Oud.
1270 1432 1453 1471 emendat
1469 1438 1735 1485 perorantes,
1761 1433 1866 1484 quod

989 1502 1086 1527 sane
1113 1489 1356 1539 ingeniosum
1383 1493 1456 1528 est.

1044 1544 1129 1584 Cn.
1147 1545 1254 1585 XVI.
1288 1546 1432 1585 Veneri
1445 1547 1572 1585 citata
1584 1547 1737 1586 retulit.
1763 1545 1868 1585 Oud.

985 1602 1133 1642 haecce
1170 1602 1347 1642 adnotat:
1398 1602 1441 1640 Si
1478 1602 1579 1641 haec
1617 1602 1731 1641 lectio
1768 1615 1867 1641 sana

987 1663 1067 1704 est,
1093 1673 1168 1697 non
1184 1660 1255 1697 erit
1268 1659 1479 1711 capienda,
1500 1659 1613 1710 quasi
1628 1661 1868 1698 introvocata

987 1719 1102 1754 esset
1125 1715 1321 1754 avenere
1343 1717 1377 1753 in
1392 1715 1630 1761 cubiculum,
1654 1719 1867 1768 postquam

988 1772 1216 1819 advenerat,
1247 1773 1322 1811 sed
1346 1786 1432 1811 cum
1459 1771 1618 1810 Florido
1647 1774 1866 1825 festinans,

988 1832 1030 1868 ut
1053 1830 1105 1867 sit
1124 1842 1191 1879 pro
1212 1830 1406 1873 accitam,-
1431 1829 1626 1878 quomodo
1649 1828 1798 1868 Caesar
1815 1829 1869 1867 ait

989 1885 1035 1924 Β.
1065 1884 1108 1924 C.
1134 1883 1200 1922 IV.
1230 1889 1293 1926 10.
1326 1886 1513 1924 citatus
1534 1887 1672 1936 fertur
1702 1885 1867 1924 Rhenus

990 1941 1074 1980 Liv.
1090 1940 1118 1980 Ι.
1133 1945 1197 1981 57.
1230 1942 1402 1980 citatis
1427 1942 1539 1993 equis
1563 1939 1680 1992 Apul.
1701 1938 1798 1980 Met.
1812 1938 1864 1979 X.

989 2011 1026 2049 p.
1055 2001 1147 2038 742.
1186 1999 1344 2037 citato
1379 2002 1419 2036 et
1452 1999 1608 2036 intorto
1642 2011 1794 2050 yenere
1828 2001 1868 2035 et

990 2053 1134 2092 Florid.
1150 2067 1186 2105 p.
1203 2058 1267 2095 40.
1297 2053 1333 2092 Ο
1354 2054 1597 2105 praesidum
1623 2055 1867 2105 optimorum

992 2112 1153 2150 citata
1178 2111 1402 2150 curricula.
1429 2109 1517 2148 ibid.
1545 2110 1637 2148 Nro.
1652 2109 1702 2148 X.
1730 2111 1867 2150 citatis

991 2168 1118 2219 equis.
1143 2166 1244 2205 Hinc
1258 2181 1331 2204 non
1347 2180 1447 2217 opus
1461 2170 1534 2212 est,
1548 2170 1591 2206 ut
1603 2179 1690 2204 cum
1703 2165 1867 2206 Pricaeo

990 2224 1250 2262 rescribamus
1287 2224 1462 2268 ct'tatz'm,
1500 2224 1678 2274 quamvis
1716 2227 1755 2262 et
1790 2222 1868 2261 hoc

990 2279 1174 2318 adverbio
1207 2280 1259 2318 sit
1287 2293 1385 2317 usus
1417 2279 1518 2319 Hist.
1552 2279 1597 2318 B.
1624 2279 1709 2319 Asr.
1741 2293 1771 2318 e.
1799 2284 1865 2320 80.

990 2335 1039 2375 In
1058 2349 1146 2375 eum
1165 2335 1299 2376 locum
1324 2336 1516 2375 citatim
1541 2336 1762 2376 contendit.
1789 2335 1866 2388 [Eo

989 2393 1116 2443 magis
1140 2394 1276 2431 mirum
1303 2396 1381 2438 est,
1408 2406 1473 2431 cur
1492 2392 1595 2431 Oud.
1615 2393 1868 2444 praeplaceat

992 2448 1108 2488 lectio
1134 2450 1235 2495 cita,
1262 2461 1363 2500 quae
1378 2449 1469 2487 mihi
1483 2448 1688 2501 glossema
1700 2453 1865 2488 tantum·

991 2505 1108 2544 modo
1158 2505 1310 2544 videtur
1354 2519 1449 2544 esse
1490 2506 1679 2557 participii
1723 2506 1865 2550 citata,

990 2575 1116 2614 saepe
1135 2562 1240 2613 apud
1261 2566 1415 2600 veteres
1441 2563 1554 2600 obvii.
1588 2562 1636 2601 cs.
1663 2561 1788 2600 Buen.
1813 2562 1865 2600 ad

990 2618 1162 2658 Lact.ll.
1181 2623 1242 2659 14.
1268 2618 1302 2669 δ.
1319 2624 1380 2659 14.
1396 2623 1436 2657 et
1450 2619 1594 2664 lexica,
1620 2632 1721 2669 quae
1746 2617 1867 2656 multa

991 2674 1106 2714 huius
1131 2675 1423 2726 significationis
1455 2674 1638 2726 exempla
1667 2675 1866 2726 praebent.

993 2731 1035 2770 Si
1050 2731 1142 2783 quid
1154 2732 1379 2770 mutandum
1395 2735 1474 2777 est,
1490 2745 1564 2782 ego
1578 2731 1709 2769 malim
1724 2732 1865 2770 citato.

991 2787 1166 2827 Orellius
1192 2790 1321 2828 citata
1344 2789 1447 2826 bene
1472 2787 1660 2840 retinuit]

1075 2846 1265 2884 renidens
1312 2844 1536 2884 exitiabile.
1620 2843 1867 2896 Quamquam

989 2900 1099 2939 multi
1137 2900 1249 2940 codd.
1288 2901 1428 2940 ridens
1463 2900 1631 2946 habent,
1676 2901 1781 2951 quod
1817 2914 1867 2939 ex

990 2956 1078 2996 loco
1110 2957 1208 2996 Met.
1241 2956 1307 2994 VI.
1340 2971 1376 3008 p.
1403 2961 1495 2996 404.
1522 2957 1736 2996 subridens
1760 2972 1866 2997 ama-

989 3027 1077 3053 rum
1114 3014 1281 3063 aliisque
1312 3013 1565 3065 scriptoribus
1600 3015 1729 3064 possit
1764 3027 1867 3052 com-

990 3070 1162 3121 probari,
1199 3073 1361 3107 secutus
1386 3074 1512 3108 tamen
1538 3083 1625 3108 sum
1650 3083 1735 3108 cum
1761 3070 1865 3110 Oud.

992 3128 1257 3166 auctoritatem
1284 3126 1511 3177 optimorum
1544 3126 1655 3165 codd.
1689 3130 1728 3165 et
1762 3129 1866 3166 reni-

1888 616 1949 648 411
