2155 3590
663 137 854 178 LIBER
885 139 980 177 vlt.
1042 136 1170 176 CAP.
1196 135 1270 174 lx.
1777 134 1858 175 541.)

73 254 193 306 deque
217 264 303 291 mea
326 257 509 301 vectura,
549 257 588 291 et
618 250 773 303 utrique
804 250 999 291 destinata
1027 255 1275 289 monstruosa
1304 254 1429 286 morte
1454 247 1677 299 cognoscit,
1717 252 1756 284 et
1792 246 1856 284 ubi

70 310 242 349 locorum
273 314 380 347 esset
408 307 475 346 illa
507 312 760 360 percontatus
792 306 1077 358 deductusque,
1108 304 1196 345 visa
1219 316 1287 353 ea,
1322 309 1364 341 ut
1394 309 1479 341 erat
1505 301 1671 342 vinculis
1696 307 1852 349 onusta,

69 370 248 404 contorta
278 369 317 403 et
345 362 586 417 vituperanti
615 375 711 402 nare
743 361 943 412 discessit3
984 369 1040 401 et:
1081 359 1175 400 Non
1212 373 1297 399 sum
1329 357 1481 411 quidem
1514 365 1592 396 tam
1622 357 1760 397 brutus
1792 357 1855 396 vel

65 524 232 561 utrimque
245 526 280 553 G.
295 526 325 553 2.
351 522 470 560 (neque
482 532 557 552 vero
570 523 747 560 utriusque
757 541 765 556 ‚
791 526 825 550 ut
838 523 871 550 in
886 523 1048 556 excerptis
1062 525 1128 551 erat
1143 521 1244 556 oud.)
1259 521 1296 548 D.
1320 519 1436 555 utique
1447 519 1523 546 Bas.
1542 519 1568 546 1.
1584 520 1613 545 2².
1661 520 1853 544 nzrmslrosa

63 571 176 598 Venet.
191 571 220 598 2.
233 570 400 598 Vic.1unt.
418 571 445 598 1.
459 569 578 596 2.A1u.
594 568 695 597 Colin.
716 570 909 594 mostraemsa
929 569 963 595 G.
988 571 1013 595 1.
1036 570 1064 595 ¹2.
1080 566 1119 596 D.
1144 567 1185 595 cf.
1207 568 1282 594 Met.
1294 566 1334 593 V.
1350 573 1379 598 p.
1393 565 1468 592 350.
1511 564 1756 598 pez-contaetus
1771 564 1805 591 G.
1823 565 1849 590 1.

63 613 194 642 catenis
209 617 332 642 onusta
346 615 382 642 B.
396 622 437 642 ex
449 616 653 648 glossemate.
701 615 867 640 contexta
880 614 914 640 P.
930 620 985 646 pro
999 614 1170 639 contorta.
1197 609 1374 637 contemta
1386 611 1422 636 G.
1435 611 1465 637 2.
1479 608 1517 636 D.
1543 606 1604 640 (At
1618 607 1652 635 in
1666 609 1701 634 G.
1718 609 1731 634 1
1741 626 1748 633 .
1763 610 1853 634 extat

63 661 239 694 contorta,
264 667 329 687 non
346 661 533 692 contemta,
560 662 594 686 ut
612 658 691 686 Oud.
710 660 862 691 excerpta
879 659 1055 692 habebant,
1081 663 1274 690 quamquam
1294 656 1429 682 alterum
1449 660 1466 679 o
1484 652 1564 680 mihi
1583 659 1603 680 a
1621 659 1661 679 m.
1676 659 1702 680 s.
1723 653 1851 679 videtur

61 711 136 733 esse
149 705 361 740 emendatum,
381 705 437 731 sed
452 703 513 739 ita,
528 706 561 731 ut
575 703 652 736 quid
665 703 754 736 prius
766 704 885 730 lectum
900 702 1011 735 fuerit..
1031 701 1176 736 dignosci
1192 702 1339 733 nequeat.
1375 701 1411 725 et
1423 699 1583 725 contorta
1599 696 1810 732 vituperanti
1820 693 1848 723 δ.

60 749 258 785 vituperata
272 750 307 776 G.
323 751 353 776 2².
367 750 421 783 D..
447 755 530 781 quae
543 748 722 776 emendatio
741 747 931 775 necessaria
950 747 1028 774 mihi
1045 747 1173 774 ridetur
1190 745 1310 781 fuisse,
1335 751 1432 778 quum
1452 743 1485 771 in
1504 742 1555 770 nis
1575 742 1665 769 codd.
1679 743 1849 768 contemta

59 795 202 828 legatur,
228 794 312 826 quod
330 793 425 821 aliter
445 800 465 821 a
483 793 628 821 librariis
646 792 722 820 ferri
741 799 805 820 non
824 794 956 825 poterat.
1002 794 1128 818 natm-e
1143 797 1197 824 pro
1211 796 1295 816 nare
1309 790 1344 817 G.
1362 790 1390 817 1.
1414 790 1544 814 natura
1558 787 1592 814 Ο.
1607 793 1682 814 am.
1697 794 1726 820 p.
1775 784 1849 812 Non

60 845 132 865 snm
145 837 257 874 inquit
268 839 303 866 F.
322 840 348 866 l.
362 841 390 866 et
405 838 451 865 ita
463 838 593 872 scripsit
606 839 688 865 Elm.
703 840 838 872 temere,
863 837 941 869 quia
953 839 1038 863 hunc
1052 836 1194 864 codicem
1208 837 1339 862 secutus
1354 836 1417 865 est.
1443 840 1507 860 non
1520 831 1683 867 cogitans,
1709 831 1804 864 sequi
1818 830 1851 858 in

59 890 147 917 seqq.
160 884 291 910 verbum
307 881 431 919 inquit,
452 883 505 910 ubi
520 885 605 910 hunc
617 884 733 910 saltem
751 882 968 909 inducendum
988 888 1061 909 esse
1080 881 1215 908 debebat
1234 886 1373 907 monere.
1401 878 1479 912 [Sed
1493 876 1694 911 negligentia
1705 876 1851 903 Linden-

60 928 163 963 tirogii
179 927 299 956 factum
312 936 386 955 esse
402 931 493 963 puto,
517 930 549 955 ut
566 934 705 960 sequens
719 925 832 962 inquit
844 933 906 953 non
922 926 1137 953 induceretur.
1163 924 1282 951 Mirum
1301 924 1385 951 enim
1405 925 1509 958 esset,
1534 921 1564 949 si
1580 920 1851 949 accuratissimus

57 973 155 1001 liuius
169 972 290 1000 codicis
303 973 457 1001 librarius
471 973 517 1000 ita
529 973 679 1000 aberrare
693 971 860 1005 potuisset.
887 971 1060 998 Praeterea
1073 972 1262 1004 argumento
1276 976 1350 996 esse
1365 971 1464 1001 potest
1479 968 1547 995 cod.
1562 973 1609 1002 ιι,
1635 966 1690 999 qui
1704 965 1850 999 particu-

58 1020 123 1046 lam
137 1015 265 1053 quidem
279 1017 408 1045 omnino
422 1025 484 1045 non
499 1017 645 1051 agnoscit
655 1038 662 1051 ,
689 1017 773 1044 unde
787 1021 883 1048 (uiam
897 1015 1019 1042 incerta
1033 1015 1127 1042 fuerit
1141 1014 1239 1041 huius
1255 1013 1436 1047 particulae
1450 1013 1561 1047 sedes,
1588 1012 1740 1039 accurate
1754 1009 1850 1037 intel-

55 1062 221 1097 ligendum
234 1065 293 1091 est.
316 1062 501 1090 Librarium
515 1064 590 1095 puto
604 1061 636 1089 in
650 1069 686 1088 eo
701 1061 890 1094 offendisse,
915 1061 997 1092 quod
1017 1062 1060 1086 tot
1074 1058 1247 1086 vocabulis
1265 1057 1460 1091 pia-mosum
1480 1057 1704 1089 interponatur
1722 1055 1848 1082 demum

54 1106 183 1144 inquit,
208 1114 291 1140 quae
303 1114 367 1134 vox
379 1114 475 1140 quum
489 1106 567 1135 alibi
583 1106 685 1133 tribus
706 1108 884 1138 quatuorve
897 1104 1068 1132 vocabulis
1088 1106 1317 1140 postponatur,
1343 1104 1521 1130 commotus
1536 1103 1601 1139 est,
1628 1103 1660 1128 ut
1676 1099 1850 1134 posteriorc

56 1154 125 1181 loco
138 1158 209 1181 eam
220 1151 378 1180 inducens
390 1159 447 1186 pro
459 1150 584 1188 igitur:
608 1149 720 1187 iuquit
732 1147 947 1183 emendat-eh]

55 1296 120 1341 Hs,
147 1294 251 1345 quod
264 1308 337 1332 non
355 1294 471 1345 longe
484 1295 598 1332 abest
616 1307 638 1331 a
653 1293 817 1331 lectione
831 1292 918 1330 edd.

52 1354 162 1396 vett„
200 1363 301 1400 quae
337 1363 472 1387 omnes
505 1355 548 1388 ct
573 1349 738 1401 poculis
762 1349 918 1386 habent.

52 1405 205 1452 Quodsi
218 1406 271 1444 ita
282 1406 470 1452 scribitur,
485 1406 585 1443 bene
597 1408 730 1456 potest
743 1404 916 1454 intelligi,

51 1462 244 1513 quomodo
264 1476 285 1501 e
303 1462 505 1512 sequentis
520 1460 732 1513 particulae
746 1465 785 1499 et
803 1460 916 1510 priori

49 1517 239 1556 vocabulo
265 1518 477 1556 adhaerere
501 1517 676 1568 potuerit.
703 1515 790 1554 Hoc
805 1517 916 1567 igitur

49 1576 86 1613 in
99 1577 207 1612 textu
218 1574 505 1624 reposuissem,
526 1574 599 1612 nisi
614 1573 746 1623 optimi
760 1572 913 1609 omnino

50 1630 206 1669 codices
219 1629 508 1680 refragarentur.
544 1629 631 1667 Nec
650 1628 914 1680 improbabilis

48 1700 118 1738 per
153 1700 199 1724 se
234 1686 383 1724 videtur
418 1699 511 1724 esse
547 1685 652 1723 Oud.
684 1684 914 1723 coniectura.

47 1741 199 1781 Eodem
214 1743 312 1780 enim
325 1755 453 1780 errore
464 1741 600 1793 legitur
607 1739 769 1779 MetJlI.
779 1754 814 1791 p.
823 1745 839 1780 1
848 1744 912 1780 28.

48 1812 294 1851 sequensque
318 1803 356 1837 et
373 1800 532 1837 tertiam
552 1799 654 1835 inter
672 1811 746 1835 uos
838 1810 908 1847 po-

48 1854 201 1900 culum,
225 1855 288 1892 ubi
314 1854 425 1892 codd.
451 1854 599 1904 aliquot
625 1867 704 1905 que
729 1852 915 1891 reiiciunt.

49 1909 149 1948 Hinc
185 1924 288 1948 error
324 1911 378 1948 ita
407 1909 591 1960 explicari
617 1909 753 1959 possit.
802 1907 914 1945 Prior

47 1965 160 2005 codd.
190 1965 304 2003 lectio
336 1971 416 2004 erat
448 1978 654 2016 coenoque
679 1970 718 2003 et
737 1965 913 2015 poculis,

47 2035 148 2073 quae
183 2035 299 2073 quum
337 2021 511 2059 librarios
548 2020 782 2065 offenderet,
825 2019 914 2057 dein

49 2077 189 2115 vitiose
214 2080 448 2115 commutata
472 2080 534 2114 est
557 2075 594 2114 in
628 2089 755 2114 coena
780 2081 819 2114 et
836 2089 913 2126 po-

46 2133 247 2185 culisque,
272 2133 374 2170 unde
393 2146 542 2171 coenae
559 2132 744 2182 scriptum
763 2131 913 2181 legitur,

47 2189 215 2240 denique
236 2188 603 2239 ctpartieulaplane
623 2186 805 2233 exulavit,
827 2201 912 2225 coe-

46 2259 123 2283 nae
148 2245 395 2297 poculisque
423 2247 613 2282 retentum
645 2247 718 2282 est.
766 2243 914 2280 Similis

46 2300 203 2351 Dictyis
220 2299 392 2338 Cretens.
412 2300 541 2345 locus,
568 2301 631 2350 qui
656 2299 913 2337 mendosissi-

45 2370 132 2395 mus
146 2360 221 2402 est,
235 2357 372 2394 eadem
386 2357 533 2394 ratione
547 2356 705 2394 forsitan
720 2356 773 2393 ita
787 2368 913 2393 emcn-

46 2412 198 2450 dandus
213 2416 285 2451 est.
311 2412 472 2463 Legitur
485 2413 587 2450 enim
596 2412 643 2449 V.
655 2415 690 2451 3.
705 2411 741 2448 in
757 2412 912 2462 optimis

46 2468 177 2508 codd.:
215 2470 491 2520 praesentium
527 2468 756 2507 habendam
790 2469 916 2506 ratio-

45 2538 212 2577 nemque
230 2523 293 2562 vel
312 2526 511 2564 rationem
534 2538 654 2576 qmzm
669 2524 823 2575 futuris
843 2524 915 2562 orl-

46 2581 274 2625 bibendam,
297 2581 362 2619 ubi
387 2581 618 2619 coniecturis
642 2580 836 2617 sententia
859 2593 916 2617 re-

45 2636 239 2675 stituenda
275 2641 346 2675 est.
405 2637 597 2687 Equidem
621 2636 834 2686 putaverim
852 2649 915 2674 ra-

46 2693 273 2745 tionemque
302 2699 342 2732 et
369 2695 543 2732 animum
567 2691 775 2742 legendum
806 2704 912 2735 esse,

47 2748 151 2798 quod
184 2752 344 2800 propter
379 2748 648 2800 compendium
683 2749 755 2793 αἶι,
798 2746 914 2798 pulsa

47 2804 233 2854 particula
269 2810 322 2851 el,
360 2819 445 2844 cum
482 2803 725 2843 antecedenti
765 2817 841 2856 que
875 2804 911 2841 in

48 2872 166 2909 «luam
195 2860 347 2900 facilius
377 2862 483 2899 abire
513 2864 679 2911 poterat.
727 2859 785 2897 Ita
808 2862 912 2897 totus

46 2913 158 2953 locus
188 2915 370 2955 facillime
400 2917 586 2969 procedit.
643 2915 722 2954 Pro
749 2916 915 2967 poculis

48 2970 85 3008 in
110 2969 277 3011 Floreat.
304 2977 342 3014 3.
368 2974 505 3025 legitur
523 2973 705 3024 poculis,
730 2971 836 3022 quod
860 2973 915 3009 vir

48 3026 186 3065 doctus
199 3027 234 3065 in
249 3031 409 3081 capulis
426 3029 634 3067 emendare
646 3028 784 3072 voluit,
810 3027 914 3078 quod

49 3086 176 3121 tamen
201 3084 251 3122 de
272 3086 436 3138 poculis
460 3086 533 3124 dici
560 3085 696 3138 nego]

1036 1296 1225 1330 contorta
1240 1296 1277 1329 et
1298 1290 1546 1340 vituperanti
1564 1302 1676 1327 nare.
1708 1286 1848 1336 Neque

978 1347 1039 1385 liic
1062 1347 1294 1398 prurientem
1323 1359 1478 1383 manum
1511 1345 1706 1382 continere
1731 1343 1849 1393 quivit

976 1403 1241 1447 stewechius,
1268 1403 1330 1451 qui
1352 1400 1455 1439 male
1470 1404 1508 1437 ct
1521 1403 1655 1438 contra
1678 1403 1847 1436 mentem

974 1459 1142 1498 auctoris
1169 1458 1360 1495 scriberet
1391 1461 1580 1494 contorta
1619 1460 1658 1493 ct
1691 1455 1848 1493 interim

972 1516 1084 1553 ronti
1096 1527 1206 1553 nare.
1226 1514 1280 1551 At
1294 1514 1344 1551 ita
1357 1511 1654 1562 ‹lixitApuleius
1664 1509 1845 1548 Metfv'lt.

974 1584 1011 1621 p.
1023 1575 1115 1610 577.
1130 1585 1156 1608 η
1165 1585 1189 1608 a
1198 1583 1248 1608 rc
1262 1570 1374 1607 dcto
1384 1573 1472 1613 rto,
1486 1568 1722 1619 magristrmn
1737 1581 1847 1604 secum

975 1628 1084 1665 roric
1109 1626 1371 1666 εαυίἶίαηίιιν,
1398 1627 1552 1674 praetor
1577 1635 1693 1673 quem
1720 1622 1847 1659 locum

973 1682 1073 1721 Elin.
1117 1685 1315 1733 comparat
1356 1679 1582 1730 Hieronyin.
1624 1679 1660 1716 in
1698 1677 1844 1715 Psalm.

971 1739 1234 1778 subsannatio
1254 1737 1432 1788 proprie
1451 1740 1605 1787 russata.
1621 1737 1779 1786 fronte,
1807 1739 1849 1771 ct

974 1799 1187 1833 contracto
1212 1807 1312 1832 miso
1339 1792 1597 1842 ea'primitm‘,
1623 1794 1663 1827 et
1683 1789 1843 1827 Tertull.

972 1851 1124 1888 advers.
1156 1848 1344 1887 Marcion.
1377 1847 1422 1885 ll.
1453 1850 1514 1886 19.
1546 1860 1646 1884 meso
1672 1845 1844 1895 aliquem

972 1920 1114 1957 assere,
1152 1905 1257 1955 quod
1293 1903 1539 1955 proverbium
1570 1901 1646 1939 huc
1676 1901 1842 1938 resen-ew

972 1963 1062 1999 dum
1088 1976 1163 1999 non
1189 1964 1282 1998 erat.
1330 1959 1490 2009 Optime
1514 1958 1614 1995 hanc
1638 1957 1842 1995 lectionem

971 2017 1161 2056 Pricaeus
1209 2015 1384 2054 defendit
1431 2027 1661 2065 comparans
1708 2012 1843 2050 Horat.

972 2073 1097 2125 Epist.
1112 2072 1139 2111 Ι.
1155 2077 1191 2112 5.
1207 2076 1271 2112 23.
1299 2075 1495 2123 corruyet
1507 2084 1624 2108 nares
1638 2073 1677 2107 et
1691 2069 1843 2107 Scliol.:

974 2131 1143 2175 Quoties
1179 2129 1317 2167 horret
1352 2127 1518 2177 allonis,
1561 2139 1703 2164 meres
1739 2139 1840 2163 com

973 2191 1166 2224 tractae
1189 2198 1336 2236 ruffam
1357 2183 1533 2234 faciunt.
1560 2181 1585 2219 l.
1611 2186 1672 2222 19.
1694 2185 1760 2220 45.
1786 2182 1843 2218 (ια’.

973 2242 1073 2280 haec
1098 2255 1178 2293 ‘²90
1201 2240 1367 2279 naribus
1392 2240 1453 2278 uo:
1469 2239 1679 2276 Formido.
1706 2236 1838 2274 Schol.

973 2299 1132 2336 caninis
1155 2296 1473 2347 vituperantium
1503 2295 1681 2332 nuribus.
1731 2292 1841 2330 Suid.

971 2352 1156 2404 ἐπέμιξεν·
1170 2348 1460 2402 ἐξεμυκτήρισεν,
1470 2344 1557 2402 ἦχον
1573 2345 1635 2388 διὰ
1649 2351 1841 2399 τῶινρινών

971 2412 1150 2460 ἐποίησεν.
1170 2408 1346 2458 Hesych.
1361 2405 1568 2457 ἀινασιμοῦν
1582 2403 1840 2456 ἀποστρέφειν.

977 2465 1043 2517 [es.
1068 2465 1152 2503 lntt.
1179 2465 1230 2502 ad
1254 2464 1386 2502 Horat.
1402 2462 1424 2499 l.
1441 2477 1471 2500 c.
1499 2462 1638 2499 Heind.
1653 2461 1702 2499 ad
1718 2461 1800 2497 sat.
1817 2458 1839 2495 l.

977 2525 1012 2561 6.
1039 2526 1074 2562 5.
1101 2521 1208 2559 Pers.
1234 2520 1305 2558 IX.
1331 2523 1394 2559 91.
1421 2518 1483 2556 Ill.
1517 2522 1582 2557 87.
1630 2517 1760 2554 Burni.
1792 2516 1838 2552 ad

975 2577 1088 2616 Ovid.
1103 2575 1319 2616 Met.le.
1330 2576 1411 2626 95]
1438 2574 1566 2611 Recte
1580 2576 1711 2610 monet
1724 2570 1840 2615 oud„

974 2647 1045 2684 per
1080 2633 1277 2685 posterius
1302 2631 1535 2669 vocabulum
1572 2630 1621 2667 ab
1657 2626 1840 2678 Apuleio,

971 2704 1044 2728 suo
1074 2691 1320 2739 omniumque
1351 2687 1580 2737 scriptorum
1609 2697 1738 2729 more,
1777 2695 1840 2719 ex-

971 2746 1105 2796 plicari
1135 2746 1262 2797 prius,
1300 2745 1351 2781 ita
1381 2747 1422 2780 ut
1453 2747 1492 2781 et
1521 2756 1566 2780 ac
1590 2742 1653 2779 καὶ
1677 2739 1840 2789 saepius

970 2805 1161 2853 ponantur
1192 2814 1258 2851 pro
1289 2801 1336 2838 id
1366 2803 1432 2838 est.
1483 2796 1550 2849 [cf.
1582 2797 1633 2835 ad
1663 2793 1839 2833 Metvt

971 2872 1009 2909 J».
1034 2861 1128 2898 398.
1154 2857 1202 2896 cs.
1229 2856 1354 2894 Hand.
1381 2853 1551 2893 Turseli.
1577 2852 1623 2889 ll.
1649 2865 1685 2901 p.
1702 2853 1782 2890 479
1803 2855 1841 2887 et

973 2928 1010 2966 p.
1036 2918 1129 2954 484.
1161 2913 1303 2961 XVagn.
1332 2911 1495 2957 Quaest.
1522 2909 1628 2958 Virg.
1656 2905 1839 2944 XXXHt.

976 2975 1038 3011 10.
1076 2970 1193 3008 Goer.
1217 2969 1267 3006 ad
1293 2967 1370 3005 Cic.
1402 2967 1451 3004 dc
1482 2965 1605 3002 Finib.
1631 2963 1658 3001 l.
1686 2967 1749 3002 to.
1776 2966 1825 3000 34

971 3040 1010 3077 p.
1030 3030 1095 3066 47.
1119 3025 1250 3063 Beier.
1274 3023 1321 3061 ad
1348 3022 1426 3059 Oss'.
1453 3021 1480 3060 l.
1510 3025 1571 3060 to.
1598 3021 1627 3071 Q.
1645 3023 1838 3069 3:}.1›.7f›

973 3086 1012 3120 et
1036 3081 1082 3122 ll.
1108 3087 1143 3121 5.
1171 3081 1200 3129 Q.
1232 3084 1293 3120 16-
1323 3093 1357 3129 p.
1385 3078 1472 3128 344
