2221 3667
325 121 408 163 662
564 122 612 161 L.
641 123 862 162 APULEll
892 123 1294 164 MADAURENSIS
1325 125 1871 167 METAMORPHOSEON

324 232 513 273 Charites
550 247 572 273 a
608 234 809 287 pulsandis
847 235 1031 275 uberibus
1069 249 1275 284 amovere,
1315 236 1461 276 luctum
1500 238 1662 288 sedare,
1702 239 1887 279 eiulatum
1926 253 2128 289 coercere..

325 290 458 329 verbis
483 289 731 344 palpantibus
756 292 954 332 stimulum
981 291 1128 331 doloris
1154 291 1392 342 obtundere,
1420 293 1544 334 variis
1570 295 1761 347 exemplis
1786 296 1991 350 multivagi
2016 310 2133 336 casus

326 345 468 384 solatia
501 353 682 397 nectere,
717 349 868 392 cunctis
901 355 1032 387 tamen
1065 347 1251 387 mentitae
1283 348 1439 402 pietatis
1471 349 1606 389 officiis
1632 350 1801 390 studium
1827 353 2133 392 contrectandae

326 402 501 443 mulieris
527 402 734 454 adhibere,
763 404 1017 456 odiosumque
1043 417 1217 444 amorem
1243 418 1355 445 suum
1375 419 1577 460 perper-am
1600 407 1829 447 delectando
1848 409 2015 449 nutrire.
2056 408 2134 449 Sed

325 527 520 557 charitates
535 527 563 558 ὃ.
613 530 812 567 ''pulsandae‘s
828 533 901 559 G.2.
917 532 954 559 1).
980 530 1201 568 appulsmnlae's
1216 534 1252 561 Ι..

1302 532 1494 561 verberibus
1509 535 1590 563 Con.
1603 536 1700 563 Voss.
1715 535 1867 564 Venet.2.
1882 537 1965 564 Iunt.
1976 538 2044 565 1.2.
2059 538 2134 565 Ald.

328 573 508 602 admovere
522 578 558 605 G.
572 577 602 603 2,
618 578 655 605 Ι),
670 578 705 605 l..
751 575 967 612 pnlpr¹71t1'bns
982 573 1010 604 δ’.

1061 576 1220 604 obtudere
1234 580 1270 605 G.
1286 580 1315 607 1.
1365 578 1670 616 rnultiz-ag2·0111nes
1690 581 1796 613 codd..
1823 588 1904 614 quos
1923 582 2002 608 oud.
2023 585 2050 609 et
2078 590 2136 614 ego

329 620 480 655 vidimus,
496 623 674 650 habent.1n
689 622 767 650 aliis
782 626 861 649 teste
872 622 962 650 Colv.
999 621 1179 659 multiiugi.
1218 621 1342 650 solutio
1353 626 1388 652 G.
1398 626 1411 652 1
1421 647 1427 653 .
1454 624 1584 652 solatia
1599 627 1730 652 vertere
1739 622 1813 654 P.‹5.
1857 625 2008 653 mentitis
2016 628 2052 654 G.
2066 628 2136 655 1.0.

327 664 583 693 contractanda
604 668 640 694 G.
663 669 690 694 1.
710 668 744 694 0.
763 668 799 694 1..
844 674 1028 702 properam
1045 669 1080 696 G.
1097 669 1125 695 1.
1141 675 1159 696 a
1174 676 1214 697 m.
1230 678 1256 697 s.
1283 668 1385 704 [Nam
1406 670 1516 698 omnia
1535 673 1635 699 verba
1654 671 1729 699 inde
1749 678 1769 699 a
1783 678 1967 707 properam
1982 673 2139 705 usquead

327 711 490 738 maritum
504 718 599 739 snum
614 712 738 739 omissa
753 715 828 739 sunt
843 712 875 739 in
891 715 996 748 textu,
1022 714 1079 741 sed
1100 720 1120 741 a
1142 721 1181 741 m.
1202 722 1229 742 s.
1245 714 1277 742 in
1292 715 1438 747 margine
1452 719 1526 743 sunt
1542 718 1706 751 suppleta.
1731 717 1829 751 Quem
1844 716 2005 744 defectum
2019 717 2065 744 ita
2079 724 2138 744 ex*

329 756 430 791 plico,
458 760 489 784 nt
505 759 616 785 oculos
631 756 758 784 librarii
773 756 927 785 fefellerit
942 765 1117 791 pronomen
1131 765 1244 795 smmi,
1272 761 1355 793 quod
1371 764 1504 794 utroque
1519 763 1588 789 loco
1599 783 1606 797 ‚
1634 762 1688 789 ubi
1702 763 1823 790 lat-una
1837 761 1950 796 incipit
1964 765 1993 789 et
2007 761 2139 797 desinit,

333 802 464 837 legitur·
479 802 492 837 ]

330 911 434 950 mine
447 909 626 962 [affabri.
652 908 753 947 -Tale
768 912 867 949 enim
883 926 957 952 non
972 912 1098 951 fuisse
1117 912 1206 952 Tle-

331 966 476 1018 polemi
504 968 667 1011 innuen,
700 967 896 1019 aliamque
927 969 1013 1007 eius
1045 970 1207 1021 epitheti

331 1023 515 1060 rationem
548 1036 622 1060 non
655 1024 907 1075 conspicuam
940 1039 1053 1071 esse,
1091 1027 1207 1064 immo

331 1092 405 1116 non
472 1092 700 1130 comparere
758 1093 895 1120 vocem
953 1085 1114 1122 nomine
1173 1085 1208 1121 in

331 1134 429 1174 Cod.
464 1134 568 1173 Pith.
605 1135 692 1173 Hac
727 1136 778 1175 de
814 1151 960 1178 caussa
989 1140 1211 1179 emendavit

333 1191 565 1243 lafflcbriter
587 1192 675 1230 coll.
698 1192 794 1232 Met.
815 1193 878 1233 ΙΙΙ.
908 1209 946 1247 p.
971 1200 1063 1236 186.
1086 1197 1208 1248 plan-

331 1262 438 1299 ,qm-e
451 1249 614 1289 sublato
627 1262 667 1287 se
687 1249 974 1302 luyubrz’ter
998 1254 1209 1297 eiulcmtes,

333 1304 439 1354 quod
454 1304 637 1343 Floridus
650 1309 797 1344 temere
817 1308 852 1346 in
878 1311 1027 1346 textum
1051 1310 1210 1361 recepit.

334 1361 420 1398 Sed
446 1374 573 1412 aeque
601 1360 717 1400 facile
742 1377 843 1402 sono
870 1365 1039 1418 lctyzcbri
1063 1366 1127 1404 vel
1155 1366 1211 1405 lu·

333 1418 459 1469 (labri
496 1432 596 1457 voce
637 1418 686 1459 ob
719 1420 865 1459 vicinas
896 1423 1213 1472 praecedentium

336 1474 400 1511 vel
425 1475 672 1525 sequentium
697 1475 940 1532 syllabarum
972 1478 1122 1518 litteras
1148 1492 1214 1519 ex—

337 1530 466 1568 cidere
490 1532 669 1581 potuisse
693 1534 889 1573 sententia
914 1539 976 1573 est
1000 1534 1122 1581 Oud.,
1149 1536 1212 1586 qui

336 1586 498 1624 Mehv.
525 1602 562 1639 p.
592 1591 682 1628 332.
709 1590 868 1628 excitat:
895 1591 1215 1644 Planyebant

337 1643 483 1688 ubera,
522 1645 783 1694 deflebant
820 1647 988 1700 oculos‚}
1023 1650 1215 1687 nomine

335 1702 517 1752 proprio
560 1714 779 1741 sororem
818 1704 1004 1743 miseram
1040 1705 1214 1750 ciebant,

342 1757 483 1806 quoad
507 1769 626 1796 sono
646 1759 897 1807 penetrabili
916 1762 1026 1799 vocis
1040 1761 1215 1801 ululabi-

340 1812 390 1850 lis
410 1825 544 1851 wneus
564 1818 600 1851 et
620 1815 788 1864 trepida
804 1818 1024 1866 procurrit
1040 1831 1060 1856 e
1080 1818 1214 1856 domo.

340 1866 430 1918 lpse
443 1869 670 1919 simpliciter
687 1869 923 1920 legimavult
938 1873 1113 1925 laqubre
1136 1875 1158 1912 i.
1181 1888 1215 1913 e.

340 1924 552 1974 lugubriter
567 1930 606 1963 et
618 1925 795 1964 flebiliter
809 1928 898 1969 coll.
908 1929 1058 1968 Met.V.
1074 1934 1214 1980 p.359.

340 1981 495 2019 simile
510 1984 740 2021 moerendo.
762 1983 1214 2036 [cs.Virg.Aen.X.273.

340 2037 373 2076 si
406 2039 575 2088 quando
616 2044 737 2079 nocte
774 2047 954 2081 cometae
990 2043 1222 2097 Sanyut'net'

342 2093 554 2145 luyubre
590 2095 748 2135 rubent.
804 2096 994 2145 Quamvis
1033 2101 1135 2140 bona
1170 2102 1222 2140 sit

340 2163 412 2200 per
442 2163 489 2187 se
515 2149 615 2192 haee
641 2152 882 2199 emendatio,
907 2159 1037 2194 tamen
1063 2157 1220 2196 molesti

342 2206 435 2256 quid
460 2206 582 2245 habet
606 2212 644 2246 et
668 2209 794 2248 minus
820 2210 986 2262 elegans
1012 2217 1092 2260 est,
1117 2215 1221 2253 unde

341 2262 513 2315 layubri
531 2265 691 2304 nomine
711 2279 785 2304 non
806 2266 1088 2317 damnaverim,
1116 2272 1222 2321 quod

340 2319 582 2358 reconditam
606 2323 731 2372 magis
755 2322 916 2374 Apuleii
942 2325 1155 2366 doctrinam
1182 2331 1222 2366 et

341 2374 632 2420 affectationem
658 2379 853 2428 quandam
878 2382 993 2433 sapit.
1020 2383 1222 2432 Luqubre

341 2446 486 2471 nomen
511 2437 573 2472 est
597 2435 722 2485 ipsius
748 2435 963 2488 Thrasylli,
988 2454 1063 2478 non
1089 2440 1220 2479 solum

343 2489 433 2538 quia
458 2488 585 2528 luctus
611 2491 869 2542 significatum
896 2494 1016 2534 habet
1040 2510 1090 2535 ex
1115 2511 1221 2536 com-

340 2544 492 2596 posito,
519 2546 567 2584 cf.
582 2547 679 2586 infra
691 2562 728 2599 p.
744 2553 838 2590 528.
854 2551 1092 2607 Thrasyllus
1102 2568 1222 2606 prae—

343 2615 439 2652 ceps
475 2607 515 2640 et
549 2606 803 2651 temerarius,
838 2607 914 2646 sed
950 2611 1040 2660 quia
1078 2611 1222 2650 luctum

343 2657 471 2696 ciebat
507 2659 571 2705 iis,
610 2662 675 2711 qui
711 2661 750 2700 id
779 2676 922 2702 nomen
953 2667 1220 2718 appellabant,

343 2714 434 2764 quia
459 2728 604 2754 caussa
629 2717 947 2759 lamentationum
974 2726 1013 2760 et
1044 2723 1222 2774 querela-

341 2783 425 2809 rum
450 2775 533 2810 erat
557 2776 596 2811 et
621 2774 718 2813 inter
736 2788 806 2815 eas
821 2779 1043 2818 vocabatur.
1067 2780 1222 2822 Morem

343 2826 444 2864 enim
460 2827 585 2866 fuisse
600 2830 706 2881 apud
720 2836 897 2879 veteres,
922 2836 1076 2874 nomina
1090 2850 1222 2877 eorum

344 2882 582 2932 appellandi,
593 2887 656 2937 qui
667 2886 907 2938 lugebantur‚
916 2905 991 2933 non
1000 2893 1125 2931 solum
1135 2907 1223 2944 pro-

345 2938 410 2976 bat
424 2942 647 2991 exemplum
662 2943 821 2994 Apuleii
837 2947 860 2985 l.
871 2961 923 2993 c.‚
943 2949 1017 2987 sed
1034 2949 1158 2988 fusius
1173 2964 1222 2990 ea

345 3006 446 3044 quae
460 2998 619 3046 protulit
632 2999 764 3040 Burin.
774 3003 934 3043 Anthol.
946 3004 990 3043 Τ.
1001 3005 1044 3043 11.
1059 3019 1095 3057 p.
1111 3006 1219 3059 137.]

403 3052 521 3091 ciere.
568 3054 759 3100 Defendit
789 3060 891 3100 Oud.
924 3060 1130 3101 lectionem
1155 3063 1222 3105 ali-

344 3110 437 3163 quot
462 3109 572 3150 codd.
600 3113 695 3158 cire,
722 3128 839 3166 quum
866 3119 1097 3158 vocabulum
1123 3125 1222 3161 utra-

1267 927 1344 965 que
1359 915 1628 967 coniugatione
1643 918 1677 955 in
1693 931 1767 955 usu
1782 916 1912 960 suerit,
1927 915 2142 954 emendans

1267 968 1384 1010 Mart.
1412 971 1560 1023 Capell.
1582 972 1650 1012 IX.
1669 973 1698 1025 ὃ.
1715 977 1808 1014 913.
1835 976 1980 1024 Ρ.709.
2007 972 2141 1024 ΚοΡΡ.

1271 1042 1375 1080 qnae
1404 1029 1654 1080 multiforme
1682 1031 1761 1069 scit
1791 1031 1915 1069 ciere
1941 1029 2144 1074 barbiton,

1269 1085 1333 1122 nbi
1349 1085 1464 1135 vulgo
1481 1085 1618 1137 legitur
1632 1088 1742 1126 seltis
1754 1087 1869 1126 seire.
1896 1085 1942 1125 cf.
1952 1085 2142 1124 Bondam.

1270 1140 1364 1180 var.
1394 1140 1524 1180 Lectt.
1555 1155 1592 1193 p.
1626 1147 1691 1183 57.
1724 1143 1774 1181 de
1805 1142 1954 1182 Mundo
1985 1155 2022 1193 p.
2050 1145 2144 1182 339.

1270 1203 1476 1237 ventorum
1504 1199 1668 1250 proelia
1704 1201 1950 1239 ciuntur.
1999 1197 2143 1236 Florid.

1270 1267 1305 1305 p.
1339 1258 1406 1294 80.
1443 1255 1570 1294 Voces
1602 1269 1703 1305 qaas
1732 1257 1885 1308 ‘infesta
1914 1255 2048 1295 rabies
2082 1253 2149 1293 cel

1268 1311 1459 1363 propitia
1474 1312 1660 1351 voluntas
1685 1313 1835 1352 ciant.
1862 1312 1998 1351 Gloss.
2013 1310 2145 1362 Cyrill.

1271 1371 1362 1405 κινῶ
1389 1369 1466 1412 01⁸0,
1492 1382 1641 1407 morea.
1693 1368 1758 1420 [cf.
1786 1368 1919 1407 Eckst.
1947 1368 1997 1407 ad
2021 1368 2145 1406 Voss.

1271 1424 1392 1461 Arist.
1430 1437 1466 1474 p.
1505 1428 1599 1466 869.
1644 1438 1823 1475 quosque
1860 1426 1910 1463 ibi
1947 1428 2150 1462 enumerat

1271 1481 1376 1518 viros
1402 1480 1552 1519 doctos.
1578 1481 1739 1519 Anthol.
1766 1482 1853 1520 Lat.
1873 1480 1960 1520 Τ.Ῑ.
1979 1495 2018 1533 p.
2035 1480 2147 1532 496]

1326 1537 1548 1587 pulsandis
1585 1538 1773 1577 uberibus
1802 1551 1996 1577 amovere.
2046 1536 2151 1588 [Mu-

1273 1591 1391 1631 lieres
1417 1594 1452 1631 in
1480 1594 1584 1632 luctu
1611 1599 1648 1632 et
1674 1595 1875 1646 exsequiis
1908 1608 1975 1632 ora
2006 1593 2150 1632 lacera-

1273 1650 1367 1687 bant
1393 1654 1432 1687 et
1444 1654 1582 1700 pectus
1598 1652 1738 1701 pugnis
1753 1651 1909 1689 infestis
1923 1650 2150 1695 tundebant,

1275 1719 1350 1756 quo
1376 1707 1566 1757 sanguine
1592 1712 1754 1745 ostenso
1780 1707 1911 1746 inseris
1931 1707 2152 1746 satisfieret.

1275 1762 1324 1800 cs.
1351 1762 1448 1801 Met.
1476 1762 1541 1801 lV.
1567 1778 1605 1815 Ρ.
1631 1768 1724 1805 291.
1752 1764 1836 1802 Vll.
1865 1778 1900 1815 p.
1916 1767 2010 1804 499.
2037 1763 2085 1802 cs.
2100 1763 2151 1802 ad

1275 1818 1342 1857 lV.
1379 1832 1416 1869 p.
1449 1823 1542 1860 314.
1592 1819 1678 1859 lntt.
1710 1820 1761 1860 ad
1791 1820 1950 1859 Petron.
1983 1834 2015 1859 e.
2048 1819 2150 1858 CXt.

1274 1888 1312 1926 p.
1339 1876 1457 1928 660]

1333 1935 1655 1973 contrectandae
1680 1935 1879 1973 mulieris.
1955 1933 2155 1985 Scriptura

1274 1992 1389 2026 vetus
1414 1989 1563 2040 aliquot
1587 1991 1700 2029 codd.
1727 1994 1790 2029 est
1814 1990 2154 2031 contractandae.

1282 2058 1384 2095 quae
1430 2046 1602 2086 varietas
1652 2047 1801 2100 passim
1846 2048 1882 2085 in
1926 2047 2153 2098 compositis

1279 2102 1387 2140 verbi
1413 2107 1551 2141 tracto
1576 2106 1789 2155 conspicua
1819 2107 1893 2141 est.
1942 2102 2044 2141 Oud.
2064 2104 2156 2141 citat

1281 2158 1369 2197 diet.
1389 2158 1439 2196 ad
1459 2159 1560 2198 Hist.
1581 2159 1627 2199 B.
1642 2160 1727 2199 Afr.
1742 2165 1807 2201 72.
1833 2160 1928 2199 Met.
1943 2160 1994 2199 X.
2009 2172 2046 2210 p.
2062 2163 2155 2200 697.

1279 2214 1410 2253 Burm.
1437 2215 1488 2254 ad
1513 2216 1626 2256 Suet.
1651 2217 1795 2256 Domit.
1829 2231 1860 2256 e.
1892 2222 1926 2257 1·.
1960 2221 2155 2256 contra-

1282 2276 1359 2310 cta
1370 2272 1406 2310 ti
1415 2286 1432 2310 s
1457 2273 1674 2313 multorum
1687 2274 1898 2313 uxoribus.
1926 2272 2064 2326 [Plura
2078 2273 2155 2311 dixi

1279 2328 1330 2368 ad
1344 2327 1440 2366 Met.
1456 2328 1523 2368 IV.
1536 2343 1574 2381 Ρ.
1589 2334 1700 2377 315..
1726 2331 1791 2369 ubi
1811 2330 2022 2369 identidem
2043 2329 2155 2369 codd.

1282 2385 1428 2423 variant
1451 2385 1549 2424 inter
1573 2388 1763 2427 detracto
1787 2391 1827 2425 et
1851 2388 2045 2426 detrecto.
2093 2386 2159 2424 De

1279 2441 1562 2492 significatione
1587 2445 1697 2482 vocis
1724 2448 2003 2488 contrectare,
2041 2455 2157 2494 quae,

1281 2502 1323 2535 ut
1348 2503 1586 2545 attrectare,
1618 2500 1668 2538 de
1700 2499 1922 2539 hominibus
1954 2500 2090 2538 dieitur
2115 2498 2158 2537 li-

1279 2554 1487 2602 bidinosis,
1514 2557 1579 2607 qui
1602 2556 1804 2596 mulierem
1828 2557 2069 2608 conprimere
2094 2569 2159 2607 ge-

1281 2611 1403 2650 stiunt
1450 2612 1498 2650 ef.
1528 2613 1684 2652 Ruhnk.
1716 2613 1820 2651 Dict.
1851 2614 1901 2652 ad
1927 2613 2036 2651 Suet.
2063 2612 2157 2652 Ner.

1282 2671 1349 2708 25.
1374 2682 1411 2719 Ρ.
1438 2672 1531 2710 323.
1557 2669 1643 2708 Intt.
1668 2670 1717 2707 ad
1743 2669 1839 2708 Hor.
1866 2670 1949 2708 Sat.
1975 2669 2002 2709 1.
2029 2673 2066 2710 2.
2092 2673 2160 2710 28.

1283 2724 1474 2764 Schmidt.
1501 2726 1551 2765 ad
1575 2726 1668 2766 Hor.
1696 2725 1819 2777 Epist.
1835 2725 1861 2764 Ι.
1878 2730 1914 2766 3.
1934 2729 1996 2766 16.
2029 2725 2157 2764 Plaut.

1282 2781 1393 2819 Asin.
1423 2780 1484 2821 lll.
1514 2788 1547 2822 1.
1575 2787 1639 2823 20.
1665 2782 1909 2822 Mil.Gl.lV.
1928 2786 1966 2823 2.
1987 2787 2053 2824 61.
2080 2781 2158 2821 Cic.

1282 2838 1333 2876 de
1358 2836 1448 2876 Nat.
1474 2838 1524 2878 D.
1550 2838 1577 2878 1.
1604 2839 1691 2891 27.]

1340 2895 1602 2936 delectando.
1648 2895 1758 2949 ¹Oud.
1791 2899 1920 2948 putat,
1953 2895 2160 2935 delectare

1281 2951 1344 2990 hic
1369 2964 1437 3002 pro
1464 2953 1587 2992 valde
1612 2953 1764 2992 lectare
1788 2949 1959 3004 positum
1986 2965 2092 2999 esse,
2117 2954 2159 2989 ut

1280 3007 1598 3058 frequentissime
1619 3010 1671 3049 cle
1689 3010 1723 3047 in
1746 3010 1974 3059 compositis
1990 3007 2159 3061 Apuleio

1280 3064 1449 3115 aliisque
1471 3065 1549 3107 vim
1575 3069 1729 3116 augeat.
1776 3065 1864 3104 Nec
1888 3070 2018 3104 tamen
2043 3064 2162 3103 audet

1283 3135 1368 3159 cuni
1395 3121 1532 3161 Heius.
1559 3123 1608 3160 ad
1634 3121 1747 3160 Ovid.
1773 3122 1868 3160 Met.
1896 3122 1963 3161 ΧΙ.
1983 3125 2076 3162 412.
2101 3134 2160 3160 re-
