2155 3590
662 147 849 186 LIBER
880 147 953 189 Vl.

61 277 138 304 non
164 263 432 303 consentiente
459 262 585 302 factae
609 260 806 314 legitimae
833 275 910 300 non
936 266 1100 314 possunt
1122 257 1269 309 videri3
1304 271 1348 297 ac
1379 270 1449 312 per
1473 257 1545 297 hoc
1565 255 1573 314 Ι
1593 257 1748 311 spurius
1775 256 1848 296 iste
1873 259 1938 293 398

1012 146 1137 186 CAP.
1162 146 1237 185 lx.
1766 143 1847 185 423

60 326 264 370 nascetur,
291 318 326 358 si
351 326 480 359 tamen
504 325 657 373 partum
683 317 839 357 omnino
865 318 1041 372 proferre
1068 324 1104 356 te
1130 315 1335 371 patiemur.

58 482 248 520 Iegae'tv‘pmae
256 483 326 510 G.D
347 483 488 517 lunt-1.‚
504 489 586 515 quae
599 481 758 515 scriptura
773 480 1037 514 frequentissima
1051 482 1110 516 est,
1124 483 1190 515 utp
1204 478 1286 507 inter
1297 477 1312 504 ο·
1323 480 1353 506 et
1369 479 1383 504 t
1394 477 1520 505 litteras
1533 477 1585 505 vel
1600 478 1674 504 ante
1687 478 1851 510 syllabam

59 526 89 556 n·
99 530 130 556 et
144 529 158 555 t
169 529 273 557 solum
286 528 519 561 interponatur.
543 528 592 555 Ita
607 526 672 555 sere
684 534 811 561 semper
824 526 857 554 in
873 527 907 553 G.
923 526 960 554 1).
976 526 1054 554 alibi
1067 525 1223 559 scriptum
1237 523 1364 552 inveni:
1389 523 1537 559 aegipto,
1552 521 1737 557 scraptari,
1752 527 1849 548 scru-

51 572 198 610 ptr’m'um
217 573 294 601 alia.
342 572 407 599 isle
427 573 629 601 desideratur
646 572 679 600 in
699 569 727 600 δ.
751 571 958 605 Negligenter
976 571 1009 598 in
1028 571 1108 599 Edd.
1121 571 1204 598 Etm.
1219 569 1361 598 Scriver.
1375 570 1403 596 et
1417 567 1536 596 Floria.
1556 567 1725 595 exhibetur
1738 570 1851 594 contra

55 619 146 647 codd.
160 621 188 646 et
203 619 273 646 edd.
287 621 362 645 vett.
390 616 459 644 Iste
473 617 711 652 significantius
725 617 844 644 indicat
859 615 1069 651 vituperium,
1096 622 1178 649 quae
1194 623 1244 643 res
1257 616 1308 642 vet
1323 613 1479 642 tironibus
1492 612 1664 641 notissima
1677 614 1736 640 est.
1767 618 1850 647 per-

47 662 150 704 ferre
164 665 199 692 G.
214 664 248 692 P.
264 664 300 691 B.
315 664 351 693 R.
367 663 388 692 f.
413 664 525 692 lucert.
540 663 688 691 Beroaltt.
704 663 805 691 Coun.
822 662 896 689 Bas.
916 662 940 690 1.
956 661 1059 691 Paris.
1083 661 1120 688 In
1135 658 1388 699 cett.proferre.

56 807 132 848 tali
154 813 317 847 metuas.
364 808 449 847 Iam.
470 811 579 860 faxo
604 808 803 858 nuptias
828 821 920 845 non

56 866 268 917 impares
298 865 370 903 sed
401 865 602 916 lessitimas
632 869 669 902 et
698 865 784 901 iure
810 864 921 901 civili

57 934 274 973 conyruas.
324 920 380 959 Et
413 921 528 960 illico
562 934 640 972 per
669 920 922 958 Mercurium

56 978 191 1028 arripi
235 982 274 1015 et
307 979 347 1015 in
387 977 542 1016 coelum
579 976 760 1028 perduci
800 975 922 1015 iubet.

48 1030 262 1072 vPorrecto
277 1033 500 1072 ambrosiae
509 1033 688 1084 poculo.-
715 1032 846 1077 Smne,
866 1033 923 1069 in-

58 1090 162 1142 quit,
200 1089 379 1143 Psyche,
417 1095 455 1128 et
485 1088 775 1128 immortalis
811 1093 921 1126 esto.

55 1144 158 1192 Quid
184 1147 299 1183 ceteri
325 1147 554 1195 interpretes
581 1144 629 1182 de
648 1143 722 1183 hoc
742 1144 825 1182 loco
845 1148 922 1182 sta-

51 1203 192 1240 tuerint
215 1202 362 1247 nescio,
388 1215 504 1252 quum
530 1215 641 1239 nemo
666 1200 768 1238 hunc
795 1200 921 1237 locum

53 1259 268 1298 accuratius
283 1258 550 1310 explicaverit,
576 1270 647 1295 nec
659 1255 918 1294 Noordkerkii

51 1312 147 1353 liber
172 1314 220 1353 ad
246 1328 382 1352 manus
413 1313 557 1366 esset]

108 1398 147 1433 et
154 1398 373 1445 praeterea
392 1394 434 1431 in
454 1393 569 1432 villa.
596 1391 662 1444 [cf.
679 1405 779 1442 quae
794 1390 919 1429 fusius

52 1463 246 1501 exponam
271 1450 320 1489 ad
345 1448 464 1501 Apol.
490 1463 528 1501 p.
553 1448 669 1501 575]

105 1523 227 1570 patre
241 1531 321 1556 non
336 1518 620 1556 consentiente.
670 1515 850 1568 [Tertull.
871 1514 921 1553 ad

45 1572 227 1614 -Uxor.ll.
244 1577 279 1615 9.
305 1588 396 1613 nam
421 1587 495 1612 nec
520 1575 562 1611 in
582 1575 699 1612 terris
715 1573 795 1625 filii
821 1573 922 1611 sine

53 1644 286 1671 consensu
325 1635 523 1682 patrum
559 1631 635 1668 rite
666 1634 705 1668 et
734 1630 822 1668 iure
852 1642 921 1667 nu-

51 1687 157 1734 bent,
193 1688 257 1725 ubi
293 1686 397 1725 male
433 1687 646 1737 explicant,
685 1686 747 1736 qui
782 1689 923 1736 patres

50 1743 112 1783 hic
136 1757 203 1795 pro
229 1743 453 1794 parentibus
479 1743 602 1793 accipi
630 1743 773 1780 volunt.
806 1741 920 1779 Matri

50 1802 150 1838 enim
181 1800 218 1838 in
249 1800 498 1838 matrimoniis
529 1799 804 1838 contrahendis
844 1797 923 1835 fere

49 1856 157 1895 nulla
180 1857 333 1894 omnino
359 1860 540 1908 potestas
571 1855 687 1907 erat]
737 1854 922 1892 Pricaeus

51 1914 141 1952 citat
171 1913 279 1963 Virg.
310 1913 409 1951 Aen.
442 1911 508 1951 xl.
542 1916 634 1952 557.
671 1913 735 1950 ubi
762 1911 922 1948 Servius

49 1970 333 2021 interpretatur:
361 1969 477 2008 Bene
490 1970 576 2020 ipse
586 1973 720 2019 pater,
744 1968 839 2019 qnia
854 1981 922 2005 au-

52 2027 292 2066 ctoramenti
313 2029 554 2076 potestatem
578 2025 658 2063 nisi
681 2029 823 2075 patres
840 2037 923 2061 non

52 2079 345 2121 habent.'1'aeit.
355 2080 645 2120 Ann.X111.44.
672 2079 923 2131 [cf.Brisson.

51 2138 87 2178 d.
98 2138 190 2189 1.p.1
201 2140 280 2177 098
291 2150 377 2188 sqq.
388 2136 562 2175 etHotm.
573 2137 642 2176 d.l.
654 2150 689 2185 p.
702 2140 807 2177 1173
817 2135 924 2187 sqq.]

130 2206 295 2257 spurias
331 2208 532 2243 nascetur.
604 2203 675 2256 [cs.
716 2202 923 2242 Hotmann.

49 2276 89 2314 p.
117 2266 235 2301 1175.
263 2265 303 2298 et
326 2260 502 2299 Brisson.
529 2274 567 2312 p.
596 2259 740 2312 1099.]

105 2343 312 2393 proferre.
340 2338 559 2391 [Perferre
576 2338 796 2384 lectionem,
824 2351 925 2388 quae

50 2410 100 2435 ex
121 2398 323 2435 notissima
343 2396 677 2446 praepositionum
693 2395 825 2447 peret
840 2408 924 2446 pro

50 2453 351 2491 commutatione
388 2453 422 2490 in
470 2451 618 2502 aliquot
654 2451 766 2490 codd.
803 2464 924 2502 prave

49 2509 206 2560 legitur,
239 2521 472 2560 quamquam
499 2507 601 2546 Oud.
633 2509 668 2546 in
694 2511 841 2546 textum
866 2520 923 2545 re-

49 2566 178 2617 cipere
204 2579 278 2603 non
305 2579 425 2603 ausus
451 2568 526 2609 est,
550 2569 678 2602 tamen
703 2567 746 2602 ut
769 2563 923 2602 minime

49 2620 925 2674 spernendam,multisexemplisconfirmavit.

43 2677 191 2730 ,Neque
229 2679 328 2716 enim
362 2677 583 2729 negandum
621 2681 700 2722 est,
734 2680 925 2729 perferre

49 2735 279 2774 vocabulum
299 2748 415 2785 quum
436 2735 589 2786 proprie
609 2734 657 2772 ad
672 2733 784 2771 finem
800 2745 924 2782 usque

48 2792 113 2830 vet
138 2795 283 2830 certum
304 2796 460 2843 tempus
485 2790 584 2828 serre
603 2790 812 2841 significet,
838 2802 924 2828 sae-

48 2847 139 2900 pius
174 2847 307 2886 referri
337 2847 385 2887 ad
418 2851 588 2898 partum,
628 2848 691 2897 qui
722 2845 771 2884 ad
802 2849 922 2884 matu-

48 2905 200 2943 ritatem
219 2904 417 2944 toleratur.
443 2903 500 2942 lta
515 2903 665 2942 Colum.
679 2901 744 2942 111.
760 2905 823 2942 20.
838 2901 867 2952 ὁ.
885 2905 922 2942 3.

53 2961 178 3007 Quod
190 2961 224 3000 si
244 2963 348 3000 carii
360 2961 523 3013 yeneris
544 2961 675 2999 cineta
691 2960 921 3011 fecerimus,

37 3017 217 3069 *aliquid
248 3031 301 3056 ea:
331 3019 382 3056 iis
412 3017 651 3056 inviolatum
682 3016 775 3059 erit,
809 3015 923 3067 qnod

47 3075 233 3125 fructum
253 3076 501 3126 perferat.
529 3072 595 3111 vl.
623 3076 688 3112 27.
714 3070 745 3121 ᾧ.
772 3075 810 3111 7.
839 3073 922 3123 sre-

980 810 1145 859 quenter
1159 819 1282 857 equas
1294 805 1378 843 sine
1393 805 1504 843 οοὶίιι
1528 807 1735 842 ventrem
1759 814 1852 853 per-

979 863 1125 901 tulisse.
1141 861 1198 899 lta
1210 860 1309 900 Ptin.
1319 859 1386 899 Xl.
1399 863 1459 900 13.
1472 864 1638 912 partum
1648 861 1851 910 perferre.

981 917 1254 956 cf.SatrnaS.ad
1269 917 1389 954 Sotin.
1401 930 1436 967 p.
1450 920 1512 956 20.
1524 913 1852 954 OreitadAi-nob.

981 973 1043 1012 ΙΙΙ.
1067 979 1130 1015 10.
1158 974 1220 1025 qui
1237 973 1337 1011 Oud.
1360 973 1571 1023 exscripsit
1585 970 1629 1010 T.
1644 970 1689 1008 H.
1705 984 1740 1022 p.
1761 971 1852 1010 128.

984 1031 1066 1068 Sed
1098 1031 1198 1068 hene
1232 1032 1430 1081 proferre
1463 1028 1536 1066 hoc
1574 1027 1728 1078 quidem
1767 1025 1851 1064 loco

982 1086 1212 1124 defenditur.
1238 1085 1416 1136 Respicit
1441 1086 1540 1122 enim
1556 1084 1693 1121 Venus
1709 1083 1757 1121 ad
1776 1084 1853 1120 vim

981 1142 1138 1180 lunonis
1170 1142 1362 1186 Lucinae,
1401 1154 1501 1191 quae
1533 1140 1685 1179 efficere
1716 1140 1852 1190 potuit,

979 1212 1027 1236 ne
1052 1198 1188 1236 mulier
1213 1197 1357 1235 foetum
1379 1199 1597 1242 eniteretur,
1622 1199 1852 1247 partumque

978 1254 1189 1306 impedivit.
1244 1253 1300 1291 Ita
1325 1255 1424 1291 enim
1457 1257 1584 1291 narrat
1615 1252 1728 1290 Ovid.
1753 1249 1850 1290 Met.

978 1310 1045 1349 IX.
1062 1314 1154 1351 296.
1183 1309 1366 1347 lunonem
1393 1309 1571 1348 Herculis
1597 1313 1747 1360 partum
1766 1321 1851 1346 sus-

976 1368 1141 1406 tinuisse
1165 1366 1226 1404 his
1251 1366 1399 1404 verbis:

1069 1447 1139 1476 Illa
1159 1447 1325 1484 [Lucina]
1346 1449 1473 1482 quidem
1494 1447 1601 1483 venit,
1628 1448 1684 1475 sent
1701 1453 1853 1481 praecor-

1331 1497 1436 1529 rupta,
1458 1501 1628 1526 meumque

1070 1540 1159 1575 Quae
1174 1540 1292 1567 donare
1307 1542 1402 1573 caput
1415 1538 1531 1566 Iunoni
1546 1540 1643 1566 vellet
1659 1537 1802 1571 iniquae.

1070 1586 1176 1619 thue
1191 1592 1278 1613 meos
1293 1584 1382 1612 audit
1396 1584 1553 1617 gemitus:
1575 1583 1734 1618 subsedit,
1750 1582 1782 1610 in
1798 1582 1859 1610 illa

1070 1631 1157 1659 Ante
1171 1630 1255 1658 sores
1270 1636 1344 1658 ara:
1371 1631 1546 1664 dextroque
1561 1635 1581 1657 a
1594 1628 1715 1662 poplite
1730 1629 1859 1655 laevum

1070 1676 1192 1704 Pressa
1206 1675 1422 1709 genu.digitis
1437 1675 1521 1703 inter
1534 1682 1570 1702 se
1584 1673 1712 1708 pectine
1726 1672 1859 1708 iunctis,

1070 1721 1232 1750 Sustinuit
1260 1724 1382 1754 partus.
1424 1720 1541 1748 Tacita
1560 1726 1686 1754 quoque
1712 1718 1860 1747 carmina

1379 1772 1459 1793 VOCC

1072 1811 1178 1839 Dixit:
1194 1811 1556 1845 etinceptostenuerunt
1571 1809 1719 1838 carmina
1734 1812 1858 1844 partus.

982 1886 1068 1925 Nec
1105 1900 1273 1938 unquam
1306 1885 1455 1935 legisse
1489 1899 1550 1923 me
1581 1886 1754 1929 memini,
1780 1882 1861 1922 Lu·

982 1944 1093 1982 cinae
1118 1958 1149 1981 s,
1166 1942 1320 1981 lunonis
1347 1942 1472 1980 fuisse
1496 1945 1752 1993 potestatem,
1779 1939 1859 1978 esti-

984 2000 1127 2044 ciendi,
1153 2003 1194 2037 ut
1207 2002 1330 2037 mater
1345 1998 1505 2049 gravida
1520 1999 1696 2036 abortum
1713 1997 1861 2036 faceret

985 2060 1095 2107 partu
1109 2057 1267 2093 emisso.
1295 2055 1406 2093 Haec
1420 2069 1495 2093 non
1510 2055 1731 2106 probantur.
1753 2054 1859 2092 Pro-

981 2116 1095 2165 ferre
1126 2113 1238 2163 igitur
1269 2111 1331 2149 hic
1363 2115 1424 2149 est
1457 2113 1493 2150 in
1520 2111 1646 2150 lucem
1672 2111 1861 2153 emittere,

985 2174 1025 2207 ut
1040 2168 1175 2206 Venus
1190 2166 1377 2219 Psychae
1402 2168 1585 2213 minetur,
1610 2167 1768 2205 Iunonis
1784 2179 1861 2218 ope

984 2238 1030 2262 se
1055 2224 1324 2276 impedituram
1351 2238 1462 2271 esse,
1489 2238 1538 2263 ne
1552 2223 1714 2275 Psyche
1734 2227 1861 2275 partu-

984 2282 1055 2319 riat
1074 2295 1231 2332 semper
1248 2281 1421 2332 gravida.
1446 2281 1503 2320 lta
1524 2294 1680 2333 quoque
1696 2280 1860 2318 vidimus

982 2337 1078 2377 Met.
1095 2337 1122 2377 I.
1142 2352 1179 2390 p.
1200 2341 1264 2377 40.
1291 2351 1429 2388 sagam
1456 2338 1649 2388 quandam
1675 2339 1758 2375 suis
1778 2350 1861 2376 car·

982 2394 1150 2432 minibus
1187 2393 1381 2439 valuisse,
1430 2408 1478 2433 ne
1521 2393 1678 2432 aemula
1715 2394 1859 2431 foetum

983 2451 1152 2496 eiiceret,
1178 2464 1264 2489 eam
1279 2452 1314 2489 in
1329 2451 1486 2490 modum
1501 2450 1700 2502 elephanti
1717 2450 1843 2487 disten

981 2511 1116 2546 turam.
1149 2506 1301 2546 Eadem
1327 2509 1476 2546 ratione
1500 2510 1697 2560 proferre
1722 2506 1860 2556 legitur

982 2562 1127 2603 Arnob.
1159 2563 1204 2602 Π.
1243 2567 1308 2605 36.
1347 2564 1411 2616 qui
1450 2564 1562 2602 locus
1601 2576 1649 2601 ex
1686 2562 1771 2601 cod.
1807 2563 1858 2600 ita

983 2620 1252 2659 emendandus
1279 2624 1356 2659 est:
1386 2621 1472 2659 Sed
1498 2619 1744 2658 immortales
1768 2632 1860 2670 per-

984 2677 1172 2716 hibentur·
1197 2676 1272 2714 1)ἱί
1303 2691 1394 2715 csse.
1445 2677 1540 2715 Non
1568 2689 1670 2727 eryo
1696 2679 1858 2718 natura,

982 2734 1054 2772 sed
1083 2734 1291 2773 voluntate
1323 2733 1405 2771 Dei
1433 2733 1569 2784 patris
1602 2745 1654 2770 ac
1684 2744 1859 2769 munere.

985 2790 1078 2835 Quo
1099 2791 1229 2842 iyitnr
1250 2788 1595 2827 inmortalitatem
1611 2788 1789 2840 laryitus
1804 2791 1862 2826 est

983 2846 1135 2886 (Ionum
1160 2846 1241 2884 diis
1269 2849 1362 2884 ortu
1383 2845 1578 2896 prolatis,
1604 2845 1624 2881 i.
1641 2857 1675 2882 e.
1695 2844 1745 2881 iis
1766 2843 1858 2888 diis,

983 2903 1054 2955 qui
1078 2907 1171 2942 sunt
1191 2902 1323 2953 ‚qeniti
1348 2906 1419 2939 ant
1441 2900 1615 2951 prolati,
1640 2899 1730 2938 utin
1752 2903 1858 2938 ante-

982 2958 1094 2997 cedd.
1132 2958 1239 3003 dicit,
1279 2970 1395 3008 quum
1433 2957 1457 2994 ii
1495 2955 1734 2995 immortales
1765 2969 1859 2994 esse

980 3018 1188 3065 nequeant.
1215 3012 1293 3051 vet
1320 3013 1397 3064 tegi
1422 3016 1557 3066 potest
1583 3013 1663 3052 dtis
1685 3013 1784 3052 ortis
1807 3027 1859 3052 ac

976 3070 1194 3123 prolati5.]
