2155 3590
643 151 829 192 LIBER
858 151 932 193 XI.

85 261 269 302 sacerdos
299 262 454 303 deducit
483 263 530 303 ad
560 263 681 318 ipsius
711 264 878 306 sacrarii
908 264 1139 329 penetralia.

990 150 1117 191 CAP.
1143 150 1313 191 XXIII.

1765 144 1873 188 1073

1201 262 1381 317 Quaeras
1412 259 1578 301 forsitan
1608 258 1704 300 satis
1730 258 1871 308 anxie,

84 318 258 358 studiose
281 318 427 369 lector,
466 320 553 373 quid
578 320 715 362 deinde
740 322 906 372 dietum,
948 320 1038 374 quid
1063 321 1233 360 factum?
1268 319 1460 368 dicerem,
1500 316 1534 356 si
1564 315 1694 356 dicere
1717 315 1871 364 liceret3

83 387 366 428 cognosceres,
410 375 443 415 si
485 376 622 417 liceret
662 377 813 418 audire.

81 500 313 540 suspensum
344 501 493 542 angore
525 490 674 530 diutino
705 490 903 530 cruciabo.

898 376 976 418 Sed
1017 390 1151 431 parem
1187 389 1334 416 noxam
1371 373 1648 415 contraherent
1682 384 1797 411 aures
1834 377 1875 410 et

87 429 94 485 Ι
116 430 274 484 linguae
297 431 388 471 illac
411 433 646 474 temerariae
671 433 925 474 curiositatis.
957 431 1044 474 Nec
1069 440 1107 473 te
1132 439 1262 472 tamen
1282 430 1476 471 desiderio
1496 429 1664 470 forsitan
1684 426 1873 481 religioso
1898 432 1963 465 804

966 488 1093 543 Igitur
1123 488 1233 539 audi3
1273 488 1341 527 sed
1372 487 1486 527 crede
1517 498 1615 540 quac
1640 497 1738 525 vera
1762 490 1869 524 sunt

80 543 246 583 Accessi
282 544 491 585 confinium
527 546 688 598 mortis,
733 553 773 587 et
809 546 958 586 calcato
995 544 1259 599 Proserpinae
1296 543 1427 583 limine
1465 556 1535 597 per
1570 540 1700 582 omnia
1736 546 1872 582 vectus

79 669 226 698 sacraln
237 670 363 701 vicent
410 671 547 702 adducit
563 671 592 702 δ’.
641 682 784 712 quaeres
806 674 826 703 s.
841 671 870 703 ὁ.
891 676 925 703 0.
947 681 982 703 π.
1004 673 1083 702 coll.
1097 674 1193 702 Voss.
1219 672 1282 700 Sed
1301 671 1376 700 vide
1389 671 1429 699 ad
1443 673 1519 699 Met.
1532 672 1571 698 II.
1587 678 1617 705 p.
1632 666 1685 698 94.
1716 670 1816 704 putes
1831 665 1877 695 ad

78 715 183 743 eibum
197 719 232 744 et
243 716 362 745 stemm
382 716 507 748 credes.
530 720 570 748 Υ“
564 728 591 748 ir
609 720 739 754 qnidam
759 721 872 748 doctus
891 718 1073 748 emendavit
1093 716 1247 745 crederes
1266 715 1362 751 quasi
1374 723 1416 744 ex
1428 715 1615 749 compendio
1629 709 1748 746 credes
1762 722 1875 743 corru-

78 764 184 799 ptum,
210 769 293 796 quae
314 763 411 791 lectio
435 772 490 798 per
513 767 646 800 regulas
669 764 900 801 grammaticas
922 771 986 792 non
1011 763 1222 798 improbanda
1244 764 1305 790 est.

1363 758 1452 797 qnod
1473 757 1589 786 deinde
1613 758 1757 795 dictum,
1789 757 1878 795 qnod

69 804 211 845 factum
235 804 266 836 δ.
316 816 516 844 cognoscens
541 811 588 839 ed.
614 817 661 844 pr.
686 810 815 838 Vicent.
861 807 1000 836 audires
1017 816 1047 842 p.
1071 808 1179 836 littera
1205 813 1220 835 s
1245 809 1284 835 de
1308 805 1458 840 sequenti
1480 812 1550 834 voc.
1587 803 1646 832 sed
1668 806 1877 833 adhaerente.

77 858 202 879 nexam
220 854 260 881 D.
308 852 513 881 contrahent
530 855 565 882 F.
585 856 615 883 3.
636 856 672 883 G.
691 855 728 883 P.
745 856 784 883 D.
804 856 841 883 L.
860 851 890 883 δ.
926 851 1182 881 contrahentem
1202 860 1231 886 p.
1261 854 1300 880 In
1318 854 1392 880 cett.
1412 847 1667 878 contraherent.
1713 848 1794 876 illae
1811 856 1877 877 non

77 897 276 931 conspicitur
288 897 322 926 in
336 899 372 926 G.
386 899 421 927 P.
436 900 474 927 D.
488 901 525 928 L.
538 901 576 928 R.
592 900 612 928 f.
628 899 718 928 Colv.
733 903 762 928 et
775 907 862 933 seqq.
911 901 947 926 et
957 905 1060 926 aures
1074 900 1106 925 ec
1119 896 1235 934 lingua
1249 898 1285 925 G.
1299 898 1335 925 L.
1350 897 1384 925 Ο.
1397 897 1454 932 D.‚
1481 896 1565 930 quod
1583 895 1662 923 oud.
1682 896 1809 929 probat,
1835 895 1876 921 ab

76 942 206 971 Ruhnk.
232 946 339 971 tamen
359 944 392 972 in
412 947 534 973 textum
553 952 618 972 non
637 948 798 978 receptum
823 947 881 972 est.
931 942 1136 971 temeritatis
1154 941 1312 970 curiosae
1329 942 1365 970 P.
1385 944 1416 969 et
1432 942 1470 969 1..
1488 942 1608 968 habere
1632 942 1770 968 testatur
1792 939 1875 967 Eun.

77 985 212 1015 Colvius
226 988 296 1022 ipse
309 996 327 1017 e
348 996 410 1017 suo
429 990 512 1017 libro
533 990 670 1023 profert:
693 989 850 1017 curiosae
865 987 1087 1023 temeritatis,
1113 988 1196 1022 quod
1209 987 1287 1016 mihi
1302 986 1469 1020 probabile
1482 988 1530 1014 est
1543 985 1641 1013 etiam
1654 984 1688 1012 in
1702 985 1738 1012 P.
1752 987 1874 1014 extare.

75 1039 173 1065 quum
187 1034 222 1060 G.
238 1036 266 1061 et
280 1034 318 1061 D.
331 1033 416 1062 idem
429 1037 616 1068 praebeant.
663 1033 780 1071 religio
794 1043 823 1070 p.
848 1033 1007 1071 religiosa
1022 1036 1058 1062 G.
1072 1035 1111 1062 D.
1133 1031 1217 1067 (non
1230 1030 1386 1068 religioso
1401 1033 1435 1059 ut
1449 1039 1466 1058 e
1479 1030 1551 1058 suis
1565 1031 1601 1058 G.
1621 1028 1782 1064 excerptis
1800 1036 1875 1063 pro-

75 1077 148 1105 tulit
162 1077 262 1113 Oud.]
277 1082 402 1113 propter
414 1087 554 1113 sequens
569 1081 763 1108 vocabulum
776 1086 970 1116 suspensum
984 1081 1176 1113 corruptum.
1223 1079 1413 1113 suspectum
1427 1077 1463 1104 G.
1478 1076 1513 1103 P.
1528 1077 1566 1104 D.
1614 1081 1741 1111 angore
1754 1071 1874 1101 diurno

73 1122 112 1150 R.
126 1121 147 1150 f.
173 1120 306 1150 diutina
322 1132 351 1158 p.
366 1124 414 1152 ed.
430 1132 476 1158 pr.
491 1124 619 1153 Vicent.
633 1125 748 1153 Venet.
760 1126 792 1154 2.
809 1126 838 1154 si.
852 1126 929 1154 Bas.
947 1126 975 1154 1.

72 1167 198 1202 gressis
215 1176 246 1203 p.
265 1170 340 1198 799.
367 1166 498 1205 finitae
516 1168 601 1198 [ιιι-ἵε
619 1168 742 1197 limine.

73 1278 203 1316 turbas
234 1278 308 1317 has
340 1280 604 1318 tantummodo
638 1279 761 1317 fuisse
786 1279 943 1317 initiato-

71 1347 172 1379 rum,
203 1334 278 1372 sed
307 1335 436 1385 potius
469 1336 653 1380 omnium,
686 1336 750 1386 qui
782 1334 944 1373 Lucium

71 1389 135 1427 vel
159 1394 294 1428 norunt
331 1391 392 1428 vel
424 1390 473 1428 de
505 1391 590 1429 eins
621 1391 832 1429 initiatione
866 1391 942 1429 lae-

70 1449 173 1484 tatos
198 1459 245 1484 se
270 1459 365 1484 esse
388 1447 585 1485 testificari
611 1446 804 1486 volebant.
863 1446 942 1484 Po-

69 1501 202 1553 pulum
235 1503 335 1541 enim
366 1502 428 1541 his
457 1503 582 1542 sacris
612 1507 702 1542 ante
726 1502 942 1554 penetralia

69 1562 238 1597 stantem
267 1558 444 1598 adfuisse
481 1559 646 1611 probant
677 1561 797 1598 verba
825 1571 941 1609 seqq.

68 1628 106 1666 p.
133 1618 227 1656 806.
257 1621 423 1667 repente
452 1616 548 1654 celis
570 1616 752 1656 reductis
777 1617 826 1654 in
861 1616 939 1654 ad-

69 1676 284 1722 spectum
314 1672 497 1723 populi
534 1673 766 1711 errabam.
837 1671 939 1710 Hinc

67 1727 162 1766 nihil
186 1727 410 1766 mutandum
435 1741 528 1765 esse
552 1728 818 1779 persuadetur.

125 1784 250 1823 linteo
273 1785 460 1837 rudique.
494 1784 779 1835 [Vehementer
792 1784 941 1823 dubitat

67 1838 170 1878 Oud.
195 1853 242 1878 an
270 1840 388 1879 lintea
412 1841 538 1880 vestis
564 1840 636 1878 dici
656 1841 785 1893 possit
803 1841 940 1885 rudi&

67 1896 184 1934 aliam
216 1897 316 1935 enim
348 1910 429 1935 rem
455 1911 549 1935 esse
575 1898 610 1935 in
638 1897 735 1936 lana
759 1897 876 1937 rudis
901 1899 941 1935 et

66 1952 277 1999 similibus,
303 1966 422 2004 quare
438 1955 561 2004 magis
576 1952 732 1993 inclinat
745 1953 794 1992 ad
811 1953 938 1991 lectio-

67 2022 154 2048 nem
168 2010 252 2049 cod.
274 2009 378 2048 Bert.
390 2040 399 2055 ,
425 2013 466 2048 ut
479 2023 548 2060 pro
562 2014 601 2048 et
612 2013 774 2060 ponatur
788 2023 846 2048 me
859 2009 936 2047 510.

68 2066 192 2105 linteo
214 2080 276 2105 me
300 2066 482 2118 undique
508 2071 745 2106 contectum.
793 2065 848 2103 At
873 2079 937 2103 ne

65 2121 181 2160 scivit
205 2121 272 2160 ille
295 2122 475 2161 vocabuli
494 2122 813 2174 significationem
832 2121 935 2160 hand

64 2180 286 2218 inusitatam
310 2193 380 2232 pro
405 2193 527 2224 ηουο,
553 2179 722 2217 nondum
745 2192 820 2217 usu
845 2191 932 2216 con-

63 2236 169 2282 trito,
196 2235 243 2274 cf.
259 2236 309 2275 ad
321 2235 418 2273 Met.
435 2234 461 2272 1.
478 2249 516 2287 p.
535 2239 615 2280 18..
641 2236 704 2273 ubi
719 2235 933 2273 accuratius

63 2290 139 2331 11οο
162 2292 249 2331 1000
276 2292 444 2330 excitato
471 2292 651 2330 disserui.
678 2291 803 2330 It’mle
821 2291 934 2341 igitur

63 2349 335 2387 vestimentum
367 2351 446 2393 est,
486 2361 562 2399 quo
600 2347 729 2385 nullus
760 2350 849 2385 ante
880 2348 931 2385 in-

62 2405 179 2443 dutus
204 2405 340 2444 suerat.
378 2405 435 2443 Et
459 2404 563 2455 quod
587 2404 732 2442 Bertin.
759 2404 934 2454 agnoseit

64 2462 289 2500 necessario
337 2461 429 2499 addi
477 2461 669 2506 debebat,
724 2463 932 2512 postquam

63 2518 248 2570 undique
273 2517 349 2568 legi
381 2521 563 2569 coeptum
588 2516 679 2568 est]

119 2573 297 2613 sacrarii
316 2574 564 2625 penetralia.
604 2572 672 2626 [cs.
699 2571 859 2612 Heraltl.
885 2572 935 2610 ad

62 2631 210 2669 Arnob.
230 2628 258 2668 I.
280 2633 345 2671 63.
365 2628 410 2667 Τ.
424 2628 450 2668 1.
470 2643 507 2681 p.
523 2632 618 2670 356.
644 2628 767 2668 Orell.
786 2628 935 2668 Meurs.

62 2686 241 2726 Eleusin.
265 2700 303 2738 p.
329 2685 412 2738 60.]

120 2743 296 2783 dicerem
321 2746 393 2781 etc.
443 2742 664 2794 [Sententia
686 2741 824 2780 11010111
849 2755 929 2780 ver-

62 2800 201 2839 borum
237 2798 456 2838 clarissima
491 2802 563 2837 est.
634 2798 790 2836 Vetitos
827 2798 929 2836 enim

64 2855 189 2894 fuisse
206 2855 375 2895 initiatos
390 2855 601 2906 quidquam
615 2854 667 2893 de
685 2854 851 2893 secretis
864 2867 928 2893 sa-

62 2925 212 2951 crorum
224 2911 425 2963 divulgare
439 2914 607 2958 constat3
620 2909 812 2962 Porphyr.
826 2910 929 2980 apud

63 2967 209 3007 Euseb.
223 2967 366 3021 Praep.
380 2967 529 3020 Evang.
544 2966 613 3006 IV.
626 2970 664 3007 8.
690 2964 736 3006 σὺ
760 2967 802 3006 δὲ
825 2966 930 3019 εἴπερ

61 3039 104 3063 τε
127 3039 192 3063 και
214 3027 337 3064 ταῦτα
360 3025 472 3077 πειρᾶ
493 3021 544 3075 μὴ
570 3018 811 3075 δημοσιεύειν,
835 3021 924 3075 μηδ

61 3078 147 3146 ἄχρι
170 3081 235 3119 καὶ
257 3084 331 3120 τῶν
353 3078 535 3148 βεβήλων
544 3081 686 3132 ῥίπτειν
704 3076 804 3119 αὐτὰ
820 3077 932 3130 δόξης

60 3134 172 3176 ἕνεκα
193 3134 216 3190 ἢ
242 3135 433 3191 κέρδους..
443 3133 586 3178 ,ταῦτά
608 3152 674 3189 μοι
692 3152 742 3184 ως
758 3132 930 3189 ἀιῖρητων

1024 1122 1205 1151 cruciabor
1219 1122 1254 1152 1..
1268 1124 1305 1152 R.
1320 1122 1342 1150 s.
1391 1120 1515 1149 lumine
1526 1128 1558 1156 p.
1579 1122 1613 1149 ut
1625 1120 1717 1149 modo
1729 1119 1765 1148 in
1777 1125 1875 1155 prae—

1003 1294 1051 1317 ἰα
1085 1273 1323 1329 ιὶρόητότιρα
1357 1273 1550 1341 κρύπτειν·
1611 1273 1699 1314 οὐδὲ
1734 1270 1804 1326 γὰρ
1840 1271 1875 1312 οἷ

1003 1332 1089 1373 θεοὶ
1138 1334 1308 1385 (γαιεοῶς
1349 1333 1434 1384 περὶ
1475 1329 1600 1370 αὐτῶν
1647 1328 1870 1375 ἐθεΥσπισαν

1003 1387 1103 1429 ἄλλα
1127 1388 1174 1428 δι’
1193 1386 1430 1441 αἰνιῃμάτων.
1454 1388 1518 1426 Ι)0
1538 1386 1654 1425 Isidis
1674 1387 1871 1437 mysterius

1003 1445 1276 1484 lamblicl1.‹le
1295 1445 1419 1495 Myst.
1434 1443 1500 1482 VL
1516 1447 1552 1483 7.
1578 1440 1642 1482 διὰ
1663 1445 1776 1482 τοῦτο
1802 1440 1873 1494 γὰρ

997 1501 1097 1553 μείει
1116 1505 1153 1540 ἐν
1171 1499 1272 1548 τάξει
1292 1498 1341 1539 τὰ
1359 1502 1427 1539 τοῦ
1452 1495 1594 1544 παντὸς
1616 1495 1748 1563 μόρια,
1775 1495 1871 1538 διότι

998 1556 1020 1610 ἡ
1047 1555 1290 1610 τιμιθοποιὸς
1313 1557 1381 1595 τοῦ
1396 1554 1587 1608 Ὀσίριδος
1605 1551 1760 1606 δύναμις
1779 1552 1828 1606 οἱ)
1831 1571 1870 1605 νη

999 1616 1061 1654 καὶ
1097 1611 1281 1667 ιῖχραιτος
1316 1611 1417 1663 μένει
1455 1613 1520 1650 καὶ
1550 1609 1595 1650 οὐ
1627 1613 1870 1663 συμμίγνυται

997 1668 1091 1722 πρὸς
1113 1669 1180 1720 την
1202 1685 1286 1708 ενιω
1288 1671 1369 1708 τίαν
1393 1666 1566 1719 πλημμέλ
1569 1683 1647 1706 ειαν
1670 1665 1733 1706 καὶ
1756 1682 1870 1720 ταρα-

1000 1725 1247 1791 χην.]11.ινει
1278 1723 1318 1765 δὲ
1349 1727 1413 1764 καὶ
1435 1741 1456 1775 η
1482 1725 1557 1763 τῶν
1582 1720 1679 1763 ὅλων
1702 1721 1774 1775 ζωη
1802 1739 1869 1763 κα-

999 1780 1115 1848 θαρα
1122 1780 1183 1821 καὶ
1198 1780 1451 1834 ἀδιάφιῒορος,
1464 1777 1589 1831 ἐπειδὴ
1603 1778 1651 1819 τὰ
1663 1776 1869 1833 ιιπόκρυᾳει

1000 1835 1167 1891 ζωογόνα
1190 1839 1264 1877 τῶν
1288 1835 1410 1889 λόγων
1434 1834 1554 1888 κάλλη
1579 1837 1643 1887 τῆς
1656 1834 1792 1881 Ἴσιδος
1821 1834 1865 1876 οὐ

999 1894 1162 1935 κάτεισιι
1187 1898 1235 1939 εἰς
1258 1892 1301 1933 τὸ
1333 1891 1558 1946 φιιινόμειον
1588 1908 1650 1932 και
1676 1890 1867 1944 ὁρώμειοι

999 1965 1126 2003 σωμα·
1163 1949 1319 2002 ἀκιίητα
1354 1948 1424 2002 ῃὰρ
1456 1951 1619 1989 διατε)εἷ
1647 1946 1773 1988 πάντα
1802 1950 1866 1988 καὶ

996 2006 1074 2060 ἀει)
1078 2024 1114 2047 ει
1117 2008 1153 2058 ἦ,
1179 2005 1275 2046 διότι
1288 2005 1506 2047 οὐδέποτε
1483 2021 1632 2046 ισταται
1645 2003 1664 2045 ὁ
1679 2008 1748 2045 τοῦ
1761 2002 1826 2056 122²
1810 2021 1864 2045 ιου

996 2064 1152 2116 δρόμος·
1177 2066 1299 2103 τέλεια
1323 2079 1393 2116 γαρ
1406 2065 1470 2101 καὶ
1491 2058 1607 2102 ὁλόκ)
1609 2078 1682 2114 ηρα
1702 2060 1864 2112 διαμειει

995 2119 1137 2168 πάντα,
1163 2117 1285 2171 ἐπειδὴ
1312 2118 1360 2159 τὰ
1384 2123 1420 2159 ἐν
1437 2116 1611 2185 ἈΙβὺδω
1616 2116 1715 2157 καὶ]
1694 2133 1861 2164 υπτεται,

996 2175 1049 2224 οἷς
1075 2172 1140 2216 οὗι
1164 2175 1234 2230 ἔχει
1258 2174 1323 2227 τὴν
1353 2174 1538 2245 σωτηρίαν
1568 2171 1618 2214 τὰ
1649 2171 1738 2222 ὅλα,
1769 2176 1863 2226 Myer»

993 2231 1063 2286 γὰρ
1093 2249 1129 2273 ἓν
1160 2237 1212 2283 Τῷ
1242 2249 1290 2272 ’ἴα
1319 2230 1520 2284 απόρί)ηἶα
1549 2247 1781 2298 κδκρυμμδνα
1805 2246 1863 2269 αόι

994 2293 1271 2354 διιιτηρεῖσθιιι
1293 2286 1355 2327 καὶ
1392 2287 1428 2328 ἐν
1462 2289 1516 2338 τῷ
1545 2303 1611 2338 την
1640 2285 1862 2339 ἄφθεγκτον

992 2348 1066 2386 τῶν
1097 2349 1201 2386 θεῶν
1232 2361 1362 2386 ουσιαν
1391 2343 1578 2397 μηδεποτε
1607 2342 1672 2395 τῆς
1696 2342 1862 2388 ἐναντίςα

992 2398 1294 2456 καταλαμβάιειν
1317 2403 1461 2454 μοίρας.
1488 2401 1535 2440 cf.
1562 2400 1611 2438 de
1635 2400 1674 2439 la
1694 2399 1861 2439 Chauss.

992 2460 1043 2498 de
1066 2459 1186 2498 Decr.
1213 2458 1346 2497 Simul.
1372 2459 1448 2497 tab.
1462 2456 1630 2496 XXXII.
1655 2457 1691 2495 in
1718 2455 1859 2495 Graev.

995 2515 1117 2554 Thes.
1144 2515 1188 2554 T.
1204 2515 1252 2554 V.
1278 2529 1315 2567 p
1343 2515 1458 2568 780.]

1050 2577 1089 2612 et
1100 2572 1280 2625 linquae.
1311 2570 1431 2623 [Oud.
1456 2568 1602 2609 mavult
1627 2570 1771 2622 linqua
1784 2568 1806 2607 i.
1821 2580 1854 2607 e.

993 2628 1170 2667 dicentis.
1239 2627 1327 2666 Hoc
1366 2641 1458 2666 vero
1501 2626 1626 2665 minus
1662 2625 1855 2676 probatur.

993 2685 1186 2738 Linguae
1222 2683 1285 2722 vel
1315 2684 1350 2721 in
1381 2684 1604 2722 universum
1634 2681 1684 2721 ad
1720 2693 1856 2719 omnes

988 2741 1122 2780 referri
1158 2744 1308 2792 potest,
1355 2740 1419 2792 qni
1455 2739 1547 2778 talia
1581 2737 1857 2790 provulgarent

987 2798 1052 2837 vel
1077 2797 1127 2836 ad
1151 2798 1279 2837 solum
1303 2796 1485 2842 Lucium,
1516 2794 1655 2847 plurali
1685 2807 1754 2846 pro
1778 2794 1853 2831 sin-

988 2853 1109 2905 gulari
1124 2854 1174 2892 ob
1187 2852 1428 2892 antecedens
1441 2865 1560 2893 aures
1575 2850 1716 2903 posito.
1752 2849 1855 2889 Illae

988 2911 1050 2949 hic
1073 2924 1142 2962 pro
1167 2910 1280 2950 illius
1303 2909 1472 2962 positum
1497 2911 1578 2952 est,
1602 2910 1644 2945 ut
1666 2905 1764 2945 Met.
1788 2904 1850 2943 Ill.

986 2980 1026 3019 p.
1051 2970 1144 3007 220.
1169 2966 1282 3006 nocti
1304 2963 1456 3017 istaes]

1006 3024 1009 3027 ⁴
1043 3023 1196 3062 accessi
1220 3021 1437 3074 confinium
1460 3019 1599 3059 mortis
1623 3021 1710 3057 cett.
1765 3016 1851 3069 [De

986 3078 1050 3118 his
1085 3077 1302 3116 cerimoniis
1336 3077 1373 3115 in
1409 3075 1495 3115 aliis
1532 3087 1688 3126 quoque
1727 3073 1851 3112 sacris

986 3134 1183 3189 usurpatis
1207 3133 1297 3173 vide
1311 3133 1509 3173 Astorium
1533 3132 1582 3171 de
1599 3130 1687 3170 Diis
1702 3129 1850 3170 Gabiris

1424 3199 1480 3242 68
