2155 3590
591 141 779 181 LIBER
817 141 889 181 111.
951 140 1078 180 CAP.
1114 138 1306 179 XXVII.
1771 136 1854 179 205

59 256 237 297 reddam:
275 254 329 295 Et
353 255 484 295 statim
511 254 625 294 telum
659 255 811 308 aliquod
839 254 1088 308 quaeritans,
1120 259 1266 292 temere
1295 250 1438 289 fascem
1465 249 1661 303 lignorum
1687 249 1854 313 positum

60 312 240 362 offendit,
267 311 508 365 rimatusque
530 309 537 367 Ι
557 312 786 351 frondosum
813 312 955 351 fustem
982 309 1132 350 cunctis
1157 307 1370 347 vastiorem
1386 338 1396 355 ,
1431 320 1509 345 non
1535 305 1642 359 prius
1669 320 1855 346 miserum
1880 321 1888 330 ·

61 382 121 408 me
152 368 316 408 tundere
347 368 482 417 desiit,
523 381 637 421 quam
670 368 800 408 sonitu
832 366 1053 408 vehementi
1085 372 1126 405 et
1154 365 1266 418 largo
1291 362 1457 416 strepitu
1482 363 1680 416 percussis
1706 362 1853 413 ianuis,

59 424 209 478 trepido
234 425 351 465 etiam
375 438 534 464 rumore
560 424 729 464 viciniae
755 423 1010 464 conclamatis
1036 421 1253 462 latronibus
1279 419 1451 474 profugit
1479 418 1655 458 territus.

58 593 223 625 quaerens
247 586 398 615 invenire
422 588 458 615 L.
472 588 509 616 R.
529 589 563 616 Ο.
578 589 613 616 Ρ.
629 589 664 616 G.
678 589 716 616 D.
733 587 753 616 f.
769 584 797 615 δ.
813 594 848 614 π.
898 586 1099 624 quaeritans
1125 586 1248 612 temere
1272 584 1306 612 F.
1331 584 1357 611 1.
1383 584 1464 611 Elin.
1492 582 1598 610 Scriv.
1626 582 1710 610 Pric.
1738 582 1857 609 Floria.

58 631 260 670 quaeritans
272 640 380 659 emere
391 633 428 661 F.
443 631 473 661 3.
488 641 516 666 ι».
532 634 580 662 ed.
596 640 642 667 pr.
656 633 785 661 Vicent.
797 654 804 668 ,
829 632 862 660 in
876 632 970 660 cuius
984 632 1130 667 margine
1144 637 1164 659 a
1177 631 1246 658 viro
1261 629 1396 663 quodam
1411 629 1501 656 docto
1515 627 1720 656 emendatum
1735 630 1783 654 est
1802 626 1856 653 in—

57 678 171 706 venire
183 679 240 706 vel
257 685 386 705 eruere.
412 676 624 712 Quaerimus
644 685 764 705 eruere
783 680 866 706 lunt.
885 679 916 705 2.
943 675 1146 714 quaeritans
1165 682 1291 702 omnem
1301 672 1438 713 fascem
1458 671 1623 710 lignorum
1632 671 1782 708 positum
1795 670 1857 698 ad-

58 721 186 751 scendit
204 724 240 752 Β.
261 723 389 752 vitiose.
428 723 570 762 farcem
589 724 624 752 F.
639 725 669 752 3.
713 723 862 759 positum
883 725 974 751 abest
989 730 1009 750 a
1023 718 1058 758 a,
1084 722 1117 749 in
1132 728 1193 755 quo
1207 721 1306 749 eliam
1321 721 1443 746 temere
1456 720 1591 747 exulare
1606 717 1797 751 suspicatus
1810 721 1857 745 6⁸1

57 769 136 797 Oud.
174 764 234 795 obt
246 776 303 803 pro
317 765 475 806 offendit,
500 770 583 803 qnod
596 768 629 796 in
643 776 744 803 marg.
759 776 776 796 a
792 776 831 796 m.
847 776 872 796 s.
887 767 1031 796 additum
1045 770 1112 800 est,
1126 766 1163 794 D.
1201 763 1348 793 caeteris
1362 763 1546 792 vastiorem
1559 764 1596 791 P.
1611 771 1640 797 p.
1680 760 1816 789 tondere
1830 758 1858 789 ὁ.

55 814 161 842 Paris
186 811 298 841 ridere
312 822 341 848 p.
378 814 491 841 sonitu
504 815 541 842 D.
556 821 576 843 a
589 821 628 842 m.
643 822 670 842 s.
709 811 878 840 Perculsis
892 812 1075 841 emendavit
1088 813 1199 840 Brant.
1214 811 1269 839 sed
1284 810 1414 839 frustra.
1452 805 1557 836 Fores
1571 807 1672 845 quale·
1684 811 1711 836 et
1725 807 1862 843 perculi

56 858 212 887 innostro
226 862 256 887 et
269 859 347 887 aliis
361 862 409 887 est
423 859 562 888 obvium.
588 860 697 893 Neque
712 859 836 887 fractas
850 859 955 886 adhuc
970 857 1075 885 innuit
1090 857 1141 885 vel
1162 858 1344 890 prolapsas.
1370 857 1451 883 Nam
1472 853 1582 882 statim
1602 853 1765 887 sequitur:
1795 849 1860 878 Nec

56 911 169 935 mora,
196 911 268 931 cum
288 904 324 931 vn*
335 903 528 942 patefactis
548 902 696 932 aedibus.

57 947 303 976 conclamantis
316 950 352 978 F.
371 951 396 978 1.
411 951 442 978 3.
456 951 492 978 1..
507 951 541 978 0.

47 993 148 1033 fugit
159 995 242 1023 Elm.
258 996 470 1028 etseq(1.edd.

115 1138 234 1178 telum
261 1140 514 1191 quaeritans.
542 1143 684 1177 temere
705 1141 863 1190 fascem
885 1137 928 1174 Ιί-

57 1208 231 1246 quorum
255 1195 434 1246 positum
459 1195 641 1248 offendit.
677 1193 733 1232 Ita
758 1207 807 1230 ex
833 1197 927 1244 optt.

59 1250 171 1288 codd.
188 1250 396 1301 legendum
411 1264 503 1287 esse
524 1251 700 1288 arbitror.
728 1262 844 1300 quum
864 1249 927 1287 alii

57 1305 168 1344 aliter
179 1306 281 1344 hunc
294 1306 422 1344 locum
437 1306 656 1358 expediant.
687 1306 792 1344 Grut.
809 1305 926 1356 Susp.

57 1361 124 1401 Vl.
149 1366 186 1403 4.
227 1363 405 1401 veniebat
436 1364 470 1400 in
496 1367 683 1407 mentem.
714 1362 928 1413 scripsisse

59 1418 188 1457 forsan
202 1419 432 1470 Apuleium:
459 1419 578 1458 telum
604 1418 782 1471 aliquod
804 1431 927 1470 quae-

57 1489 165 1521 rens,
196 1477 238 1514 in
267 1476 425 1528 foenile
455 1478 610 1527 fascem
644 1475 747 1527 liyn.
767 1488 813 1526 p.
841 1477 927 1527 off,

56 1531 162 1582 quod
180 1536 222 1570 ut
241 1532 365 1570 minus
385 1531 643 1583 intelligerent
662 1531 744 1576 alii,
771 1530 930 1581 antiqua

59 1588 220 1627 fecisset
244 1589 432 1640 scriptura
458 1588 596 1627 venile.
634 1588 802 1627 Foene'le
827 1588 926 1624 euim

58 1645 231 1697 proxime
244 1645 440 1684 stabulum
455 1658 567 1690 esse,
594 1646 708 1682 immo
723 1643 931 1695 aliquando

58 1704 92 1740 iu
124 1703 211 1752 ipso
243 1700 410 1741 stabulo.
460 1701 572 1740 Haec
603 1715 678 1739 non
711 1702 835 1738 minus
866 1701 930 1738 im-

58 1758 285 1810 probantur,
321 1772 437 1809 quam
473 1758 633 1797 Bertina
670 1757 929 1808 interpolatio,

59 1813 164 1866 quod
195 1814 401 1853 verisimile
431 1829 504 1853 non
533 1819 611 1859 est,
644 1814 781 1866 plures
807 1813 928 1865 liguo-

58 1884 140 1909 rum
178 1870 310 1910 fasces
347 1876 424 1910 tam
461 1871 630 1923 grandes
663 1871 713 1908 ibi
746 1871 930 1913 iacuisse.

59 1931 100 1965 ut
135 1940 207 1966 eos
243 1928 460 1966 ascendere
499 1928 661 1966 deberet
697 1940 836 1965 servus
875 1926 931 1964 su-

59 1987 160 2022 stem
188 1986 431 2037 quaeritans.
457 1983 579 2022 Porro
605 1986 639 2022 si
659 1985 752 2022 tanti
772 1983 821 2021 ibi
843 1982 932 2020 suis-

60 2044 149 2078 sent
170 2040 359 2091 lignorum
380 2040 532 2081 fasces,
560 2040 753 2091 quomodo
775 2040 934 2091 quaeri-

63 2103 166 2135 tasse
187 2099 336 2148 fustem
362 2097 434 2135 dici
462 2101 603 2147 posset
627 2095 792 2146 equiso‘?
829 2094 931 2133 Oud.

61 2153 202 2203 probat
216 2152 423 2191 lectionem
444 2166 641 2206 quaerens
661 2153 837 2191 [tevenire
862 2152 883 2188 i.
899 2164 932 2188 e.

64 2222 234 2255 conans.
267 2209 417 2255 rolens,
448 2210 612 2248 studens
638 2208 724 2248 coll.
750 2205 846 2246 Met.
872 2206 935 2245 111.

64 2278 100 2316 p.
115 2269 209 2305 215.
224 2266 328 2304 scire
343 2265 586 2318 quaerebam
599 2265 647 2303 V.
661 2279 698 2316 p.
709 2268 801 2305 361.
819 2277 936 2317 quae·

63 2324 119 2360 rit
137 2321 399 2361 abscondere.
427 2321 491 2359 VI.
510 2335 546 2372 p.
562 2325 655 2362 413.
683 2320 766 2359 Vll.
787 2334 823 2372 p.
839 2324 935 2361 492.

64 2379 119 2416 Se
134 2378 234 2416 enim
253 2379 287 2416 in
304 2391 351 2416 eo
366 2391 439 2416 non
456 2377 670 2423 offendere,
696 2378 820 2415 miuus
834 2391 934 2415 com-

63 2434 181 2472 mode
217 2434 318 2485 iungi
359 2449 555 2487 quaerens
589 2436 787 2478 invenire,
818 2447 933 2484 quum

63 2490 167 2529 idem
199 2490 393 2541 Apuleius
426 2490 522 2529 Met.
550 2490 650 2529 VIII.
682 2505 718 2542 p.
748 2495 840 2530 571.
869 2492 936 2541 fu-

62 2548 180 2600 yiens
193 2550 374 2600 effuqere
388 2547 536 2585 dixerit.
559 2547 638 2599 [De
653 2547 938 2585 constructione

64 2602 112 2642 cf.
137 2600 259 2642 Bach.
285 2603 335 2641 ad
361 2602 475 2642 Ovid.
501 2603 597 2642 Met.
617 2603 682 2642 Xl.
707 2607 797 2643 755.
822 2601 936 2640 Lam-

63 2659 138 2697 bin.
165 2659 216 2698 ad
239 2659 374 2697 Horat.
400 2658 476 2697 Od.
491 2659 519 2698 Ι.
540 2665 598 2700 ll.
619 2665 652 2699 1.
678 2659 760 2698 Intt.
776 2659 824 2697 ad
844 2657 936 2697 Pro-

65 2720 163 2766 pert.
196 2714 240 2754 H.
275 2720 310 2769 2:
337 2720 377 2756 5.
412 2716 474 2754 De
502 2730 697 2769 quaerere
723 2730 790 2766 pro
817 2729 936 2768 quae-

65 2773 195 2811 rendo
220 2773 394 2811 inveniri
420 2771 480 2810 vel
505 2772 581 2811 sibi
602 2786 760 2824 parare
785 2772 831 2810 cf.
847 2770 932 2812 lntt.

65 2827 116 2865 ad
140 2827 246 2879 Virg.
281 2828 422 2879 Georg.
458 2828 484 2867 I.
515 2829 604 2869 134.
652 2829 778 2867 Recte
802 2832 930 2866 tamen

64 2883 184 2922 babet
209 2884 323 2923 lectio
345 2885 467 2924 telum
486 2885 664 2938 aliquod
684 2885 930 2938 quaeritans,

66 2943 210 2979 temere
229 2944 383 2993 fascem
404 2941 610 2994 liquorum
619 2943 797 2992 positum
814 2944 931 2994 offen-

744 906 874 931 tumore
892 910 948 937 pro
969 909 1104 930 rumore
1122 902 1235 930 maluit
1256 903 1392 929 Mereor.
1413 900 1446 928 in
1459 900 1518 927 Ed.
1533 899 1638 927 Paris.
1659 899 1745 926 Anu.
1766 899 1858 926 1601.

591 947 781 977 latronibus
796 950 830 977 F.
847 945 875 977 1.
891 949 920 975 3.
936 949 972 976 1..
987 949 1022 976 P.
1036 948 1073 975 D.
1089 948 1124 975 G.
1142 947 1161 974 f.
1178 943 1205 975 δ’.
1227 947 1264 976 O.
1291 948 1326 974 In
1347 949 1419 974 ceu.
1442 945 1534 973 libris
1554 948 1582 972 et
1603 945 1674 972 edd.
1694 941 1858 970 laerones.

988 1136 1059 1174 dit.
1112 1137 1272 1175 Temere
1302 1135 1403 1172 enim
1436 1138 1497 1172 est
1527 1135 1612 1172 sine
1646 1147 1752 1179 cura,
1787 1146 1860 1170 non

988 1191 1037 1228 de
1069 1191 1266 1231 industria.
1317 1190 1435 1236 Quod
1464 1204 1556 1228 vero
1583 1190 1684 1228 Oud.
1719 1194 1861 1233 monet,

987 1261 1093 1293 eum,
1110 1249 1173 1299 qui
1187 1247 1308 1285 telum
1325 1248 1546 1299 quaeritat,
1561 1247 1633 1285 dici
1649 1260 1723 1284 non
1738 1259 1861 1297 posse

988 1309 1130 1343 temere
1162 1303 1362 1341 offendere
1398 1303 1548 1340 fascem
1580 1302 1786 1353 lignorum,
1824 1303 1860 1340 in

987 1374 1035 1396 eo
1061 1365 1165 1398 recte
1191 1359 1357 1404 dubitat,
1389 1359 1462 1397 sed
1487 1360 1521 1397 si
1546 1364 1691 1397 temere
1715 1358 1765 1396 ad
1786 1372 1860 1410 po-

987 1417 1104 1455 sitnm
1129 1415 1307 1461 refertur,
1342 1415 1430 1466 quid
1463 1419 1542 1454 tum
1569 1414 1799 1453 offensionis
1826 1416 1860 1453 in

986 1472 1024 1510 h.
1053 1473 1074 1512 Ι.
1102 1473 1210 1518 insit.
1238 1487 1311 1510 non
1339 1472 1491 1524 videm]

1045 1530 1312 1568 conclamatis
1327 1528 1565 1567 latronibus.
1606 1527 1666 1566 Ex
1680 1527 1782 1566 Mss.
1801 1541 1862 1565 ve-

987 1587 1114 1636 stigiis
1140 1586 1176 1623 h.
1202 1586 1224 1623 l.
1251 1599 1336 1623 cum
1364 1584 1473 1624 Cotv.
1500 1588 1538 1623 et
1563 1583 1667 1623 Oud.
1693 1585 1746 1622 ita
1777 1599 1863 1623 con-

991 1642 1112 1682 stitui.
1165 1642 1434 1682 Conclamare
1465 1642 1566 1680 enim
1599 1641 1649 1679 de
1686 1642 1865 1680 omuibus

991 1700 1107 1737 rebus
1122 1699 1276 1744 dicitur,
1304 1711 1405 1749 quae
1424 1699 1535 1737 sicuti
1559 1699 1752 1742 eveniunt,
1766 1711 1866 1736 voce

990 1755 1156 1801 doloris,
1182 1755 1350 1797 timoris.
1378 1755 1586 1806 gaudfivel
1606 1754 1866 1805 indignatione

990 1817 1080 1850 sunt
1094 1813 1331 1850 coniunctae.
1359 1811 1407 1850 cf.
1424 1810 1538 1849 Ovid.
1550 1811 1644 1849 Met.
1659 1808 1709 1849 X.
1726 1814 1865 1852 385.et

991 1869 1237 1921 potissimum
1248 1868 1350 1906 deiis
1361 1868 1659 1918 hominibus,q11i
1670 1867 1865 1906 calamita-

991 1930 1068 1964 tem
1083 1926 1262 1977 perpessi
1276 1938 1411 1963 vocem
1426 1923 1652 1963 ululabilem
1675 1925 1862 1963 emittunt.

993 1981 1196 2020 Librorum
1214 1995 1305 2019 vero
1331 1981 1589 2032 discrepantia
1617 1980 1706 2018 inde
1732 1985 1867 2018 exorta

994 2038 1270 2083 videturesse,
1297 2037 1401 2088 quod
1428 2036 1688 2077 conclamare
1713 2037 1867 2089 propria

993 2108 1065 2133 sua
1080 2095 1114 2131 vi
1140 2094 1202 2133 hic
1223 2095 1392 2146 positum
1414 2107 1508 2132 esse.
1522 2094 1665 2132 librarii
1679 2095 1868 2144 putabant

994 2153 1016 2190 i.
1042 2164 1077 2188 e.
1105 2151 1282 2190 clamore
1307 2165 1533 2191 cont-ocare
1557 2149 1606 2188 cf.
1628 2149 1742 2190 Ovid.
1769 2150 1865 2188 Met.

996 2206 1098 2246 Xlll.
1127 2211 1192 2248 73.
1219 2208 1341 2246 Gesn.
1367 2208 1416 2246 ad
1442 2206 1641 2246 claudian.
1674 2207 1724 2245 de
1748 2207 1866 2259 Rapt.

996 2263 1179 2317 Proserp.
1195 2263 1256 2302 ΠΙ.
1272 2269 1308 2304 4.
1336 2264 1520 2302 Attamen
1548 2278 1621 2302 non
1647 2264 1866 2316 negandum

994 2324 1073 2367 est,
1105 2321 1326 2360 inusitatam
1357 2333 1448 2359 esse
1473 2320 1574 2359 hanc
1599 2322 1787 2359 rationem
1813 2320 1866 2358 di-

994 2377 1124 2423 cendi,
1150 2391 1266 2428 quam
1290 2392 1365 2416 uno
1391 2380 1540 2415 tantum
1565 2377 1747 2428 exemplo
1762 2376 1867 2415 Oud.

996 2432 1217 2472 confirmare
1243 2435 1376 2485 potuit.
1403 2434 1584 2472 Senecae
1597 2433 1722 2486 Epist.
1739 2432 1868 2472 XVII.

995 2490 1025 2539 δ.
1052 2494 1109 2530 3.;
1141 2491 1204 2529 ubi
1236 2505 1258 2528 e
1289 2491 1443 2529 (luobus
1480 2490 1584 2528 Mss.
1619 2490 1758 2528 Leidd.
1790 2490 1867 2539 legi

999 2547 1118 2585 voluit
1143 2561 1230 2586 cum
1257 2548 1400 2600 ale'qua
1428 2548 1483 2586 ris
1508 2547 1766 2586 conclamata
1793 2551 1866 2591 cst,

997 2616 1112 2653 quum
1139 2605 1257 2642 ceteri
1283 2604 1498 2656 praebeant
1512 2603 1759 2655 cunzalt’qua
1775 2616 1866 2641 con-

997 2660 1189 2699 clamatio
1203 2665 1268 2699 est.
1285 2660 1365 2713 —]
1393 2659 1665 2698 Geminatione
1689 2659 1869 2697 vocabuli

996 2716 1240 2764 latronibus,
1268 2730 1383 2768 quam
1403 2717 1667 2755 necessariam
1688 2729 1782 2753 esse
1802 2730 1867 2767 pu-

990 2773 1098 2811 tabat
1124 2772 1340 2817 Stewech.‚
1367 2787 1441 2811 non
1470 2785 1570 2823 opus
1598 2776 1677 2812 est.
1702 2775 1743 2810 ut
1769 2773 1868 2810 bene

990 2829 1066 2867 iam
1089 2828 1192 2868 Oud.
1224 2829 1507 2867 demonstravit
1536 2829 1624 2868 coll.
1656 2827 1774 2880 Prop.
1801 2827 1868 2866 IV.

991 2890 1026 2925 4.
1057 2889 1118 2926 13.
1148 2885 1243 2924 Stat.
1273 2886 1415 2924 Achitl.
1444 2885 1488 2923 Π.
1516 2889 1580 2925 33.
1614 2885 1703 2924 vat.
1730 2884 1863 2925 Flacc.

993 2941 1060 2980 Vl.
1089 2946 1155 2982 28.

1882 317 1899 348 (ν

1903 315 1923 347 (0

1926 315 1946 346 Φ
