2155 3590
594 121 782 164 LIBER
806 124 880 167 IX.
933 124 1063 167 CAP.
1084 126 1181 167 XV.
1206 127 1326 169 XVI.
1772 128 1856 170 789

77 237 229 279 serrimi
266 237 396 278 mariti
432 237 603 278 subdolis
640 238 868 293 ambagibus
894 239 1161 280 construebat..
1223 239 1279 280 At
1312 253 1386 294 ego
1418 254 1648 294 quamquam
1680 240 1857 294 graviter

74 307 309 335 succensens
338 294 343 349 Ι
369 295 497 334 errori
519 293 691 345 Fotidis,
720 309 818 348 quae
841 309 903 336 me
928 296 1017 336 dum
1041 309 1153 336 avem
1178 296 1364 347 fabricat,
1391 297 1556 350 perfecit
1579 296 1753 347 asinum,
1780 297 1855 337 isto
1880 308 1945 343 623

73 358 201 390 tamen
225 350 290 390 vel
314 350 428 391 unico
452 350 593 391 solatio
611 352 891 392 aerumnabilis
910 352 1169 392 deformitatis
1189 365 1298 392 meae
1316 353 1547 402 recreabar,
1576 353 1677 406 quod
1695 353 1855 394 auribus

73 406 343 461 grandissimis
369 407 565 462 praeditus
592 415 731 448 cuncta
755 408 914 462 longule
939 409 1055 449 etiam
1081 409 1217 449 dissita
1241 408 1423 449 facillime
1448 409 1679 449 sentiebam.

608 581 1047 628 CAPUT
1150 582 1315 629 XVI.

180 712 360 766 Denique
396 713 456 753 die
493 713 656 766 quadam
695 714 878 754 tzmu'dae
913 714 1017 754 illius
1053 714 1231 755 aniculae
1262 728 1391 754 sermo
1424 713 1512 753 talis
1544 727 1650 754 meas
1680 713 1857 753 adfertur

72 783 210 810 aures:
244 771 305 810 De
330 770 405 810 isto
432 769 605 823 quidem,
638 770 690 810 mi
717 771 871 822 herilis,
899 777 1024 810 tecum
1044 771 1127 825 ipsa
1141 771 1309 821 videris,
1339 784 1451 824 quem
1471 770 1556 810 sine
1582 783 1667 810 meo
1693 770 1855 810 consilio

70 895 129 926 sub
154 896 239 926 dolis
265 899 300 927 G.
317 900 346 928 1.
382 897 512 926 subdole·
528 896 557 927 δ.
605 901 642 926 ue
661 906 718 936 ego
740 900 775 928 B.
821 899 977 936 graviter
990 901 1103 928 exulat
1115 907 1135 928 a
1148 896 1177 927 δ.
1192 899 1212 927 f.
1261 906 1455 927 suscensens
1469 900 1504 928 0.
1540 904 1755 926 suscenscens
1774 899 1809 926 G.
1827 899 1855 927 1.

68 947 227 978 postremo
241 952 258 971 c
269 944 359 972 lluea
373 945 517 972 obducto.
542 951 720 972 succensus
734 946 769 973 G.
783 946 814 974 2.
828 946 864 974 P.
877 946 915 973 D.
930 944 951 973 s.
994 942 1145 980 plmtv'dae's
1159 946 1194 973 G.
1204 946 1234 973 ἱ).
1248 943 1287 973 D.
1326 944 1473 984 fabrica
1487 946 1522 973 G.
1540 946 1567 973 1.
1609 943 1762 982 perfecit
1773 944 1809 972 F.
1824 945 1855 972 3.

69 989 105 1016 G.
121 990 151 1017 2.
166 990 204 1018 D.
217 990 252 1017 P.
267 986 295 1017 δ.
309 989 329 1017 f.
352 991 389 1018 ln
403 987 633 1025 cett.perficae’t.
683 989 778 1017 unice
790 991 828 1019 D.
875 989 1058 1017 recreabat
1069 992 1105 1018 G.
1122 991 1148 1018 1.
1175 993 1321 1017 cunctae
1335 988 1465 1027 longule
1478 990 1514 1018 F.
1529 991 1560 1018 3.
1583 991 1621 1018 In
1640 992 1712 1018 cett.
1732 991 1855 1016 cuncta

65 1032 207 1070 longule.
254 1036 290 1060 et
299 1032 423 1062 dissita
433 1035 470 1063 R.
486 1034 508 1063 f.

157 1078 312 1106 aviculae
326 1080 395 1108 Vic.
444 1079 524 1106 talis
539 1077 668 1116 quv‘dem
682 1087 771 1107 meas
786 1089 819 1113 φ.
845 1077 974 1116 quidem
989 1087 1044 1114 pro
1061 1079 1141 1107 talis
1155 1084 1202 1108 est
1217 1080 1250 1108 in
1265 1088 1294 1114 p.
1331 1078 1489 1119 defertur
1502 1081 1537 1107 G.
1555 1081 1582 1107 1.
1596 1080 1632 1107 P.
1646 1080 1680 1107 B.
1695 1079 1730 1108 Ο.
1744 1080 1854 1107 W'ow.

65 1125 148 1153 Elm.
163 1125 268 1152 Scriv.
281 1125 366 1153 Pric.
379 1125 499 1153 Florid.
536 1122 649 1163 defert
662 1126 697 1154 L.
712 1126 747 1153 G.
760 1126 792 1153 2.
806 1126 843 1153 D.
881 1122 1031 1161 afferret
1043 1133 1072 1159 p.
1120 1123 1278 1164 defertur
1291 1123 1338 1152 ad
1348 1126 1383 1154 0.
1430 1124 1477 1151 mn·
1493 1122 1645 1152 hercules
1665 1126 1702 1152 G.
1725 1125 1752 1152 1.
1777 1123 1855 1158 (sed

66 1171 107 1197 ab
121 1170 232 1198 eadem
246 1176 343 1198 mauu
357 1173 533 1197 correctum
547 1173 594 1197 est
609 1169 655 1195 rm*
666 1167 811 1196 herculis
836 1169 876 1198 cf.
890 1170 929 1198 ad
944 1171 999 1198 JV.
1015 1178 1043 1204 p.
1059 1171 1133 1199 297.
1159 1169 1241 1197 boun
1256 1170 1366 1197 animo
1381 1169 1444 1205 sis,
1469 1177 1554 1196 mea
1577 1167 1745 1203 herilis,
1771 1170 1855 1196 uude

65 1221 234 1248 perperam
253 1214 314 1249 legi
335 1215 448 1242 maluit
467 1215 580 1243 Roald.
617 1222 691 1241 mea
703 1212 832 1243 herilis.
881 1222 967 1251 quae
985 1214 1055 1242 sine
1075 1223 1145 1242 meo
1162 1225 1194 1249 q..
1209 1212 1237 1243 δ.
1253 1215 1274 1244 f.
1287 1217 1402 1245 u'ow.
1422 1216 1504 1244 Elm.
1525 1219 1554 1243 et
1573 1221 1662 1249 seqq.
1681 1214 1735 1252 qn?
1755 1215 1793 1243 L.
1820 1213 1854 1241 ln

65 1263 138 1287 cett.
153 1260 241 1287 codd.
255 1263 284 1288 et
298 1260 368 1288 edd.
383 1263 568 1288 constanter
579 1262 667 1288 extat
681 1267 786 1296 quem.

64 1371 280 1419 corruptam
309 1368 344 1406 in
371 1382 534 1413 caenas,
565 1369 686 1419 prima
717 1368 840 1406 littera
864 1382 925 1406 se—

63 1426 215 1476 quentis
228 1424 404 1463 vocabuli
424 1438 658 1475 praegresso
678 1425 926 1464 adhaerente.

62 1481 126 1519 De
163 1482 297 1520 coenis
331 1481 395 1519 hic
429 1494 503 1519 non
541 1481 785 1531 cogitandum
818 1495 925 1527 esse,

62 1538 203 1589 probat
243 1551 326 1576 voc.
366 1537 673 1588 fraudulentas,
719 1542 925 1589 praeterea

62 1594 269 1633 ientaculo
292 1598 474 1645 totusque
498 1594 773 1633 sententiarum
792 1607 927 1642 nexus,

63 1663 113 1688 ex
143 1663 218 1700 quo
256 1664 329 1688 non
361 1663 506 1689 coenas
542 1651 659 1688 exitio
691 1650 815 1688 fuisse
844 1651 926 1689 viro

60 1706 275 1744 miserrimo
289 1710 408 1758 patet,
433 1706 507 1744 sed
520 1706 684 1744 consilia
703 1711 740 1744 et
756 1706 924 1752 fraudes,

62 1776 163 1813 quae
186 1763 352 1801 moecha
371 1766 408 1800 et
421 1762 511 1801 lena
523 1762 741 1801 conflarunt.
770 1762 926 1802 Scenae

59 1819 172 1870 igitur
192 1819 486 1870 fraudulentae
520 1823 610 1857 sunt
646 1818 814 1864 fraudes,
846 1819 924 1857 doli

59 1875 168 1921 mali,
194 1875 334 1925 quihus
358 1875 493 1913 marito
518 1876 777 1927 imponebant,
802 1888 929 1926 neque

62 1945 154 1969 vero
178 1945 320 1971 scenae
344 1931 473 1977 solae,
500 1945 600 1982 quae
612 1931 675 1970 hic
689 1932 788 1969 istos
802 1945 926 1969 rerum

61 1991 270 2038 apparatus
307 1991 347 2026 et
381 1987 540 2038 species
574 1987 658 2026 scil.
691 1987 856 2026 fallaces
888 1992 927 2026 et

61 2044 224 2082 dolosas
247 2042 474 2093 significant.
519 2044 696 2083 Velitata
721 2044 925 2084 ientaculo

59 2105 99 2139 et
123 2101 213 2139 vino
239 2099 390 2145 dicitur,
426 2112 526 2149 quae
552 2099 697 2138 fercula
720 2104 760 2137 et
783 2101 925 2151 pocula

58 2156 229 2195 vicissim
245 2169 328 2193 cum
344 2154 466 2194 altera
479 2157 610 2204 iactat3
625 2155 673 2195 cf.
684 2155 924 2195 admetvfl.

58 2226 95 2264 p.
110 2217 202 2253 477.
223 2213 438 2263 postremis
463 2213 610 2251 relita
620 2217 692 2251 tus
713 2212 921 2265 calcibus]

117 2273 263 2308 cuncta
357 2269 581 2307 sentiebam.
631 2267 708 2320 [Ex
727 2268 812 2307 cod.
833 2267 922 2307 Flo-

55 2329 151 2364 rent.
166 2329 203 2365 3.
218 2325 384 2362 lectione
405 2329 574 2364 cunctae
594 2324 760 2376 Ionqule
775 2325 922 2364 videtur

57 2397 131 2421 uon
163 2381 332 2431 ineptum
365 2381 554 2430 corrigere
591 2385 739 2420 cuncta
769 2386 807 2420 et
835 2381 920 2420 lon—

53 2439 154 2491 ·‹Jule
177 2439 313 2482 etiam,
335 2441 376 2474 ut
389 2441 428 2476 et
439 2450 506 2488 pro
521 2441 560 2474 et
574 2437 734 2488 quidem.
754 2438 920 2488 positum

53 2495 117 2533 sit.
176 2493 259 2532 Sed
290 2507 403 2543 quum
435 2493 662 2543 scripturam
693 2506 761 2543 pro
794 2506 921 2532 errore

55 2548 198 2589 librarii
233 2551 362 2601 potius
397 2549 615 2592 habuerim,
653 2548 746 2587 nihil
789 2554 921 2589 contra

52 2611 205 2646 ceteros
229 2606 341 2645 codd.
365 2609 481 2643 muto.
510 2605 668 2644 Seutire
691 2605 740 2642 de
765 2606 922 2644 auribus

53 2662 264 2713 audituque
311 2661 358 2702 cf.
390 2661 519 2700 Plaut.
549 2661 698 2700 Curcul.
729 2660 757 2701 l.
788 2666 824 2702 2.
857 2666 919 2703 79.

52 2720 118 2758 ubi
141 2718 187 2758 cf.
210 2717 370 2757 Taubm.
391 2723 498 2763 tace,
521 2723 609 2757 tace
626 2719 779 2757 sentio
798 2720 920 2757 soui-

53 2780 157 2814 tum.
205 2773 317 2813 Truc.
343 2774 388 2814 ll.
417 2777 450 2814 2.
477 2777 543 2815 29.
574 2775 730 2814 sentio
764 2775 921 2826 aperiri

50 2830 220 2883 fores]

109 2885 195 2925 Clu».
220 2885 325 2925 XVI.
375 2888 555 2927 tumidae
580 2887 691 2926 illius
715 2888 917 2927 aniculae.

53 2940 154 2988 Quia
187 2941 319 2981 nullibi
359 2947 546 2995 appareat
580 2944 688 2981 timor
729 2943 917 2990 aniculae,

51 2998 180 3038 VVow.
193 2999 435 3038 scribendum
451 3000 649 3038 arbitratur
667 3000 914 3046 temulentae,

49 3054 208 3106 Sciopp.
244 3056 407 3102 uvidae,
444 3056 578 3095 Heius.
615 3056 650 3093 in
686 3055 855 3094 Advers.
888 3055 912 3094 l.

50 3123 82 3148 c.
111 3115 172 3151 10.
196 3124 232 3162 p.
262 3115 351 3152 102.
376 3113 484 3152 udae
508 3112 572 3150 vel
597 3112 807 3158 madidae,
832 3111 912 3150 Pri-

985 1382 1104 1408 caeus
1129 1370 1338 1416 tremulae,
1364 1369 1580 1416 VVasseus,
1613 1382 1728 1420 quem
1752 1367 1855 1407 Oud.

983 1427 1168 1476 sequitur,
1176 1427 1360 1465 tinnulae
1371 1426 1436 1464 i.e.
1451 1426 1594 1464 dicacis
1614 1429 1652 1463 et
1665 1425 1854 1476 garrulae,

984 1481 1138 1533 qualem
1155 1486 1193 1519 et
1212 1483 1579 1522 sermocinatricem
1592 1482 1854 1520 immodicam

982 1551 1020 1589 p.
1047 1542 1138 1579 624.
1166 1538 1362 1576 describit.
1406 1538 1470 1576 De
1494 1550 1594 1577 voce
1619 1538 1779 1576 tinnula
1806 1537 1853 1574 cs.

986 1594 1036 1632 ad
1072 1594 1167 1633 Met.
1194 1593 1220 1632 L
1257 1607 1295 1646 p.
1331 1598 1415 1641 32„
1453 1607 1567 1646 quam
1599 1593 1770 1632 nonnulli
1801 1594 1851 1631 ibi

986 1650 1130 1701 legunt.
1157 1650 1260 1703 [Ego
1285 1651 1414 1689 malim
1435 1651 1626 1697 tumidae,
1652 1650 1756 1701 quod
1778 1650 1851 1687 loci

984 1708 1201 1746 sententiae
1231 1712 1270 1745 et
1294 1707 1395 1746 Mss.
1419 1707 1597 1757 vestigiis
1628 1719 1741 1757 quam
1766 1719 1852 1757 pro-

982 1764 1085 1801 xime
1109 1764 1269 1802 accedit.
1318 1764 1511 1804 Tumulus
1535 1765 1635 1801 enim
1661 1775 1776 1813 quum
1802 1762 1851 1800 ad

981 1833 1201 1858 sermonem
1220 1818 1400 1866 refertur,
1424 1819 1593 1857 inflatum
1614 1818 1708 1857 illud
1724 1819 1851 1869 expri-

984 1877 1052 1914 mit
1082 1876 1230 1915 dicendi
1262 1889 1387 1926 genus
1413 1879 1452 1913 et
1475 1875 1748 1926 vaniloquens,
1774 1887 1849 1925 quo

984 1932 1162 1970 videmus
1187 1932 1285 1971 hanc
1309 1945 1422 1970 auum
1447 1930 1695 1970 excelluisse.
1728 1930 1776 1970 cf.
1801 1931 1851 1969 ad

983 1988 1080 2027 Met.
1112 1988 1137 2026 l.
1170 2002 1206 2040 p.
1239 1992 1304 2029 32.
1353 1986 1482 2034 Quint.
1513 1987 1598 2026 XII.
1633 1992 1695 2028 10.
1727 1987 1757 2037 ᾧ.
1788 1991 1849 2027 12.

983 2045 1040 2084 M.
1055 2045 1230 2084 Tullium.
1249 2058 1412 2084 suorum
1431 2045 1609 2083 homines
1627 2050 1850 2095 temporum

984 2104 1177 2140 ivn-essere
1200 2101 1434 2146 audiebant,
1459 2106 1504 2139 ut
1527 2101 1849 2145 tumidiorem,

982 2161 1023 2194 ut
1046 2158 1164 2208 plane
1188 2161 1319 2195 nostro
1341 2170 1420 2195 voc.
1440 2156 1675 2210 sclth'ilstt‘y
1689 2169 1848 2208 respou-

982 2213 1091 2259 deat,
1116 2213 1203 2252 ibid.
1220 2212 1286 2251 lX.
1302 2212 1486 2262 4.§.140.
1504 2212 1757 2264 Interpretes,
1783 2213 1846 2263 qui

981 2270 1161 2309 tumidae
1185 2269 1365 2308 absolute
1385 2269 1436 2307 ita
1455 2271 1622 2320 positum
1643 2283 1717 2307 nou
1738 2269 1845 2307 intel-

980 2324 1173 2372 lexerunt,
1198 2327 1232 2364 in
1259 2326 1428 2364 timidae
1451 2329 1659 2371 mutarunt,
1697 2326 1746 2363 (le
1773 2325 1843 2363 loci

978 2384 1172 2420 sententia
1201 2395 1334 2434 parum
1364 2381 1538 2428 solliciti,
1568 2395 1668 2432 quae
1693 2383 1847 2420 timoris

978 2439 1170 2477 notionem
1191 2452 1264 2477 non
1285 2437 1465 2484 admittit,
1491 2451 1606 2489 quum
1621 2451 1643 2475 e
1658 2437 1845 2476 contrario

978 2494 1067 2533 lena
1090 2496 1165 2533 ista
1190 2494 1300 2533 fortis
1326 2498 1366 2532 et
1388 2495 1516 2532 audax
1541 2498 1746 2546 appareat,
1780 2493 1844 2532 ad-

981 2551 1146 2589 ulterum
1176 2551 1286 2590 uxori
1317 2551 1578 2601 comparando
1615 2554 1654 2588 et
1679 2550 1843 2588 introdu-

978 2607 1112 2646 cendo.
1145 2606 1308 2654 Quoties
1321 2619 1414 2644 vero
1433 2607 1598 2646 timidus
1613 2611 1651 2644 et
1669 2606 1844 2646 tumidus

978 2664 1013 2702 in
1028 2662 1129 2702 Mss.
1143 2663 1436 2708 confundantur,
1461 2663 1525 2700 vix
1538 2663 1611 2701 dici
1625 2666 1776 2714 potest,
1801 2665 1843 2699 ut

975 2720 1106 2758 ubiubi
1137 2720 1359 2758 alterutrum
1390 2719 1545 2769 legitur,
1582 2718 1843 2770 discrepantia

975 2775 1154 2814 lectionis
1178 2776 1389 2827 conspicua
1411 2775 1496 2826 sit]

1032 2833 1223 2883 adfertur
1247 2845 1381 2870 aures.
1428 2830 1586 2868 Nollem
1612 2831 1839 2881 optimorum

976 2889 1090 2928 codd.
1109 2892 1148 2926 et
1165 2888 1251 2927 edd.
1272 2887 1475 2926 lectionem
1489 2887 1681 2937 adfertur
1693 2891 1841 2924 temere

974 2948 1158 2983 mutatam
1179 2957 1271 2982 esse
1289 2944 1325 2981 in
1346 2944 1542 2994 defertur.
1569 2942 1669 2980 Nam
1691 2942 1838 2981 Met.V.

973 3013 1010 3052 p.
1026 3004 1117 3041 325.
1145 2999 1348 3039 habuimus
1366 2999 1634 3038 multitudinis
1654 3003 1838 3038 conserta

974 3071 1055 3096 vox
1079 3070 1220 3096 aures
1238 3057 1320 3096 eius
1341 3056 1574 3106 affertur.
1601 3054 1741 3093 Omnia
1756 3054 1838 3093 fere

968 3113 1105 3159 verba,
1131 3126 1230 3164 quae
1244 3116 1385 3151 motum
1400 3111 1448 3149 ad
1464 3110 1592 3149 locum
1610 3111 1836 3161 significant,
