<?xml version="1.0" encoding="UTF-8"?>
<!DOCTYPE html PUBLIC "-//W3C//DTD XHTML 1.0 Transitional//EN"
    "http://www.w3.org/TR/xhtml1/DTD/xhtml1-transitional.dtd">
<html xmlns="http://www.w3.org/1999/xhtml" xml:lang="en" lang="en">
 <head>
  <title>
</title>
<meta http-equiv="Content-Type" content="text/html;charset=utf-8" />
  <meta name='ocr-system' content='tesseract 3.04.00' />
  <meta name='ocr-capabilities' content='ocr_page ocr_carea ocr_par ocr_line ocrx_word'/>
</head>
<body>
  <div class='ocr_page' id='page_1' title='image "./operaomnia01apuluoft/operaomnia01apuluoft_1232.png"; bbox 0 0 2221 3667; ppageno 0'>
   <div class='ocr_carea' id='block_1_1' title="bbox 258 1086 323 1119">
    <p class='ocr_par' dir='ltr' id='par_1_1' title="bbox 258 1086 323 1119">
     <span class='ocr_line' id='line_1_1' title="bbox 258 1086 323 1119; baseline -0.015 0"><span class='ocrx_word' id='word_1_1' title='bbox 258 1086 323 1119; x_wconf 87' lang='lat'><strong>750</strong></span> 
     </span>
    </p>
   </div>
   <div class='ocr_carea' id='block_1_2' title="bbox 352 156 1914 203">
    <p class='ocr_par' dir='ltr' id='par_1_2' title="bbox 352 156 1914 203">
     <span class='ocr_line' id='line_1_2' title="bbox 352 156 1914 203; baseline 0.003 -4"><span class='ocrx_word' id='word_1_2' title='bbox 352 156 436 199; x_wconf 86' lang='grc'><strong>980</strong></span> <span class='ocrx_word' id='word_1_3' title='bbox 607 158 653 197; x_wconf 89' lang='lat' dir='ltr'><strong>L.</strong></span> <span class='ocrx_word' id='word_1_4' title='bbox 683 157 905 197; x_wconf 87' lang='lat' dir='ltr'>APULEII</span> <span class='ocrx_word' id='word_1_5' title='bbox 935 158 1339 199; x_wconf 75' lang='lat' dir='ltr'>MADAURENSIS</span> <span class='ocrx_word' id='word_1_6' title='bbox 1368 159 1914 203; x_wconf 84' lang='lat' dir='ltr'>METAMORPHOSEON</span> 
     </span>
    </p>
   </div>
   <div class='ocr_carea' id='block_1_3' title="bbox 349 268 2153 663">
    <p class='ocr_par' dir='ltr' id='par_1_3' title="bbox 349 268 2153 663">
     <span class='ocr_line' id='line_1_3' title="bbox 351 268 2149 329; baseline 0.003 -22"><span class='ocrx_word' id='word_1_7' title='bbox 351 268 542 319; x_wconf 82' lang='lat' dir='ltr'><strong>tumidus,</strong></span> <span class='ocrx_word' id='word_1_8' title='bbox 570 276 682 309; x_wconf 84' lang='lat' dir='ltr'><strong>veste</strong></span> <span class='ocrx_word' id='word_1_9' title='bbox 707 270 834 310; x_wconf 85' lang='lat' dir='ltr'><strong>serica</strong></span> <span class='ocrx_word' id='word_1_10' title='bbox 862 270 1037 311; x_wconf 87' lang='lat' dir='ltr'><strong>floridus.</strong></span> <span class='ocrx_word' id='word_1_11' title='bbox 1100 271 1157 312; x_wconf 90' lang='lat' dir='ltr'><strong>At</strong></span> <span class='ocrx_word' id='word_1_12' title='bbox 1186 286 1259 326; x_wconf 85' lang='lat' dir='ltr'><strong>ego</strong></span> <span class='ocrx_word' id='word_1_13' title='bbox 1291 280 1449 326; x_wconf 84' lang='lat' dir='ltr'><strong>praeter</strong></span> <span class='ocrx_word' id='word_1_14' title='bbox 1479 273 1664 327; x_wconf 87' lang='lat' dir='ltr'><strong>pudorem</strong></span> <span class='ocrx_word' id='word_1_15' title='bbox 1690 275 1856 316; x_wconf 89' lang='lat' dir='ltr'><strong>obeundi</strong></span> <span class='ocrx_word' id='word_1_16' title='bbox 1881 274 2031 329; x_wconf 87' lang='lat' dir='ltr'><strong>publice</strong></span> <span class='ocrx_word' id='word_1_17' title='bbox 2058 287 2149 314; x_wconf 86' lang='lat' dir='ltr'><strong>con-</strong></span> 
     </span>
     <span class='ocr_line' id='line_1_4' title="bbox 353 325 2149 383; baseline 0.003 -19"><span class='ocrx_word' id='word_1_18' title='bbox 353 325 527 375; x_wconf 83' lang='lat' dir='ltr'>cubitus,</span> <span class='ocrx_word' id='word_1_19' title='bbox 562 332 720 379; x_wconf 81' lang='lat' dir='ltr'><strong>praeter</strong></span> <span class='ocrx_word' id='word_1_20' title='bbox 750 327 975 381; x_wconf 80' lang='lat' dir='ltr'>contagium</span> <span class='ocrx_word' id='word_1_21' title='bbox 1007 328 1200 368; x_wconf 81' lang='lat' dir='ltr'><strong>scelestae</strong></span> <span class='ocrx_word' id='word_1_22' title='bbox 1231 329 1478 383; x_wconf 80' lang='lat' dir='ltr'><strong>pollutaeque</strong></span> <span class='ocrx_word' id='word_1_23' title='bbox 1510 330 1700 381; x_wconf 81' lang='lat' dir='ltr'><strong>feminae,</strong></span> <span class='ocrx_word' id='word_1_24' title='bbox 1734 339 1839 372; x_wconf 92' lang='lat' dir='ltr'><strong>metu</strong></span> <span class='ocrx_word' id='word_1_25' title='bbox 1868 331 1986 372; x_wconf 86' lang='lat' dir='ltr'><strong>etiam</strong></span> <span class='ocrx_word' id='word_1_26' title='bbox 2012 330 2149 370; x_wconf 88' lang='lat' dir='ltr'><strong>mortis</strong></span> 
     </span>
     <span class='ocr_line' id='line_1_5' title="bbox 351 381 2153 440; baseline 0.003 -20"><span class='ocrx_word' id='word_1_27' title='bbox 351 381 522 421; x_wconf 80' lang='lat' dir='ltr'><strong>maxime</strong></span> <span class='ocrx_word' id='word_1_28' title='bbox 549 382 771 433; x_wconf 81' lang='lat' dir='ltr'><strong>cruciabar⁷</strong></span> <span class='ocrx_word' id='word_1_29' title='bbox 799 383 856 424; x_wconf 88' lang='lat' dir='ltr'><strong>sic</strong></span> <span class='ocrx_word' id='word_1_30' title='bbox 880 383 964 437; x_wconf 89' lang='lat' dir='ltr'><strong>ipse</strong></span> <span class='ocrx_word' id='word_1_31' title='bbox 989 398 1138 424; x_wconf 83' lang='lat' dir='ltr'><strong>mecum</strong></span> <span class='ocrx_word' id='word_1_32' title='bbox 1160 392 1368 438; x_wconf 85' lang='lat' dir='ltr'><strong>reputans:</strong></span> <span class='ocrx_word' id='word_1_33' title='bbox 1397 385 1510 439; x_wconf 77' lang='lat' dir='ltr'><strong>Quod</strong></span> <span class='ocrx_word' id='word_1_34' title='bbox 1535 387 1576 425; x_wconf 89' lang='lat' dir='ltr'><strong>in</strong></span> <span class='ocrx_word' id='word_1_35' title='bbox 1595 387 1779 440; x_wconf 86' lang='lat' dir='ltr'><strong>amplexu</strong></span> <span class='ocrx_word' id='word_1_36' title='bbox 1794 387 1976 429; x_wconf 89' lang='lat' dir='ltr'><strong>Venereo</strong></span> <span class='ocrx_word' id='word_1_37' title='bbox 2001 386 2153 426; x_wconf 83' lang='lat' dir='ltr'><strong>scilicet</strong></span> 
     </span>
     <span class='ocr_line' id='line_1_6' title="bbox 351 438 2149 494; baseline 0.003 -18"><span class='ocrx_word' id='word_1_38' title='bbox 351 438 464 477; x_wconf 89' lang='lat' dir='ltr'><strong>nobis</strong></span> <span class='ocrx_word' id='word_1_39' title='bbox 502 438 804 479; x_wconf 77' lang='lat' dir='ltr'><strong>cohaerentibus</strong></span> <span class='ocrx_word' id='word_1_40' title='bbox 843 454 1097 494; x_wconf 87' lang='lat' dir='ltr'><strong>quaecunque</strong></span> <span class='ocrx_word' id='word_1_41' title='bbox 1133 442 1181 480; x_wconf 86' lang='lat' dir='ltr'><strong>ad</strong></span> <span class='ocrx_word' id='word_1_42' title='bbox 1218 441 1383 481; x_wconf 84' lang='lat' dir='ltr'><strong>exitium</strong></span> <span class='ocrx_word' id='word_1_43' title='bbox 1409 443 1584 482; x_wconf 89' lang='lat' dir='ltr'><strong>mulieris</strong></span> <span class='ocrx_word' id='word_1_44' title='bbox 1628 444 1753 483; x_wconf 86' lang='lat' dir='ltr'><strong>bestia</strong></span> <span class='ocrx_word' id='word_1_45' title='bbox 1790 444 1929 485; x_wconf 85' lang='lat' dir='ltr'><strong>fuisset</strong></span> <span class='ocrx_word' id='word_1_46' title='bbox 1958 443 2149 492; x_wconf 85' lang='lat' dir='ltr'><strong>immissa,</strong></span> 
     </span>
     <span class='ocr_line' id='line_1_7' title="bbox 351 494 2153 554; baseline 0.003 -21"><span class='ocrx_word' id='word_1_47' title='bbox 351 508 428 533; x_wconf 91' lang='lat' dir='ltr'><strong>non</strong></span> <span class='ocrx_word' id='word_1_48' title='bbox 445 494 542 534; x_wconf 78' lang='lat' dir='ltr'><strong>adeo</strong></span> <span class='ocrx_word' id='word_1_49' title='bbox 564 495 625 535; x_wconf 88' lang='lat' dir='ltr'><strong>vel</strong></span> <span class='ocrx_word' id='word_1_50' title='bbox 646 496 850 549; x_wconf 86' lang='lat' dir='ltr'><strong>prudentia</strong></span> <span class='ocrx_word' id='word_1_51' title='bbox 873 497 999 537; x_wconf 80' lang='lat' dir='ltr'><strong>solers</strong></span> <span class='ocrx_word' id='word_1_52' title='bbox 1019 498 1082 537; x_wconf 88' lang='lat' dir='ltr'><strong>vel</strong></span> <span class='ocrx_word' id='word_1_53' title='bbox 1102 498 1267 537; x_wconf 86' lang='lat' dir='ltr'><strong>artificio</strong></span> <span class='ocrx_word' id='word_1_54' title='bbox 1289 499 1400 538; x_wconf 85' lang='lat' dir='ltr'><strong>docta</strong></span> <span class='ocrx_word' id='word_1_55' title='bbox 1421 499 1485 539; x_wconf 89' lang='lat' dir='ltr'><strong>vel</strong></span> <span class='ocrx_word' id='word_1_56' title='bbox 1505 498 1743 539; x_wconf 80' lang='lat' dir='ltr'><strong>abstinentia</strong></span> <span class='ocrx_word' id='word_1_57' title='bbox 1758 500 1884 554; x_wconf 80' lang='lat' dir='ltr'><strong>frugi,</strong></span> <span class='ocrx_word' id='word_1_58' title='bbox 1912 506 2044 554; x_wconf 85' lang='lat' dir='ltr'><strong>posset</strong></span> <span class='ocrx_word' id='word_1_59' title='bbox 2064 512 2153 552; x_wconf 89' lang='lat' dir='ltr'><strong>pro-</strong></span> 
     </span>
     <span class='ocr_line' id='line_1_8' title="bbox 351 551 2153 610; baseline 0.002 -20"><span class='ocrx_word' id='word_1_60' title='bbox 351 551 509 601; x_wconf 84' lang='lat' dir='ltr'><strong>venire,</strong></span> <span class='ocrx_word' id='word_1_61' title='bbox 539 558 581 591; x_wconf 90' lang='lat' dir='ltr'><strong>ut.</strong></span> <span class='ocrx_word' id='word_1_62' title='bbox 601 552 845 593; x_wconf 84' lang='lat' dir='ltr'><strong>adiacentem</strong></span> <span class='ocrx_word' id='word_1_63' title='bbox 865 553 980 593; x_wconf 87' lang='lat' dir='ltr'><strong>lateri</strong></span> <span class='ocrx_word' id='word_1_64' title='bbox 999 568 1086 594; x_wconf 84' lang='lat' dir='ltr'><strong>nico</strong></span> <span class='ocrx_word' id='word_1_65' title='bbox 1106 554 1302 595; x_wconf 86' lang='lat' dir='ltr'><strong>laceraret</strong></span> <span class='ocrx_word' id='word_1_66' title='bbox 1321 554 1547 606; x_wconf 83' lang='lat' dir='ltr'><strong>mulierem,</strong></span> <span class='ocrx_word' id='word_1_67' title='bbox 1575 555 1669 595; x_wconf 83' lang='lat' dir='ltr'><strong>milii</strong></span> <span class='ocrx_word' id='word_1_68' title='bbox 1689 570 1784 596; x_wconf 86' lang='lat' dir='ltr'><strong>vero</strong></span> <span class='ocrx_word' id='word_1_69' title='bbox 1799 556 1911 610; x_wconf 88' lang='lat' dir='ltr'><strong>quasi</strong></span> <span class='ocrx_word' id='word_1_70' title='bbox 1928 556 2153 597; x_wconf 85' lang='lat' dir='ltr'><strong>indemnato</strong></span> 
     </span>
     <span class='ocr_line' id='line_1_9' title="bbox 349 607 804 663; baseline 0.004 -16"><span class='ocrx_word' id='word_1_71' title='bbox 349 614 389 647; x_wconf 86' lang='lat' dir='ltr'><strong>et</strong></span> <span class='ocrx_word' id='word_1_72' title='bbox 413 607 580 648; x_wconf 88' lang='lat' dir='ltr'><strong>innoxio</strong></span> <span class='ocrx_word' id='word_1_73' title='bbox 608 616 804 663; x_wconf 80' lang='lat' dir='ltr'><strong>parceret.</strong></span> 
     </span>
    </p>
   </div>
   <div class='ocr_carea' id='block_1_4' title="bbox 861 760 1649 811">
    <p class='ocr_par' dir='ltr' id='par_1_4' title="bbox 861 760 1649 811">
     <span class='ocr_line' id='line_1_10' title="bbox 861 760 1649 811; baseline 0.005 -4"><span class='ocrx_word' id='word_1_74' title='bbox 861 760 1303 808; x_wconf 89' lang='lat' dir='ltr'><strong>CAPUT</strong></span> <span class='ocrx_word' id='word_1_75' title='bbox 1395 763 1649 811; x_wconf 87' lang='lat' dir='ltr'><strong>XXXV.</strong></span> 
     </span>
    </p>
   </div>
   <div class='ocr_carea' id='block_1_5' title="bbox 348 868 2157 1266">
    <p class='ocr_par' dir='ltr' id='par_1_5' title="bbox 348 868 2157 1266">
     <span class='ocr_line' id='line_1_11' title="bbox 462 868 2156 927; baseline 0.001 -17"><span class='ocrx_word' id='word_1_76' title='bbox 462 868 573 924; x_wconf 79' lang='lat' dir='ltr'><strong>Ergo</strong></span> <span class='ocrx_word' id='word_1_77' title='bbox 599 869 721 923; x_wconf 75' lang='lat' dir='ltr'><strong>igitur</strong></span> <span class='ocrx_word' id='word_1_78' title='bbox 746 884 824 909; x_wconf 89' lang='lat' dir='ltr'><strong>non</strong></span> <span class='ocrx_word' id='word_1_79' title='bbox 852 870 897 910; x_wconf 89' lang='lat' dir='ltr'><strong>de</strong></span> <span class='ocrx_word' id='word_1_80' title='bbox 924 871 1071 924; x_wconf 87' lang='lat' dir='ltr'><strong>pudore</strong></span> <span class='ocrx_word' id='word_1_81' title='bbox 1096 871 1172 911; x_wconf 90' lang='lat' dir='ltr'><strong>iam</strong></span> <span class='ocrx_word' id='word_1_82' title='bbox 1200 872 1267 912; x_wconf 91' lang='lat' dir='ltr'><strong>sed</strong></span> <span class='ocrx_word' id='word_1_83' title='bbox 1293 872 1339 912; x_wconf 93' lang='lat' dir='ltr'><strong>de</strong></span> <span class='ocrx_word' id='word_1_84' title='bbox 1365 872 1491 913; x_wconf 85' lang='lat' dir='ltr'><strong>salute</strong></span> <span class='ocrx_word' id='word_1_85' title='bbox 1515 872 1600 926; x_wconf 85' lang='lat' dir='ltr'><strong>ipsa</strong></span> <span class='ocrx_word' id='word_1_86' title='bbox 1619 872 1827 923; x_wconf 80' lang='lat' dir='ltr'><strong>sollicitus,</strong></span> <span class='ocrx_word' id='word_1_87' title='bbox 1858 873 1945 912; x_wconf 88' lang='lat' dir='ltr'><strong>dum</strong></span> <span class='ocrx_word' id='word_1_88' title='bbox 1966 873 2156 927; x_wconf 81' lang='lat' dir='ltr'><strong>magister</strong></span> 
     </span>
     <span class='ocr_line' id='line_1_12' title="bbox 350 926 2154 983; baseline 0.001 -17"><span class='ocrx_word' id='word_1_89' title='bbox 350 940 459 967; x_wconf 85' lang='lat' dir='ltr'><strong>meus</strong></span> <span class='ocrx_word' id='word_1_90' title='bbox 491 926 634 966; x_wconf 89' lang='lat' dir='ltr'><strong>lectulo</strong></span> <span class='ocrx_word' id='word_1_91' title='bbox 668 927 789 980; x_wconf 86' lang='lat' dir='ltr'><strong>probe</strong></span> <span class='ocrx_word' id='word_1_92' title='bbox 823 928 1041 980; x_wconf 85' lang='lat' dir='ltr'><strong>coaptando</strong></span> <span class='ocrx_word' id='word_1_93' title='bbox 1072 928 1274 968; x_wconf 87' lang='lat' dir='ltr'><strong>districtus</strong></span> <span class='ocrx_word' id='word_1_94' title='bbox 1306 929 1495 979; x_wconf 82' lang='lat' dir='ltr'><strong>inservit,</strong></span> <span class='ocrx_word' id='word_1_95' title='bbox 1531 936 1569 969; x_wconf 83' lang='lat' dir='ltr'><strong>et</strong></span> <span class='ocrx_word' id='word_1_96' title='bbox 1594 936 1675 969; x_wconf 86' lang='lat' dir='ltr'><strong>tota</strong></span> <span class='ocrx_word' id='word_1_97' title='bbox 1702 929 1848 969; x_wconf 86' lang='lat' dir='ltr'><strong>familia</strong></span> <span class='ocrx_word' id='word_1_98' title='bbox 1875 929 2014 983; x_wconf 88' lang='lat' dir='ltr'><strong>partim</strong></span> <span class='ocrx_word' id='word_1_99' title='bbox 2042 929 2154 968; x_wconf 92' lang='lat' dir='ltr'><strong>mini-</strong></span> 
     </span>
     <span class='ocr_line' id='line_1_13' title="bbox 350 983 2155 1039; baseline 0.002 -17"><span class='ocrx_word' id='word_1_100' title='bbox 350 983 472 1023; x_wconf 88' lang='lat' dir='ltr'><strong>sterio</strong></span> <span class='ocrx_word' id='word_1_101' title='bbox 498 983 721 1023; x_wconf 80' lang='lat' dir='ltr'><strong>venationis</strong></span> <span class='ocrx_word' id='word_1_102' title='bbox 748 991 959 1037; x_wconf 79' lang='lat' dir='ltr'><strong>occupata,</strong></span> <span class='ocrx_word' id='word_1_103' title='bbox 988 985 1129 1038; x_wconf 85' lang='lat' dir='ltr'><strong>partim</strong></span> <span class='ocrx_word' id='word_1_104' title='bbox 1157 985 1377 1039; x_wconf 81' lang='lat' dir='ltr'><strong>voluptario</strong></span> <span class='ocrx_word' id='word_1_105' title='bbox 1403 985 1627 1039; x_wconf 83' lang='lat' dir='ltr'><strong>spectaculo</strong></span> <span class='ocrx_word' id='word_1_106' title='bbox 1659 986 1848 1036; x_wconf 82' lang='lat' dir='ltr'><strong>attonita,</strong></span> <span class='ocrx_word' id='word_1_107' title='bbox 1882 986 1980 1026; x_wconf 89' lang='lat' dir='ltr'><strong>meis</strong></span> <span class='ocrx_word' id='word_1_108' title='bbox 2006 986 2155 1039; x_wconf 86' lang='lat' dir='ltr'><strong>cogita-</strong></span> 
     </span>
     <span class='ocr_line' id='line_1_14' title="bbox 349 1040 2154 1096; baseline 0.001 -17"><span class='ocrx_word' id='word_1_109' title='bbox 349 1040 520 1079; x_wconf 84' lang='lat' dir='ltr'><strong>tionibus</strong></span> <span class='ocrx_word' id='word_1_110' title='bbox 543 1040 706 1079; x_wconf 88' lang='lat' dir='ltr'><strong>liberum</strong></span> <span class='ocrx_word' id='word_1_111' title='bbox 730 1041 735 1095; x_wconf 68' lang='grc' dir='ltr'>Ι</span> <span class='ocrx_word' id='word_1_112' title='bbox 759 1040 1006 1080; x_wconf 84' lang='lat' dir='ltr'><strong>tribuebatur</strong></span> <span class='ocrx_word' id='word_1_113' title='bbox 1025 1042 1248 1091; x_wconf 84' lang='lat' dir='ltr'><strong>arbitrium,</strong></span> <span class='ocrx_word' id='word_1_114' title='bbox 1278 1056 1350 1082; x_wconf 89' lang='lat' dir='ltr'><strong>nec</strong></span> <span class='ocrx_word' id='word_1_115' title='bbox 1370 1056 1610 1096; x_wconf 79' lang='lat' dir='ltr'><strong>magnopere</strong></span> <span class='ocrx_word' id='word_1_116' title='bbox 1635 1042 1839 1096; x_wconf 81' lang='lat' dir='ltr'><strong>quisquam</strong></span> <span class='ocrx_word' id='word_1_117' title='bbox 1860 1042 2154 1083; x_wconf 81' lang='lat' dir='ltr'><strong>custodiendum</strong></span> 
     </span>
     <span class='ocr_line' id='line_1_15' title="bbox 351 1097 2157 1152; baseline 0.002 -17"><span class='ocrx_word' id='word_1_118' title='bbox 351 1104 426 1136; x_wconf 88' lang='lat' dir='ltr'><strong>tam</strong></span> <span class='ocrx_word' id='word_1_119' title='bbox 447 1103 693 1136; x_wconf 83' lang='lat' dir='ltr'><strong>mansuetum</strong></span> <span class='ocrx_word' id='word_1_120' title='bbox 710 1097 873 1150; x_wconf 85' lang='lat' dir='ltr'><strong>putabat</strong></span> <span class='ocrx_word' id='word_1_121' title='bbox 893 1098 1063 1137; x_wconf 86' lang='lat' dir='ltr'><strong>asinum.</strong></span> <span class='ocrx_word' id='word_1_122' title='bbox 1090 1097 1286 1138; x_wconf 85' lang='lat' dir='ltr'><strong>Paulatim</strong></span> <span class='ocrx_word' id='word_1_123' title='bbox 1308 1099 1646 1152; x_wconf 68' lang='lat' dir='ltr'><strong>furtivum&#39;pedem</strong></span> <span class='ocrx_word' id='word_1_124' title='bbox 1668 1100 1874 1152; x_wconf 71' lang='lat' dir='ltr'><strong>proferens</strong></span> <span class='ocrx_word' id='word_1_125' title='bbox 1889 1106 2040 1152; x_wconf 87' lang='lat' dir='ltr'><strong>portam</strong></span> <span class='ocrx_word' id='word_1_126' title='bbox 2057 1111 2157 1151; x_wconf 81' lang='lat' dir='ltr'><strong>quae</strong></span> 
     </span>
     <span class='ocr_line' id='line_1_16' title="bbox 348 1153 2156 1210; baseline 0.002 -19"><span class='ocrx_word' id='word_1_127' title='bbox 348 1153 529 1208; x_wconf 84' lang='lat' dir='ltr'><strong>proxima</strong></span> <span class='ocrx_word' id='word_1_128' title='bbox 561 1160 622 1192; x_wconf 91' lang='lat' dir='ltr'><strong>est</strong></span> <span class='ocrx_word' id='word_1_129' title='bbox 653 1154 819 1207; x_wconf 82' lang='lat' dir='ltr'><strong>potitus,</strong></span> <span class='ocrx_word' id='word_1_130' title='bbox 858 1154 934 1194; x_wconf 87' lang='lat' dir='ltr'><strong>iam</strong></span> <span class='ocrx_word' id='word_1_131' title='bbox 968 1169 1087 1194; x_wconf 88' lang='lat' dir='ltr'><strong>cursu</strong></span> <span class='ocrx_word' id='word_1_132' title='bbox 1118 1168 1178 1195; x_wconf 87' lang='lat' dir='ltr'><strong>me</strong></span> <span class='ocrx_word' id='word_1_133' title='bbox 1211 1155 1418 1195; x_wconf 87' lang='lat' dir='ltr'><strong>celerrimo</strong></span> <span class='ocrx_word' id='word_1_134' title='bbox 1444 1156 1638 1209; x_wconf 82' lang='lat' dir='ltr'><strong>proripio,</strong></span> <span class='ocrx_word' id='word_1_135' title='bbox 1672 1169 1823 1208; x_wconf 82' lang='lat' dir='ltr'><strong>sexque</strong></span> <span class='ocrx_word' id='word_1_136' title='bbox 1854 1155 1945 1195; x_wconf 85' lang='lat' dir='ltr'><strong>totis</strong></span> <span class='ocrx_word' id='word_1_137' title='bbox 1972 1168 2156 1210; x_wconf 87' lang='lat' dir='ltr'><strong>passuum</strong></span> 
     </span>
     <span class='ocr_line' id='line_1_17' title="bbox 349 1209 2155 1266; baseline 0.002 -18"><span class='ocrx_word' id='word_1_138' title='bbox 349 1209 517 1250; x_wconf 87' lang='lat' dir='ltr'><strong>millibus</strong></span> <span class='ocrx_word' id='word_1_139' title='bbox 550 1210 764 1264; x_wconf 77' lang='lat' dir='ltr'><strong>perniciter</strong></span> <span class='ocrx_word' id='word_1_140' title='bbox 795 1211 1009 1262; x_wconf 82' lang='lat' dir='ltr'><strong>confectis,</strong></span> <span class='ocrx_word' id='word_1_141' title='bbox 1044 1209 1272 1252; x_wconf 85' lang='lat' dir='ltr'><strong>Cenchreas</strong></span> <span class='ocrx_word' id='word_1_142' title='bbox 1304 1213 1498 1266; x_wconf 76' lang='lat' dir='ltr'><strong>pervade,</strong></span> <span class='ocrx_word' id='word_1_143' title='bbox 1532 1213 1634 1266; x_wconf 88' lang='lat' dir='ltr'><strong>quod</strong></span> <span class='ocrx_word' id='word_1_144' title='bbox 1666 1211 1846 1266; x_wconf 88' lang='lat' dir='ltr'><strong>oppidum</strong></span> <span class='ocrx_word' id='word_1_145' title='bbox 1871 1212 1979 1253; x_wconf 82' lang='lat' dir='ltr'><strong>audit</strong></span> <span class='ocrx_word' id='word_1_146' title='bbox 2003 1211 2155 1266; x_wconf 84' lang='lat' dir='ltr'><strong>quidem</strong></span> 
     </span>
    </p>
   </div>
   <div class='ocr_carea' id='block_1_6' title="bbox 339 1337 2157 2464">
    <p class='ocr_par' dir='ltr' id='par_1_6' title="bbox 341 1337 2157 1596">
     <span class='ocr_line' id='line_1_18' title="bbox 350 1337 2155 1377; baseline 0.001 -10"><span class='ocrx_word' id='word_1_147' title='bbox 350 1337 473 1367; x_wconf 70' lang='lat' dir='ltr'><strong>tumide</strong></span> <span class='ocrx_word' id='word_1_148' title='bbox 487 1341 522 1367; x_wconf 90' lang='lat' dir='ltr'><strong>P.</strong></span> <span class='ocrx_word' id='word_1_149' title='bbox 551 1337 687 1367; x_wconf 76' lang='lat' dir='ltr'><strong>tmuidis</strong></span> <span class='ocrx_word' id='word_1_150' title='bbox 702 1341 737 1368; x_wconf 88' lang='lat' dir='ltr'><strong>G.</strong></span> <span class='ocrx_word' id='word_1_151' title='bbox 753 1342 784 1368; x_wconf 82' lang='lat'><strong>2.</strong></span> <span class='ocrx_word' id='word_1_152' title='bbox 798 1341 836 1369; x_wconf 92' lang='lat' dir='ltr'><strong>D.</strong></span> <span class='ocrx_word' id='word_1_153' title='bbox 865 1338 999 1368; x_wconf 70' lang='lat' dir='ltr'><strong>timidus</strong></span> <span class='ocrx_word' id='word_1_154' title='bbox 1014 1340 1094 1376; x_wconf 81' lang='lat' dir='ltr'><strong>(nec</strong></span> <span class='ocrx_word' id='word_1_155' title='bbox 1111 1339 1277 1376; x_wconf 74' lang='lat' dir='ltr'><strong>tumidus]</strong></span> <span class='ocrx_word' id='word_1_156' title='bbox 1292 1342 1328 1370; x_wconf 94' lang='lat' dir='ltr'><strong>G.</strong></span> <span class='ocrx_word' id='word_1_157' title='bbox 1347 1343 1374 1371; x_wconf 99' lang='grc'><strong>1.</strong></span> <span class='ocrx_word' id='word_1_158' title='bbox 1417 1339 1553 1377; x_wconf 69' lang='lat' dir='ltr'><strong>publico</strong></span> <span class='ocrx_word' id='word_1_159' title='bbox 1568 1342 1602 1370; x_wconf 90' lang='lat'><strong>0.</strong></span> <span class='ocrx_word' id='word_1_160' title='bbox 1651 1339 1841 1368; x_wconf 76' lang='lat' dir='ltr'><strong>scelerosae</strong></span> <span class='ocrx_word' id='word_1_161' title='bbox 1854 1342 1890 1369; x_wconf 86' lang='grc' dir='ltr'><strong>Β.</strong></span> <span class='ocrx_word' id='word_1_162' title='bbox 1910 1341 2015 1369; x_wconf 80' lang='lat' dir='ltr'><strong>Scriv.</strong></span> <span class='ocrx_word' id='word_1_163' title='bbox 2034 1341 2155 1369; x_wconf 84' lang='lat' dir='ltr'><strong>Florid.</strong></span> 
     </span>
     <span class='ocr_line' id='line_1_19' title="bbox 341 1384 2156 1422; baseline 0.002 -11"><span class='ocrx_word' id='word_1_164' title='bbox 341 1384 582 1422; x_wconf 56' lang='lat' dir='ltr'><strong>praemon-ime</strong></span> <span class='ocrx_word' id='word_1_165' title='bbox 603 1386 638 1413; x_wconf 85' lang='grc' dir='ltr'><strong>Β.</strong></span> <span class='ocrx_word' id='word_1_166' title='bbox 671 1385 888 1421; x_wconf 63' lang='lat' dir='ltr'><strong>pprmcem‘me</strong></span> <span class='ocrx_word' id='word_1_167' title='bbox 907 1387 1012 1414; x_wconf 82' lang='lat' dir='ltr'><strong>Scriv.</strong></span> <span class='ocrx_word' id='word_1_168' title='bbox 1061 1386 1181 1413; x_wconf 74' lang='lat' dir='ltr'><strong>mortis</strong></span> <span class='ocrx_word' id='word_1_169' title='bbox 1201 1394 1263 1414; x_wconf 85' lang='lat' dir='ltr'><strong>non</strong></span> <span class='ocrx_word' id='word_1_170' title='bbox 1283 1390 1330 1415; x_wconf 82' lang='lat' dir='ltr'><strong>est</strong></span> <span class='ocrx_word' id='word_1_171' title='bbox 1350 1387 1382 1415; x_wconf 91' lang='lat' dir='ltr'><strong>in</strong></span> <span class='ocrx_word' id='word_1_172' title='bbox 1401 1388 1484 1415; x_wconf 86' lang='lat' dir='ltr'>Iunt.</span> <span class='ocrx_word' id='word_1_173' title='bbox 1502 1388 1529 1415; x_wconf 84' lang='lat'><strong>1.</strong></span> <span class='ocrx_word' id='word_1_174' title='bbox 1545 1389 1574 1415; x_wconf 82' lang='grc'><strong>2.</strong></span> <span class='ocrx_word' id='word_1_175' title='bbox 1589 1387 1664 1414; x_wconf 81' lang='lat' dir='ltr'><strong>Aid-</strong></span> <span class='ocrx_word' id='word_1_176' title='bbox 1710 1387 1859 1413; x_wconf 57' lang='lat' dir='ltr'><strong>nmaw’me</strong></span> <span class='ocrx_word' id='word_1_177' title='bbox 1873 1384 2056 1414; x_wconf 75' lang='lat' dir='ltr'><strong>cruciabar</strong></span> <span class='ocrx_word' id='word_1_178' title='bbox 2074 1386 2108 1414; x_wconf 80' lang='lat' dir='ltr'><strong>F.</strong></span> <span class='ocrx_word' id='word_1_179' title='bbox 2125 1387 2156 1414; x_wconf 80' lang='grc'><strong>3.</strong></span> 
     </span>
     <span class='ocr_line' id='line_1_20' title="bbox 348 1427 2155 1464; baseline 0 -6"><span class='ocrx_word' id='word_1_180' title='bbox 348 1433 383 1459; x_wconf 90' lang='lat' dir='ltr'><strong>G.</strong></span> <span class='ocrx_word' id='word_1_181' title='bbox 403 1431 429 1459; x_wconf 85' lang='lat'><strong>1.</strong></span> <span class='ocrx_word' id='word_1_182' title='bbox 444 1432 475 1459; x_wconf 78' lang='grc'><strong>,2.</strong></span> <span class='ocrx_word' id='word_1_183' title='bbox 490 1432 528 1458; x_wconf 88' lang='lat' dir='ltr'><strong>D.</strong></span> <span class='ocrx_word' id='word_1_184' title='bbox 545 1438 572 1464; x_wconf 84' lang='lat' dir='ltr'><strong>p.</strong></span> <span class='ocrx_word' id='word_1_185' title='bbox 589 1430 610 1458; x_wconf 86' lang='lat' dir='ltr'><strong>f.</strong></span> <span class='ocrx_word' id='word_1_186' title='bbox 625 1427 654 1458; x_wconf 79' lang='grc' dir='ltr'><strong>ὃ.</strong></span> <span class='ocrx_word' id='word_1_187' title='bbox 680 1432 717 1458; x_wconf 89' lang='lat' dir='ltr'><strong>In</strong></span> <span class='ocrx_word' id='word_1_188' title='bbox 737 1434 810 1459; x_wconf 82' lang='lat' dir='ltr'><strong>cett.</strong></span> <span class='ocrx_word' id='word_1_189' title='bbox 830 1430 1016 1458; x_wconf 62' lang='lat' dir='ltr'><strong>cruciabar</strong></span> <span class='ocrx_word' id='word_1_190' title='bbox 1033 1432 1192 1460; x_wconf 70' lang='lat' dir='ltr'><strong>maa-ime.</strong></span> <span class='ocrx_word' id='word_1_191' title='bbox 1241 1439 1365 1458; x_wconf 75' lang='lat' dir='ltr'><strong>mec-um</strong></span> <span class='ocrx_word' id='word_1_192' title='bbox 1387 1432 1590 1460; x_wconf 81' lang='lat' dir='ltr'><strong>desideratur</strong></span> <span class='ocrx_word' id='word_1_193' title='bbox 1609 1432 1642 1459; x_wconf 89' lang='lat' dir='ltr'><strong>in</strong></span> <span class='ocrx_word' id='word_1_194' title='bbox 1663 1431 1684 1460; x_wconf 80' lang='lat' dir='ltr'><strong>f.</strong></span> <span class='ocrx_word' id='word_1_195' title='bbox 1732 1431 1866 1458; x_wconf 70' lang='lat' dir='ltr'><strong>venerio</strong></span> <span class='ocrx_word' id='word_1_196' title='bbox 1881 1428 1910 1461; x_wconf 75' lang='grc' dir='ltr'><strong>ὃ,</strong></span> <span class='ocrx_word' id='word_1_197' title='bbox 1960 1430 2155 1458; x_wconf 71' lang='lat' dir='ltr'><strong>coeuntibus</strong></span> 
     </span>
     <span class='ocr_line' id='line_1_21' title="bbox 348 1475 2155 1513; baseline 0.001 -9"><span class='ocrx_word' id='word_1_198' title='bbox 348 1477 384 1504; x_wconf 89' lang='lat' dir='ltr'><strong>G.</strong></span> <span class='ocrx_word' id='word_1_199' title='bbox 406 1477 436 1504; x_wconf 97' lang='grc'><strong>2.</strong></span> <span class='ocrx_word' id='word_1_200' title='bbox 458 1477 493 1504; x_wconf 91' lang='grc' dir='ltr'><strong>Ρ.</strong></span> <span class='ocrx_word' id='word_1_201' title='bbox 515 1477 553 1503; x_wconf 87' lang='grc'><strong>1).</strong></span> <span class='ocrx_word' id='word_1_202' title='bbox 575 1476 644 1503; x_wconf 82' lang='lat' dir='ltr'><strong>edd.</strong></span> <span class='ocrx_word' id='word_1_203' title='bbox 666 1483 770 1509; x_wconf 79' lang='lat' dir='ltr'><strong>usque</strong></span> <span class='ocrx_word' id='word_1_204' title='bbox 789 1478 829 1504; x_wconf 84' lang='lat' dir='ltr'><strong>ad</strong></span> <span class='ocrx_word' id='word_1_205' title='bbox 850 1477 952 1513; x_wconf 78' lang='lat' dir='ltr'><strong>Elin.⁷</strong></span> <span class='ocrx_word' id='word_1_206' title='bbox 986 1477 1040 1510; x_wconf 85' lang='lat' dir='ltr'><strong>qui</strong></span> <span class='ocrx_word' id='word_1_207' title='bbox 1061 1475 1321 1504; x_wconf 64' lang='lat' dir='ltr'><strong>cohaerentibus</strong></span> <span class='ocrx_word' id='word_1_208' title='bbox 1341 1477 1463 1511; x_wconf 79' lang='lat' dir='ltr'><strong>primus</strong></span> <span class='ocrx_word' id='word_1_209' title='bbox 1482 1477 1633 1505; x_wconf 81' lang='lat' dir='ltr'><strong>restituit.</strong></span> <span class='ocrx_word' id='word_1_210' title='bbox 1681 1476 1822 1504; x_wconf 78' lang='lat' dir='ltr'><strong>bestiam</strong></span> <span class='ocrx_word' id='word_1_211' title='bbox 1843 1479 1880 1506; x_wconf 87' lang='lat' dir='ltr'><strong>l).</strong></span> <span class='ocrx_word' id='word_1_212' title='bbox 1927 1475 2105 1504; x_wconf 71' lang='grc' dir='ltr'><strong>ῖΙιὲιιιίὐιιε</strong></span> <span class='ocrx_word' id='word_1_213' title='bbox 2127 1485 2155 1510; x_wconf 81' lang='lat' dir='ltr'><strong>p.</strong></span> 
     </span>
     <span class='ocr_line' id='line_1_22' title="bbox 346 1518 2157 1561; baseline 0.001 -12"><span class='ocrx_word' id='word_1_214' title='bbox 346 1522 457 1549; x_wconf 74' lang='lat' dir='ltr'><strong>Verba</strong></span> <span class='ocrx_word' id='word_1_215' title='bbox 476 1519 529 1547; x_wconf 78' lang='lat' dir='ltr'><strong>vel</strong></span> <span class='ocrx_word' id='word_1_216' title='bbox 546 1518 699 1556; x_wconf 68' lang='lat' dir='ltr'><strong>artificio</strong></span> <span class='ocrx_word' id='word_1_217' title='bbox 721 1529 823 1554; x_wconf 78' lang='lat' dir='ltr'><strong>usque</strong></span> <span class='ocrx_word' id='word_1_218' title='bbox 844 1522 883 1550; x_wconf 83' lang='lat' dir='ltr'><strong>ad</strong></span> <span class='ocrx_word' id='word_1_219' title='bbox 900 1522 1083 1557; x_wconf 73' lang='lat' dir='ltr'><strong>provenire</strong></span> <span class='ocrx_word' id='word_1_220' title='bbox 1097 1522 1245 1551; x_wconf 87' lang='lat' dir='ltr'><strong>omittunt</strong></span> <span class='ocrx_word' id='word_1_221' title='bbox 1260 1524 1296 1552; x_wconf 89' lang='lat' dir='ltr'><strong>G.</strong></span> <span class='ocrx_word' id='word_1_222' title='bbox 1316 1523 1341 1551; x_wconf 85' lang='lat'><strong>1.</strong></span> <span class='ocrx_word' id='word_1_223' title='bbox 1355 1524 1386 1552; x_wconf 84' lang='lat'><strong>2.</strong></span> <span class='ocrx_word' id='word_1_224' title='bbox 1401 1524 1435 1551; x_wconf 87' lang='lat'><strong>0.</strong></span> <span class='ocrx_word' id='word_1_225' title='bbox 1450 1523 1486 1551; x_wconf 88' lang='lat' dir='ltr'><strong>P.</strong></span> <span class='ocrx_word' id='word_1_226' title='bbox 1501 1521 1541 1551; x_wconf 88' lang='lat' dir='ltr'><strong>D.</strong></span> <span class='ocrx_word' id='word_1_227' title='bbox 1556 1524 1592 1551; x_wconf 92' lang='lat' dir='ltr'><strong>L.</strong></span> <span class='ocrx_word' id='word_1_228' title='bbox 1631 1521 1942 1561; x_wconf 73' lang='lat' dir='ltr'><strong>frigidae’profrugz&#39;</strong></span> <span class='ocrx_word' id='word_1_229' title='bbox 1953 1519 1983 1551; x_wconf 78' lang='grc' dir='ltr'><strong>δ.</strong></span> <span class='ocrx_word' id='word_1_230' title='bbox 2030 1519 2077 1549; x_wconf 83' lang='lat' dir='ltr'><strong>ad</strong></span> <span class='ocrx_word' id='word_1_231' title='bbox 2095 1519 2157 1548; x_wconf 82' lang='lat' dir='ltr'><strong>ad-</strong></span> 
     </span>
     <span class='ocr_line' id='line_1_23' title="bbox 346 1564 955 1596; baseline -0.002 -3"><span class='ocrx_word' id='word_1_232' title='bbox 346 1566 513 1593; x_wconf 70' lang='lat' dir='ltr'><strong>iacentem</strong></span> <span class='ocrx_word' id='word_1_233' title='bbox 528 1568 564 1594; x_wconf 91' lang='lat' dir='ltr'><strong>G.</strong></span> <span class='ocrx_word' id='word_1_234' title='bbox 579 1568 610 1594; x_wconf 79' lang='lat'><strong>2.</strong></span> <span class='ocrx_word' id='word_1_235' title='bbox 625 1568 663 1594; x_wconf 92' lang='lat' dir='ltr'><strong>D.</strong></span> <span class='ocrx_word' id='word_1_236' title='bbox 711 1565 910 1594; x_wconf 71' lang='lat' dir='ltr'><strong>indamnato</strong></span> <span class='ocrx_word' id='word_1_237' title='bbox 925 1564 955 1596; x_wconf 75' lang='grc' dir='ltr'><strong>ὃ,</strong></span> 
     </span>
    </p>

    <p class='ocr_par' dir='ltr' id='par_1_7' title="bbox 339 1610 2157 2464">
     <span class='ocr_line' id='line_1_24' title="bbox 438 1610 2156 1648; baseline 0.001 -10"><span class='ocrx_word' id='word_1_238' title='bbox 438 1620 495 1648; x_wconf 76' lang='lat' dir='ltr'><strong>ego</strong></span> <span class='ocrx_word' id='word_1_239' title='bbox 513 1619 568 1645; x_wconf 82' lang='lat' dir='ltr'><strong>pro</strong></span> <span class='ocrx_word' id='word_1_240' title='bbox 582 1619 660 1648; x_wconf 76' lang='lat' dir='ltr'><strong>ergo</strong></span> <span class='ocrx_word' id='word_1_241' title='bbox 676 1614 761 1640; x_wconf 88' lang='lat' dir='ltr'><strong>male</strong></span> <span class='ocrx_word' id='word_1_242' title='bbox 775 1612 960 1641; x_wconf 80' lang='lat' dir='ltr'><strong>Casaubon.</strong></span> <span class='ocrx_word' id='word_1_243' title='bbox 1019 1610 1057 1638; x_wconf 83' lang='lat' dir='ltr'><strong>de</strong></span> <span class='ocrx_word' id='word_1_244' title='bbox 1072 1621 1132 1640; x_wconf 89' lang='lat' dir='ltr'><strong>non</strong></span> <span class='ocrx_word' id='word_1_245' title='bbox 1147 1615 1193 1641; x_wconf 84' lang='lat' dir='ltr'><strong>est</strong></span> <span class='ocrx_word' id='word_1_246' title='bbox 1211 1613 1242 1640; x_wconf 87' lang='lat' dir='ltr'><strong>in</strong></span> <span class='ocrx_word' id='word_1_247' title='bbox 1258 1620 1286 1646; x_wconf 82' lang='lat' dir='ltr'><strong>p.</strong></span> <span class='ocrx_word' id='word_1_248' title='bbox 1346 1610 1534 1640; x_wconf 66' lang='lat' dir='ltr'><strong>coartando</strong></span> <span class='ocrx_word' id='word_1_249' title='bbox 1549 1614 1586 1641; x_wconf 92' lang='lat' dir='ltr'>D.</span> <span class='ocrx_word' id='word_1_250' title='bbox 1648 1610 1832 1640; x_wconf 72' lang='lat' dir='ltr'><strong>destrictus</strong></span> <span class='ocrx_word' id='word_1_251' title='bbox 1846 1613 1917 1642; x_wconf 85' lang='lat' dir='ltr'><strong>edd.</strong></span> <span class='ocrx_word' id='word_1_252' title='bbox 1931 1615 2007 1641; x_wconf 84' lang='lat' dir='ltr'><strong>vett.</strong></span> <span class='ocrx_word' id='word_1_253' title='bbox 2036 1610 2156 1640; x_wconf 68' lang='lat' dir='ltr'><strong>distri-</strong></span> 
     </span>
     <span class='ocr_line' id='line_1_25' title="bbox 347 1654 2156 1693; baseline 0 -9"><span class='ocrx_word' id='word_1_254' title='bbox 347 1658 436 1684; x_wconf 72' lang='lat' dir='ltr'><strong>ctius</strong></span> <span class='ocrx_word' id='word_1_255' title='bbox 450 1667 482 1690; x_wconf 77' lang='grc' dir='ltr'><strong>φ,</strong></span> <span class='ocrx_word' id='word_1_256' title='bbox 509 1655 676 1683; x_wconf 71' lang='lat' dir='ltr'><strong>discretus</strong></span> <span class='ocrx_word' id='word_1_257' title='bbox 691 1654 720 1685; x_wconf 68' lang='grc' dir='ltr'><strong>δ’.</strong></span> <span class='ocrx_word' id='word_1_258' title='bbox 746 1656 787 1685; x_wconf 82' lang='lat' dir='ltr'><strong>cf.</strong></span> <span class='ocrx_word' id='word_1_259' title='bbox 803 1658 842 1685; x_wconf 75' lang='lat' dir='ltr'><strong>ad</strong></span> <span class='ocrx_word' id='word_1_260' title='bbox 857 1660 933 1686; x_wconf 81' lang='lat' dir='ltr'><strong>Met.</strong></span> <span class='ocrx_word' id='word_1_261' title='bbox 949 1658 1003 1685; x_wconf 92' lang='lat' dir='ltr'><strong>lX.</strong></span> <span class='ocrx_word' id='word_1_262' title='bbox 1021 1666 1048 1691; x_wconf 84' lang='lat' dir='ltr'><strong>p.</strong></span> <span class='ocrx_word' id='word_1_263' title='bbox 1065 1659 1140 1686; x_wconf 80' lang='grc'><strong>626.</strong></span> <span class='ocrx_word' id='word_1_264' title='bbox 1166 1655 1317 1693; x_wconf 64' lang='lat' dir='ltr'><strong>lanificio</strong></span> <span class='ocrx_word' id='word_1_265' title='bbox 1343 1657 1600 1686; x_wconf 71' lang='lat' dir='ltr'><strong>districtam.</strong></span> <span class='ocrx_word' id='word_1_266' title='bbox 1649 1660 1685 1684; x_wconf 78' lang='lat' dir='ltr'><strong>et</strong></span> <span class='ocrx_word' id='word_1_267' title='bbox 1697 1660 1773 1685; x_wconf 75' lang='lat' dir='ltr'><strong>lota</strong></span> <span class='ocrx_word' id='word_1_268' title='bbox 1784 1659 1820 1686; x_wconf 79' lang='lat' dir='ltr'><strong>F.</strong></span> <span class='ocrx_word' id='word_1_269' title='bbox 1836 1659 1865 1686; x_wconf 92' lang='lat'><strong>1.</strong></span> <span class='ocrx_word' id='word_1_270' title='bbox 1881 1658 1912 1687; x_wconf 86' lang='lat'><strong>3.</strong></span> <span class='ocrx_word' id='word_1_271' title='bbox 1926 1660 1962 1686; x_wconf 87' lang='lat' dir='ltr'><strong>G.</strong></span> <span class='ocrx_word' id='word_1_272' title='bbox 1979 1659 2006 1686; x_wconf 85' lang='lat'><strong>1.</strong></span> <span class='ocrx_word' id='word_1_273' title='bbox 2022 1659 2052 1685; x_wconf 81' lang='lat'><strong>2.</strong></span> <span class='ocrx_word' id='word_1_274' title='bbox 2068 1659 2105 1686; x_wconf 88' lang='lat' dir='ltr'>D.</span> <span class='ocrx_word' id='word_1_275' title='bbox 2121 1659 2156 1686; x_wconf 90' lang='lat' dir='ltr'>P.</span> 
     </span>
     <span class='ocr_line' id='line_1_26' title="bbox 346 1699 2155 1740; baseline 0 -10"><span class='ocrx_word' id='word_1_276' title='bbox 346 1704 384 1731; x_wconf 89' lang='lat'><strong>1).</strong></span> <span class='ocrx_word' id='word_1_277' title='bbox 406 1711 435 1736; x_wconf 84' lang='lat' dir='ltr'><strong>p.</strong></span> <span class='ocrx_word' id='word_1_278' title='bbox 457 1703 477 1730; x_wconf 79' lang='lat' dir='ltr'><strong>f.</strong></span> <span class='ocrx_word' id='word_1_279' title='bbox 498 1699 527 1730; x_wconf 77' lang='grc' dir='ltr'><strong>ὁ.</strong></span> <span class='ocrx_word' id='word_1_280' title='bbox 548 1703 582 1730; x_wconf 92' lang='grc' dir='ltr'><strong>Β.</strong></span> <span class='ocrx_word' id='word_1_281' title='bbox 599 1703 669 1730; x_wconf 86' lang='lat' dir='ltr'><strong>edd.</strong></span> <span class='ocrx_word' id='word_1_282' title='bbox 689 1705 765 1730; x_wconf 74' lang='lat' dir='ltr'><strong>vett.</strong></span> <span class='ocrx_word' id='word_1_283' title='bbox 787 1706 862 1730; x_wconf 84' lang='lat' dir='ltr'><strong>ante</strong></span> <span class='ocrx_word' id='word_1_284' title='bbox 876 1703 963 1731; x_wconf 80' lang='lat' dir='ltr'><strong>cotv.</strong></span> <span class='ocrx_word' id='word_1_285' title='bbox 978 1704 1061 1730; x_wconf 82' lang='lat' dir='ltr'><strong>Elin.</strong></span> <span class='ocrx_word' id='word_1_286' title='bbox 1081 1703 1222 1731; x_wconf 77' lang='lat' dir='ltr'><strong>Scriver.</strong></span> <span class='ocrx_word' id='word_1_287' title='bbox 1243 1704 1375 1732; x_wconf 77' lang='lat' dir='ltr'><strong>Colvius</strong></span> <span class='ocrx_word' id='word_1_288' title='bbox 1395 1703 1522 1731; x_wconf 85' lang='lat' dir='ltr'><strong>scilicet</strong></span> <span class='ocrx_word' id='word_1_289' title='bbox 1537 1703 1674 1737; x_wconf 75' lang='lat' dir='ltr'><strong>delevit,</strong></span> <span class='ocrx_word' id='word_1_290' title='bbox 1700 1703 1803 1737; x_wconf 78' lang='lat' dir='ltr'><strong>inquit</strong></span> <span class='ocrx_word' id='word_1_291' title='bbox 1818 1704 1915 1740; x_wconf 83' lang='lat' dir='ltr'>Oud.‚</span> <span class='ocrx_word' id='word_1_292' title='bbox 1940 1703 2017 1737; x_wconf 78' lang='lat' dir='ltr'><strong>quia</strong></span> <span class='ocrx_word' id='word_1_293' title='bbox 2030 1703 2155 1737; x_wconf 78' lang='lat' dir='ltr'><strong>putavit</strong></span> 
     </span>
     <span class='ocr_line' id='line_1_27' title="bbox 346 1746 2155 1785; baseline 0 -10"><span class='ocrx_word' id='word_1_294' title='bbox 346 1754 460 1775; x_wconf 86' lang='lat' dir='ltr'><strong>casum</strong></span> <span class='ocrx_word' id='word_1_295' title='bbox 475 1756 549 1775; x_wconf 85' lang='lat' dir='ltr'><strong>esse</strong></span> <span class='ocrx_word' id='word_1_296' title='bbox 563 1747 756 1783; x_wconf 76' lang='lat' dir='ltr'><strong>ablativum,</strong></span> <span class='ocrx_word' id='word_1_297' title='bbox 766 1755 825 1775; x_wconf 87' lang='lat' dir='ltr'><strong>nec</strong></span> <span class='ocrx_word' id='word_1_298' title='bbox 839 1748 917 1775; x_wconf 76' lang='lat' dir='ltr'><strong>vidit</strong></span> <span class='ocrx_word' id='word_1_299' title='bbox 931 1746 1147 1775; x_wconf 72' lang='lat' dir='ltr'><strong>tribuebatur</strong></span> <span class='ocrx_word' id='word_1_300' title='bbox 1155 1748 1262 1782; x_wconf 76' lang='lat' dir='ltr'><strong>potius</strong></span> <span class='ocrx_word' id='word_1_301' title='bbox 1274 1750 1463 1777; x_wconf 87' lang='lat' dir='ltr'><strong>mutandum</strong></span> <span class='ocrx_word' id='word_1_302' title='bbox 1480 1748 1583 1776; x_wconf 83' lang='lat' dir='ltr'><strong>fuisse</strong></span> <span class='ocrx_word' id='word_1_303' title='bbox 1596 1749 1628 1777; x_wconf 87' lang='lat' dir='ltr'><strong>in</strong></span> <span class='ocrx_word' id='word_1_304' title='bbox 1641 1747 1866 1785; x_wconf 74' lang='lat' dir='ltr'><strong>tr1·!mebac‚ut</strong></span> <span class='ocrx_word' id='word_1_305' title='bbox 1881 1752 1968 1776; x_wconf 81' lang='lat' dir='ltr'><strong>recte</strong></span> <span class='ocrx_word' id='word_1_306' title='bbox 1981 1748 2155 1783; x_wconf 79' lang='lat' dir='ltr'><strong>adscripsit</strong></span> 
     </span>
     <span class='ocr_line' id='line_1_28' title="bbox 345 1792 2156 1831; baseline -0.001 -10"><span class='ocrx_word' id='word_1_307' title='bbox 345 1800 405 1822; x_wconf 70' lang='lat' dir='ltr'><strong>suo</strong></span> <span class='ocrx_word' id='word_1_308' title='bbox 424 1792 604 1825; x_wconf 82' lang='lat' dir='ltr'><strong>exemplari</strong></span> <span class='ocrx_word' id='word_1_309' title='bbox 624 1794 766 1821; x_wconf 84' lang='lat' dir='ltr'><strong>Salmas.</strong></span> <span class='ocrx_word' id='word_1_310' title='bbox 788 1796 815 1820; x_wconf 86' lang='lat' dir='ltr'><strong>et</strong></span> <span class='ocrx_word' id='word_1_311' title='bbox 838 1796 924 1827; x_wconf 77' lang='lat' dir='ltr'><strong>patet</strong></span> <span class='ocrx_word' id='word_1_312' title='bbox 946 1793 1012 1821; x_wconf 84' lang='lat' dir='ltr'><strong>fere</strong></span> <span class='ocrx_word' id='word_1_313' title='bbox 1033 1802 1049 1820; x_wconf 86' lang='lat' dir='ltr'><strong>e</strong></span> <span class='ocrx_word' id='word_1_314' title='bbox 1068 1801 1134 1827; x_wconf 81' lang='lat' dir='ltr'><strong>seq.</strong></span> <span class='ocrx_word' id='word_1_315' title='bbox 1151 1792 1312 1829; x_wconf 75' lang='lat' dir='ltr'><strong>putabat.</strong></span> <span class='ocrx_word' id='word_1_316' title='bbox 1347 1794 1415 1828; x_wconf 85' lang='lat' dir='ltr'><strong>Ego</strong></span> <span class='ocrx_word' id='word_1_317' title='bbox 1429 1793 1512 1821; x_wconf 80' lang='lat' dir='ltr'><strong>nihil</strong></span> <span class='ocrx_word' id='word_1_318' title='bbox 1531 1797 1630 1822; x_wconf 86' lang='lat' dir='ltr'><strong>muto.</strong></span> <span class='ocrx_word' id='word_1_319' title='bbox 1667 1795 1746 1821; x_wconf 87' lang='lat' dir='ltr'><strong>Sunt</strong></span> <span class='ocrx_word' id='word_1_320' title='bbox 1763 1793 1904 1822; x_wconf 74' lang='lat' dir='ltr'><strong>ablativi</strong></span> <span class='ocrx_word' id='word_1_321' title='bbox 1917 1794 2077 1831; x_wconf 82' lang='lat' dir='ltr'><strong>absoluti,</strong></span> <span class='ocrx_word' id='word_1_322' title='bbox 2103 1793 2156 1827; x_wconf 85' lang='lat' dir='ltr'><strong>qui</strong></span> 
     </span>
     <span class='ocr_line' id='line_1_29' title="bbox 343 1838 2155 1873; baseline 0 -7"><span class='ocrx_word' id='word_1_323' title='bbox 343 1839 443 1873; x_wconf 82' lang='lat' dir='ltr'><strong>panio</strong></span> <span class='ocrx_word' id='word_1_324' title='bbox 458 1838 654 1866; x_wconf 78' lang='lat' dir='ltr'><strong>insolentius</strong></span> <span class='ocrx_word' id='word_1_325' title='bbox 669 1838 876 1871; x_wconf 79' lang='lat' dir='ltr'><strong>praecedenti</strong></span> <span class='ocrx_word' id='word_1_326' title='bbox 891 1838 1058 1866; x_wconf 86' lang='lat' dir='ltr'><strong>enuntiato</strong></span> <span class='ocrx_word' id='word_1_327' title='bbox 1072 1839 1217 1867; x_wconf 85' lang='lat' dir='ltr'><strong>adiuncti</strong></span> <span class='ocrx_word' id='word_1_328' title='bbox 1231 1842 1317 1867; x_wconf 78' lang='lat' dir='ltr'><strong>sinit.</strong></span> <span class='ocrx_word' id='word_1_329' title='bbox 1357 1838 1530 1866; x_wconf 67' lang='lat' dir='ltr'><strong>tra&#39;huebar</strong></span> <span class='ocrx_word' id='word_1_330' title='bbox 1543 1840 1581 1866; x_wconf 88' lang='lat' dir='ltr'>D.</span> <span class='ocrx_word' id='word_1_331' title='bbox 1620 1838 1775 1866; x_wconf 77' lang='lat' dir='ltr'><strong>attonita</strong></span> <span class='ocrx_word' id='word_1_332' title='bbox 1788 1840 1823 1868; x_wconf 87' lang='lat' dir='ltr'>F.</span> <span class='ocrx_word' id='word_1_333' title='bbox 1841 1840 1869 1866; x_wconf 93' lang='lat'><strong>1.</strong></span> <span class='ocrx_word' id='word_1_334' title='bbox 1884 1839 1913 1866; x_wconf 82' lang='grc'><strong>3.</strong></span> <span class='ocrx_word' id='word_1_335' title='bbox 1928 1840 1965 1867; x_wconf 90' lang='lat' dir='ltr'><strong>G.</strong></span> <span class='ocrx_word' id='word_1_336' title='bbox 1982 1840 2009 1866; x_wconf 87' lang='lat'><strong>1.</strong></span> <span class='ocrx_word' id='word_1_337' title='bbox 2024 1840 2054 1867; x_wconf 81' lang='lat'><strong>2.</strong></span> <span class='ocrx_word' id='word_1_338' title='bbox 2069 1840 2103 1865; x_wconf 85' lang='grc'><strong>0.</strong></span> <span class='ocrx_word' id='word_1_339' title='bbox 2120 1839 2155 1866; x_wconf 89' lang='grc' dir='ltr'><strong>Ρ.</strong></span> 
     </span>
     <span class='ocr_line' id='line_1_30' title="bbox 345 1881 2156 1919; baseline 0 -8"><span class='ocrx_word' id='word_1_340' title='bbox 345 1882 463 1916; x_wconf 83' lang='lat' dir='ltr'><strong>(etiam</strong></span> <span class='ocrx_word' id='word_1_341' title='bbox 477 1883 509 1910; x_wconf 93' lang='lat' dir='ltr'><strong>in</strong></span> <span class='ocrx_word' id='word_1_342' title='bbox 524 1883 688 1917; x_wconf 80' lang='lat' dir='ltr'><strong>excerptis</strong></span> <span class='ocrx_word' id='word_1_343' title='bbox 703 1884 742 1911; x_wconf 89' lang='lat' dir='ltr'><strong>ad</strong></span> <span class='ocrx_word' id='word_1_344' title='bbox 757 1890 859 1917; x_wconf 83' lang='lat' dir='ltr'><strong>marg.</strong></span> <span class='ocrx_word' id='word_1_345' title='bbox 874 1884 923 1912; x_wconf 83' lang='lat' dir='ltr'><strong>ed.</strong></span> <span class='ocrx_word' id='word_1_346' title='bbox 939 1884 1050 1919; x_wconf 82' lang='lat' dir='ltr'>Coiv.)</span> <span class='ocrx_word' id='word_1_347' title='bbox 1071 1886 1107 1912; x_wconf 89' lang='lat' dir='ltr'>D.</span> <span class='ocrx_word' id='word_1_348' title='bbox 1129 1892 1158 1918; x_wconf 87' lang='lat' dir='ltr'><strong>p.</strong></span> <span class='ocrx_word' id='word_1_349' title='bbox 1180 1883 1199 1912; x_wconf 83' lang='lat' dir='ltr'><strong>f.</strong></span> <span class='ocrx_word' id='word_1_350' title='bbox 1215 1881 1244 1913; x_wconf 77' lang='grc' dir='ltr'><strong>δ’.</strong></span> <span class='ocrx_word' id='word_1_351' title='bbox 1260 1885 1341 1913; x_wconf 85' lang='lat' dir='ltr'><strong>Coti.</strong></span> <span class='ocrx_word' id='word_1_352' title='bbox 1356 1885 1453 1913; x_wconf 77' lang='lat' dir='ltr'><strong>Voss.</strong></span> <span class='ocrx_word' id='word_1_353' title='bbox 1474 1885 1544 1913; x_wconf 88' lang='lat' dir='ltr'><strong>edd.</strong></span> <span class='ocrx_word' id='word_1_354' title='bbox 1561 1888 1637 1913; x_wconf 83' lang='lat' dir='ltr'><strong>vett.</strong></span> <span class='ocrx_word' id='word_1_355' title='bbox 1653 1892 1690 1912; x_wconf 90' lang='lat' dir='ltr'><strong>ac</strong></span> <span class='ocrx_word' id='word_1_356' title='bbox 1704 1887 1785 1913; x_wconf 66' lang='lat' dir='ltr'><strong>bene</strong></span> <span class='ocrx_word' id='word_1_357' title='bbox 1799 1884 1946 1912; x_wconf 74' lang='lat' dir='ltr'><strong>revocari</strong></span> <span class='ocrx_word' id='word_1_358' title='bbox 1960 1883 2054 1912; x_wconf 86' lang='lat' dir='ltr'><strong>iussit</strong></span> <span class='ocrx_word' id='word_1_359' title='bbox 2071 1883 2156 1912; x_wconf 78' lang='lat' dir='ltr'><strong>Prie.</strong></span> 
     </span>
     <span class='ocr_line' id='line_1_31' title="bbox 345 1926 2157 1964; baseline -0.001 -8"><span class='ocrx_word' id='word_1_360' title='bbox 345 1928 386 1956; x_wconf 75' lang='lat' dir='ltr'><strong>cf.</strong></span> <span class='ocrx_word' id='word_1_361' title='bbox 404 1929 444 1956; x_wconf 89' lang='lat' dir='ltr'><strong>ad</strong></span> <span class='ocrx_word' id='word_1_362' title='bbox 459 1931 535 1956; x_wconf 83' lang='lat' dir='ltr'><strong>Met.</strong></span> <span class='ocrx_word' id='word_1_363' title='bbox 550 1928 605 1956; x_wconf 91' lang='lat' dir='ltr'><strong>IV.</strong></span> <span class='ocrx_word' id='word_1_364' title='bbox 621 1936 651 1962; x_wconf 88' lang='lat' dir='ltr'><strong>p.</strong></span> <span class='ocrx_word' id='word_1_365' title='bbox 667 1928 742 1956; x_wconf 79' lang='grc'><strong>287.</strong></span> <span class='ocrx_word' id='word_1_366' title='bbox 768 1926 846 1955; x_wconf 75' lang='lat' dir='ltr'><strong>huic</strong></span> <span class='ocrx_word' id='word_1_367' title='bbox 858 1936 908 1954; x_wconf 77' lang='lat' dir='ltr'><strong>me</strong></span> <span class='ocrx_word' id='word_1_368' title='bbox 923 1928 1019 1964; x_wconf 78' lang='lat' dir='ltr'><strong>operi</strong></span> <span class='ocrx_word' id='word_1_369' title='bbox 1031 1927 1229 1956; x_wconf 67' lang='lat' dir='ltr'><strong>adtonita</strong></span> <span class='ocrx_word' id='word_1_370' title='bbox 1238 1937 1267 1955; x_wconf 84' lang='lat' dir='ltr'><strong>m</strong></span> <span class='ocrx_word' id='word_1_371' title='bbox 1283 1930 1304 1957; x_wconf 89' lang='lat' dir='ltr'><strong>i.</strong></span> <span class='ocrx_word' id='word_1_372' title='bbox 1321 1938 1347 1957; x_wconf 87' lang='lat' dir='ltr'><strong>e.</strong></span> <span class='ocrx_word' id='word_1_373' title='bbox 1365 1930 1459 1958; x_wconf 89' lang='lat' dir='ltr'><strong>unice</strong></span> <span class='ocrx_word' id='word_1_374' title='bbox 1473 1931 1638 1958; x_wconf 84' lang='lat' dir='ltr'><strong>adtentum</strong></span> <span class='ocrx_word' id='word_1_375' title='bbox 1652 1933 1681 1958; x_wconf 86' lang='lat' dir='ltr'><strong>et</strong></span> <span class='ocrx_word' id='word_1_376' title='bbox 1696 1930 1790 1963; x_wconf 85' lang='lat' dir='ltr'><strong>quasi</strong></span> <span class='ocrx_word' id='word_1_377' title='bbox 1806 1931 1844 1957; x_wconf 77' lang='lat' dir='ltr'><strong>ad</strong></span> <span class='ocrx_word' id='word_1_378' title='bbox 1860 1933 1966 1958; x_wconf 79' lang='lat' dir='ltr'><strong>cetera</strong></span> <span class='ocrx_word' id='word_1_379' title='bbox 1979 1930 2157 1962; x_wconf 83' lang='lat' dir='ltr'><strong>stupidum.</strong></span> 
     </span>
     <span class='ocr_line' id='line_1_32' title="bbox 342 1973 2156 2014; baseline -0.001 -12"><span class='ocrx_word' id='word_1_380' title='bbox 342 1975 380 2002; x_wconf 90' lang='lat' dir='ltr'><strong>ln</strong></span> <span class='ocrx_word' id='word_1_381' title='bbox 394 1977 466 2002; x_wconf 84' lang='lat' dir='ltr'><strong>cett.</strong></span> <span class='ocrx_word' id='word_1_382' title='bbox 480 1975 631 2001; x_wconf 76' lang='lat' dir='ltr'><strong>attenta.</strong></span> <span class='ocrx_word' id='word_1_383' title='bbox 679 1974 809 2001; x_wconf 79' lang='lat' dir='ltr'><strong>nostris</strong></span> <span class='ocrx_word' id='word_1_384' title='bbox 825 1982 880 2008; x_wconf 83' lang='lat' dir='ltr'><strong>pro</strong></span> <span class='ocrx_word' id='word_1_385' title='bbox 893 1973 973 2002; x_wconf 69' lang='lat' dir='ltr'><strong>meis</strong></span> <span class='ocrx_word' id='word_1_386' title='bbox 989 1982 1017 2008; x_wconf 78' lang='lat' dir='ltr'><strong>p.</strong></span> <span class='ocrx_word' id='word_1_387' title='bbox 1043 1983 1163 2010; x_wconf 67' lang='lat' dir='ltr'><strong>magno</strong></span> <span class='ocrx_word' id='word_1_388' title='bbox 1184 1982 1282 2011; x_wconf 69' lang='lat' dir='ltr'><strong>opere</strong></span> <span class='ocrx_word' id='word_1_389' title='bbox 1303 1976 1338 2002; x_wconf 86' lang='lat' dir='ltr'><strong>G.</strong></span> <span class='ocrx_word' id='word_1_390' title='bbox 1360 1977 1387 2003; x_wconf 84' lang='lat'><strong>1.</strong></span> <span class='ocrx_word' id='word_1_391' title='bbox 1402 1976 1437 2003; x_wconf 91' lang='lat'><strong>0.</strong></span> <span class='ocrx_word' id='word_1_392' title='bbox 1465 1974 1656 2013; x_wconf 69' lang='lat' dir='ltr'><strong>fugitivum</strong></span> <span class='ocrx_word' id='word_1_393' title='bbox 1678 1983 1733 2009; x_wconf 89' lang='lat' dir='ltr'><strong>pro</strong></span> <span class='ocrx_word' id='word_1_394' title='bbox 1745 1974 1932 2014; x_wconf 68' lang='lat' dir='ltr'><strong>furtivum.</strong></span> <span class='ocrx_word' id='word_1_395' title='bbox 1965 1975 2058 2002; x_wconf 85' lang='lat' dir='ltr'><strong>Unde</strong></span> <span class='ocrx_word' id='word_1_396' title='bbox 2073 1976 2156 2003; x_wconf 75' lang='lat' dir='ltr'><strong>lianc</strong></span> 
     </span>
     <span class='ocr_line' id='line_1_33' title="bbox 342 2019 2154 2058; baseline -0.001 -11"><span class='ocrx_word' id='word_1_397' title='bbox 342 2019 515 2048; x_wconf 86' lang='lat' dir='ltr'><strong>lectionem</strong></span> <span class='ocrx_word' id='word_1_398' title='bbox 530 2020 703 2047; x_wconf 80' lang='lat' dir='ltr'><strong>Ruhnken.</strong></span> <span class='ocrx_word' id='word_1_399' title='bbox 719 2020 949 2054; x_wconf 77' lang='lat' dir='ltr'><strong>deprompserit</strong></span> <span class='ocrx_word' id='word_1_400' title='bbox 971 2020 1119 2053; x_wconf 78' lang='lat' dir='ltr'><strong>equidem</strong></span> <span class='ocrx_word' id='word_1_401' title='bbox 1139 2021 1260 2048; x_wconf 81' lang='lat' dir='ltr'><strong>nescio.</strong></span> <span class='ocrx_word' id='word_1_402' title='bbox 1290 2022 1324 2048; x_wconf 89' lang='lat' dir='ltr'><strong>In</strong></span> <span class='ocrx_word' id='word_1_403' title='bbox 1340 2021 1421 2048; x_wconf 81' lang='lat' dir='ltr'><strong>ineis</strong></span> <span class='ocrx_word' id='word_1_404' title='bbox 1435 2021 1561 2049; x_wconf 84' lang='lat' dir='ltr'><strong>enimet</strong></span> <span class='ocrx_word' id='word_1_405' title='bbox 1577 2022 1667 2049; x_wconf 85' lang='lat' dir='ltr'><strong>codd.</strong></span> <span class='ocrx_word' id='word_1_406' title='bbox 1683 2023 1711 2048; x_wconf 72' lang='lat' dir='ltr'><strong>et</strong></span> <span class='ocrx_word' id='word_1_407' title='bbox 1733 2021 1802 2048; x_wconf 88' lang='lat' dir='ltr'><strong>edd.</strong></span> <span class='ocrx_word' id='word_1_408' title='bbox 1818 2020 1968 2048; x_wconf 85' lang='lat' dir='ltr'><strong>omnibus</strong></span> <span class='ocrx_word' id='word_1_409' title='bbox 1978 2019 2154 2058; x_wconf 74' lang='lat' dir='ltr'><strong>furtivum</strong></span> 
     </span>
     <span class='ocr_line' id='line_1_34' title="bbox 343 2063 2156 2102; baseline 0.001 -10"><span class='ocrx_word' id='word_1_410' title='bbox 343 2065 508 2093; x_wconf 82' lang='lat' dir='ltr'><strong>scribitur.</strong></span> <span class='ocrx_word' id='word_1_411' title='bbox 540 2067 679 2100; x_wconf 75' lang='lat' dir='ltr'><strong>portam</strong></span> <span class='ocrx_word' id='word_1_412' title='bbox 695 2065 730 2093; x_wconf 83' lang='lat' dir='ltr'><strong>F.</strong></span> <span class='ocrx_word' id='word_1_413' title='bbox 752 2067 782 2092; x_wconf 88' lang='lat'><strong>3.</strong></span> <span class='ocrx_word' id='word_1_414' title='bbox 809 2066 846 2092; x_wconf 81' lang='lat' dir='ltr'><strong>G.</strong></span> <span class='ocrx_word' id='word_1_415' title='bbox 867 2066 894 2092; x_wconf 87' lang='grc'><strong>1.</strong></span> <span class='ocrx_word' id='word_1_416' title='bbox 915 2066 944 2093; x_wconf 77' lang='grc'><strong>2.</strong></span> <span class='ocrx_word' id='word_1_417' title='bbox 965 2066 999 2093; x_wconf 90' lang='grc' dir='ltr'><strong>Ο.</strong></span> <span class='ocrx_word' id='word_1_418' title='bbox 1015 2066 1053 2093; x_wconf 88' lang='lat' dir='ltr'><strong>D.</strong></span> <span class='ocrx_word' id='word_1_419' title='bbox 1077 2067 1113 2093; x_wconf 88' lang='lat' dir='ltr'><strong>In</strong></span> <span class='ocrx_word' id='word_1_420' title='bbox 1133 2068 1322 2102; x_wconf 55' lang='lat' dir='ltr'><strong>uetulum-ta</strong></span> <span class='ocrx_word' id='word_1_421' title='bbox 1337 2066 1434 2094; x_wconf 85' lang='lat' dir='ltr'><strong>etiam</strong></span> <span class='ocrx_word' id='word_1_422' title='bbox 1454 2067 1583 2094; x_wconf 83' lang='lat' dir='ltr'><strong>Rulink.</strong></span> <span class='ocrx_word' id='word_1_423' title='bbox 1599 2069 1710 2094; x_wconf 84' lang='lat' dir='ltr'><strong>contra</strong></span> <span class='ocrx_word' id='word_1_424' title='bbox 1730 2065 1809 2094; x_wconf 78' lang='lat' dir='ltr'><strong>Oud-</strong></span> <span class='ocrx_word' id='word_1_425' title='bbox 1859 2063 2100 2101; x_wconf 62' lang='lat' dir='ltr'><strong>&#39;‘amproxt&#39;ma</strong></span> <span class='ocrx_word' id='word_1_426' title='bbox 2120 2065 2156 2095; x_wconf 86' lang='grc'><strong>0.</strong></span> 
     </span>
     <span class='ocr_line' id='line_1_35' title="bbox 341 2108 2155 2147; baseline 0.002 -11"><span class='ocrx_word' id='word_1_427' title='bbox 341 2110 471 2146; x_wconf 71' lang='lat' dir='ltr'><strong>petitus</strong></span> <span class='ocrx_word' id='word_1_428' title='bbox 491 2111 527 2138; x_wconf 81' lang='lat'><strong>1..</strong></span> <span class='ocrx_word' id='word_1_429' title='bbox 552 2111 591 2138; x_wconf 84' lang='lat'><strong>1).</strong></span> <span class='ocrx_word' id='word_1_430' title='bbox 651 2117 701 2136; x_wconf 77' lang='lat' dir='ltr'><strong>me</strong></span> <span class='ocrx_word' id='word_1_431' title='bbox 727 2113 803 2138; x_wconf 84' lang='lat' dir='ltr'><strong>ante</strong></span> <span class='ocrx_word' id='word_1_432' title='bbox 828 2108 1003 2137; x_wconf 67' lang='lat' dir='ltr'><strong>celerrimo</strong></span> <span class='ocrx_word' id='word_1_433' title='bbox 1030 2119 1093 2138; x_wconf 84' lang='lat' dir='ltr'><strong>non</strong></span> <span class='ocrx_word' id='word_1_434' title='bbox 1119 2115 1280 2145; x_wconf 83' lang='lat' dir='ltr'><strong>comparet</strong></span> <span class='ocrx_word' id='word_1_435' title='bbox 1301 2111 1333 2138; x_wconf 82' lang='lat' dir='ltr'><strong>in</strong></span> <span class='ocrx_word' id='word_1_436' title='bbox 1354 2112 1389 2139; x_wconf 78' lang='lat' dir='ltr'><strong>F.</strong></span> <span class='ocrx_word' id='word_1_437' title='bbox 1413 2112 1440 2139; x_wconf 92' lang='lat'><strong>1.</strong></span> <span class='ocrx_word' id='word_1_438' title='bbox 1462 2115 1541 2139; x_wconf 85' lang='lat' dir='ltr'><strong>teste</strong></span> <span class='ocrx_word' id='word_1_439' title='bbox 1555 2113 1637 2140; x_wconf 82' lang='lat' dir='ltr'>Elm.</span> <span class='ocrx_word' id='word_1_440' title='bbox 1681 2118 1821 2147; x_wconf 70' lang='lat' dir='ltr'><strong>passum</strong></span> <span class='ocrx_word' id='word_1_441' title='bbox 1842 2112 1878 2139; x_wconf 89' lang='lat' dir='ltr'><strong>G.</strong></span> <span class='ocrx_word' id='word_1_442' title='bbox 1901 2111 1929 2139; x_wconf 86' lang='grc'><strong>1.</strong></span> <span class='ocrx_word' id='word_1_443' title='bbox 1971 2108 2155 2146; x_wconf 70' lang='lat' dir='ltr'><strong>prrni¹⁴iem</strong></span> 
     </span>
     <span class='ocr_line' id='line_1_36' title="bbox 344 2153 2156 2189; baseline -0.001 -6"><span class='ocrx_word' id='word_1_444' title='bbox 344 2157 379 2183; x_wconf 87' lang='lat' dir='ltr'><strong>G.</strong></span> <span class='ocrx_word' id='word_1_445' title='bbox 400 2157 431 2183; x_wconf 87' lang='grc'><strong>2.</strong></span> <span class='ocrx_word' id='word_1_446' title='bbox 451 2156 488 2183; x_wconf 91' lang='lat' dir='ltr'><strong>P.</strong></span> <span class='ocrx_word' id='word_1_447' title='bbox 508 2157 545 2183; x_wconf 86' lang='lat'><strong>1).</strong></span> <span class='ocrx_word' id='word_1_448' title='bbox 597 2153 768 2182; x_wconf 76' lang='lat' dir='ltr'><strong>Cencheas</strong></span> <span class='ocrx_word' id='word_1_449' title='bbox 788 2156 823 2183; x_wconf 81' lang='lat' dir='ltr'><strong>F.</strong></span> <span class='ocrx_word' id='word_1_450' title='bbox 848 2157 875 2184; x_wconf 93' lang='lat'><strong>1.</strong></span> <span class='ocrx_word' id='word_1_451' title='bbox 916 2154 1110 2183; x_wconf 66' lang='lat' dir='ltr'><strong>Gunela-eas</strong></span> <span class='ocrx_word' id='word_1_452' title='bbox 1131 2153 1160 2184; x_wconf 78' lang='grc' dir='ltr'><strong>δ.</strong></span> <span class='ocrx_word' id='word_1_453' title='bbox 1185 2158 1270 2185; x_wconf 78' lang='lat' dir='ltr'><strong>Iunt-</strong></span> <span class='ocrx_word' id='word_1_454' title='bbox 1291 2158 1319 2184; x_wconf 88' lang='lat'><strong>1.</strong></span> <span class='ocrx_word' id='word_1_455' title='bbox 1334 2157 1409 2184; x_wconf 81' lang='lat' dir='ltr'>Ald.</span> <span class='ocrx_word' id='word_1_456' title='bbox 1447 2154 1624 2183; x_wconf 67' lang='lat' dir='ltr'><strong>coclazrects</strong></span> <span class='ocrx_word' id='word_1_457' title='bbox 1639 2157 1675 2185; x_wconf 90' lang='lat' dir='ltr'><strong>G.</strong></span> <span class='ocrx_word' id='word_1_458' title='bbox 1691 2158 1721 2185; x_wconf 87' lang='grc'><strong>1.</strong></span> <span class='ocrx_word' id='word_1_459' title='bbox 1741 2156 1775 2184; x_wconf 87' lang='lat' dir='ltr'><strong>in</strong></span> <span class='ocrx_word' id='word_1_460' title='bbox 1794 2158 1882 2184; x_wconf 86' lang='lat' dir='ltr'><strong>textu</strong></span> <span class='ocrx_word' id='word_1_461' title='bbox 1896 2162 1972 2184; x_wconf 83' lang='lat' dir='ltr'><strong>am.</strong></span> <span class='ocrx_word' id='word_1_462' title='bbox 1986 2163 2016 2183; x_wconf 82' lang='lat' dir='ltr'><strong>s.</strong></span> <span class='ocrx_word' id='word_1_463' title='bbox 2037 2154 2156 2189; x_wconf 80' lang='lat' dir='ltr'><strong>(prius</strong></span> 
     </span>
     <span class='ocr_line' id='line_1_37' title="bbox 341 2196 2157 2237; baseline 0.001 -9"><span class='ocrx_word' id='word_1_464' title='bbox 341 2196 473 2229; x_wconf 72' lang='lat' dir='ltr'><strong>lituram</strong></span> <span class='ocrx_word' id='word_1_465' title='bbox 487 2200 591 2229; x_wconf 82' lang='lat' dir='ltr'><strong>fuisse</strong></span> <span class='ocrx_word' id='word_1_466' title='bbox 605 2201 770 2235; x_wconf 83' lang='lat' dir='ltr'><strong>apparet.)</strong></span> <span class='ocrx_word' id='word_1_467' title='bbox 786 2202 864 2229; x_wconf 87' lang='lat' dir='ltr'>Oud.</span> <span class='ocrx_word' id='word_1_468' title='bbox 879 2209 896 2229; x_wconf 91' lang='lat' dir='ltr'><strong>e</strong></span> <span class='ocrx_word' id='word_1_469' title='bbox 910 2201 982 2229; x_wconf 85' lang='lat' dir='ltr'><strong>suis</strong></span> <span class='ocrx_word' id='word_1_470' title='bbox 996 2202 1158 2236; x_wconf 82' lang='lat' dir='ltr'><strong>excerptis</strong></span> <span class='ocrx_word' id='word_1_471' title='bbox 1173 2201 1314 2230; x_wconf 79' lang='lat' dir='ltr'><strong>enotavit</strong></span> <span class='ocrx_word' id='word_1_472' title='bbox 1329 2200 1548 2229; x_wconf 65' lang='lat' dir='ltr'><strong>comburens.</strong></span> <span class='ocrx_word' id='word_1_473' title='bbox 1574 2199 1770 2228; x_wconf 75' lang='lat' dir='ltr'><strong>cerichreas</strong></span> <span class='ocrx_word' id='word_1_474' title='bbox 1779 2203 1814 2230; x_wconf 87' lang='lat' dir='ltr'><strong>G.</strong></span> <span class='ocrx_word' id='word_1_475' title='bbox 1824 2201 1900 2230; x_wconf 80' lang='lat'>2.1).</span> <span class='ocrx_word' id='word_1_476' title='bbox 1925 2197 2104 2237; x_wconf 72' lang='lat' dir='ltr'><strong>Eryclteas</strong></span> <span class='ocrx_word' id='word_1_477' title='bbox 2119 2201 2157 2230; x_wconf 80' lang='grc' dir='ltr'><strong>Ι..</strong></span> 
     </span>
     <span class='ocr_line' id='line_1_38' title="bbox 345 2243 2155 2283; baseline 0.003 -13"><span class='ocrx_word' id='word_1_478' title='bbox 345 2243 518 2273; x_wconf 74' lang='lat' dir='ltr'><strong>Cenehras</strong></span> <span class='ocrx_word' id='word_1_479' title='bbox 539 2247 614 2274; x_wconf 71' lang='lat' dir='ltr'><strong>Bas,</strong></span> <span class='ocrx_word' id='word_1_480' title='bbox 663 2244 753 2283; x_wconf 77' lang='lat' dir='ltr'><strong>quod</strong></span> <span class='ocrx_word' id='word_1_481' title='bbox 771 2244 922 2282; x_wconf 66' lang='lat' dir='ltr'><strong>oppidum</strong></span> <span class='ocrx_word' id='word_1_482' title='bbox 944 2250 996 2273; x_wconf 73' lang='lat' dir='ltr'><strong>est</strong></span> <span class='ocrx_word' id='word_1_483' title='bbox 1015 2248 1050 2276; x_wconf 85' lang='lat' dir='ltr'><strong>G.</strong></span> <span class='ocrx_word' id='word_1_484' title='bbox 1068 2248 1095 2275; x_wconf 86' lang='lat'><strong>1.</strong></span> <span class='ocrx_word' id='word_1_485' title='bbox 1111 2249 1140 2275; x_wconf 82' lang='lat'><strong>2.</strong></span> <span class='ocrx_word' id='word_1_486' title='bbox 1156 2248 1190 2275; x_wconf 94' lang='grc' dir='ltr'><strong>Ο.</strong></span> <span class='ocrx_word' id='word_1_487' title='bbox 1206 2249 1242 2276; x_wconf 92' lang='lat' dir='ltr'><strong>D.</strong></span> <span class='ocrx_word' id='word_1_488' title='bbox 1258 2247 1278 2275; x_wconf 80' lang='lat' dir='ltr'><strong>f.</strong></span> <span class='ocrx_word' id='word_1_489' title='bbox 1301 2244 1330 2275; x_wconf 78' lang='grc' dir='ltr'><strong>δ’.</strong></span> <span class='ocrx_word' id='word_1_490' title='bbox 1350 2249 1386 2275; x_wconf 81' lang='lat' dir='ltr'><strong>R.</strong></span> <span class='ocrx_word' id='word_1_491' title='bbox 1408 2246 1483 2275; x_wconf 80' lang='lat' dir='ltr'>Cod.</span> <span class='ocrx_word' id='word_1_492' title='bbox 1505 2248 1587 2275; x_wconf 78' lang='lat' dir='ltr'><strong>Petr-</strong></span> <span class='ocrx_word' id='word_1_493' title='bbox 1614 2247 1692 2275; x_wconf 85' lang='lat' dir='ltr'>Coll.</span> <span class='ocrx_word' id='word_1_494' title='bbox 1710 2248 1806 2275; x_wconf 80' lang='lat' dir='ltr'><strong>Voss.</strong></span> <span class='ocrx_word' id='word_1_495' title='bbox 1833 2250 1863 2274; x_wconf 82' lang='lat' dir='ltr'><strong>et</strong></span> <span class='ocrx_word' id='word_1_496' title='bbox 1883 2246 1915 2274; x_wconf 81' lang='lat' dir='ltr'><strong>in</strong></span> <span class='ocrx_word' id='word_1_497' title='bbox 1942 2253 2040 2280; x_wconf 81' lang='lat' dir='ltr'><strong>marg.</strong></span> <span class='ocrx_word' id='word_1_498' title='bbox 2067 2246 2100 2275; x_wconf 75' lang='lat'>1⁴¹.</span> <span class='ocrx_word' id='word_1_499' title='bbox 2126 2247 2155 2275; x_wconf 86' lang='lat'><strong>¹1.</strong></span> 
     </span>
     <span class='ocr_line' id='line_1_39' title="bbox 343 2291 2156 2326; baseline -0.001 -6"><span class='ocrx_word' id='word_1_500' title='bbox 343 2300 363 2320; x_wconf 85' lang='lat' dir='ltr'><strong>a</strong></span> <span class='ocrx_word' id='word_1_501' title='bbox 387 2299 485 2320; x_wconf 87' lang='lat' dir='ltr'><strong>manu</strong></span> <span class='ocrx_word' id='word_1_502' title='bbox 512 2298 577 2319; x_wconf 78' lang='lat' dir='ltr'><strong>sec.</strong></span> <span class='ocrx_word' id='word_1_503' title='bbox 603 2299 677 2319; x_wconf 85' lang='lat' dir='ltr'><strong>esse</strong></span> <span class='ocrx_word' id='word_1_504' title='bbox 703 2295 841 2320; x_wconf 85' lang='lat' dir='ltr'><strong>testatur</strong></span> <span class='ocrx_word' id='word_1_505' title='bbox 859 2293 938 2320; x_wconf 86' lang='lat' dir='ltr'><strong>oud.</strong></span> <span class='ocrx_word' id='word_1_506' title='bbox 964 2292 1121 2326; x_wconf 64' lang='lat' dir='ltr'><strong>quuidem</strong></span> <span class='ocrx_word' id='word_1_507' title='bbox 1143 2292 1174 2320; x_wconf 88' lang='lat' dir='ltr'><strong>in</strong></span> <span class='ocrx_word' id='word_1_508' title='bbox 1195 2294 1267 2320; x_wconf 81' lang='lat' dir='ltr'><strong>coll.</strong></span> <span class='ocrx_word' id='word_1_509' title='bbox 1287 2292 1381 2321; x_wconf 88' lang='lat' dir='ltr'><strong>Lind.</strong></span> <span class='ocrx_word' id='word_1_510' title='bbox 1404 2292 1485 2321; x_wconf 84' lang='lat' dir='ltr'><strong>nibil</strong></span> <span class='ocrx_word' id='word_1_511' title='bbox 1506 2296 1671 2321; x_wconf 85' lang='lat' dir='ltr'><strong>enotatuni</strong></span> <span class='ocrx_word' id='word_1_512' title='bbox 1693 2292 1773 2326; x_wconf 77' lang='lat' dir='ltr'><strong>vidi,</strong></span> <span class='ocrx_word' id='word_1_513' title='bbox 1798 2291 1901 2325; x_wconf 73' lang='lat' dir='ltr'>quiF.</span> <span class='ocrx_word' id='word_1_514' title='bbox 1918 2292 1946 2319; x_wconf 90' lang='lat'><strong>1.</strong></span> <span class='ocrx_word' id='word_1_515' title='bbox 1972 2292 2156 2319; x_wconf 77' lang='lat' dir='ltr'><strong>esthabere</strong></span> 
     </span>
     <span class='ocr_line' id='line_1_40' title="bbox 341 2335 2155 2372; baseline -0.002 -7"><span class='ocrx_word' id='word_1_516' title='bbox 341 2337 560 2365; x_wconf 81' lang='lat' dir='ltr'><strong>tantummodo</strong></span> <span class='ocrx_word' id='word_1_517' title='bbox 576 2336 705 2370; x_wconf 81' lang='lat' dir='ltr'><strong>profert.</strong></span> <span class='ocrx_word' id='word_1_518' title='bbox 731 2335 828 2363; x_wconf 75' lang='lat' dir='ltr'><strong>audit</strong></span> <span class='ocrx_word' id='word_1_519' title='bbox 842 2337 876 2366; x_wconf 80' lang='lat' dir='ltr'><strong>F.</strong></span> <span class='ocrx_word' id='word_1_520' title='bbox 892 2339 922 2365; x_wconf 80' lang='lat'><strong>2.</strong></span> <span class='ocrx_word' id='word_1_521' title='bbox 938 2338 967 2365; x_wconf 89' lang='lat'><strong>3.</strong></span> <span class='ocrx_word' id='word_1_522' title='bbox 982 2335 1030 2372; x_wconf 82' lang='lat' dir='ltr'><strong>(at</strong></span> <span class='ocrx_word' id='word_1_523' title='bbox 1044 2345 1162 2366; x_wconf 82' lang='lat' dir='ltr'><strong>manus</strong></span> <span class='ocrx_word' id='word_1_524' title='bbox 1176 2338 1336 2366; x_wconf 86' lang='lat' dir='ltr'><strong>recentior</strong></span> <span class='ocrx_word' id='word_1_525' title='bbox 1348 2338 1380 2365; x_wconf 90' lang='lat' dir='ltr'><strong>in</strong></span> <span class='ocrx_word' id='word_1_526' title='bbox 1395 2339 1454 2365; x_wconf 81' lang='lat' dir='ltr'><strong>hoc</strong></span> <span class='ocrx_word' id='word_1_527' title='bbox 1467 2339 1535 2365; x_wconf 89' lang='lat' dir='ltr'><strong>cod.</strong></span> <span class='ocrx_word' id='word_1_528' title='bbox 1551 2338 1668 2365; x_wconf 81' lang='lat' dir='ltr'><strong>delevit</strong></span> <span class='ocrx_word' id='word_1_529' title='bbox 1683 2335 1779 2364; x_wconf 71' lang='lat' dir='ltr'><strong>audie</strong></span> <span class='ocrx_word' id='word_1_530' title='bbox 1793 2340 1824 2364; x_wconf 82' lang='lat' dir='ltr'><strong>et</strong></span> <span class='ocrx_word' id='word_1_531' title='bbox 1837 2335 2059 2371; x_wconf 78' lang='lat' dir='ltr'><strong>superaddidit</strong></span> <span class='ocrx_word' id='word_1_532' title='bbox 2074 2337 2155 2371; x_wconf 75' lang='lat' dir='ltr'><strong>est.)</strong></span> 
     </span>
     <span class='ocr_line' id='line_1_41' title="bbox 342 2379 2153 2416; baseline -0.002 -6"><span class='ocrx_word' id='word_1_533' title='bbox 342 2383 378 2411; x_wconf 92' lang='lat' dir='ltr'><strong>P.</strong></span> <span class='ocrx_word' id='word_1_534' title='bbox 403 2383 438 2410; x_wconf 92' lang='lat' dir='ltr'><strong>B.</strong></span> <span class='ocrx_word' id='word_1_535' title='bbox 465 2389 493 2415; x_wconf 83' lang='lat' dir='ltr'><strong>p.</strong></span> <span class='ocrx_word' id='word_1_536' title='bbox 520 2383 569 2410; x_wconf 87' lang='lat' dir='ltr'><strong>ed.</strong></span> <span class='ocrx_word' id='word_1_537' title='bbox 596 2389 642 2416; x_wconf 84' lang='lat' dir='ltr'><strong>pr.</strong></span> <span class='ocrx_word' id='word_1_538' title='bbox 669 2382 741 2411; x_wconf 72' lang='lat' dir='ltr'><strong>Vic.</strong></span> <span class='ocrx_word' id='word_1_539' title='bbox 762 2383 877 2410; x_wconf 78' lang='lat' dir='ltr'><strong>Venet.</strong></span> <span class='ocrx_word' id='word_1_540' title='bbox 897 2384 927 2411; x_wconf 76' lang='grc'><strong>2.</strong></span> <span class='ocrx_word' id='word_1_541' title='bbox 954 2384 1037 2410; x_wconf 83' lang='lat' dir='ltr'>Elin.</span> <span class='ocrx_word' id='word_1_542' title='bbox 1063 2384 1166 2411; x_wconf 82' lang='lat' dir='ltr'><strong>Scriv.</strong></span> <span class='ocrx_word' id='word_1_543' title='bbox 1193 2383 1312 2411; x_wconf 84' lang='lat' dir='ltr'><strong>Fiorid.</strong></span> <span class='ocrx_word' id='word_1_544' title='bbox 1360 2381 1500 2410; x_wconf 71' lang='lat' dir='ltr'><strong>audient</strong></span> <span class='ocrx_word' id='word_1_545' title='bbox 1524 2384 1636 2411; x_wconf 80' lang='lat' dir='ltr'><strong>Venet.</strong></span> <span class='ocrx_word' id='word_1_546' title='bbox 1663 2383 1693 2409; x_wconf 81' lang='lat'><strong>4.</strong></span> <span class='ocrx_word' id='word_1_547' title='bbox 1719 2382 1824 2411; x_wconf 82' lang='lat' dir='ltr'><strong>Paris.</strong></span> <span class='ocrx_word' id='word_1_548' title='bbox 1851 2383 1928 2410; x_wconf 79' lang='lat' dir='ltr'><strong>Bas.</strong></span> <span class='ocrx_word' id='word_1_549' title='bbox 1952 2383 1979 2409; x_wconf 87' lang='grc'><strong>1.</strong></span> <span class='ocrx_word' id='word_1_550' title='bbox 2027 2379 2153 2408; x_wconf 78' lang='lat' dir='ltr'><strong>adeunt</strong></span> 
     </span>
     <span class='ocr_line' id='line_1_42' title="bbox 339 2425 2086 2464; baseline -0.002 -7"><span class='ocrx_word' id='word_1_551' title='bbox 339 2429 424 2457; x_wconf 87' lang='lat' dir='ltr'>lunt.</span> <span class='ocrx_word' id='word_1_552' title='bbox 442 2428 469 2456; x_wconf 85' lang='lat'><strong>1.</strong></span> <span class='ocrx_word' id='word_1_553' title='bbox 484 2428 604 2456; x_wconf 77' lang='lat' dir='ltr'>2.A1d.</span> <span class='ocrx_word' id='word_1_554' title='bbox 642 2425 913 2464; x_wconf 77' lang='lat' dir='ltr'><strong>adeuntqnoque</strong></span> <span class='ocrx_word' id='word_1_555' title='bbox 927 2429 1016 2456; x_wconf 87' lang='lat' dir='ltr'><strong>codd.</strong></span> <span class='ocrx_word' id='word_1_556' title='bbox 1031 2429 1143 2457; x_wconf 54' lang='lat' dir='ltr'>XVow.</span> <span class='ocrx_word' id='word_1_557' title='bbox 1180 2426 1317 2456; x_wconf 70' lang='lat' dir='ltr'><strong>advenit</strong></span> <span class='ocrx_word' id='word_1_558' title='bbox 1332 2429 1409 2457; x_wconf 88' lang='lat' dir='ltr'><strong>Bas.</strong></span> <span class='ocrx_word' id='word_1_559' title='bbox 1425 2430 1456 2457; x_wconf 85' lang='lat'><strong>2.</strong></span> <span class='ocrx_word' id='word_1_560' title='bbox 1476 2427 1516 2457; x_wconf 80' lang='lat' dir='ltr'><strong>cf.</strong></span> <span class='ocrx_word' id='word_1_561' title='bbox 1531 2429 1572 2456; x_wconf 85' lang='lat' dir='ltr'><strong>ad</strong></span> <span class='ocrx_word' id='word_1_562' title='bbox 1585 2430 1662 2456; x_wconf 86' lang='lat' dir='ltr'><strong>Met.</strong></span> <span class='ocrx_word' id='word_1_563' title='bbox 1676 2429 1717 2457; x_wconf 82' lang='lat'><strong>11.</strong></span> <span class='ocrx_word' id='word_1_564' title='bbox 1731 2436 1761 2462; x_wconf 84' lang='lat' dir='ltr'><strong>p.</strong></span> <span class='ocrx_word' id='word_1_565' title='bbox 1777 2428 1852 2456; x_wconf 85' lang='grc'><strong>111.</strong></span> <span class='ocrx_word' id='word_1_566' title='bbox 1867 2430 1898 2455; x_wconf 77' lang='lat' dir='ltr'><strong>et</strong></span> <span class='ocrx_word' id='word_1_567' title='bbox 1910 2427 1949 2456; x_wconf 90' lang='lat' dir='ltr'><strong>V.</strong></span> <span class='ocrx_word' id='word_1_568' title='bbox 1964 2434 1994 2462; x_wconf 87' lang='lat' dir='ltr'><strong>p.</strong></span> <span class='ocrx_word' id='word_1_569' title='bbox 2009 2427 2086 2455; x_wconf 76' lang='lat'>351.</span> 
     </span>
    </p>
   </div>
   <div class='ocr_carea' id='block_1_7' title="bbox 338 2535 2153 3043">
    <p class='ocr_par' dir='ltr' id='par_1_8' title="bbox 338 2535 2153 3043">
     <span class='ocr_line' id='line_1_43' title="bbox 341 2535 2153 2593; baseline -0.002 -15"><span class='ocrx_word' id='word_1_570' title='bbox 341 2538 392 2578; x_wconf 85' lang='lat' dir='ltr'><strong>ad</strong></span> <span class='ocrx_word' id='word_1_571' title='bbox 424 2537 554 2577; x_wconf 88' lang='lat' dir='ltr'><strong>Iuven.</strong></span> <span class='ocrx_word' id='word_1_572' title='bbox 588 2537 617 2577; x_wconf 92' lang='lat' dir='ltr'><strong>l.</strong></span> <span class='ocrx_word' id='word_1_573' title='bbox 652 2541 742 2579; x_wconf 85' lang='lat'>159.</span> <span class='ocrx_word' id='word_1_574' title='bbox 776 2542 815 2576; x_wconf 82' lang='lat' dir='ltr'><strong>et</strong></span> <span class='ocrx_word' id='word_1_575' title='bbox 852 2537 1091 2589; x_wconf 85' lang='lat' dir='ltr'><strong>Kobierzyk.</strong></span> <span class='ocrx_word' id='word_1_576' title='bbox 1132 2537 1157 2578; x_wconf 96' lang='lat' dir='ltr'><strong>l.</strong></span> <span class='ocrx_word' id='word_1_577' title='bbox 1188 2552 1220 2578; x_wconf 89' lang='lat' dir='ltr'><strong>c.</strong></span> <span class='ocrx_word' id='word_1_578' title='bbox 1275 2538 1355 2593; x_wconf 56' lang='lat' dir='ltr'><strong>&gt;bac</strong></span> <span class='ocrx_word' id='word_1_579' title='bbox 1374 2539 1659 2578; x_wconf 84' lang='lat' dir='ltr'><strong>constructione</strong></span> <span class='ocrx_word' id='word_1_580' title='bbox 1681 2536 1783 2576; x_wconf 83' lang='lat' dir='ltr'>Oud.</span> <span class='ocrx_word' id='word_1_581' title='bbox 1800 2540 2002 2589; x_wconf 84' lang='lat' dir='ltr'><strong>comparat</strong></span> <span class='ocrx_word' id='word_1_582' title='bbox 2018 2535 2153 2575; x_wconf 85' lang='lat' dir='ltr'><strong>Heins.</strong></span> 
     </span>
     <span class='ocr_line' id='line_1_44' title="bbox 341 2591 2152 2648; baseline -0.002 -15"><span class='ocrx_word' id='word_1_583' title='bbox 341 2595 536 2648; x_wconf 79' lang='lat' dir='ltr'>p.1373.]</span> <span class='ocrx_word' id='word_1_584' title='bbox 1281 2599 1320 2633; x_wconf 82' lang='lat' dir='ltr'><strong>et</strong></span> <span class='ocrx_word' id='word_1_585' title='bbox 1344 2595 1473 2634; x_wconf 80' lang='lat' dir='ltr'><strong>Burni.</strong></span> <span class='ocrx_word' id='word_1_586' title='bbox 1500 2595 1550 2633; x_wconf 86' lang='lat' dir='ltr'><strong>ad</strong></span> <span class='ocrx_word' id='word_1_587' title='bbox 1576 2594 1692 2633; x_wconf 71' lang='lat' dir='ltr'><strong>Ovid.</strong></span> <span class='ocrx_word' id='word_1_588' title='bbox 1716 2594 1813 2632; x_wconf 84' lang='lat' dir='ltr'><strong>Met.</strong></span> <span class='ocrx_word' id='word_1_589' title='bbox 1844 2594 1895 2633; x_wconf 92' lang='lat' dir='ltr'><strong>X.</strong></span> <span class='ocrx_word' id='word_1_590' title='bbox 1922 2596 2014 2634; x_wconf 85' lang='lat'>627.</span> <span class='ocrx_word' id='word_1_591' title='bbox 2045 2591 2152 2631; x_wconf 81' lang='lat' dir='ltr'><strong>thi.</strong></span> 
     </span>
     <span class='ocr_line' id='line_1_45' title="bbox 399 2649 2151 2692; baseline -0.001 -2"><span class='ocrx_word' id='word_1_592' title='bbox 399 2652 600 2691; x_wconf 70' lang='lat' dir='ltr'><strong>scelestae.</strong></span> <span class='ocrx_word' id='word_1_593' title='bbox 644 2651 881 2691; x_wconf 76' lang='lat' dir='ltr'><strong>scelerosae</strong></span> <span class='ocrx_word' id='word_1_594' title='bbox 907 2651 1113 2690; x_wconf 86' lang='lat' dir='ltr'><strong>lectionem</strong></span> <span class='ocrx_word' id='word_1_595' title='bbox 1135 2652 1219 2690; x_wconf 84' lang='lat' dir='ltr'><strong>cod.</strong></span> <span class='ocrx_word' id='word_1_596' title='bbox 1282 2656 1374 2692; x_wconf 83' lang='lat'>728.</span> <span class='ocrx_word' id='word_1_597' title='bbox 1423 2652 1491 2690; x_wconf 88' lang='lat' dir='ltr'><strong>Dr.</strong></span> <span class='ocrx_word' id='word_1_598' title='bbox 1525 2651 1573 2690; x_wconf 84' lang='lat' dir='ltr'><strong>ad</strong></span> <span class='ocrx_word' id='word_1_599' title='bbox 1605 2651 1693 2689; x_wconf 81' lang='lat' dir='ltr'>Liv.</span> <span class='ocrx_word' id='word_1_600' title='bbox 1719 2649 1873 2689; x_wconf 84' lang='lat' dir='ltr'>XXXI.</span> <span class='ocrx_word' id='word_1_601' title='bbox 1898 2654 1964 2690; x_wconf 76' lang='lat'><strong>45.</strong></span> <span class='ocrx_word' id='word_1_602' title='bbox 2012 2649 2151 2688; x_wconf 73' lang='lat' dir='ltr'><strong>Davis.</strong></span> 
     </span>
     <span class='ocr_line' id='line_1_46' title="bbox 341 2705 2152 2759; baseline -0.002 -12"><span class='ocrx_word' id='word_1_603' title='bbox 341 2708 449 2747; x_wconf 87' lang='lat' dir='ltr'><strong>Bert.</strong></span> <span class='ocrx_word' id='word_1_604' title='bbox 465 2708 642 2746; x_wconf 74' lang='lat' dir='ltr'><strong>librarius</strong></span> <span class='ocrx_word' id='word_1_605' title='bbox 661 2708 746 2745; x_wconf 78' lang='lat' dir='ltr'><strong>sine</strong></span> <span class='ocrx_word' id='word_1_606' title='bbox 767 2708 883 2745; x_wconf 85' lang='lat' dir='ltr'><strong>dubio</strong></span> <span class='ocrx_word' id='word_1_607' title='bbox 905 2722 953 2746; x_wconf 85' lang='lat' dir='ltr'><strong>ox</strong></span> <span class='ocrx_word' id='word_1_608' title='bbox 975 2708 1219 2759; x_wconf 82' lang='lat' dir='ltr'><strong>locop.733.</strong></span> <span class='ocrx_word' id='word_1_609' title='bbox 1279 2713 1319 2747; x_wconf 76' lang='lat' dir='ltr'><strong>et</strong></span> <span class='ocrx_word' id='word_1_610' title='bbox 1343 2722 1416 2747; x_wconf 79' lang='lat' dir='ltr'><strong>sua</strong></span> <span class='ocrx_word' id='word_1_611' title='bbox 1446 2708 1496 2746; x_wconf 85' lang='lat' dir='ltr'><strong>ad</strong></span> <span class='ocrx_word' id='word_1_612' title='bbox 1520 2707 1622 2746; x_wconf 82' lang='lat' dir='ltr'><strong>Hist.</strong></span> <span class='ocrx_word' id='word_1_613' title='bbox 1654 2708 1702 2746; x_wconf 89' lang='lat' dir='ltr'><strong>B.</strong></span> <span class='ocrx_word' id='word_1_614' title='bbox 1732 2707 1819 2747; x_wconf 77' lang='lat' dir='ltr'>Afr.</span> <span class='ocrx_word' id='word_1_615' title='bbox 1843 2710 1909 2747; x_wconf 83' lang='lat'><strong>36.</strong></span> <span class='ocrx_word' id='word_1_616' title='bbox 1934 2710 1998 2746; x_wconf 90' lang='grc'><strong>87.</strong></span> <span class='ocrx_word' id='word_1_617' title='bbox 2048 2705 2152 2744; x_wconf 84' lang='lat' dir='ltr'><strong>Getl.</strong></span> 
     </span>
     <span class='ocr_line' id='line_1_47' title="bbox 338 2761 2151 2818; baseline -0.002 -14"><span class='ocrx_word' id='word_1_618' title='bbox 338 2767 583 2818; x_wconf 74' lang='lat' dir='ltr'><strong>priusquam</strong></span> <span class='ocrx_word' id='word_1_619' title='bbox 613 2765 890 2803; x_wconf 75' lang='lat' dir='ltr'><strong>scelerosae</strong></span> <span class='ocrx_word' id='word_1_620' title='bbox 918 2766 1098 2804; x_wconf 76' lang='lat' dir='ltr'><strong>mulieris</strong></span> <span class='ocrx_word' id='word_1_621' title='bbox 1125 2780 1218 2803; x_wconf 82' lang='lat' dir='ltr'><strong>con-</strong></span> <span class='ocrx_word' id='word_1_622' title='bbox 1278 2764 1384 2804; x_wconf 86' lang='lat' dir='ltr'>Xlll.</span> <span class='ocrx_word' id='word_1_623' title='bbox 1401 2770 1436 2805; x_wconf 89' lang='lat'><strong>1.</strong></span> <span class='ocrx_word' id='word_1_624' title='bbox 1463 2764 1623 2816; x_wconf 76' lang='lat' dir='ltr'><strong>[quilius</strong></span> <span class='ocrx_word' id='word_1_625' title='bbox 1649 2763 1751 2802; x_wconf 83' lang='lat' dir='ltr'><strong>adde</strong></span> <span class='ocrx_word' id='word_1_626' title='bbox 1777 2762 1912 2801; x_wconf 86' lang='lat' dir='ltr'>Munk.</span> <span class='ocrx_word' id='word_1_627' title='bbox 1939 2762 1987 2800; x_wconf 85' lang='lat' dir='ltr'><strong>ad</strong></span> <span class='ocrx_word' id='word_1_628' title='bbox 2007 2761 2151 2812; x_wconf 75' lang='lat' dir='ltr'>Hygin.</span> 
     </span>
     <span class='ocr_line' id='line_1_48' title="bbox 342 2817 2150 2874; baseline -0.003 -13"><span class='ocrx_word' id='word_1_629' title='bbox 342 2823 461 2874; x_wconf 60' lang='lat' dir='ltr'><strong>tassio</strong></span> <span class='ocrx_word' id='word_1_630' title='bbox 476 2821 708 2861; x_wconf 78' lang='lat' dir='ltr'><strong>macularer</strong></span> <span class='ocrx_word' id='word_1_631' title='bbox 723 2821 912 2872; x_wconf 81' lang='lat' dir='ltr'><strong>repetivit.</strong></span> <span class='ocrx_word' id='word_1_632' title='bbox 936 2821 998 2859; x_wconf 85' lang='lat' dir='ltr'><strong>De</strong></span> <span class='ocrx_word' id='word_1_633' title='bbox 1014 2835 1166 2859; x_wconf 78' lang='lat' dir='ltr'><strong>sumina</strong></span> <span class='ocrx_word' id='word_1_634' title='bbox 1183 2823 1217 2860; x_wconf 80' lang='lat' dir='ltr'><strong>vi</strong></span> <span class='ocrx_word' id='word_1_635' title='bbox 1276 2835 1314 2872; x_wconf 83' lang='lat' dir='ltr'><strong>p.</strong></span> <span class='ocrx_word' id='word_1_636' title='bbox 1331 2820 1426 2862; x_wconf 76' lang='lat'>22&#39;8.</span> <span class='ocrx_word' id='word_1_637' title='bbox 1453 2821 1536 2860; x_wconf 87' lang='lat' dir='ltr'>lntt.</span> <span class='ocrx_word' id='word_1_638' title='bbox 1552 2822 1601 2860; x_wconf 85' lang='lat' dir='ltr'><strong>ad</strong></span> <span class='ocrx_word' id='word_1_639' title='bbox 1616 2820 1769 2858; x_wconf 81' lang='lat' dir='ltr'><strong>Luci-et.</strong></span> <span class='ocrx_word' id='word_1_640' title='bbox 1786 2819 1833 2858; x_wconf 91' lang='lat' dir='ltr'><strong>ll.</strong></span> <span class='ocrx_word' id='word_1_641' title='bbox 1849 2822 1941 2858; x_wconf 84' lang='grc'><strong>653.</strong></span> <span class='ocrx_word' id='word_1_642' title='bbox 1962 2818 2011 2857; x_wconf 83' lang='lat' dir='ltr'><strong>ad</strong></span> <span class='ocrx_word' id='word_1_643' title='bbox 2027 2817 2150 2856; x_wconf 83' lang='lat' dir='ltr'><strong>Tacit.</strong></span> 
     </span>
     <span class='ocr_line' id='line_1_49' title="bbox 341 2874 2152 2927; baseline -0.003 -11"><span class='ocrx_word' id='word_1_644' title='bbox 341 2879 457 2917; x_wconf 82' lang='lat' dir='ltr'><strong>huius</strong></span> <span class='ocrx_word' id='word_1_645' title='bbox 483 2878 621 2916; x_wconf 75' lang='lat' dir='ltr'><strong>vocab.</strong></span> <span class='ocrx_word' id='word_1_646' title='bbox 652 2882 772 2927; x_wconf 74' lang='lat' dir='ltr'><strong>agunt</strong></span> <span class='ocrx_word' id='word_1_647' title='bbox 803 2877 944 2916; x_wconf 78' lang='lat' dir='ltr'><strong>Donat.</strong></span> <span class='ocrx_word' id='word_1_648' title='bbox 975 2878 1025 2916; x_wconf 82' lang='lat' dir='ltr'><strong>ad</strong></span> <span class='ocrx_word' id='word_1_649' title='bbox 1059 2877 1216 2918; x_wconf 81' lang='lat' dir='ltr'><strong>Terent.</strong></span> <span class='ocrx_word' id='word_1_650' title='bbox 1275 2879 1379 2916; x_wconf 78' lang='lat' dir='ltr'>Anu.</span> <span class='ocrx_word' id='word_1_651' title='bbox 1406 2877 1430 2916; x_wconf 89' lang='grc' dir='ltr'><strong>Ι.</strong></span> <span class='ocrx_word' id='word_1_652' title='bbox 1454 2882 1520 2918; x_wconf 88' lang='grc'><strong>33.</strong></span> <span class='ocrx_word' id='word_1_653' title='bbox 1547 2877 1610 2916; x_wconf 86' lang='grc' dir='ltr'><strong>ΙΙΙ.</strong></span> <span class='ocrx_word' id='word_1_654' title='bbox 1639 2880 1706 2917; x_wconf 87' lang='grc'><strong>35.</strong></span> <span class='ocrx_word' id='word_1_655' title='bbox 1732 2880 1796 2916; x_wconf 87' lang='grc'><strong>55.</strong></span> <span class='ocrx_word' id='word_1_656' title='bbox 1823 2876 1873 2912; x_wconf 81' lang='lat' dir='ltr'><strong>ad</strong></span> <span class='ocrx_word' id='word_1_657' title='bbox 1900 2874 2028 2913; x_wconf 81' lang='lat' dir='ltr'><strong>Ptaut.</strong></span> <span class='ocrx_word' id='word_1_658' title='bbox 2059 2875 2152 2913; x_wconf 79' lang='lat' dir='ltr'><strong>Arn-</strong></span> 
     </span>
     <span class='ocr_line' id='line_1_50' title="bbox 342 2931 2153 2986; baseline -0.002 -12"><span class='ocrx_word' id='word_1_659' title='bbox 342 2934 646 2974; x_wconf 78' lang='lat' dir='ltr'>Eunuch.lV.:3.</span> <span class='ocrx_word' id='word_1_660' title='bbox 667 2939 697 2974; x_wconf 86' lang='lat'><strong>1.</strong></span> <span class='ocrx_word' id='word_1_661' title='bbox 727 2935 838 2972; x_wconf 80' lang='lat' dir='ltr'><strong>Serv,</strong></span> <span class='ocrx_word' id='word_1_662' title='bbox 864 2935 914 2972; x_wconf 82' lang='lat' dir='ltr'><strong>ad</strong></span> <span class='ocrx_word' id='word_1_663' title='bbox 941 2935 1039 2973; x_wconf 74' lang='lat' dir='ltr'><strong>Aen.</strong></span> <span class='ocrx_word' id='word_1_664' title='bbox 1066 2934 1094 2973; x_wconf 90' lang='grc' dir='ltr'><strong>Ι.</strong></span> <span class='ocrx_word' id='word_1_665' title='bbox 1123 2940 1214 2976; x_wconf 84' lang='grc'><strong>359.</strong></span> <span class='ocrx_word' id='word_1_666' title='bbox 1275 2934 1368 2986; x_wconf 62' lang='lat' dir='ltr'><strong>ptuit.</strong></span> <span class='ocrx_word' id='word_1_667' title='bbox 1395 2934 1421 2973; x_wconf 90' lang='lat' dir='ltr'><strong>I.</strong></span> <span class='ocrx_word' id='word_1_668' title='bbox 1446 2940 1479 2974; x_wconf 84' lang='lat'><strong>1.</strong></span> <span class='ocrx_word' id='word_1_669' title='bbox 1501 2938 1565 2974; x_wconf 82' lang='lat'><strong>32.</strong></span> <span class='ocrx_word' id='word_1_670' title='bbox 1593 2934 1640 2971; x_wconf 84' lang='lat' dir='ltr'><strong>ad</strong></span> <span class='ocrx_word' id='word_1_671' title='bbox 1657 2933 1732 2971; x_wconf 86' lang='lat' dir='ltr'><strong>Cic.</strong></span> <span class='ocrx_word' id='word_1_672' title='bbox 1750 2931 2153 2982; x_wconf 80' lang='lat' dir='ltr'>Tusc.1.37.p.310.</span> 
     </span>
     <span class='ocr_line' id='line_1_51' title="bbox 400 2988 1752 3043; baseline -0.002 -14"><span class='ocrx_word' id='word_1_673' title='bbox 400 2992 720 3030; x_wconf 62' lang='lat' dir='ltr'><strong>costam-entibus.</strong></span> <span class='ocrx_word' id='word_1_674' title='bbox 788 2990 971 3043; x_wconf 85' lang='lat' dir='ltr'><strong>[Lucret.</strong></span> <span class='ocrx_word' id='word_1_675' title='bbox 998 2990 1065 3030; x_wconf 73' lang='lat' dir='ltr'><strong>IV.</strong></span> <span class='ocrx_word' id='word_1_676' title='bbox 1096 2995 1214 3032; x_wconf 80' lang='lat'>1109.</span> <span class='ocrx_word' id='word_1_677' title='bbox 1274 2991 1422 3029; x_wconf 81' lang='lat' dir='ltr'><strong>Moser.</strong></span> <span class='ocrx_word' id='word_1_678' title='bbox 1450 2990 1592 3029; x_wconf 82' lang='lat' dir='ltr'><strong>Florid.</strong></span> <span class='ocrx_word' id='word_1_679' title='bbox 1613 3003 1648 3041; x_wconf 82' lang='lat' dir='ltr'><strong>p.</strong></span> <span class='ocrx_word' id='word_1_680' title='bbox 1670 2988 1752 3040; x_wconf 59' lang='lat'><strong>55]</strong></span> 
     </span>
    </p>
   </div>
   <div class='ocr_carea' id='block_1_8' title="bbox 340 3042 2150 3157">
    <p class='ocr_par' dir='ltr' id='par_1_9' title="bbox 340 3042 2150 3157">
     <span class='ocr_line' id='line_1_52' title="bbox 340 3042 2150 3101; baseline -0.003 -15"><span class='ocrx_word' id='word_1_681' title='bbox 340 3062 466 3099; x_wconf 79' lang='lat' dir='ltr'><strong>usque</strong></span> <span class='ocrx_word' id='word_1_682' title='bbox 491 3049 597 3086; x_wconf 82' lang='lat' dir='ltr'><strong>adeo</strong></span> <span class='ocrx_word' id='word_1_683' title='bbox 624 3048 777 3099; x_wconf 75' lang='lat' dir='ltr'><strong>cupide</strong></span> <span class='ocrx_word' id='word_1_684' title='bbox 809 3047 972 3087; x_wconf 77' lang='lat' dir='ltr'><strong>Veneris</strong></span> <span class='ocrx_word' id='word_1_685' title='bbox 1004 3049 1216 3101; x_wconf 71' lang='lat' dir='ltr'><strong>compayi·</strong></span> <span class='ocrx_word' id='word_1_686' title='bbox 1339 3048 1579 3087; x_wconf 77' lang='lat' dir='ltr'><strong>Cenchreas.</strong></span> <span class='ocrx_word' id='word_1_687' title='bbox 1637 3044 1850 3084; x_wconf 78' lang='lat' dir='ltr'><strong>et&#39;.1ntt.ad</strong></span> <span class='ocrx_word' id='word_1_688' title='bbox 1864 3042 2150 3084; x_wconf 80' lang='lat' dir='ltr'>Liv.XXthl.</span> 
     </span>
     <span class='ocr_line' id='line_1_53' title="bbox 343 3100 2148 3157; baseline -0.002 -15"><span class='ocrx_word' id='word_1_689' title='bbox 343 3105 413 3142; x_wconf 76' lang='lat' dir='ltr'><strong>bus</strong></span> <span class='ocrx_word' id='word_1_690' title='bbox 439 3104 661 3149; x_wconf 72' lang='lat' dir='ltr'><strong>licerent,</strong></span> <span class='ocrx_word' id='word_1_691' title='bbox 689 3104 780 3143; x_wconf 87' lang='lat' dir='ltr'><strong>ibid.</strong></span> <span class='ocrx_word' id='word_1_692' title='bbox 809 3105 948 3157; x_wconf 79' lang='lat'>1201.]</span> <span class='ocrx_word' id='word_1_693' title='bbox 1279 3108 1316 3144; x_wconf 88' lang='grc'><strong>8.</strong></span> <span class='ocrx_word' id='word_1_694' title='bbox 1342 3103 1591 3143; x_wconf 83' lang='lat' dir='ltr'>XXX11.17.</span> <span class='ocrx_word' id='word_1_695' title='bbox 1625 3101 1782 3153; x_wconf 78' lang='lat' dir='ltr'><strong>[Cuper.</strong></span> <span class='ocrx_word' id='word_1_696' title='bbox 1809 3100 1997 3151; x_wconf 81' lang='lat' dir='ltr'><strong>Harpocr.</strong></span> <span class='ocrx_word' id='word_1_697' title='bbox 2023 3113 2060 3151; x_wconf 86' lang='lat' dir='ltr'><strong>p.</strong></span> <span class='ocrx_word' id='word_1_698' title='bbox 2087 3104 2148 3139; x_wconf 86' lang='lat'><strong>10.</strong></span> 
     </span>
    </p>
   </div>
   <div class='ocr_carea' id='block_1_9' title="bbox 401 3155 2149 3216">
    <p class='ocr_par' dir='ltr' id='par_1_10' title="bbox 401 3155 2149 3216">
     <span class='ocr_line' id='line_1_54' title="bbox 401 3155 2149 3216; baseline -0.003 -17"><span class='ocrx_word' id='word_1_699' title='bbox 401 3160 488 3199; x_wconf 57' lang='lat' dir='ltr'><strong>Car.</strong></span> <span class='ocrx_word' id='word_1_700' title='bbox 516 3159 688 3199; x_wconf 82' lang='lat' dir='ltr'>XXXV.</span> <span class='ocrx_word' id='word_1_701' title='bbox 743 3166 910 3216; x_wconf 74' lang='lat' dir='ltr'><strong>portam</strong></span> <span class='ocrx_word' id='word_1_702' title='bbox 930 3162 1101 3215; x_wconf 65' lang='lat' dir='ltr'><strong>polidus.</strong></span> <span class='ocrx_word' id='word_1_703' title='bbox 1155 3161 1219 3201; x_wconf 88' lang='lat' dir='ltr'><strong>De</strong></span> <span class='ocrx_word' id='word_1_704' title='bbox 1279 3159 1416 3200; x_wconf 80' lang='lat' dir='ltr'><strong>Heius.</strong></span> <span class='ocrx_word' id='word_1_705' title='bbox 1433 3165 1471 3198; x_wconf 84' lang='lat' dir='ltr'><strong>et</strong></span> <span class='ocrx_word' id='word_1_706' title='bbox 1483 3160 1623 3198; x_wconf 78' lang='lat' dir='ltr'><strong>Loers.</strong></span> <span class='ocrx_word' id='word_1_707' title='bbox 1639 3158 1688 3197; x_wconf 85' lang='lat' dir='ltr'><strong>ad</strong></span> <span class='ocrx_word' id='word_1_708' title='bbox 1704 3157 1819 3196; x_wconf 81' lang='lat' dir='ltr'><strong>Ovid.</strong></span> <span class='ocrx_word' id='word_1_709' title='bbox 1835 3156 1950 3197; x_wconf 82' lang='lat' dir='ltr'><strong>Trist.</strong></span> <span class='ocrx_word' id='word_1_710' title='bbox 1971 3156 1999 3196; x_wconf 94' lang='lat' dir='ltr'><strong>I.</strong></span> <span class='ocrx_word' id='word_1_711' title='bbox 2018 3160 2080 3198; x_wconf 90' lang='lat'><strong>10.</strong></span> <span class='ocrx_word' id='word_1_712' title='bbox 2095 3155 2149 3210; x_wconf 82' lang='grc'><strong>9.]</strong></span> 
     </span>
    </p>
   </div>
  </div>
 </body>
</html>
