2221 3667
310 145 394 186 452
577 143 623 183 L.
654 143 873 183 APULEll
902 140 1301 182 MADAURENSIS
1332 140 1874 181 METAMORPHOSEON

312 255 468 308 quaeris
506 255 790 310 exstinguere?
840 255 1017 308 Quidque
1055 252 1130 292 iam
1168 252 1383 292 novissimo
1413 254 1585 308 periculo
1616 254 1817 308 laborique
1847 254 1923 294 isto
1955 260 2101 293 temere

312 311 558 352 succumbis?
603 311 706 352 Nam
744 312 776 352 si
814 311 972 365 spiritus
1010 322 1174 362 corpore
1207 315 1273 348 tuo
1305 310 1425 349 semel
1457 310 1575 350 fuerit
1598 310 1821 364 seiugatus‚
1851 310 1922 349 ibis
1950 309 2103 363 quidem

313 368 489 422 profecto
511 368 558 408 ad
577 368 694 409 imum
708 368 943 416 Tartarum,
972 365 1037 405 sed
1064 365 1155 404 inde
1177 365 1282 404 nullo
1303 372 1415 418 pacto
1436 366 1565 406 redire
1587 366 1743 420 poteris.
1785 365 1885 406 Mihi
1908 365 2100 406 ausculta.

820 526 856 573 C
915 526 961 572 A
1018 525 1056 572 Ρ
1116 525 1158 572 U
1217 525 1260 571 T
1364 525 1603 572 XVIII.

426 648 672 690 Lacedaemo
699 646 874 686 Achaiae
901 645 1042 686 nobilis
1069 646 1207 686 civitas
1233 660 1311 686 non
1337 646 1453 700 longe
1479 646 1555 686 sita
1580 653 1654 687 est.
1684 645 1812 687 Huius
1825 646 2108 688 conterminam

316 776 396 815 qm'd
407 777 474 804 ι’(ιηι
489 778 522 805 0.
537 777 573 805 Ρ.
599 774 701 809 [teste
717 775 812 809 Oud.,
827 775 885 802 sed
899 774 932 802 in
945 775 1108 808 excerptis
1121 775 1160 803 ad
1175 782 1276 810 marg.
1292 775 1340 802 ed.
1357 774 1446 803 Cotv.
1463 782 1526 803 non
1541 782 1602 812 qne
1616 774 1714 810 istud,
1730 776 1785 803 sed
1807 782 1869 812 que
1881 774 1949 802 ium
1968 773 2111 808 exulat.)

317 822 390 850 Iam
406 831 467 850 non
482 824 641 854 comparet
657 820 690 847 in
706 819 727 848 f.
752 819 1031 847 1¹stv'1um.2.A¹d.
1043 820 1340 855 Colin.Perperam.
1355 820 1782 849 Namveteriterminatione
1794 819 1861 846 isco
1869 827 1968 854 saepe
1977 828 2055 848 usus
2064 823 2114 848 est

314 869 477 902 Apuleius
491 866 531 894 cf.
547 866 587 893 ad
602 865 721 893 Merv.
736 872 766 899 p.
780 866 855 893 378.
870 863 905 891 is
917 867 954 891 to
969 872 1039 891 meu
1050 864 1193 900 pectori.
1220 862 1391 892 imcumbis
1404 865 1440 892 F.
1454 866 1467 892 1
1477 886 1483 893 .
1499 860 1597 902 (teste
1609 865 1847 900 Lindenprogio
1862 873 1924 893 non
1938 863 2112 899 incumbis,

317 918 347 940 ut
363 913 441 940 Oud.
457 909 582 944 hahet.)
630 910 783 945 corporis
800 908 851 936 tm·
863 911 900 938 R.
915 909 936 938 f.
987 912 1018 936 te
1030 909 1168 946 fugatus
1184 911 1219 938 G.
1234 911 1269 938 P.
1286 908 1324 938 D.
1374 912 1408 936 tn
1422 908 1514 937 nullo
1530 909 1548 938 f.
1597 908 1755 937 absculta
1768 910 1896 938 Vicent.
1911 910 2023 939 Venet.
2037 910 2068 938 2.

406 953 614 983 Lacedaemo
635 955 670 982 F.
690 956 721 983 3.
742 956 778 983 G.
796 956 834 983 1).
857 956 892 983 P.
914 951 942 982 δ’.
963 954 983 982 f.
1019 956 1055 983 In
1076 958 1149 983 cett.
1170 955 1260 983 codd.
1282 958 1310 983 et
1333 956 1404 983 edd.
1419 952 1661 984 Lacedaemon.
1710 953 1844 991 achaye
1858 957 1894 984 G.
1931 952 2061 982 achaiz‘
2077 953 2115 983 D.

314 1000 433 1028 nobilis
447 1008 509 1028 non
524 1003 686 1034 comparet
700 1000 733 1027 in
747 1000 783 1028 P.
821 999 1032 1026 contermina
1044 1000 1080 1028 F.
1095 1001 1125 1028 3.
1140 1001 1221 1028 G.P.
1235 998 1289 1033 (in
1303 1000 1466 1034 excerptis
1481 1001 1519 1028 ad
1534 1007 1635 1035 marg.
1649 1001 1697 1029 ed.
1712 999 1822 1036 cmv.)
1837 1007 1933 1034 quam
1946 1007 1975 1026 m
1990 1000 2116 1028 litterae

314 1047 523 1075 omissionem
537 1045 616 1074 Oud.
639 1052 758 1073 morem
772 1045 841 1074 cod.
856 1046 892 1073 G.
906 1052 1073 1079 perperam
1087 1045 1243 1073 nominat.
1280 1045 1489 1072 conterinum
1506 1043 1544 1074 D.
1569 1046 1605 1073 ln
1618 1048 1691 1074 ceu.
1704 1049 1792 1074 extat
1806 1044 2060 1074 conterminam.

315 1156 520 1193 lectionem
546 1155 769 1199 restituere,
795 1168 910 1205 quam
926 1154 1030 1193 Oud.
1044 1154 1187 1206 duplici
1243 1157 1320 1207 fiir
1333 1155 1725 1207 allemalrcspondet
1744 1154 1792 1193 cf.
1804 1153 1922 1193 Hess.
1935 1153 1983 1191 ad
1993 1151 2115 1192 Tacit.

315 1213 463 1250 ratione
487 1211 625 1256 reiicit,
657 1212 820 1263 primum
846 1211 950 1261 quod
982 1211 1097 1248 modo
1124 1224 1187 1248 an-

315 1268 523 1307 tecesserit.
556 1268 658 1306 idem
695 1267 927 1306 adiectivum
963 1281 1003 1306 se
1035 1268 1189 1307 «latura

312 1325 601 1377 praecipitem,
616 1328 694 1362 tum
709 1325 799 1374 quia
811 1324 1056 1362 substantivo
1067 1337 1188 1375 prae-

317 1382 501 1432 cipitinm
510 1380 597 1418 aliis
608 1394 764 1431 quoque
776 1380 871 1417 locis
882 1380 1076 1432 Apuleius
1092 1393 1189 1418 usus

319 1437 443 1481 suerit,
458 1436 544 1474 coll.
561 1436 658 1474 Met.
676 1435 719 1474 ll.
735 1450 771 1486 p.
787 1440 891 1481 122„
905 1437 967 1474 ubi
983 1436 1121 1473 eadem
1140 1436 1188 1473 le-

319 1493 455 1531 ctionis
465 1497 526 1529 est
536 1493 797 1543 discrepantia
808 1492 968 1543 1V.1›.29
980 1498 992 1532 1
1003 1524 1009 1530 .
1021 1493 1191 1545 laqueus

318 1555 388 1589 {tul
413 1549 584 1601 (stadins
609 1553 681 1588 aut
707 1554 813 1588 certe
835 1551 1189 1600 praecipitium

313 1606 471 1658 procul
483 1605 609 1644 dubio
624 1606 915 1656 capessendum
931 1611 986 1644 est
996 1604 1073 1658 [cui
1089 1605 1190 1643 udde

311 1661 482 1700 Merv.
510 1675 544 1711 p.
573 1665 666 1701 367.
699 1675 749 1699 we
774 1666 811 1699 {e
834 1675 973 1700 rursus
1000 1663 1190 1713 praeci-

314 1719 446 1770 pitin
471 1718 535 1755 rel
556 1717 645 1756 ullo
671 1719 809 1756 ›nortis
834 1720 1025 1756 ‹si-cessim
1043 1731 1193 1770 ycnere

314 1775 507 1827 perimus.
534 1787 583 1810 ex
609 1786 684 1823 quo
720 1773 804 1811 loco
838 1773 1010 1812 librarius
1037 1774 1191 1825 quidam

319 1834 491 1868 nostrum
525 1830 651 1867 locum
689 1829 840 1867 videtur
877 1830 1099 1881 corrupisse
1123 1830 1192 1869 Vl.

320 1900 358 1938 p.
385 1889 477 1926 402.
508 1886 580 1925 sed
610 1886 788 1938 requiem
820 1887 1020 1925 malornm
1046 1900 1190 1938 prae-

322 1943 502 1994 cipitia
532 1942 708 1995 fluvialis
732 1943 848 1994 rupe's
877 1942 1068 1982 habitura
1094 1942 1190 1981 Met.

323 1998 536 2050 lX.p.629.
548 1998 1194 2051 adsemefideipraecipitium.

321 2056 375 2094 At
400 2055 485 2092 sine
512 2054 628 2093 dubio
654 2054 900 2093 offenderunt
932 2055 968 2092 in
1002 2055 1195 2093 locutione

316 2112 592 2164 praecipitem
617 2125 656 2150 se
670 2112 949 2163 exstinquere,
977 2125 1078 2163 quae
1097 2125 1194 2149 sane

322 2169 411 2219 quid
421 2168 588 2206 inusitati
598 2167 730 2206 hahet.
743 2166 845 2205 Oud.
855 2167 956 2205 enim
965 2171 1194 2219 argumenta

320 2229 398 2263 tam
415 2224 535 2262 futilia
549 2227 651 2268 sunt,
666 2228 706 2262 ut
721 2223 859 2262 nemini
873 2224 1112 2274 persuadere
1127 2239 1193 2263 un-

322 2295 437 2333 quam
452 2284 608 2331 queant.
643 2280 709 2318 Ad
722 2280 826 2331 prius
841 2281 942 2318 enim
956 2281 1192 2319 monendum

322 2341 397 2384 est,
416 2337 578 2388 saepius
592 2336 694 2374 idem
709 2336 941 2375 vocabulum
955 2339 1078 2388 repeti
1092 2338 1194 2390 apud

322 2394 534 2446 Apuleium
548 2397 589 2430 ut
603 2393 706 2444 apud
720 2392 820 2431 alios
836 2393 1087 2445 c1.Met.11.p.
1103 2398 1192 2435 122.

322 2456 498 2503 utroque
522 2451 722 2501 reyz'mine
757 2451 931 2489 amisso
968 2475 1023 2480 —
1060 2455 1098 2489 et
1122 2465 1196 2490 nos

324 2507 505 2547 omnibus
524 2507 724 2545 amissis.
746 2520 782 2557 p.
802 2510 890 2547 124.
904 2510 1086 2559 feral—
1100 2522 1196 2547 con·

320 2567 444 2616 ferat.
472 2561 571 2601 Cort.
598 2562 647 2600 ad
670 2562 820 2601 Lucan.
849 2562 873 2600 l.
901 2567 964 2604 24.
991 2563 1121 2602 Burm.
1148 2564 1196 2603 ad

323 2619 439 2671 Prop.
461 2618 487 2658 l.
512 2624 547 2659 7.
575 2623 639 2659 23.
666 2618 814 2670 Wopk.
830 2618 954 2658 Lectt.
971 2619 1072 2659 Tull.
1089 2620 1114 2659 l.
1134 2625 1195 2662 13.

323 2690 359 2728 p.
377 2680 440 2716 77.
467 2675 657 2726 Heusing.
684 2675 733 2713 ad
761 2675 838 2714 ('ic.
865 2676 914 2714 de
930 2675 995 2715 off.
1009 2676 1034 2714 I.
1050 2681 1116 2717 21.
1133 2680 1196 2718 73.

323 2733 390 2771 Dr.
406 2731 582 2771 adLiv.I.
593 2737 628 2773 3.
639 2735 674 2772 9.
690 2731 813 2770 Wolf.
828 2732 878 2771 ad
893 2733 1000 2771 Suet.
1014 2733 1118 2785 Aug.
1133 2738 1196 2775 72.

322 2788 528 2828 Posterius
554 2802 645 2827 vero
672 2793 936 2840 argumentum
957 2789 1099 2829 nullius
1117 2804 1196 2830 mo-

324 2847 438 2884 menti
467 2849 538 2884 est.
575 2845 679 2884 Nam
705 2845 809 2897 quod
832 2842 996 2898 'saepius
1023 2860 1069 2885 eo
1086 2861 1196 2886 voca-

325 2902 414 2939 bulo
435 2916 533 2940 usus
556 2905 618 2940 est
636 2905 785 2947 auctor,
812 2917 885 2941 non
912 2905 1196 2943 consectarium

325 2962 400 3002 est,
426 2959 570 3009 ubique
596 2972 683 2996 eum
710 2958 810 2996 idem
835 2960 1081 3012 usurpasse]

380 3015 413 3053 si
438 3015 565 3054 semel.
616 3015 682 3067 [cf.
708 3012 805 3054 Met.
833 3015 898 3055 Ill.
922 3029 959 3067 p.
987 3020 1080 3056 218.
1107 3032 1197 3057 cnm

325 3071 443 3110 semel
467 3084 573 3109 avem
601 3072 721 3110 talem
745 3072 933 3111 [ntluero.
971 3072 1034 3111 De
1054 3073 1195 3125 signiti-

324 3126 473 3166 catione
497 3126 611 3166 huius
635 3128 818 3175 adverbii,
845 3130 950 3181 quod
976 3134 1105 3168 nostro
1131 3131 1196 3169 ein

1248 1211 1377 1249 Germ.
1404 1225 1435 1250 c.
1467 1215 1548 1257 19.‚
1575 1212 1636 1262 qui
1669 1211 1765 1249 nuk.
1792 1211 1842 1249 ad
1868 1210 1973 1249 Flor.
1992 1208 2038 1249 Il.
2055 1213 2118 1250 12.

1247 1266 1377 1305 Burin.
1409 1268 1457 1306 ad
1491 1267 1622 1313 Quint.
1657 1267 1680 1306 l.
1708 1272 1743 1308 2.
1778 1272 1816 1305 et
1847 1266 2025 1306 Declam.
2050 1264 2117 1304 Vl.

1249 1337 1284 1374 p.
1315 1327 1405 1363 129.
1433 1325 1593 1372 excitat3
1642 1323 1763 1362 Bach.
1795 1323 1845 1362 ad
1875 1322 1989 1361 Ovid.
2021 1319 2118 1361 Met.

1248 1378 1351 1417 Xlll.
1383 1380 1495 1432 101.]

1306 1435 1552 1475 smnXVlll.
1602 1436 1870 1475 Lacedaemo.
1909 1435 2013 1488 [Hoc
2027 1448 2119 1486 quo-

1250 1506 1326 1543 que.
1365 1493 1450 1531 loco
1488 1494 1794 1530 terminationem
1821 1494 1855 1531 in
1889 1506 1912 1530 0
1943 1491 2120 1544 praetuli,

1250 1549 1339 1598 quia
1372 1550 1420 1586 ab
1447 1550 1602 1599 optimis
1636 1549 1750 1588 codd.
1777 1548 2004 1587 defenditur.
2056 1548 2121 1586 Ab

1248 1604 1383 1655 regula
1398 1606 1496 1642 enim
1512 1607 1784 1656 grammatices
1798 1609 1905 1644 certa
1917 1608 1991 1649 est,
2007 1617 2122 1656 quam

1249 1662 1352 1698 bene
1379 1661 1518 1699 Heind.
1546 1662 1594 1698 ad
1622 1661 1754 1700 Horat.
1781 1662 1863 1700 Sat.
1890 1660 1935 1699 ll.
1962 1664 1997 1701 3.
2030 1664 2120 1701 154.

1251 1718 1301 1754 ita
1320 1718 1540 1768 proposuit:
1568 1717 1710 1756 L'biubi
1726 1731 1864 1768 graeca
1878 1717 2124 1756 substantiva

1251 1775 1284 1811 in
1303 1774 1397 1812 wvin
1414 1775 1583 1825 genitivo
1600 1776 1847 1812 terminantur
1860 1789 1951 1820 ωνος
1964 1774 2026 1811 vel
2041 1788 2125 1820 ονος

1249 1829 1377 1868 Latini
1403 1830 1625 1881 praeferunt
1657 1831 1817 1869 formam
1850 1845 1893 1876 o,
1930 1830 1993 1868 ubi
2032 1843 2122 1868 vero

1249 1886 1442 1937 genitivus
1457 1887 1598 1925 desinit
1612 1887 1646 1924 in
1661 1902 1775 1933 ωντος
1787 1887 1850 1925 vel
1865 1901 1981 1933 οντος,
1995 1886 2126 1925 Latini

1250 1955 1406 1992 quoque
1433 1957 1484 1981 on
1510 1944 1725 1992 terminant.
1754 1943 1862 1982 Haec
1882 1945 1966 1982 eius
1987 1943 2125 1994 regula

1254 1998 1358 2038 Oud.
1390 2000 1609 2038 sententiae
1642 1999 1756 2050 plane
1788 2000 2033 2045 adversatur,
2059 2000 2124 2050 qui

1253 2068 1410 2106 semper
1449 2055 1682 2094 Graecorum
1719 2056 1965 2094 substantiva
2000 2057 2036 2094 in
2074 2070 2124 2094 mr

1253 2111 1417 2150 Latinos
1454 2126 1525 2163 per
1555 2126 1577 2149 o
1611 2113 1863 2164 expressisse
1894 2126 1968 2150 non
1995 2111 2123 2149 solum

1251 2168 1301 2206 ad
1327 2173 1498 2206 nostrum
1526 2168 1670 2214 locum,
1696 2169 1769 2207 sed
1797 2170 1909 2207 etiam
1925 2167 2125 2206 admeti.

1251 2238 1287 2275 p.
1315 2229 1379 2265 41.
1405 2225 1613 2263 adnotavit.
1661 2224 1753 2264 Atia
1790 2225 1836 2263 cs.
1863 2225 1911 2263 ad
1938 2224 2031 2263 Met.
2058 2223 2125 2263 IV.

1252 2295 1289 2332 p.
1317 2282 1433 2334 308.]

1311 2339 1448 2378 Huius
1468 2339 1774 2381 conterminam,
1801 2339 1930 2377 deviis
1943 2337 2126 2377 abditam

1254 2395 1356 2433 locis
1383 2407 1535 2447 quaere
1561 2396 1801 2434 Taenarum.
1852 2393 2008 2446 [Locus
2041 2395 2126 2431 sine

1256 2451 1372 2489 dubio
1388 2451 1733 2496 mendosissimus,
1760 2452 1847 2501 quia
1863 2451 1996 2501 optimi
2011 2449 2124 2489 codd.

1256 2509 1506 2547 contermina
1533 2511 1571 2545 et
1596 2507 1739 2546 abdita
1764 2507 1967 2558 praebent.
2004 2506 2044 2544 In
2071 2506 2125 2544 se-

1255 2565 1394 2602 minino
1421 2565 1520 2602 enim
1546 2576 1690 2614 genere
1716 2563 1991 2609 non.ofl'endo‚
2019 2561 2125 2613 quod

1255 2621 1330 2659 alio
1345 2621 1501 2672 Apuleii
1530 2620 1614 2659 loco
1640 2620 1736 2658 Met.
1753 2618 1777 2657 l.
1798 2633 1834 2670 p.
1851 2624 1885 2660 7.
1912 2624 1952 2658 et
1975 2619 2124 2658 Lucan.

1257 2676 1324 2715 lx.
1351 2681 1443 2718 408.
1469 2677 1678 2722 stabilitur,
1715 2679 1754 2714 ut
1791 2676 1964 2714 dubitare
1995 2675 2045 2713 de
2076 2688 2123 2712 eo

1257 2733 1358 2773 Oud.
1369 2733 1418 2772 ad
1428 2733 1547 2785 Apul.
1563 2732 1585 2772 l.
1597 2747 1628 2772 c.
1642 2747 1715 2771 non
1731 2732 1916 2770 debuerit.
1927 2731 2124 2770 Librarius

1256 2803 1412 2842 quoque
1426 2804 1499 2828 non
1514 2791 1672 2828 miratos
1686 2789 1823 2834 fuisse,
1849 2787 2002 2834 indicat,
2018 2787 2123 2839 quod

1255 2861 1303 2885 ne
1328 2860 1427 2885 unus
1448 2847 1604 2897 quidem
1618 2845 1812 2885 hominum
1838 2844 2047 2883 emendare
2062 2857 2124 2882 co·

1255 2908 1367 2942 natus
1393 2907 1464 2942 est.
1514 2902 1601 2941 Hoc
1625 2905 1828 2954 praeterea
1854 2900 2002 2951 largior,
2029 2913 2122 2941 con·

1256 2962 1424 2999 termina
1463 2963 1501 2997 et
1537 2960 1680 2999 abdita
1723 2958 1870 2996 omissa
1901 2956 2050 3009 virgula
2084 2956 2121 2995 in

1256 3017 1368 3055 codd.
1385 3017 1561 3069 potuisse
1585 3014 1734 3060 exoriri,
1749 3013 1820 3051 sed
1835 3013 1936 3052 hunc
1955 3025 2121 3052 errorem

1254 3077 1312 3112 tot
1343 3073 1499 3112 codices
1530 3083 1786 3124 permanasse
1818 3084 1892 3109 non
1918 3069 2122 3122 probabile

1254 3130 1344 3169 mihi
1371 3133 1443 3169 est.
1476 3128 1574 3167 Hinc
1599 3127 1776 3172 conficio,
1802 3127 1907 3178 prius
1934 3128 2122 3167 Taenara
