2155 3590
611 150 801 191 LIBER
830 151 902 191 IV.
962 150 1090 190 GAP.
1120 149 1194 189 IX.
1230 148 1282 189 X.
1755 148 1841 192 237

43 264 149 306 solus
174 277 220 304 ac
244 263 448 304 solitarius
472 276 595 318 parva
619 264 686 304 sed
713 264 809 305 satis
835 264 983 304 munita
1010 261 1242 304 domuncula
1261 267 1485 310 contentus,
1513 273 1714 314 pannosus
1742 260 1838 301 alio-

42 321 134 374 quin
159 334 204 360 ac
229 319 410 360 sordibus
435 333 577 360 aureos
604 320 717 361 folles
742 321 968 361 incubabat.
1017 319 1129 374 Ergo
1155 317 1299 373 placuit
1323 317 1370 357 ad
1396 317 1497 357 hunc
1523 317 1686 371 primum
1713 318 1837 358 ferre-

41 391 126 417 mus
164 377 330 427 aditum,
370 383 413 417 ut
448 383 636 431 concepta
660 391 788 431 pugna
814 390 952 418 manus
983 377 1145 427 unicae,
1168 373 1174 431 1
1196 374 1302 415 nullo
1335 373 1495 427 negotio
1522 374 1673 414 cunctis
1699 373 1835 428 opibus
1861 381 1927 417 258

42 433 166 474 otiose
192 433 421 487 potiremur.

636 560 1075 608 CAPUT
1177 559 1245 607 X.

150 691 237 733 Nec
257 706 382 743 mora,
412 707 496 732 cum
519 692 645 733 noetis
665 693 778 733 initio
800 693 949 733 foribus
971 693 1054 734 eius
1081 692 1382 748 praestolamur,
1411 704 1507 745 quas
1533 703 1605 730 nec
1631 689 1838 730 sublevare

40 812 248 846 contemptus
262 817 318 845 pro
333 812 511 838 contentus
524 811 563 838 D.
587 809 738 848 alioquin
752 813 842 840 abest
858 818 875 839 a
889 812 925 840 B.
942 814 974 839 ut
989 811 1124 845 saepius
1138 810 1171 839 in
1184 812 1243 839 hoc
1257 810 1325 838 cod.
1340 809 1551 838 desideratur.
1589 805 1743 835 sordibus
1758 809 1794 836 G.
1808 809 1839 836 2.

40 856 76 884 P.
90 857 126 885 Β.
140 860 168 884 el
182 857 220 883 D.
235 863 255 885 a
269 863 307 884 m.
321 864 352 890 p.
402 863 527 882 aureus
542 853 570 884 δ.
597 864 779 886 aureorum
793 858 933 885 vuican.
949 858 978 884 ⁴2.
1027 855 1235 883 incumbebat
1251 863 1280 890 p.
1328 852 1478 882 additum
1494 855 1530 882 G.
1544 855 1575 882 2.
1595 855 1629 881 et
1643 861 1700 888 pro
1714 855 1753 880 ut
1765 855 1802 882 11.
1818 853 1839 881 f.

41 903 204 936 eom-epta
217 901 252 930 F.
267 902 297 929 3.
313 904 341 929 et
356 908 466 930 omnes
480 902 550 930 edd.
563 906 640 930 vett.
666 904 859 937 contempla
872 903 907 930 F.
924 903 952 930 ·1.
968 903 1003 930 G.
1018 903 1048 930 2.
1064 903 1100 930 D.
1115 902 1151 930 B.
1167 901 1187 930 f.
1203 910 1235 934 φ.
1262 902 1422 927 contenta
1436 900 1516 928 0.G.
1529 900 1557 927 1.
1583 901 1793 934 contemptor
1809 907 1838 933 p.

42 954 113 973 cnm
128 944 218 973 nullo
238 946 371 983 negotio
390 947 426 974 B.
464 944 545 972 telle
559 947 694 984 negatio
717 949 752 975 G.
770 949 797 975 1.
847 946 972 974 ocliose
992 948 1027 975 G.
1046 948 1072 975 l.
1116 947 1292 982 potirelnr
1310 946 1345 974 F.
1363 946 1390 973 1.
1406 946 1436 973 3.
1470 947 1664 981 poteremur
1684 943 1705 972 f.
1722 952 1795 972 am.
1810 952 1839 978 p.

36 991 228 1028 putet-imur
244 991 386 1018 tiremnr
400 990 437 1020 D.
452 999 472 1020 a
485 999 512 1025 p.
526 999 566 1020 m.
591 994 628 1020 ln
643 993 788 1027 margine
802 999 821 1020 a
835 1000 875 1020 m.
889 1000 915 1021 s.
943 990 1197 1028 aliipotiretur.
1222 992 1259 1019 In
1275 995 1347 1019 cett.
1359 989 1559 1026 potiremur.

127 1035 355 1072 praestolatis
366 1037 402 1065 F.
413 1038 487 1064 1.G.
498 1038 565 1066 1.2.
576 1038 654 1066 RB.
665 1039 701 1065 Z.
716 1042 744 1065 et
755 1036 794 1065 D.
809 1038 841 1066 in
856 1037 950 1065 cuius
965 1037 1111 1072 margine
1126 1044 1179 1070 pro
1192 1036 1286 1064 varia
1299 1036 1440 1064 lectione
1453 1033 1744 1070 exiatpessulntss.
1778 1043 1841 1070 pu-

41 1080 180 1110 stulam·
194 1081 215 1110 f.
229 1079 349 1110 1.,n.‹5.
371 1080 557 1117 pessulans
571 1083 606 1110 0.
631 1081 759 1110 [unitus
774 1091 802 1117 p.
851 1090 910 1109 nec
923 1090 978 1117 pro
993 1089 1053 1116 quo
1066 1083 1104 1110 R.
1119 1081 1140 1110 f.
1156 1078 1184 1109 ὃ.
1198 1083 1315 1109 habent
1331 1087 1436 1118 neque
1450 1082 1540 1108 abest
1555 1086 1575 1108 a
1590 1081 1624 1108 G.
1640 1079 1840 1109 1.2.D.P.o.

40 1126 217 1154 sublevare
230 1128 340 1155 exulat
355 1134 375 1154 a
389 1128 424 1154 G.
440 1128 468 1155 1.
484 1128 515 1156 2.
532 1126 568 1155 D.
583 1128 619 1155 P.
634 1128 668 1156 Ο.

98 1239 243 1264 aureos
275 1224 400 1277 folles
435 1225 666 1264 incubabat.
727 1225 790 1263 De
826 1239 909 1263 voc.

38 1281 162 1334 folles
191 1283 324 1326 aurei,
355 1281 418 1332 qui
443 1285 534 1319 sunt
557 1294 647 1319 auro
673 1282 758 1319 sive
783 1283 910 1319 aureis

40 1338 205 1376 nummis
235 1337 341 1388 pleni
371 1337 433 1374 vel
466 1338 541 1388 ipsi
565 1338 706 1375 nummi
732 1338 835 1375 aurei
862 1337 909 1375 cf.

39 1392 222 1432 Beroald.
243 1392 278 1432 h.
293 1392 318 1432 1.
333 1392 502 1431 Miscell.
517 1392 684 1432 Observ.
699 1392 792 1432 Vol.
807 1392 910 1431 UH.

43 1449 88 1489 T.
113 1448 141 1488 I.
166 1463 204 1500 p.
226 1453 319 1490 251.
352 1449 552 1501 [Brisson.
579 1449 628 1487 (le
655 1450 773 1488 Verb.
801 1450 908 1500 Sign.

40 1505 88 1544 L.
102 1505 169 1544 VI.
189 1504 313 1546 Voss.
332 1505 502 1557 Etymol.
523 1520 555 1544 s.
570 1519 603 1544 v.
621 1506 742 1558 follis
763 1520 800 1557 p.
816 1509 908 1546 219.

42 1562 241 1602 Iucubm'e
265 1563 315 1601 de
340 1563 387 1600 iis
413 1562 565 1608 dicitur,
593 1564 655 1614 qui
681 1563 912 1614 superstrati

41 1620 230 1672 pecuniae
243 1618 357 1657 aliive
379 1619 434 1657 rei
454 1618 607 1657 hiantes
626 1620 741 1657 anxie
759 1633 829 1657 eas
850 1632 911 1657 cu-

42 1674 223 1714 stodiunt.
273 1674 504 1714 cf.Liv.VI.
523 1680 586 1716 15.
611 1674 641 1725 ᾧ
656 1680 692 1715 5.
719 1675 911 1715 incuban-

44 1737 100 1771 tes
124 1731 308 1784 publicis
337 1732 536 1771 thesauris
566 1731 630 1770 ubi
663 1731 711 1771 cs.
739 1732 806 1770 Dr.
834 1731 911 1771 sic.

42 1801 110 1840 pro
149 1786 300 1827 Cluent.
327 1792 392 1829 26.
430 1789 460 1839 §.
489 1792 552 1828 72.
589 1785 675 1828 Intt.
717 1789 767 1827 ad
802 1788 910 1840 Virg.

45 1844 186 1895 Georg.
214 1843 258 1882 Il.
285 1849 378 1894 507.
427 1843 486 1882 lta
509 1844 693 1883 Fronton.
722 1845 836 1896 epist.
863 1844 911 1883 ad

45 1899 159 1940 Caes.
184 1899 211 1938 I.
239 1905 275 1941 8.
302 1915 339 1953 p.
363 1904 424 1941 19.
452 1901 512 1939 ed.
537 1900 652 1940 Rom.
680 1902 793 1941 bont's
817 1902 913 1940 alie·

43 1958 106 1996 nis
128 1957 326 1997 incubare
350 1957 450 1995 dicit.
492 1958 641 1996 Ascon.
667 1959 702 1996 in
730 1958 844 1996 Verr.
869 1957 913 1995 II.

47 2018 80 2053 1.
97 2017 161 2054 55.
186 2012 324 2063 §.116.
346 2013 450 2064 apud
464 2013 584 2052 Orell.
602 2012 700 2053 'l¹.V.
716 2018 753 2054 2.
770 2027 807 2065 p.
824 2016 914 2054 191.

45 2083 105 2120 sq.
132 2069 306 2108 Glossae
330 2069 467 2109 Isidor.
491 2083 528 2121 p.
550 2073 643 2110 682.
667 2071 818 2110 inculta
845 2071 916 2122 qui

44 2140 108 2165 res
132 2125 288 2165 alienas
312 2125 445 2178 tenet]

104 2186 150 2222 ut
179 2187 378 2234 concepta
404 2196 553 2234 puymz
583 2196 723 2221 mamis
759 2184 913 2222 unicae..

48 2238 232 2290 [Diverso
262 2238 377 2276 modo
407 2237 470 2276 hic
501 2238 610 2276 locus
636 2240 671 2277 in
697 2238 796 2277 Mss.
823 2238 915 2289 legi-

46 2300 118 2340 tur,
145 2293 260 2345 longe
284 2295 417 2345 plures
436 2293 584 2332 habent
603 2300 833 2348 contempta
852 2295 914 2332 vel

49 2355 251 2397 contenta,
273 2351 438 2403 optimus
459 2351 543 2389 cod.
559 2350 606 2389 F.
621 2355 657 2391 3.
673 2365 703 2389 c.
720 2351 807 2389 edd.
823 2355 914 2389 vett.

49 2412 260 2459 concepta.
308 2407 408 2445 Nam
423 2407 459 2445 in
474 2421 520 2445 eo
536 2407 796 2452 erravitOud„
812 2408 916 2458 quod

48 2463 147 2502 Elm.
168 2464 392 2515 vituperans
412 2465 446 2501 in
467 2463 513 2502 F.
532 2469 564 2503 1.
586 2477 635 2501 ex
655 2463 916 2515 Lindenbrog.

48 2519 255 2558 collatione
269 2519 345 2571 legi
360 2521 413 2558 ait
426 2525 637 2572 concepta,
653 2533 769 2571 quum
783 2524 917 2572 aperte

49 2576 99 2615 ibi
119 2581 347 2629 contempta
362 2577 631 2628 conspiciatur.
678 2575 917 2628 Yulgatata-

47 2645 136 2670 men
157 2632 270 2671 lectio
290 2633 469 2671 nehabct
481 2633 648 2683 quidem,
670 2646 745 2683 quo
761 2633 917 2671 defendi

49 2689 187 2740 possit.
236 2688 339 2728 Oud.
371 2689 424 2728 ita
454 2688 640 2740 explicat:
671 2689 776 2727 Dicit
806 2689 916 2735 latro,

51 2757 98 2782 se
133 2759 219 2783 cum
254 2746 373 2784 sociis
404 2745 665 2784 contemsisse
695 2745 780 2783 sive
810 2747 917 2797 parvi

52 2802 180 2852 operis
214 2815 295 2840 rem
325 2801 489 2840 duxisse
519 2815 687 2852 pugnam
715 2815 854 2841 manus
884 2816 917 2841 s.

52 2853 214 2896 hominis
228 2858 327 2897 unici
344 2857 602 2909 Chryserotis.
652 2858 731 2896 Sed
748 2872 918 2910 pugnam

54 2909 223 2953 latrones
248 2928 323 2953 non
350 2914 668 2959 contemnebant,
693 2915 766 2953 sed
793 2916 918 2953 otiose

56 2971 95 3006 et
117 2969 200 3008 sine
224 2970 304 3009 ullo
330 2973 487 3022 negotio
513 2972 534 3009 i.
558 2985 589 3008 e.
618 2985 691 3009 non
719 2972 826 3021 gravi
853 2985 919 3022 pu—

57 3036 131 3075 gna
142 3027 301 3065 summis
316 3028 456 3079 opibus
470 3027 582 3079 potiri
596 3027 797 3066 volebant:
817 3027 920 3066 unde

55 3080 203 3120 unicum
233 3085 412 3135 aggressi
441 3087 532 3122 sunt
560 3083 773 3129 hominem,
804 3097 920 3135 quem

58 3133 168 3176 facile
185 3152 370 3193 superare
389 3144 564 3194 possent.
591 3139 691 3179 Hinc
712 3141 835 3188 vides,
858 3154 920 3179 ea-

970 1225 1058 1263 dem
1079 1224 1128 1262 (le
1150 1237 1294 1263 caussa
1307 1224 1511 1274 improbari
1528 1223 1733 1262 lectionem
1749 1238 1843 1264 cou-

969 1286 1090 1326 tenta,
1117 1294 1217 1332 quae
1242 1294 1266 1318 a
1285 1280 1413 1318 XVow.
1439 1280 1606 1319 defensa
1630 1285 1704 1326 est,
1732 1294 1841 1332 prae-

968 1341 1076 1375 terea
1102 1342 1319 1375 commenta
1346 1337 1583 1381 coniiciente,
1610 1350 1842 1387 quamquam

969 1408 1043 1432 non
1070 1394 1303 1443 negaverim,
1331 1398 1542 1431 contentus
1568 1407 1653 1431 cum
1674 1395 1841 1444 genitivo

968 1451 1136 1488 iunctum
1157 1450 1190 1487 in
1212 1462 1284 1487 usu
1301 1448 1423 1487 suisse
1439 1448 1639 1488 Romanis,
1689 1449 1735 1488 cf.
1751 1449 1840 1488 VV.

970 1506 1061 1545 DD.
1088 1519 1187 1556 quos
1205 1505 1340 1544 Eckst.
1361 1506 1504 1543 excitat
1523 1505 1573 1544 ad
1586 1505 1709 1543 Voss.
1725 1506 1840 1544 Arist.

972 1562 1017 1602 T.
1040 1561 1102 1602 111.
1122 1577 1158 1614 p.
1184 1566 1301 1603 1068.
1354 1563 1563 1614 Conccpta
1582 1576 1676 1600 vero
1692 1576 1842 1614 puyna

971 1623 1033 1657 est
1047 1620 1162 1665 inita,
1182 1622 1381 1671 suscepta,
1396 1631 1511 1669 quam
1527 1618 1734 1656 dictionem
1751 1618 1842 1657 duo-

971 1677 1044 1714 bus
1069 1679 1216 1714 tantum
1244 1675 1340 1713 locis
1366 1676 1474 1713 Suet.
1503 1674 1584 1713 Cal.
1600 1679 1664 1716 40.
1693 1675 1781 1714 lt‘tes
1806 1680 1845 1714 et

970 1733 1129 1772 iudIcia
1144 1736 1344 1784 concepta
1359 1735 1398 1769 et
1414 1731 1520 1781 Virg.
1534 1731 1633 1770 Aen.
1649 1730 1734 1770 XII.
1750 1735 1841 1772 813.

972 1793 1213 1840 conceptura
1234 1788 1384 1840 foedus
1396 1801 1560 1840 possum
1576 1789 1842 1839 comprobare,

971 1858 1207 1897 quamquam
1245 1843 1344 1883 baec
1381 1858 1455 1882 non
1492 1845 1645 1882 omnino
1688 1845 1843 1883 satissa-

973 1902 1086 1945 ciunt,
1113 1914 1229 1951 quum
1255 1914 1412 1952 semper
1437 1901 1540 1939 notio
1561 1901 1669 1939 insit:
1701 1915 1842 1941 conce-

968 1960 1056 2010 pteTs
1072 1957 1199 1996 verbis
1214 1957 1382 2010 aliquid
1391 1960 1534 2008 facere
1548 1958 1609 1996 rel
1623 1959 1841 1998 lustimere.

974 2013 1101 2060 Quem
1127 2014 1227 2051 enim
1247 2012 1350 2052 Oud.
1377 2013 1514 2052 adtulit
1533 2013 1602 2052 Sil.
1623 2011 1728 2052 XIII.
1750 2018 1841 2054 735.

974 2070 1086 2108 Iocus
1122 2069 1239 2120 plane
1276 2069 1386 2108 aliter
1415 2070 1670 2122 explicandus
1701 2074 1764 2110 est
1794 2071 1843 2109 de

973 2126 1182 2171 Annibale,
1208 2127 1270 2177 qui
1296 2127 1495 2179 conceptis
1514 2126 1644 2165 verbis
1665 2128 1773 2174 iurat,
1799 2141 1843 2165 se

972 2182 1165 2221 Romanis
1190 2182 1336 2221 bellum
1361 2196 1455 2222 esse
1480 2183 1702 2237 illaturum]

1032 2237 1118 2277 CAr.
1143 2238 1194 2277 X.
1213 2240 1530 2292 praestolamur.
1577 2240 1689 2279 Hanc
1716 2240 1844 2280 lectio-

975 2308 1062 2333 nem
1082 2296 1225 2346 optime
1244 2296 1411 2335 vindicat
1424 2296 1525 2335 Oud.
1548 2301 1682 2336 contra
1694 2297 1726 2335 F
1731 2311 1842 2336 errar.

975 2351 1097 2390 Elect.
1125 2350 1151 2390 Ι.
1182 2357 1256 2398 14.,
1289 2354 1352 2404 qni
1378 2355 1645 2405 praestolatis
1670 2367 1843 2406 compro-

973 2409 1145 2454 baverat,
1171 2423 1286 2460 quum
1309 2412 1425 2462 fores
1446 2410 1727 2462 praestolatae
1752 2411 1844 2461 quid

975 2464 1048 2503 sibi
1065 2464 1211 2504 vellent
1225 2466 1310 2517 capi
1331 2480 1404 2505 non
1425 2471 1573 2518 posset.
1611 2466 1698 2505 Nec
1717 2468 1842 2506 minus

975 2535 1068 2560 esse
1077 2521 1367 2573 improbandam
1382 2524 1611 2562 sententiam
1626 2537 1769 2569 eornm,
1780 2524 1842 2574 qui

974 2591 998 2616 a
1015 2591 1128 2629 seqq.
1229 2579 1397 2619 evellere
1415 2580 1616 2632 yestiebal
1637 2580 1737 2618 hunc
1750 2580 1844 2618 dati-

974 2648 1065 2673 vum
1089 2638 1220 2686 aptum
1241 2649 1334 2673 esse
1353 2637 1587 2682 existiment,
1612 2650 1728 2686 quum
1747 2636 1845 2675 haec

975 2689 1106 2729 durius
1126 2692 1404 2743 coniungantur
1423 2696 1515 2744 post
1533 2695 1590 2730 tot
1609 2693 1843 2732 intermedia.

975 2746 1087 2794 Hinc,
1113 2749 1146 2786 si
1164 2749 1254 2800 quid
1269 2749 1492 2787 mutandum
1505 2748 1568 2794 sit,
1594 2748 1747 2788 coniicit
1757 2764 1844 2802 pes-

974 2803 1127 2850 sulatis,
1154 2805 1259 2856 quod
1279 2805 1394 2843 etiam
1407 2819 1495 2844 mea
1509 2807 1701 2844 sententia
1716 2820 1844 2844 emen-

977 2858 1059 2898 dari
1089 2864 1242 2912 poterat
1273 2862 1308 2900 in
1338 2861 1585 2913 praestolati
1614 2876 1746 2903 εηηηιε
1780 2863 1844 2900 vel

973 2918 1219 2968 praestolati
1247 2916 1412 2957 scilieet.
1462 2918 1545 2956 Sed
1570 2932 1644 2969 ego
1670 2933 1757 2958 eum
1783 2933 1845 2957 sc-

978 2986 1086 3023 quor.
1134 2974 1222 3013 Nec
1248 2988 1371 3019 mora,
1399 2988 1486 3014 cnm
1516 2980 1709 3025 sequente
1739 2977 1845 3015 verbi

977 3029 1182 3068 indicativo
1208 3029 1377 3082 Apuleio
1405 3030 1758 3082 frequentissimum
1785 3037 1847 3071 est

978 3085 1026 3124 cf.
1051 3084 1148 3124 Met.
1174 3086 1241 3124 IV.
1269 3100 1304 3137 p.
1327 3090 1418 3127 281.
1445 3100 1481 3137 p.
1505 3091 1598 3128 288.
1622 3089 1670 3128 V.
1696 3103 1733 3141 p.
1750 3093 1844 3131 329.

977 3141 1044 3181 w.
1070 3156 1105 3195 p.
1129 3147 1221 3184 416.
1247 3157 1282 3196 p.
1300 3146 1392 3184 426.
1421 3142 1487 3182 XI.
1514 3159 1549 3198 p.
1566 3148 1657 3186 767.
1717 3147 1844 3187 Prae-
