2155 3590
696 102 882 144 LIBER
911 102 940 144 1.
1000 101 1130 142 CAP.
1159 101 1264 142 xm.
1828 103 1887 149 47

83 230 153 271 per
176 216 318 256 vulnus
342 215 436 256 illud
461 215 510 256 ad
536 214 688 256 viscera
716 216 869 270 penitus
891 215 987 273 1001·
1016 214 1149 256 miseri
1182 212 1476 255 contubernalis
1505 213 1581 254 mei
1605 212 1746 256 Meroe
1777 214 1880 255 bona
1906 223 1950 256 49

82 279 256 313 scrutata
286 272 468 327 protulit,
505 286 592 312 cum
616 271 681 312 ille
705 272 851 327 impetu
876 273 943 314 teli
969 279 1198 326 praesecata
1223 271 1312 325 gula
1344 283 1504 321 vocem,
1531 269 1649 310 immo
1674 270 1885 313 stridorem

80 329 273 369 incertum
315 330 398 383 per'
419 329 561 369 vulnus
599 329 819 370 effunderet
855 337 894 370 et
928 329 1108 384 spiritum
1143 327 1362 369 rebulliret.
1425 324 1540 379 Quod
1575 327 1735 378 vulnus,
1769 341 1884 382 quam

80 385 253 426 maxime
278 385 450 439 patebat,
479 385 642 439 spongia
671 385 874 426 offulciens
900 384 1090 426 Panthia:
1119 384 1230 425 Heus
1257 391 1314 434 tu,
1342 383 1484 436 inquit,
1512 384 1694 438 spongia,
1722 397 1819 425 cave
1843 384 1885 425 in

79 441 179 482 mari
204 449 296 481 nata
322 455 393 496 per
416 441 575 482 fluvium
603 449 800 483 transeas.
864 441 938 482 His
964 442 1078 483 editis
1103 455 1149 482 ac
1174 455 1260 482 meo
1285 446 1437 481 remoto
1463 439 1691 493 grabatulo,
1725 440 1884 482 varicus

78 539 118 564 nt
136 535 270 564 viscera
282 537 320 565 D.
335 536 454 573 prinus
467 538 504 566 L.
524 534 572 564 ad
588 536 702 564 instar
717 536 853 573 penitus
869 538 891 565 f.
937 537 1004 565 mei
1015 545 1078 566 non
1091 540 1141 566 est
1155 537 1188 565 in
1201 537 1238 564 L.
1285 537 1438 572 scrupea.
1488 536 1525 561 ta
1539 535 1575 563 G.
1589 536 1628 563 D.
1675 542 1814 573 eumque
1826 534 1885 563 ille

76 583 114 611 L.
128 585 157 611 et
172 583 209 610 D.
228 580 285 617 [ab
305 582 416 611 eadem
430 589 527 611 manu
540 582 574 610 in
586 581 706 617 marg]
721 590 793 610 cnm
807 581 866 610 illo
881 583 903 611 f.
915 584 954 612 R.
1005 581 1069 610 tele
1078 583 1307 619 praesentata
1319 588 1348 615 p.
1396 577 1554 607 ebulliret
1565 587 1596 614 p.
1608 583 1638 608 et
1652 580 1757 609 Grosl.
1773 581 1885 610 conie-

77 627 122 657 cit
135 625 225 664 quod
235 630 310 656 ante
324 626 442 655 vulnus
455 627 488 656 in
501 628 539 656 D.
554 634 574 656 a
587 635 627 656 m.
642 635 669 656 s.
682 632 730 656 est
743 635 885 657 erasum.
933 636 1003 666 qna
1015 628 1096 657 G.P.
1109 629 1193 657 lunt.
1202 628 1234 656 2.
1249 624 1339 664 quud
1349 625 1498 653 maxime
1506 625 1542 654 B.
1566 626 1603 654 In
1617 625 1755 659 reliquis
1769 633 1882 662 quam.

76 672 249 710 spongiam
264 673 339 702 F.3.
388 670 568 710 tffclgt’ens
582 673 617 701 P.
627 669 804 709 effulm'rns
812 675 848 702 L.
858 675 894 702 B.
904 678 932 702 el
946 674 1017 703 edd.
1031 677 1107 702 ven.
1123 676 1250 708 praeter
1261 672 1383 701 Ium.2.
1431 667 1605 708 effidh'eus
1612 678 1642 705 p.
1685 668 1884 707 perflumen

76 725 116 746 ne
125 720 285 745 transeas
293 719 661 753 B.etedd.x·e1¹.praeter
668 720 751 747 Iuni.
764 720 888 747 2.u11de
896 715 1194 755 Oud.}mrflamina
1203 714 1569 753 coniecitposeflum'um
1579 723 1609 750 p.
1657 712 1710 743 ln's
1723 713 1842 744 edictis
1849 716 1883 755 β.

76 762 118 791 ab
126 764 467 798 unaF.3.L.p.eledd.
477 767 553 792 velt.
563 765 779 798 praetemunt.
789 765 947 792 ‘Llncem
958 763 999 792 ab
1013 763 1088 792 imo.
1125 762 1300 791 varicis-D.
1339 762 1493 790 verse-am
1503 762 1587 790 G.D.
1623 759 1883 790 exhortet-anto..

76 844 270 879 servatum
287 843 361 879 est.
375 839 470 879 Met.
493 854 530 892 p.
545 839 613 879 lX.
629 843 723 881 610.
739 854 789 879 ac
804 842 949 880 itendi-

76 897 165 936 clem
174 898 391 949 etsaepius.
408 896 460 936 lta
470 897 572 935 male
583 897 719 947 legitur
727 896 948 948 apudLact.

74 951 182 992 Plac.
221 967 342 992 enarr.
387 952 411 992 1.
455 958 488 994 1.
533 968 569 1006 p.
609 958 702 994 788.
752 954 858 992 Stav.
899 967 949 993 ac

74 1010 320 1063 imaffl‘nem]

131 1082 156 1106 a
172 1068 354 1106 victimae
367 1067 582 1120 reliyione.
608 1066 701 1105 Mos
722 1066 949 1106 extrahendi

71 1124 235 1162 victimis
262 1124 423 1167 viscera,
448 1127 489 1162 ut
507 1124 597 1162 inde
616 1123 859 1167 divinarem,
885 1137 948 1161 no-

72 1182 246 1218 tissimus
273 1184 335 1218 est
360 1179 487 1232 [Male
511 1184 639 1219 tamen
665 1178 765 1218 Elm.
793 1180 948 1218 excitat.

71 1235 230 1275 Lucian.
246 1236 296 1275 de
310 1236 444 1275 Sacris.
461 1250 492 1276 c.
511 1240 572 1277 13.
589 1249 675 1274 nam
689 1237 949 1289 καρδιουλκεΐν

71 1295 145 1331 etsi
171 1307 235 1332 cor
272 1292 477 1331 extrahere
507 1293 709 1344 significat,
740 1294 774 1331 in
807 1293 948 1331 sacrifi-

71 1351 141 1389 ciis
172 1354 301 1388 tamen
326 1351 508 1389 usitatum
547 1354 644 1395 erat,
675 1355 716 1389 ut
740 1350 856 1402 adipe
882 1350 947 1387 ob-

70 1406 224 1446 ductum
250 1410 482 1459 cremaretur
511 1420 638 1457 neque
662 1421 753 1445 vero
779 1407 947 1445 divinan-

70 1463 108 1502 di
144 1477 265 1504 causa
300 1468 541 1515 expromtum
567 1467 641 1503 est.
683 1463 723 1502 In
749 1463 946 1503 sacrificiis

70 1534 135 1559 cor
153 1522 279 1572 ipsum
305 1522 533 1572 perscrutati
560 1535 633 1559 non
660 1521 835 1560 videntur
854 1533 947 1559 esse

69 1578 286 1629 aruspices,
310 1578 383 1616 sed
410 1581 531 1616 utrum
545 1578 708 1617 adesset
725 1580 855 1630 pecori
877 1592 948 1616 nec

69 1647 136 1682 ne;
163 1634 211 1673 cf.
239 1634 369 1674 Brem.
395 1634 444 1674 ad
472 1635 580 1673 Suet.
608 1633 721 1674 Caes.
745 1640 808 1675 77.
834 1634 947 1685 Equi-

70 1691 158 1729 dem
183 1695 291 1743 puto,
317 1705 380 1730 cor
405 1691 467 1730 hic
491 1692 526 1730 in
555 1693 775 1731 universum
801 1706 870 1744 pro
896 1693 948 1730 ie-

69 1761 158 1787 core
184 1760 278 1786 esse
308 1748 491 1800 positum,
516 1750 625 1788 cuius
652 1750 768 1787 fibrae
793 1763 826 1787 s.
854 1750 949 1788 fissa

68 1806 359 1845 accuratissime
374 1806 574 1857 aruspices
593 1806 863 1857 inspiciebant,
886 1805 947 1843 vel

68 1875 138 1913 pro
165 1863 256 1900 totis
283 1864 384 1900 extis
410 1861 458 1900 cf.
478 1862 588 1902 Serv.
615 1862 663 1901 ad
680 1863 784 1914 Virg.
803 1863 946 1912 Georg.

67 1917 96 1956 1.
125 1922 215 1959 120.
243 1918 385 1970 Bottig.
412 1919 447 1956 in
476 1918 586 1957 libro:
614 1919 738 1958 Ideen
763 1935 791 1958 z.
813 1919 866 1958 K.
888 1919 947 1958 M.

67 1989 105 2027 p.
133 1979 323 2016 73—83.
360 1974 469 2014 Gies.
502 1975 551 2014 ad
585 1974 661 2014 Cic.
688 1976 739 2014 de
764 1975 814 2014 N.
842 1975 892 2015 D.
919 1975 946 2014 l.

72 2035 134 2072 10.
161 2046 196 2083 p.
220 2035 286 2073 32.
312 2045 408 2084 prae
423 2034 561 2071 ceteris
576 2036 704 2071 tamen
721 2032 946 2084 Bullenger.

68 2089 118 2127 de
131 2089 262 2127 sortib.
278 2088 304 2127 l.
325 2103 355 2128 c.
378 2093 413 2129 7.
435 2102 498 2141 ap.
521 2088 661 2128 Graev.
679 2088 800 2128 Thes.
815 2090 947 2141 Antiq.

67 2144 117 2184 V.
142 2158 181 2198 p.
197 2145 308 2198 392]

121 2203 297 2254 penitas.
312 2202 463 2241 Penita
472 2201 641 2255 legendo
648 2216 682 2240 m
690 2202 841 2241 videtur
847 2201 946 2242 Prie.

69 2258 174 2310 quod
192 2272 317 2311 saepe
338 2259 583 2298 intrudebant
597 2261 826 2312 interpretes
842 2258 946 2298 Oud.

67 2315 298 2367 refragante,
315 2317 377 2367 qui
393 2329 626 2367 quamquam
639 2316 753 2356 huius
768 2317 946 2356 adiectivi

67 2372 229 2411 sormam
256 2386 342 2412 cum
367 2372 498 2412 Burm.
526 2373 574 2412 ad
592 2373 789 2413 Sammon.
816 2378 881 2414 45.
909 2377 948 2412 et

68 2429 252 2469 Stevech.
293 2429 343 2469 ad
379 2431 527 2468 Arnob.
564 2443 601 2482 p.
641 2435 705 2470 71.
744 2429 805 2469 ed.
843 2429 944 2482 Lug.

67 2487 255 2538 agnoscit,
281 2490 415 2525 contra
438 2484 542 2526 Mss.
578 2491 708 2526 tamen
742 2486 833 2526 nihil
867 2500 946 2526 mu-

67 2543 226 2582 tandum
251 2557 345 2582 esse
370 2544 488 2582 iubet.
505 2543 692 2596 [Apuleio
713 2544 945 2583 adiectis-um

63 2601 229 2652 penitas
242 2602 358 2639 amari
373 2601 537 2652 probant
552 2601 627 2639 loci
636 2600 730 2639 Met.
742 2601 788 2639 V.
802 2615 837 2653 p.
849 2604 944 2641 334.

66 2655 172 2696 vm.
194 2670 230 2709 p.
246 2661 340 2698 527.
361 2657 480 2709 Apol.
508 2661 647 2706 p.467.
674 2657 735 2696 alii
758 2657 804 2696 cf.
821 2656 942 2696 Prisc.

65 2711 129 2752 lll.
151 2727 187 2765 p.
206 2718 298 2756 105.
325 2717 364 2753 et
393 2718 482 2755 121.
503 2712 642 2754 Krehl.
668 2713 776 2753 Fest.
797 2729 833 2766 p.
850 2717 944 2754 204.

68 2772 162 2810 211.
188 2779 227 2809 et
252 2785 289 2823 p.
317 2774 410 2812 605.
432 2769 544 2809 Lind.
567 2769 731 2810 Taubm.
751 2771 801 2810 ad
814 2769 944 2810 Plaut.

66 2826 179 2866 Asin.
203 2826 233 2866 Ι.
263 2832 297 2868 1.
325 2832 390 2869 27.
416 2826 549 2867 Barth.
576 2828 679 2867 Adv.
705 2826 792 2867 Xll.
824 2831 885 2869 16.
904 2841 942 2880 p.

69 2885 162 2925 696.
200 2883 379 2923 Martian.
420 2883 569 2936 Capell.
602 2883 629 2923 l.
668 2885 699 2936 ξ.
733 2887 771 2926 9.
809 2899 846 2936 p.
878 2888 943 2926 35.

62 2941 209 2993 penita
233 2942 376 2981 mandi
400 2944 438 2979 et
462 2941 492 2992 ξ.
510 2944 603 2981 600.
625 2942 771 2993 penita
796 2946 944 2982 terrae.

68 2996 136 3035 Sic
163 2999 371 3049 protinus,
409 2998 458 3036 de
496 3010 571 3048 quo
609 2997 732 3036 adeas
764 2997 875 3037 Fest.
905 3012 945 3050 p.

71 3055 162 3093 124.
188 3058 227 3092 et
251 3068 288 3106 p.
312 3059 408 3102 585.
434 3053 630 3107 Lindem.]

119 3116 366 3161 praesecata
399 3110 464 3163 [cs.
492 3111 613 3150 Voss.
639 3111 759 3150 Arist.
786 3125 824 3163 p.
851 3115 944 3152 817.

1010 841 1138 891 ibique
1160 839 1296 879 Eckst.
1327 838 1392 877 De
1415 851 1499 877 voc.
1520 838 1718 878 incertam
1736 839 1884 887 strido-

1009 911 1092 936 rem
1117 896 1163 935 cf.
1193 895 1292 935 Cort.
1320 895 1368 934 ad
1396 894 1540 934 Lucan.
1563 893 1629 932 Vl.
1658 895 1769 947 623]

1066 953 1260 992 rebullire
1286 953 1462 991 animam
1487 952 1533 990 cf.
1556 950 1640 991 lntt.
1660 951 1712 991 ad
1728 950 1884 992 Petron.

1008 1023 1038 1048 c.
1057 1014 1121 1050 42.
1141 1023 1178 1061 p.
1199 1013 1292 1050 257.
1318 1008 1448 1047 Burm.
1475 1007 1556 1047 Sed
1581 1008 1671 1047 ibid.
1697 1022 1729 1048 c.
1756 1012 1820 1051 62.
1846 1024 1884 1061 p.

1008 1071 1055 1106 41
1066 1070 1102 1107 0.
1112 1065 1250 1117 legitur
1257 1066 1456 1111 ebulliret,
1467 1064 1568 1116 quod
1580 1079 1653 1104 non
1662 1065 1886 1108 mutandum

1008 1127 1088 1167 est,
1125 1136 1361 1172 quamquam
1395 1126 1499 1160 totus
1530 1122 1640 1160 locus
1670 1123 1886 1162 mendosus

1008 1181 1057 1217 ita
1074 1179 1192 1217 dohet
1206 1180 1355 1229 corrigi:
1377 1178 1574 1218 Gladium
1588 1183 1719 1218 tamen
1733 1180 1887 1218 strinxi

1008 1241 1047 1274 et
1059 1249 1105 1274 eo
1120 1237 1332 1274 territatas
1341 1232 1458 1286 [Mss.
1469 1235 1615 1273 habent
1627 1234 1884 1288 malart'tata]

1009 1291 1171 1331 umbras
1200 1292 1337 1330 cecidi
1362 1321 1370 1328 .
1398 1322 1406 1330 .
1433 1322 1441 1330 .
1479 1290 1543 1329 De
1567 1305 1608 1330 re
1622 1291 1884 1339 Lindenbrog.

1007 1348 1170 1388 conferri
1207 1349 1312 1386 iubet
1342 1347 1556 1387 Burchard.
1587 1347 1745 1387 Decret.
1776 1347 1885 1388 XIX.

1005 1420 1042 1458 p.
1071 1409 1163 1445 278.
1191 1404 1243 1457 a]

1065 1476 1186 1515 quam
1204 1463 1381 1501 maxime
1405 1476 1474 1514 pro
1497 1466 1694 1515 quantum
1712 1463 1888 1502 maxime

1007 1519 1080 1558 (lici
1101 1518 1203 1558 Oud.
1231 1519 1457 1570 comprobat
1482 1532 1532 1557 ex
1552 1518 1648 1558 Hirt.
1663 1518 1764 1558 Bell.
1781 1518 1886 1558 Gall.

1010 1574 1108 1614 vul.
1125 1580 1204 1620 52„
1237 1576 1300 1614 ubi
1327 1589 1415 1614 eum
1448 1575 1497 1614 cf.
1523 1574 1761 1615 Offulciebat
1786 1576 1888 1615 enim

1008 1633 1147 1671 mulier
1166 1634 1335 1685 spongia
1356 1633 1508 1678 vulnus,
1535 1647 1608 1672 non
1625 1646 1701 1684 quo
1721 1634 1887 1672 maxime

1007 1690 1182 1742 patebat,
1196 1690 1268 1729 sed
1285 1694 1405 1728 totum
1420 1694 1605 1740 quantum
1625 1690 1766 1729 hiabat.
1798 1687 1886 1729 Hac

1007 1751 1153 1786 tantum
1178 1748 1326 1786 ratione
1350 1760 1397 1786 se
1423 1761 1496 1785 non
1517 1747 1758 1786 vulneratum
1780 1759 1887 1794 esse,

1009 1803 1195 1843 Socrates
1221 1804 1408 1856 postridie
1432 1805 1577 1843 sentire
1602 1808 1766 1856 poterat.

1064 1861 1116 1900 ab
1144 1875 1228 1900 meo
1253 1866 1407 1900 remoto
1431 1861 1552 1914 yrab.
1581 1861 1644 1900 Ab
1664 1862 1756 1906 imo,
1782 1861 1888 1911 quod

1009 1918 1090 1956 fere
1116 1931 1253 1956 omnes
1269 1917 1393 1957 Codd.
1415 1918 1618 1969 praebent,
1644 1918 1750 1956 nullo
1769 1918 1886 1956 modo

1006 1988 1131 2027 posse
1168 1974 1324 2014 defendi
1361 1973 1463 2012 Oud.
1507 1975 1585 2013 iam
1627 1975 1887 2020 intellexerat,

1007 2036 1132 2084 atque
1156 2046 1239 2071 una
1260 2032 1482 2071 coniicienS.
1519 2030 1758 2071 Grabatulus
1785 2033 1887 2070 enim

1007 2102 1128 2140 supra
1164 2102 1305 2139 corpus
1341 2089 1602 2130 Aristomenis
1641 2089 1811 2133 iacebat,
1847 2092 1889 2127 ut

1008 2146 1059 2185 ab
1074 2147 1153 2183 imo
1167 2145 1313 2184 nullam
1327 2145 1516 2198 praebeat
1528 2146 1773 2184 sententiam.
1800 2144 1887 2195 Ego

1008 2203 1239 2242 correxerim
1266 2216 1317 2242 ac
1342 2216 1428 2241 meo
1458 2207 1613 2242 remoto
1642 2202 1703 2240 vel
1731 2208 1769 2242 et
1793 2216 1887 2242 una.

1007 2258 1063 2299 lta
1079 2261 1224 2298 variant
1237 2256 1339 2299 Mss.
1354 2256 1452 2298 Met.
1468 2258 1494 2297 1.
1522 2273 1558 2311 p.
1575 2263 1639 2300 23.
1666 2261 1746 2299 ima
1769 2259 1885 2312 qula.

1062 2318 1236 2356 varicus.
1275 2316 1387 2356 Haec
1421 2316 1543 2355 forma
1568 2329 1685 2367 quum
1711 2320 1816 2355 recte
1840 2329 1888 2354 se

1005 2373 1162 2418 habeat,
1189 2387 1263 2412 non
1290 2377 1352 2412 est
1376 2388 1442 2412 cur
1468 2373 1577 2412 alteri
1604 2375 1756 2413 raritas
1781 2376 1888 2425 post-

1005 2434 1181 2483 ponatur.
1219 2430 1267 2470 οἵ.
1299 2430 1435 2469 Heius.
1469 2429 1530 2469 ad.
1564 2429 1679 2469 Ovid.
1713 2431 1795 2468 Art.
1823 2427 1887 2468 111.

1008 2491 1101 2528 304.
1141 2486 1311 2539 [Eodem
1345 2488 1444 2526 enim
1470 2487 1587 2526 modo
1613 2490 1655 2525 ut
1679 2501 1702 2526 a
1726 2500 1819 2527 seco
1848 2486 1888 2524 fit

1003 2558 1127 2589 secas,
1154 2558 1177 2583 a
1200 2545 1402 2590 mordico,
1429 2557 1504 2595 quo
1531 2543 1744 2596 depravata
1765 2543 1885 2582 latini·

1002 2605 1065 2640 tas
1092 2602 1221 2646 utitur,
1246 2602 1475 2646 mordicus,
1508 2602 1561 2640 ita
1591 2614 1614 2639 a
1639 2601 1779 2639 varice
1813 2599 1885 2638 sor—

1002 2661 1128 2697 matur
1152 2660 1327 2704 varicus,
1359 2669 1594 2709 quamquam
1619 2657 1737 2695 etiam
1763 2656 1887 2696 altera

1005 2714 1126 2754 forma
1156 2729 1226 2768 per
1255 2729 1302 2754 se
1332 2714 1546 2767 probabilis
1572 2717 1652 2758 est,
1677 2725 1728 2752 ex
1754 2713 1886 2755 analo·

1003 2772 1067 2823 gia
1090 2770 1248 2811 adverb.
1275 2773 1428 2817 imitas,
1449 2771 1654 2823 primitus,
1677 2770 1883 2822 funditaS,

1002 2828 1044 2867 ut
1070 2831 1222 2869 raritas
1246 2829 1310 2868 fiat
1337 2843 1360 2868 a
1383 2841 1516 2867 varus.
1557 2824 1653 2866 Erat
1677 2837 1794 2877 quum
1820 2840 1886 2867 va·

1003 2886 1117 2925 ‘ricae
1136 2886 1199 2923 vel
1222 2887 1377 2925 varices
1395 2884 1636 2929 conficerem,
1650 2886 1692 2922 ut
1708 2894 1884 2934 sequens

1004 2941 1131 2982 littera
1144 2957 1172 2982 s.
1181 2943 1295 2994 priori
1310 2940 1499 2980 vocabulo
1508 2939 1641 2979 addita
1649 2942 1770 2985 esset,
1778 2939 1885 2992 quod

1005 2998 1120 3039 facile
1140 2999 1175 3038 in
1198 3000 1357 3038 caricas
1375 3000 1516 3050 posset
1533 2997 1650 3036 abire.
1699 2995 1783 3035 Sed
1801 2995 1883 3035 edi·

1003 3059 1083 3094 tam
1121 3056 1326 3094 lectionem
1363 3053 1576 3094 defendunt
1606 3052 1780 3092 Glossae
1816 3066 1882 3092 va·

1005 3114 1113 3152 ricat
1145 3111 1357 3165 ὑπερβαίνει
1382 3114 1422 3150 et
1445 3110 1583 3152 Gloss.
1613 3108 1704 3150 Isid.
1727 3123 1767 3162 p.
1786 3111 1882 3153 697.
