<?xml version="1.0" encoding="UTF-8"?>
<!DOCTYPE html PUBLIC "-//W3C//DTD XHTML 1.0 Transitional//EN"
    "http://www.w3.org/TR/xhtml1/DTD/xhtml1-transitional.dtd">
<html xmlns="http://www.w3.org/1999/xhtml" xml:lang="en" lang="en">
 <head>
  <title>
</title>
<meta http-equiv="Content-Type" content="text/html;charset=utf-8" />
  <meta name='ocr-system' content='tesseract 3.04.00' />
  <meta name='ocr-capabilities' content='ocr_page ocr_carea ocr_par ocr_line ocrx_word'/>
</head>
<body>
  <div class='ocr_page' id='page_1' title='image "./operaomnia01apuluoft/operaomnia01apuluoft_0305.png"; bbox 0 0 2155 3590; ppageno 0'>
   <div class='ocr_carea' id='block_1_1' title="bbox 583 136 1865 187">
    <p class='ocr_par' dir='ltr' id='par_1_1' title="bbox 583 136 1865 187">
     <span class='ocr_line' id='line_1_1' title="bbox 583 136 1865 187; baseline 0.009 -11"><span class='ocrx_word' id='word_1_1' title='bbox 583 138 813 182; x_wconf 57' lang='grc' dir='ltr'>ῑ-ΙΛΒΕΗ</span> <span class='ocrx_word' id='word_1_2' title='bbox 842 138 916 179; x_wconf 87' lang='lat'><strong>111.</strong></span> <span class='ocrx_word' id='word_1_3' title='bbox 977 137 1103 178; x_wconf 81' lang='lat' dir='ltr'><strong>CAP.</strong></span> <span class='ocrx_word' id='word_1_4' title='bbox 1133 136 1184 176; x_wconf 82' lang='grc' dir='ltr'>Χ.</span> <span class='ocrx_word' id='word_1_5' title='bbox 1215 136 1288 175; x_wconf 82' lang='lat' dir='ltr'>XI.</span> <span class='ocrx_word' id='word_1_6' title='bbox 1786 136 1865 187; x_wconf 77' lang='grc'>169</span> 
     </span>
    </p>
   </div>
   <div class='ocr_carea' id='block_1_2' title="bbox 78 249 1866 361">
    <p class='ocr_par' dir='ltr' id='par_1_2' title="bbox 78 249 1866 361">
     <span class='ocr_line' id='line_1_2' title="bbox 80 249 1866 347; baseline -0.002 -55"><span class='ocrx_word' id='word_1_7' title='bbox 80 259 209 347; x_wconf 63' lang='lat' dir='ltr'>taffien</span> <span class='ocrx_word' id='word_1_8' title='bbox 229 251 537 315; x_wconf 77' lang='lat' dir='ltr'>indignationem</span> <span class='ocrx_word' id='word_1_9' title='bbox 555 250 737 301; x_wconf 83' lang='lat' dir='ltr'>iniuriae,</span> <span class='ocrx_word' id='word_1_10' title='bbox 760 265 857 305; x_wconf 85' lang='lat' dir='ltr'>quae</span> <span class='ocrx_word' id='word_1_11' title='bbox 876 251 1103 297; x_wconf 80' lang='lat' dir='ltr'><strong>inhaeserat</strong></span> <span class='ocrx_word' id='word_1_12' title='bbox 1120 249 1236 291; x_wconf 87' lang='lat' dir='ltr'>altius</span> <span class='ocrx_word' id='word_1_13' title='bbox 1256 262 1341 289; x_wconf 91' lang='lat' dir='ltr'>meo</span> <span class='ocrx_word' id='word_1_14' title='bbox 1363 249 1527 302; x_wconf 78' lang='lat' dir='ltr'>pectori,</span> <span class='ocrx_word' id='word_1_15' title='bbox 1553 249 1632 288; x_wconf 87' lang='lat' dir='ltr'>ullo</span> <span class='ocrx_word' id='word_1_16' title='bbox 1652 249 1765 289; x_wconf 87' lang='lat' dir='ltr'>modo</span> <span class='ocrx_word' id='word_1_17' title='bbox 1780 262 1866 303; x_wconf 88' lang='lat' dir='ltr'>per-</span> 
     </span>
     <span class='ocr_line' id='line_1_3' title="bbox 78 315 413 361; baseline 0 -13"><span class='ocrx_word' id='word_1_18' title='bbox 78 322 117 348; x_wconf 81' lang='lat' dir='ltr'>m</span> <span class='ocrx_word' id='word_1_19' title='bbox 162 320 250 348; x_wconf 85' lang='lat' dir='ltr'>cere</span> <span class='ocrx_word' id='word_1_20' title='bbox 276 315 413 361; x_wconf 81' lang='lat' dir='ltr'>quivit.</span> 
     </span>
    </p>
   </div>
   <div class='ocr_carea' id='block_1_3' title="bbox 655 466 1296 516">
    <p class='ocr_par' dir='ltr' id='par_1_3' title="bbox 655 466 1296 516">
     <span class='ocr_line' id='line_1_4' title="bbox 655 466 1296 516; baseline -0.003 -1"><span class='ocrx_word' id='word_1_21' title='bbox 655 467 1093 516; x_wconf 88' lang='lat' dir='ltr'><strong>CAPUT</strong></span> <span class='ocrx_word' id='word_1_22' title='bbox 1194 466 1296 514; x_wconf 89' lang='lat' dir='ltr'>XI.</span> 
     </span>
    </p>
   </div>
   <div class='ocr_carea' id='block_1_4' title="bbox 79 598 1873 1104">
    <p class='ocr_par' dir='ltr' id='par_1_4' title="bbox 79 598 1873 1104">
     <span class='ocr_line' id='line_1_5' title="bbox 189 598 1868 654; baseline -0.002 -14"><span class='ocrx_word' id='word_1_23' title='bbox 189 599 296 641; x_wconf 88' lang='lat' dir='ltr'>Ecce</span> <span class='ocrx_word' id='word_1_24' title='bbox 319 600 423 641; x_wconf 86' lang='lat' dir='ltr'>illico</span> <span class='ocrx_word' id='word_1_25' title='bbox 449 600 564 640; x_wconf 88' lang='lat' dir='ltr'>etiam</span> <span class='ocrx_word' id='word_1_26' title='bbox 590 600 664 654; x_wconf 90' lang='lat' dir='ltr'>ipsi</span> <span class='ocrx_word' id='word_1_27' title='bbox 688 601 943 654; x_wconf 79' lang='lat' dir='ltr'>magistratus</span> <span class='ocrx_word' id='word_1_28' title='bbox 969 615 1053 640; x_wconf 89' lang='lat' dir='ltr'>cum</span> <span class='ocrx_word' id='word_1_29' title='bbox 1080 599 1160 640; x_wconf 91' lang='lat' dir='ltr'>suis</span> <span class='ocrx_word' id='word_1_30' title='bbox 1185 598 1404 654; x_wconf 85' lang='lat' dir='ltr'>insignibus</span> <span class='ocrx_word' id='word_1_31' title='bbox 1430 598 1582 638; x_wconf 89' lang='lat' dir='ltr'>domum</span> <span class='ocrx_word' id='word_1_32' title='bbox 1609 605 1784 638; x_wconf 89' lang='lat' dir='ltr'>nostram</span> <span class='ocrx_word' id='word_1_33' title='bbox 1809 599 1868 638; x_wconf 92' lang='lat' dir='ltr'>in-</span> 
     </span>
     <span class='ocr_line' id='line_1_6' title="bbox 80 654 1868 710; baseline -0.001 -14"><span class='ocrx_word' id='word_1_34' title='bbox 80 656 229 709; x_wconf 79' lang='lat' dir='ltr'>gressi,</span> <span class='ocrx_word' id='word_1_35' title='bbox 256 657 398 697; x_wconf 87' lang='lat' dir='ltr'>talibus</span> <span class='ocrx_word' id='word_1_36' title='bbox 424 671 485 696; x_wconf 91' lang='lat' dir='ltr'>me</span> <span class='ocrx_word' id='word_1_37' title='bbox 510 657 667 696; x_wconf 85' lang='lat' dir='ltr'>monitis</span> <span class='ocrx_word' id='word_1_38' title='bbox 693 657 866 696; x_wconf 82' lang='lat' dir='ltr'>delenire</span> <span class='ocrx_word' id='word_1_39' title='bbox 899 657 1089 710; x_wconf 87' lang='lat' dir='ltr'>gestiunt:</span> <span class='ocrx_word' id='word_1_40' title='bbox 1120 654 1261 709; x_wconf 85' lang='lat' dir='ltr'>Neque</span> <span class='ocrx_word' id='word_1_41' title='bbox 1296 663 1385 695; x_wconf 89' lang='lat' dir='ltr'>tuae</span> <span class='ocrx_word' id='word_1_42' title='bbox 1423 654 1627 708; x_wconf 75' lang='lat' dir='ltr'>dignitatis</span> <span class='ocrx_word' id='word_1_43' title='bbox 1658 654 1721 694; x_wconf 77' lang='lat' dir='ltr'>vel</span> <span class='ocrx_word' id='word_1_44' title='bbox 1751 654 1868 694; x_wconf 82' lang='lat' dir='ltr'>etiam</span> 
     </span>
     <span class='ocr_line' id='line_1_7' title="bbox 80 711 1870 767; baseline -0.002 -15"><span class='ocrx_word' id='word_1_45' title='bbox 80 714 284 767; x_wconf 79' lang='lat' dir='ltr'>prosapiae</span> <span class='ocrx_word' id='word_1_46' title='bbox 316 720 470 753; x_wconf 81' lang='lat' dir='ltr'>tuorum</span> <span class='ocrx_word' id='word_1_47' title='bbox 500 713 630 767; x_wconf 88' lang='lat' dir='ltr'>ignari</span> <span class='ocrx_word' id='word_1_48' title='bbox 655 727 810 761; x_wconf 79' lang='lat' dir='ltr'>sumus,</span> <span class='ocrx_word' id='word_1_49' title='bbox 843 711 944 752; x_wconf 87' lang='lat' dir='ltr'>Luci</span> <span class='ocrx_word' id='word_1_50' title='bbox 976 713 1143 753; x_wconf 89' lang='lat' dir='ltr'>domine.</span> <span class='ocrx_word' id='word_1_51' title='bbox 1198 711 1303 753; x_wconf 85' lang='lat' dir='ltr'>Nam</span> <span class='ocrx_word' id='word_1_52' title='bbox 1335 718 1374 751; x_wconf 89' lang='lat' dir='ltr'>et</span> <span class='ocrx_word' id='word_1_53' title='bbox 1397 711 1638 765; x_wconf 87' lang='lat' dir='ltr'>provinciam</span> <span class='ocrx_word' id='word_1_54' title='bbox 1665 717 1786 750; x_wconf 85' lang='lat' dir='ltr'>totam</span> <span class='ocrx_word' id='word_1_55' title='bbox 1813 712 1870 750; x_wconf 88' lang='lat' dir='ltr'>in-</span> 
     </span>
     <span class='ocr_line' id='line_1_8' title="bbox 80 767 1872 824; baseline -0.002 -15"><span class='ocrx_word' id='word_1_56' title='bbox 80 769 206 824; x_wconf 76' lang='lat' dir='ltr'>clytae</span> <span class='ocrx_word' id='word_1_57' title='bbox 230 776 388 809; x_wconf 81' lang='lat' dir='ltr'>vestrae</span> <span class='ocrx_word' id='word_1_58' title='bbox 414 769 584 809; x_wconf 86' lang='lat' dir='ltr'>familiae</span> <span class='ocrx_word' id='word_1_59' title='bbox 611 769 793 809; x_wconf 86' lang='lat' dir='ltr'>nobilitas</span> <span class='ocrx_word' id='word_1_60' title='bbox 827 769 1112 822; x_wconf 75' lang='lat' dir='ltr'>complectitur.</span> <span class='ocrx_word' id='word_1_61' title='bbox 1162 770 1223 808; x_wconf 79' lang='lat' dir='ltr'>Ac</span> <span class='ocrx_word' id='word_1_62' title='bbox 1254 782 1302 808; x_wconf 92' lang='lat' dir='ltr'>ne</span> <span class='ocrx_word' id='word_1_63' title='bbox 1327 768 1453 818; x_wconf 86' lang='lat' dir='ltr'>istud,</span> <span class='ocrx_word' id='word_1_64' title='bbox 1487 767 1585 820; x_wconf 91' lang='lat' dir='ltr'>quod</span> <span class='ocrx_word' id='word_1_65' title='bbox 1618 767 1872 807; x_wconf 76' lang='lat' dir='ltr'>vehementer</span> 
     </span>
     <span class='ocr_line' id='line_1_9' title="bbox 79 824 1872 880; baseline -0.001 -15"><span class='ocrx_word' id='word_1_66' title='bbox 79 825 329 879; x_wconf 76' lang='lat' dir='ltr'>ingemiscis,</span> <span class='ocrx_word' id='word_1_67' title='bbox 364 825 622 865; x_wconf 83' lang='lat' dir='ltr'>contumeliae</span> <span class='ocrx_word' id='word_1_68' title='bbox 648 839 787 866; x_wconf 81' lang='lat' dir='ltr'>caussa</span> <span class='ocrx_word' id='word_1_69' title='bbox 814 839 1020 880; x_wconf 84' lang='lat' dir='ltr'>perpessus</span> <span class='ocrx_word' id='word_1_70' title='bbox 1047 839 1104 865; x_wconf 88' lang='lat' dir='ltr'>es.</span> <span class='ocrx_word' id='word_1_71' title='bbox 1162 824 1327 866; x_wconf 85' lang='lat' dir='ltr'>Omnem</span> <span class='ocrx_word' id='word_1_72' title='bbox 1364 824 1494 877; x_wconf 87' lang='lat' dir='ltr'>itaque</span> <span class='ocrx_word' id='word_1_73' title='bbox 1530 824 1575 864; x_wconf 93' lang='lat' dir='ltr'>de</span> <span class='ocrx_word' id='word_1_74' title='bbox 1614 830 1678 863; x_wconf 88' lang='lat' dir='ltr'>tuo</span> <span class='ocrx_word' id='word_1_75' title='bbox 1714 830 1872 876; x_wconf 84' lang='lat' dir='ltr'>pectore</span> 
     </span>
     <span class='ocr_line' id='line_1_10' title="bbox 80 879 1870 937; baseline -0.001 -16"><span class='ocrx_word' id='word_1_76' title='bbox 80 889 323 933; x_wconf 82' lang='lat' dir='ltr'>praesentem</span> <span class='ocrx_word' id='word_1_77' title='bbox 350 882 627 922; x_wconf 86' lang='lat' dir='ltr'>tristitudinem</span> <span class='ocrx_word' id='word_1_78' title='bbox 649 882 758 922; x_wconf 87' lang='lat' dir='ltr'>mitte</span> <span class='ocrx_word' id='word_1_79' title='bbox 777 889 815 921; x_wconf 91' lang='lat' dir='ltr'>et</span> <span class='ocrx_word' id='word_1_80' title='bbox 835 895 1022 935; x_wconf 84' lang='lat' dir='ltr'>angorem</span> <span class='ocrx_word' id='word_1_81' title='bbox 1046 880 1052 937; x_wconf 87' lang='grc' dir='ltr'>Ι</span> <span class='ocrx_word' id='word_1_82' title='bbox 1073 881 1190 921; x_wconf 86' lang='lat' dir='ltr'>animi</span> <span class='ocrx_word' id='word_1_83' title='bbox 1211 881 1372 935; x_wconf 87' lang='lat' dir='ltr'>depelle.</span> <span class='ocrx_word' id='word_1_84' title='bbox 1398 879 1503 920; x_wconf 88' lang='lat' dir='ltr'>Nam</span> <span class='ocrx_word' id='word_1_85' title='bbox 1523 880 1631 920; x_wconf 91' lang='lat' dir='ltr'>lusus</span> <span class='ocrx_word' id='word_1_86' title='bbox 1651 879 1741 929; x_wconf 86' lang='lat' dir='ltr'>iste,</span> <span class='ocrx_word' id='word_1_87' title='bbox 1759 893 1870 932; x_wconf 86' lang='lat' dir='ltr'>quem</span> 
     </span>
     <span class='ocr_line' id='line_1_11' title="bbox 79 936 1871 992; baseline -0.001 -15"><span class='ocrx_word' id='word_1_88' title='bbox 79 938 229 992; x_wconf 89' lang='lat' dir='ltr'>publice</span> <span class='ocrx_word' id='word_1_89' title='bbox 250 938 475 992; x_wconf 87' lang='lat' dir='ltr'>gratissimo</span> <span class='ocrx_word' id='word_1_90' title='bbox 495 937 581 978; x_wconf 90' lang='lat' dir='ltr'>Deo</span> <span class='ocrx_word' id='word_1_91' title='bbox 602 937 717 978; x_wconf 86' lang='lat' dir='ltr'>Risui</span> <span class='ocrx_word' id='word_1_92' title='bbox 737 951 806 992; x_wconf 91' lang='lat' dir='ltr'>per</span> <span class='ocrx_word' id='word_1_93' title='bbox 826 951 955 978; x_wconf 87' lang='lat' dir='ltr'>annua</span> <span class='ocrx_word' id='word_1_94' title='bbox 981 938 1218 978; x_wconf 78' lang='lat' dir='ltr'>reverticula</span> <span class='ocrx_word' id='word_1_95' title='bbox 1244 937 1472 977; x_wconf 87' lang='lat' dir='ltr'>solemniter</span> <span class='ocrx_word' id='word_1_96' title='bbox 1491 936 1749 986; x_wconf 82' lang='lat' dir='ltr'>celebramus,</span> <span class='ocrx_word' id='word_1_97' title='bbox 1771 949 1871 975; x_wconf 92' lang='lat' dir='ltr'>sem-</span> 
     </span>
     <span class='ocr_line' id='line_1_12' title="bbox 80 992 1873 1047; baseline -0.002 -13"><span class='ocrx_word' id='word_1_98' title='bbox 80 1007 148 1047; x_wconf 86' lang='lat' dir='ltr'>per</span> <span class='ocrx_word' id='word_1_99' title='bbox 179 995 388 1035; x_wconf 84' lang='lat' dir='ltr'>commenti</span> <span class='ocrx_word' id='word_1_100' title='bbox 419 995 594 1035; x_wconf 86' lang='lat' dir='ltr'>novitate</span> <span class='ocrx_word' id='word_1_101' title='bbox 626 994 813 1035; x_wconf 86' lang='lat' dir='ltr'>florescit.</span> <span class='ocrx_word' id='word_1_102' title='bbox 866 994 945 1034; x_wconf 85' lang='lat' dir='ltr'>lste</span> <span class='ocrx_word' id='word_1_103' title='bbox 977 992 1086 1034; x_wconf 87' lang='lat' dir='ltr'>Deus</span> <span class='ocrx_word' id='word_1_104' title='bbox 1119 1001 1318 1033; x_wconf 81' lang='lat' dir='ltr'>auctorem</span> <span class='ocrx_word' id='word_1_105' title='bbox 1357 1007 1466 1033; x_wconf 90' lang='lat' dir='ltr'>suum</span> <span class='ocrx_word' id='word_1_106' title='bbox 1504 992 1694 1046; x_wconf 88' lang='lat' dir='ltr'>propitius</span> <span class='ocrx_word' id='word_1_107' title='bbox 1730 992 1873 1046; x_wconf 89' lang='lat' dir='ltr'>ubique</span> 
     </span>
     <span class='ocr_line' id='line_1_13' title="bbox 79 1049 1872 1104; baseline -0.001 -14"><span class='ocrx_word' id='word_1_108' title='bbox 79 1050 329 1091; x_wconf 76' lang='lat' dir='ltr'>comitabitur</span> <span class='ocrx_word' id='word_1_109' title='bbox 353 1058 551 1101; x_wconf 81' lang='lat' dir='ltr'>amanter,</span> <span class='ocrx_word' id='word_1_110' title='bbox 581 1064 652 1091; x_wconf 88' lang='lat' dir='ltr'>nec</span> <span class='ocrx_word' id='word_1_111' title='bbox 683 1065 853 1104; x_wconf 84' lang='lat' dir='ltr'>unquam</span> <span class='ocrx_word' id='word_1_112' title='bbox 878 1050 1063 1104; x_wconf 85' lang='lat' dir='ltr'>patietur,</span> <span class='ocrx_word' id='word_1_113' title='bbox 1097 1057 1140 1090; x_wconf 87' lang='lat' dir='ltr'>ut</span> <span class='ocrx_word' id='word_1_114' title='bbox 1169 1064 1222 1090; x_wconf 77' lang='lat' dir='ltr'>cx</span> <span class='ocrx_word' id='word_1_115' title='bbox 1252 1050 1382 1089; x_wconf 88' lang='lat' dir='ltr'>animo</span> <span class='ocrx_word' id='word_1_116' title='bbox 1415 1049 1568 1099; x_wconf 82' lang='lat' dir='ltr'>doleas,</span> <span class='ocrx_word' id='word_1_117' title='bbox 1604 1049 1671 1089; x_wconf 89' lang='lat' dir='ltr'>sed</span> <span class='ocrx_word' id='word_1_118' title='bbox 1703 1049 1872 1089; x_wconf 83' lang='lat' dir='ltr'>frontem</span> 
     </span>
    </p>
   </div>
   <div class='ocr_carea' id='block_1_5' title="bbox 77 1177 1880 1937">
    <p class='ocr_par' dir='ltr' id='par_1_5' title="bbox 78 1177 1875 1308">
     <span class='ocr_line' id='line_1_14' title="bbox 79 1177 1875 1215; baseline 0.001 -11"><span class='ocrx_word' id='word_1_119' title='bbox 79 1177 307 1215; x_wconf 51' lang='lat' dir='ltr'>indvgrnatione</span> <span class='ocrx_word' id='word_1_120' title='bbox 320 1181 356 1207; x_wconf 80' lang='lat'>1..</span> <span class='ocrx_word' id='word_1_121' title='bbox 381 1181 444 1208; x_wconf 80' lang='lat' dir='ltr'>Sed</span> <span class='ocrx_word' id='word_1_122' title='bbox 459 1177 720 1215; x_wconf 53' lang='lat' dir='ltr'>indngnatiunem</span> <span class='ocrx_word' id='word_1_123' title='bbox 737 1181 897 1212; x_wconf 81' lang='lat' dir='ltr'>probatur.</span> <span class='ocrx_word' id='word_1_124' title='bbox 922 1178 1116 1206; x_wconf 86' lang='lat' dir='ltr'>Iniuriarum</span> <span class='ocrx_word' id='word_1_125' title='bbox 1133 1179 1216 1205; x_wconf 74' lang='lat' dir='ltr'>enim</span> <span class='ocrx_word' id='word_1_126' title='bbox 1233 1178 1358 1211; x_wconf 74' lang='lat' dir='ltr'>siquae</span> <span class='ocrx_word' id='word_1_127' title='bbox 1378 1178 1485 1206; x_wconf 77' lang='lat' dir='ltr'>sactae</span> <span class='ocrx_word' id='word_1_128' title='bbox 1505 1181 1595 1211; x_wconf 78' lang='lat' dir='ltr'>sunt,</span> <span class='ocrx_word' id='word_1_129' title='bbox 1622 1180 1721 1206; x_wconf 80' lang='lat' dir='ltr'>tenax</span> <span class='ocrx_word' id='word_1_130' title='bbox 1741 1181 1788 1205; x_wconf 84' lang='lat' dir='ltr'>est</span> <span class='ocrx_word' id='word_1_131' title='bbox 1808 1185 1875 1206; x_wconf 85' lang='lat' dir='ltr'>me-</span> 
     </span>
     <span class='ocr_line' id='line_1_15' title="bbox 78 1221 1874 1261; baseline -0.001 -9"><span class='ocrx_word' id='word_1_132' title='bbox 78 1224 197 1255; x_wconf 78' lang='lat' dir='ltr'>moria.</span> <span class='ocrx_word' id='word_1_133' title='bbox 220 1228 248 1252; x_wconf 77' lang='lat' dir='ltr'>et</span> <span class='ocrx_word' id='word_1_134' title='bbox 265 1224 417 1258; x_wconf 79' lang='lat' dir='ltr'>quicquid</span> <span class='ocrx_word' id='word_1_135' title='bbox 430 1224 558 1252; x_wconf 80' lang='lat' dir='ltr'>offendit</span> <span class='ocrx_word' id='word_1_136' title='bbox 575 1232 671 1259; x_wconf 72' lang='lat' dir='ltr'>aegre</span> <span class='ocrx_word' id='word_1_137' title='bbox 685 1223 838 1251; x_wconf 75' lang='lat' dir='ltr'>eximitur</span> <span class='ocrx_word' id='word_1_138' title='bbox 851 1226 882 1250; x_wconf 88' lang='lat' dir='ltr'>ut</span> <span class='ocrx_word' id='word_1_139' title='bbox 902 1221 1071 1249; x_wconf 53' lang='lat' dir='ltr'>Pertinax·</span> <span class='ocrx_word' id='word_1_140' title='bbox 1084 1223 1169 1256; x_wconf 80' lang='lat' dir='ltr'>apud</span> <span class='ocrx_word' id='word_1_141' title='bbox 1185 1223 1358 1250; x_wconf 81' lang='lat' dir='ltr'>Herodian.</span> <span class='ocrx_word' id='word_1_142' title='bbox 1372 1224 1412 1250; x_wconf 87' lang='grc' dir='ltr'>ΙΙ.</span> <span class='ocrx_word' id='word_1_143' title='bbox 1428 1222 1539 1261; x_wconf 55' lang='lat' dir='ltr'><strong>[filu.</strong></span> <span class='ocrx_word' id='word_1_144' title='bbox 1553 1222 1676 1256; x_wconf 66' lang='lat' dir='ltr'>Lysias</span> <span class='ocrx_word' id='word_1_145' title='bbox 1687 1230 1740 1256; x_wconf 80' lang='lat' dir='ltr'>pro</span> <span class='ocrx_word' id='word_1_146' title='bbox 1749 1223 1874 1257; x_wconf 78' lang='lat' dir='ltr'>Polyst.</span> 
     </span>
     <span class='ocr_line' id='line_1_16' title="bbox 78 1262 1874 1308; baseline -0.001 -12"><span class='ocrx_word' id='word_1_147' title='bbox 78 1278 108 1303; x_wconf 85' lang='lat' dir='ltr'>p.</span> <span class='ocrx_word' id='word_1_148' title='bbox 124 1270 199 1297; x_wconf 82' lang='lat'><strong>337.</strong></span> <span class='ocrx_word' id='word_1_149' title='bbox 221 1266 353 1305; x_wconf 68' lang='grc' dir='ltr'>λέγεται</span> <span class='ocrx_word' id='word_1_150' title='bbox 371 1264 438 1308; x_wconf 74' lang='grc' dir='ltr'>γὰρ</span> <span class='ocrx_word' id='word_1_151' title='bbox 457 1264 538 1299; x_wconf 59' lang='grc' dir='ltr'>τοὺς</span> <span class='ocrx_word' id='word_1_152' title='bbox 557 1267 662 1300; x_wconf 78' lang='grc' dir='ltr'>κακῶς</span> <span class='ocrx_word' id='word_1_153' title='bbox 682 1262 910 1299; x_wconf 72' lang='grc' dir='ltr'>πεπονθότας</span> <span class='ocrx_word' id='word_1_154' title='bbox 929 1265 1129 1304; x_wconf 67' lang='grc' dir='ltr'>μεμνῆσθαι</span> <span class='ocrx_word' id='word_1_155' title='bbox 1148 1265 1279 1299; x_wconf 73' lang='grc' dir='ltr'><em>μᾶλλον</em></span> <span class='ocrx_word' id='word_1_156' title='bbox 1302 1262 1413 1303; x_wconf 74' lang='grc' dir='ltr'>ἢτοι“’ς</span> <span class='ocrx_word' id='word_1_157' title='bbox 1427 1263 1474 1295; x_wconf 71' lang='grc' dir='ltr'>εὖ.</span> <span class='ocrx_word' id='word_1_158' title='bbox 1500 1266 1646 1294; x_wconf 73' lang='lat' dir='ltr'>emem’cz&#39;l</span> <span class='ocrx_word' id='word_1_159' title='bbox 1662 1275 1716 1301; x_wconf 77' lang='lat' dir='ltr'>pro</span> <span class='ocrx_word' id='word_1_160' title='bbox 1731 1267 1840 1304; x_wconf 70' lang='lat' dir='ltr'>quivit</span> <span class='ocrx_word' id='word_1_161' title='bbox 1853 1267 1874 1296; x_wconf 86' lang='lat' dir='ltr'>f.</span> 
     </span>
    </p>

    <p class='ocr_par' dir='ltr' id='par_1_6' title="bbox 77 1310 1880 1937">
     <span class='ocr_line' id='line_1_17' title="bbox 167 1310 1876 1350; baseline 0 -11"><span class='ocrx_word' id='word_1_162' title='bbox 167 1313 234 1350; x_wconf 74' lang='lat' dir='ltr'>ipsi</span> <span class='ocrx_word' id='word_1_163' title='bbox 250 1314 477 1350; x_wconf 67' lang='lat' dir='ltr'>magistratus</span> <span class='ocrx_word' id='word_1_164' title='bbox 490 1314 526 1341; x_wconf 87' lang='lat' dir='ltr'>F.</span> <span class='ocrx_word' id='word_1_165' title='bbox 541 1315 571 1341; x_wconf 77' lang='lat'>3.</span> <span class='ocrx_word' id='word_1_166' title='bbox 592 1315 627 1341; x_wconf 86' lang='lat' dir='ltr'>G.</span> <span class='ocrx_word' id='word_1_167' title='bbox 642 1314 679 1341; x_wconf 76' lang='lat' dir='ltr'>D.</span> <span class='ocrx_word' id='word_1_168' title='bbox 695 1314 730 1341; x_wconf 91' lang='lat' dir='ltr'>P.</span> <span class='ocrx_word' id='word_1_169' title='bbox 745 1310 773 1340; x_wconf 76' lang='grc' dir='ltr'>δ.</span> <span class='ocrx_word' id='word_1_170' title='bbox 795 1321 823 1346; x_wconf 80' lang='lat' dir='ltr'>p.</span> <span class='ocrx_word' id='word_1_171' title='bbox 840 1313 860 1340; x_wconf 85' lang='lat' dir='ltr'>f.</span> <span class='ocrx_word' id='word_1_172' title='bbox 885 1314 970 1341; x_wconf 86' lang='lat' dir='ltr'>lunt.</span> <span class='ocrx_word' id='word_1_173' title='bbox 985 1314 1015 1340; x_wconf 77' lang='grc'>2.</span> <span class='ocrx_word' id='word_1_174' title='bbox 1040 1314 1076 1339; x_wconf 86' lang='lat' dir='ltr'>In</span> <span class='ocrx_word' id='word_1_175' title='bbox 1097 1312 1232 1345; x_wconf 71' lang='lat' dir='ltr'>reliquis</span> <span class='ocrx_word' id='word_1_176' title='bbox 1252 1312 1477 1347; x_wconf 71' lang='lat' dir='ltr'>magistratus</span> <span class='ocrx_word' id='word_1_177' title='bbox 1496 1311 1570 1347; x_wconf 71' lang='lat' dir='ltr'>ipsi.</span> <span class='ocrx_word' id='word_1_178' title='bbox 1618 1320 1690 1338; x_wconf 73' lang='lat' dir='ltr'>enm</span> <span class='ocrx_word' id='word_1_179' title='bbox 1710 1316 1785 1341; x_wconf 85' lang='lat' dir='ltr'>ante</span> <span class='ocrx_word' id='word_1_180' title='bbox 1805 1313 1876 1340; x_wconf 78' lang='lat' dir='ltr'>suis</span> 
     </span>
     <span class='ocr_line' id='line_1_18' title="bbox 78 1355 1876 1395; baseline 0.001 -10"><span class='ocrx_word' id='word_1_181' title='bbox 78 1359 280 1389; x_wconf 71' lang='lat' dir='ltr'>desideratur</span> <span class='ocrx_word' id='word_1_182' title='bbox 298 1359 330 1387; x_wconf 88' lang='lat' dir='ltr'>in</span> <span class='ocrx_word' id='word_1_183' title='bbox 347 1359 367 1387; x_wconf 88' lang='lat' dir='ltr'>f.</span> <span class='ocrx_word' id='word_1_184' title='bbox 416 1358 629 1395; x_wconf 72' lang='lat' dir='ltr'>insignilr‘hus</span> <span class='ocrx_word' id='word_1_185' title='bbox 649 1360 684 1386; x_wconf 90' lang='lat' dir='ltr'>G.</span> <span class='ocrx_word' id='word_1_186' title='bbox 705 1359 740 1386; x_wconf 87' lang='lat' dir='ltr'>P.</span> <span class='ocrx_word' id='word_1_187' title='bbox 754 1359 792 1385; x_wconf 86' lang='lat' dir='ltr'>D.</span> <span class='ocrx_word' id='word_1_188' title='bbox 808 1365 827 1385; x_wconf 80' lang='lat' dir='ltr'>a</span> <span class='ocrx_word' id='word_1_189' title='bbox 842 1366 869 1391; x_wconf 78' lang='lat' dir='ltr'><strong>p.</strong></span> <span class='ocrx_word' id='word_1_190' title='bbox 885 1365 924 1385; x_wconf 89' lang='lat' dir='ltr'>m.</span> <span class='ocrx_word' id='word_1_191' title='bbox 974 1365 1044 1384; x_wconf 78' lang='lat' dir='ltr'>cum</span> <span class='ocrx_word' id='word_1_192' title='bbox 1063 1356 1186 1383; x_wconf 76' lang='lat' dir='ltr'>talibus</span> <span class='ocrx_word' id='word_1_193' title='bbox 1201 1365 1249 1382; x_wconf 79' lang='lat' dir='ltr'>me</span> <span class='ocrx_word' id='word_1_194' title='bbox 1262 1359 1345 1384; x_wconf 89' lang='lat' dir='ltr'>lunt.</span> <span class='ocrx_word' id='word_1_195' title='bbox 1366 1358 1389 1384; x_wconf 87' lang='lat'>1.</span> <span class='ocrx_word' id='word_1_196' title='bbox 1406 1359 1435 1384; x_wconf 73' lang='lat'><strong>2‘.</strong></span> <span class='ocrx_word' id='word_1_197' title='bbox 1449 1358 1523 1385; x_wconf 67' lang='lat' dir='ltr'>Alit.</span> <span class='ocrx_word' id='word_1_198' title='bbox 1572 1355 1721 1385; x_wconf 67' lang='lat' dir='ltr'>delim&#39;re.</span> <span class='ocrx_word' id='word_1_199' title='bbox 1759 1360 1876 1386; x_wconf 80' lang='lat' dir='ltr'>omnes</span> 
     </span>
     <span class='ocr_line' id='line_1_19' title="bbox 78 1400 1875 1439; baseline -0.002 -7"><span class='ocrx_word' id='word_1_200' title='bbox 78 1407 159 1432; x_wconf 79' lang='lat' dir='ltr'>Mss.</span> <span class='ocrx_word' id='word_1_201' title='bbox 173 1407 203 1432; x_wconf 82' lang='lat' dir='ltr'>et</span> <span class='ocrx_word' id='word_1_202' title='bbox 216 1405 286 1432; x_wconf 85' lang='lat' dir='ltr'>edd.</span> <span class='ocrx_word' id='word_1_203' title='bbox 331 1404 481 1439; x_wconf 76' lang='lat' dir='ltr'>gestiunt</span> <span class='ocrx_word' id='word_1_204' title='bbox 495 1405 529 1430; x_wconf 82' lang='lat' dir='ltr'>et</span> <span class='ocrx_word' id='word_1_205' title='bbox 541 1402 687 1430; x_wconf 69' lang='lat' dir='ltr'>dicentes</span> <span class='ocrx_word' id='word_1_206' title='bbox 701 1403 808 1436; x_wconf 83' lang='lat' dir='ltr'>inepte</span> <span class='ocrx_word' id='word_1_207' title='bbox 820 1403 951 1430; x_wconf 82' lang='lat' dir='ltr'>additur</span> <span class='ocrx_word' id='word_1_208' title='bbox 964 1403 996 1430; x_wconf 91' lang='lat' dir='ltr'>in</span> <span class='ocrx_word' id='word_1_209' title='bbox 1011 1409 1045 1430; x_wconf 83' lang='grc' dir='ltr'>π.</span> <span class='ocrx_word' id='word_1_210' title='bbox 1094 1409 1154 1428; x_wconf 74' lang='lat' dir='ltr'>uec</span> <span class='ocrx_word' id='word_1_211' title='bbox 1167 1402 1269 1428; x_wconf 74' lang='lat' dir='ltr'>ctiam</span> <span class='ocrx_word' id='word_1_212' title='bbox 1285 1403 1320 1429; x_wconf 91' lang='lat' dir='ltr'>P.</span> <span class='ocrx_word' id='word_1_213' title='bbox 1334 1403 1444 1429; x_wconf 63' lang='lat' dir='ltr'><strong>u&#39;ow.</strong></span> <span class='ocrx_word' id='word_1_214' title='bbox 1459 1403 1541 1429; x_wconf 80' lang='lat' dir='ltr'>Elin.</span> <span class='ocrx_word' id='word_1_215' title='bbox 1556 1406 1585 1429; x_wconf 84' lang='lat' dir='ltr'>et</span> <span class='ocrx_word' id='word_1_216' title='bbox 1599 1405 1670 1430; x_wconf 81' lang='lat' dir='ltr'>eett.</span> <span class='ocrx_word' id='word_1_217' title='bbox 1719 1400 1805 1430; x_wconf 70' lang='lat' dir='ltr'>Luci</span> <span class='ocrx_word' id='word_1_218' title='bbox 1815 1401 1875 1429; x_wconf 81' lang='lat' dir='ltr'>do-</span> 
     </span>
     <span class='ocr_line' id='line_1_20' title="bbox 78 1445 1878 1482; baseline 0.001 -7"><span class='ocrx_word' id='word_1_219' title='bbox 78 1448 173 1477; x_wconf 75' lang='lat' dir='ltr'>mine.</span> <span class='ocrx_word' id='word_1_220' title='bbox 193 1450 396 1479; x_wconf 77' lang='lat' dir='ltr'>Alterutram</span> <span class='ocrx_word' id='word_1_221' title='bbox 409 1457 518 1477; x_wconf 72' lang='lat' dir='ltr'>vocem</span> <span class='ocrx_word' id='word_1_222' title='bbox 533 1449 702 1477; x_wconf 79' lang='lat' dir='ltr'>delendam</span> <span class='ocrx_word' id='word_1_223' title='bbox 716 1456 789 1476; x_wconf 79' lang='lat' dir='ltr'>esse</span> <span class='ocrx_word' id='word_1_224' title='bbox 803 1449 1009 1482; x_wconf 81' lang='lat' dir='ltr'>putatBurm.</span> <span class='ocrx_word' id='word_1_225' title='bbox 1025 1448 1081 1475; x_wconf 79' lang='lat' dir='ltr'>sed</span> <span class='ocrx_word' id='word_1_226' title='bbox 1107 1447 1149 1475; x_wconf 84' lang='lat' dir='ltr'>cf.</span> <span class='ocrx_word' id='word_1_227' title='bbox 1172 1456 1200 1482; x_wconf 82' lang='lat' dir='ltr'><strong>p.</strong></span> <span class='ocrx_word' id='word_1_228' title='bbox 1220 1448 1291 1475; x_wconf 72' lang='lat'><strong>123.</strong></span> <span class='ocrx_word' id='word_1_229' title='bbox 1339 1445 1435 1474; x_wconf 70' lang='lat' dir='ltr'>istud</span> <span class='ocrx_word' id='word_1_230' title='bbox 1446 1448 1480 1475; x_wconf 84' lang='lat' dir='ltr'>F.</span> <span class='ocrx_word' id='word_1_231' title='bbox 1495 1448 1526 1474; x_wconf 84' lang='lat'>3.</span> <span class='ocrx_word' id='word_1_232' title='bbox 1541 1448 1576 1475; x_wconf 87' lang='lat' dir='ltr'>G.</span> <span class='ocrx_word' id='word_1_233' title='bbox 1589 1448 1627 1474; x_wconf 90' lang='lat' dir='ltr'>D.</span> <span class='ocrx_word' id='word_1_234' title='bbox 1644 1455 1672 1481; x_wconf 80' lang='lat' dir='ltr'>p.</span> <span class='ocrx_word' id='word_1_235' title='bbox 1687 1447 1709 1475; x_wconf 83' lang='lat' dir='ltr'>f.</span> <span class='ocrx_word' id='word_1_236' title='bbox 1724 1451 1752 1476; x_wconf 80' lang='lat' dir='ltr'>et</span> <span class='ocrx_word' id='word_1_237' title='bbox 1767 1455 1878 1476; x_wconf 81' lang='lat' dir='ltr'>omnes</span> 
     </span>
     <span class='ocr_line' id='line_1_21' title="bbox 77 1491 1877 1534; baseline -0.002 -13"><span class='ocrx_word' id='word_1_238' title='bbox 77 1495 148 1523; x_wconf 61' lang='lat' dir='ltr'>edd.</span> <span class='ocrx_word' id='word_1_239' title='bbox 161 1498 237 1523; x_wconf 82' lang='lat' dir='ltr'>vett.</span> <span class='ocrx_word' id='word_1_240' title='bbox 252 1502 354 1534; x_wconf 53' lang='lat' dir='ltr'>usque</span> <span class='ocrx_word' id='word_1_241' title='bbox 367 1495 407 1522; x_wconf 86' lang='lat' dir='ltr'>ad</span> <span class='ocrx_word' id='word_1_242' title='bbox 420 1495 498 1522; x_wconf 82' lang='lat' dir='ltr'>Bas.</span> <span class='ocrx_word' id='word_1_243' title='bbox 513 1502 585 1522; x_wconf 87' lang='lat' dir='ltr'>cum</span> <span class='ocrx_word' id='word_1_244' title='bbox 599 1493 704 1522; x_wconf 79' lang='lat' dir='ltr'>Scriv.</span> <span class='ocrx_word' id='word_1_245' title='bbox 720 1497 748 1521; x_wconf 87' lang='lat' dir='ltr'>et</span> <span class='ocrx_word' id='word_1_246' title='bbox 762 1493 882 1521; x_wconf 84' lang='lat' dir='ltr'>Florid.</span> <span class='ocrx_word' id='word_1_247' title='bbox 931 1491 1115 1529; x_wconf 78' lang='lat' dir='ltr'>ingemislis</span> <span class='ocrx_word' id='word_1_248' title='bbox 1130 1494 1165 1520; x_wconf 72' lang='lat' dir='ltr'>l..</span> <span class='ocrx_word' id='word_1_249' title='bbox 1209 1499 1335 1529; x_wconf 77' lang='lat' dir='ltr'>passus</span> <span class='ocrx_word' id='word_1_250' title='bbox 1349 1499 1383 1519; x_wconf 83' lang='lat' dir='ltr'>es</span> <span class='ocrx_word' id='word_1_251' title='bbox 1397 1493 1432 1520; x_wconf 88' lang='lat' dir='ltr'>B.</span> <span class='ocrx_word' id='word_1_252' title='bbox 1482 1499 1607 1518; x_wconf 62' lang='lat' dir='ltr'>‘munem</span> <span class='ocrx_word' id='word_1_253' title='bbox 1623 1492 1738 1528; x_wconf 77' lang='lat' dir='ltr'>itaque</span> <span class='ocrx_word' id='word_1_254' title='bbox 1751 1494 1787 1521; x_wconf 77' lang='lat' dir='ltr'>F.</span> <span class='ocrx_word' id='word_1_255' title='bbox 1801 1494 1831 1521; x_wconf 83' lang='lat'>3.</span> <span class='ocrx_word' id='word_1_256' title='bbox 1841 1495 1877 1521; x_wconf 83' lang='lat' dir='ltr'><strong>G.</strong></span> 
     </span>
     <span class='ocr_line' id='line_1_22' title="bbox 78 1534 1876 1580; baseline -0.001 -12"><span class='ocrx_word' id='word_1_257' title='bbox 78 1541 116 1568; x_wconf 90' lang='lat' dir='ltr'>D.</span> <span class='ocrx_word' id='word_1_258' title='bbox 130 1540 164 1568; x_wconf 91' lang='grc' dir='ltr'>Ο.</span> <span class='ocrx_word' id='word_1_259' title='bbox 180 1539 201 1567; x_wconf 86' lang='lat' dir='ltr'>f.</span> <span class='ocrx_word' id='word_1_260' title='bbox 214 1541 251 1568; x_wconf 78' lang='lat' dir='ltr'>R.</span> <span class='ocrx_word' id='word_1_261' title='bbox 266 1541 301 1567; x_wconf 89' lang='lat' dir='ltr'>L.</span> <span class='ocrx_word' id='word_1_262' title='bbox 315 1541 398 1567; x_wconf 83' lang='lat' dir='ltr'>lunt.</span> <span class='ocrx_word' id='word_1_263' title='bbox 415 1541 444 1567; x_wconf 68' lang='grc' dir='ltr'>ἱ).</span> <span class='ocrx_word' id='word_1_264' title='bbox 458 1538 492 1566; x_wconf 74' lang='lat' dir='ltr'>iu</span> <span class='ocrx_word' id='word_1_265' title='bbox 507 1534 525 1580; x_wconf 63' lang='grc' dir='ltr'><em>ᾗ</em></span> <span class='ocrx_word' id='word_1_266' title='bbox 542 1540 577 1567; x_wconf 88' lang='lat' dir='ltr'>P.</span> <span class='ocrx_word' id='word_1_267' title='bbox 603 1539 638 1566; x_wconf 89' lang='lat' dir='ltr'>In</span> <span class='ocrx_word' id='word_1_268' title='bbox 653 1539 789 1572; x_wconf 74' lang='lat' dir='ltr'>reliquis·</span> <span class='ocrx_word' id='word_1_269' title='bbox 804 1542 850 1566; x_wconf 78' lang='lat' dir='ltr'>est</span> <span class='ocrx_word' id='word_1_270' title='bbox 866 1546 990 1564; x_wconf 76' lang='lat' dir='ltr'>omnem</span> <span class='ocrx_word' id='word_1_271' title='bbox 1005 1537 1121 1577; x_wconf 77' lang='lat' dir='ltr'>igilur.</span> <span class='ocrx_word' id='word_1_272' title='bbox 1167 1540 1379 1573; x_wconf 76' lang='lat' dir='ltr'>praesentem</span> <span class='ocrx_word' id='word_1_273' title='bbox 1394 1538 1499 1565; x_wconf 77' lang='lat' dir='ltr'>delent</span> <span class='ocrx_word' id='word_1_274' title='bbox 1515 1538 1550 1564; x_wconf 89' lang='lat' dir='ltr'>G.</span> <span class='ocrx_word' id='word_1_275' title='bbox 1564 1538 1598 1564; x_wconf 87' lang='lat' dir='ltr'>P.</span> <span class='ocrx_word' id='word_1_276' title='bbox 1614 1538 1648 1565; x_wconf 89' lang='grc' dir='ltr'>Ο.</span> <span class='ocrx_word' id='word_1_277' title='bbox 1663 1541 1691 1565; x_wconf 82' lang='lat' dir='ltr'>et</span> <span class='ocrx_word' id='word_1_278' title='bbox 1707 1538 1743 1565; x_wconf 88' lang='lat' dir='ltr'>D.</span> <span class='ocrx_word' id='word_1_279' title='bbox 1759 1545 1779 1566; x_wconf 86' lang='lat' dir='ltr'>a</span> <span class='ocrx_word' id='word_1_280' title='bbox 1792 1546 1831 1566; x_wconf 90' lang='lat' dir='ltr'>m.</span> <span class='ocrx_word' id='word_1_281' title='bbox 1846 1546 1876 1572; x_wconf 79' lang='lat' dir='ltr'>p.</span> 
     </span>
     <span class='ocr_line' id='line_1_23' title="bbox 80 1581 1878 1618; baseline -0.001 -6"><span class='ocrx_word' id='word_1_282' title='bbox 80 1585 236 1618; x_wconf 74' lang='lat' dir='ltr'>inicis-que</span> <span class='ocrx_word' id='word_1_283' title='bbox 255 1585 387 1612; x_wconf 81' lang='lat' dir='ltr'>inclusit</span> <span class='ocrx_word' id='word_1_284' title='bbox 407 1584 547 1612; x_wconf 78' lang='lat' dir='ltr'>Scriver.</span> <span class='ocrx_word' id='word_1_285' title='bbox 595 1586 627 1610; x_wconf 73' lang='lat' dir='ltr'>ee</span> <span class='ocrx_word' id='word_1_286' title='bbox 648 1591 772 1610; x_wconf 65' lang='lat' dir='ltr'>&#39;munem</span> <span class='ocrx_word' id='word_1_287' title='bbox 793 1582 899 1609; x_wconf 78' lang='lat' dir='ltr'>animi</span> <span class='ocrx_word' id='word_1_288' title='bbox 913 1583 934 1611; x_wconf 85' lang='lat' dir='ltr'>f.</span> <span class='ocrx_word' id='word_1_289' title='bbox 955 1587 1036 1611; x_wconf 81' lang='lat' dir='ltr'>teste</span> <span class='ocrx_word' id='word_1_290' title='bbox 1056 1583 1179 1610; x_wconf 75' lang='lat' dir='ltr'>Roattlo</span> <span class='ocrx_word' id='word_1_291' title='bbox 1199 1584 1255 1611; x_wconf 76' lang='lat' dir='ltr'>sed</span> <span class='ocrx_word' id='word_1_292' title='bbox 1270 1583 1302 1610; x_wconf 90' lang='lat' dir='ltr'>in</span> <span class='ocrx_word' id='word_1_293' title='bbox 1317 1582 1479 1616; x_wconf 77' lang='lat' dir='ltr'>excerptis</span> <span class='ocrx_word' id='word_1_294' title='bbox 1494 1583 1572 1610; x_wconf 80' lang='lat' dir='ltr'>Oud.</span> <span class='ocrx_word' id='word_1_295' title='bbox 1600 1584 1636 1610; x_wconf 83' lang='lat' dir='ltr'>R.</span> <span class='ocrx_word' id='word_1_296' title='bbox 1662 1586 1690 1609; x_wconf 86' lang='lat' dir='ltr'>et</span> <span class='ocrx_word' id='word_1_297' title='bbox 1712 1581 1733 1610; x_wconf 88' lang='lat' dir='ltr'>f.</span> <span class='ocrx_word' id='word_1_298' title='bbox 1759 1585 1878 1611; x_wconf 80' lang='lat' dir='ltr'>habent</span> 
     </span>
     <span class='ocr_line' id='line_1_24' title="bbox 79 1626 1878 1666; baseline -0.001 -10"><span class='ocrx_word' id='word_1_299' title='bbox 79 1632 115 1657; x_wconf 67' lang='lat' dir='ltr'>a!</span> <span class='ocrx_word' id='word_1_300' title='bbox 127 1637 251 1656; x_wconf 71' lang='lat' dir='ltr'>ornnem</span> <span class='ocrx_word' id='word_1_301' title='bbox 265 1637 434 1666; x_wconf 77' lang='lat' dir='ltr'>angorem.</span> <span class='ocrx_word' id='word_1_302' title='bbox 459 1630 568 1658; x_wconf 86' lang='lat' dir='ltr'>Burm.</span> <span class='ocrx_word' id='word_1_303' title='bbox 583 1629 695 1657; x_wconf 84' lang='lat' dir='ltr'>maluit</span> <span class='ocrx_word' id='word_1_304' title='bbox 710 1628 831 1656; x_wconf 76' lang='lat' dir='ltr'>mu&#39;nm.</span> <span class='ocrx_word' id='word_1_305' title='bbox 868 1626 964 1655; x_wconf 72' lang='lat' dir='ltr'>ludus</span> <span class='ocrx_word' id='word_1_306' title='bbox 979 1630 1014 1656; x_wconf 88' lang='grc' dir='ltr'>Β.</span> <span class='ocrx_word' id='word_1_307' title='bbox 1058 1636 1157 1664; x_wconf 79' lang='lat' dir='ltr'>quam</span> <span class='ocrx_word' id='word_1_308' title='bbox 1174 1636 1228 1662; x_wconf 82' lang='lat' dir='ltr'>pro</span> <span class='ocrx_word' id='word_1_309' title='bbox 1243 1635 1336 1664; x_wconf 76' lang='lat' dir='ltr'>quem</span> <span class='ocrx_word' id='word_1_310' title='bbox 1351 1634 1457 1655; x_wconf 76' lang='lat' dir='ltr'>errore</span> <span class='ocrx_word' id='word_1_311' title='bbox 1471 1634 1640 1661; x_wconf 78' lang='lat' dir='ltr'>operarum</span> <span class='ocrx_word' id='word_1_312' title='bbox 1655 1631 1741 1655; x_wconf 83' lang='lat' dir='ltr'>extat</span> <span class='ocrx_word' id='word_1_313' title='bbox 1754 1628 1787 1655; x_wconf 89' lang='lat' dir='ltr'>in</span> <span class='ocrx_word' id='word_1_314' title='bbox 1801 1629 1878 1656; x_wconf 78' lang='lat' dir='ltr'>Bas.</span> 
     </span>
     <span class='ocr_line' id='line_1_25' title="bbox 79 1669 1878 1710; baseline -0.002 -7"><span class='ocrx_word' id='word_1_315' title='bbox 79 1675 109 1703; x_wconf 83' lang='lat'>2.</span> <span class='ocrx_word' id='word_1_316' title='bbox 122 1675 236 1704; x_wconf 76' lang='lat' dir='ltr'>Venet.</span> <span class='ocrx_word' id='word_1_317' title='bbox 251 1676 280 1703; x_wconf 80' lang='lat'>4.</span> <span class='ocrx_word' id='word_1_318' title='bbox 295 1678 324 1702; x_wconf 81' lang='lat' dir='ltr'>et</span> <span class='ocrx_word' id='word_1_319' title='bbox 339 1675 445 1703; x_wconf 82' lang='lat' dir='ltr'>Paris.</span> <span class='ocrx_word' id='word_1_320' title='bbox 474 1673 672 1710; x_wconf 73' lang='lat' dir='ltr'>gratissimo</span> <span class='ocrx_word' id='word_1_321' title='bbox 687 1672 744 1700; x_wconf 78' lang='lat' dir='ltr'>den</span> <span class='ocrx_word' id='word_1_322' title='bbox 760 1677 878 1702; x_wconf 76' lang='lat' dir='ltr'>absunt</span> <span class='ocrx_word' id='word_1_323' title='bbox 892 1681 911 1702; x_wconf 87' lang='lat' dir='ltr'>a</span> <span class='ocrx_word' id='word_1_324' title='bbox 926 1675 963 1702; x_wconf 82' lang='lat' dir='ltr'>R.</span> <span class='ocrx_word' id='word_1_325' title='bbox 980 1673 999 1701; x_wconf 85' lang='lat' dir='ltr'>t’.</span> <span class='ocrx_word' id='word_1_326' title='bbox 1016 1675 1051 1701; x_wconf 90' lang='lat' dir='ltr'>B.</span> <span class='ocrx_word' id='word_1_327' title='bbox 1084 1671 1299 1700; x_wconf 74' lang='lat' dir='ltr'>solemnitate</span> <span class='ocrx_word' id='word_1_328' title='bbox 1313 1681 1366 1707; x_wconf 78' lang='lat' dir='ltr'>pro</span> <span class='ocrx_word' id='word_1_329' title='bbox 1380 1673 1534 1699; x_wconf 72' lang='lat' dir='ltr'>uanitate</span> <span class='ocrx_word' id='word_1_330' title='bbox 1547 1674 1641 1700; x_wconf 80' lang='lat' dir='ltr'>habet</span> <span class='ocrx_word' id='word_1_331' title='bbox 1657 1669 1685 1700; x_wconf 79' lang='grc' dir='ltr'>δ.</span> <span class='ocrx_word' id='word_1_332' title='bbox 1701 1680 1742 1700; x_wconf 86' lang='lat' dir='ltr'>ex</span> <span class='ocrx_word' id='word_1_333' title='bbox 1754 1675 1878 1708; x_wconf 81' lang='lat' dir='ltr'>glossa.</span> 
     </span>
     <span class='ocr_line' id='line_1_26' title="bbox 78 1718 1879 1754; baseline -0.002 -5"><span class='ocrx_word' id='word_1_334' title='bbox 78 1723 159 1749; x_wconf 72' lang='lat' dir='ltr'>Nam</span> <span class='ocrx_word' id='word_1_335' title='bbox 172 1720 334 1754; x_wconf 77' lang='lat' dir='ltr'>praecedit</span> <span class='ocrx_word' id='word_1_336' title='bbox 349 1718 559 1748; x_wconf 73' lang='lat' dir='ltr'>solemniter.</span> <span class='ocrx_word' id='word_1_337' title='bbox 585 1723 614 1748; x_wconf 83' lang='lat' dir='ltr'>et</span> <span class='ocrx_word' id='word_1_338' title='bbox 629 1719 814 1754; x_wconf 76' lang='lat' dir='ltr'>elegantius</span> <span class='ocrx_word' id='word_1_339' title='bbox 828 1721 1010 1745; x_wconf 71' lang='lat' dir='ltr'>cmummztn</span> <span class='ocrx_word' id='word_1_340' title='bbox 1025 1719 1221 1747; x_wconf 72' lang='lat' dir='ltr'>adscribitur</span> <span class='ocrx_word' id='word_1_341' title='bbox 1236 1719 1388 1752; x_wconf 72' lang='lat' dir='ltr'>nni-itas,</span> <span class='ocrx_word' id='word_1_342' title='bbox 1413 1726 1495 1751; x_wconf 80' lang='lat' dir='ltr'>quae</span> <span class='ocrx_word' id='word_1_343' title='bbox 1515 1718 1636 1753; x_wconf 78' lang='lat' dir='ltr'>gratior</span> <span class='ocrx_word' id='word_1_344' title='bbox 1654 1721 1704 1745; x_wconf 77' lang='lat' dir='ltr'>est</span> <span class='ocrx_word' id='word_1_345' title='bbox 1723 1719 1879 1747; x_wconf 82' lang='lat' dir='ltr'>solemni-</span> 
     </span>
     <span class='ocr_line' id='line_1_27' title="bbox 80 1763 1879 1799; baseline -0.002 -5"><span class='ocrx_word' id='word_1_346' title='bbox 80 1769 144 1795; x_wconf 81' lang='lat' dir='ltr'>tate</span> <span class='ocrx_word' id='word_1_347' title='bbox 157 1767 270 1794; x_wconf 84' lang='lat' dir='ltr'>eadem</span> <span class='ocrx_word' id='word_1_348' title='bbox 284 1765 458 1799; x_wconf 79' lang='lat' dir='ltr'>quotannis</span> <span class='ocrx_word' id='word_1_349' title='bbox 473 1768 666 1792; x_wconf 76' lang='lat' dir='ltr'>recurrente.</span> <span class='ocrx_word' id='word_1_350' title='bbox 715 1766 888 1791; x_wconf 64' lang='lat' dir='ltr'>ant-turem</span> <span class='ocrx_word' id='word_1_351' title='bbox 903 1766 937 1790; x_wconf 81' lang='lat' dir='ltr'>et</span> <span class='ocrx_word' id='word_1_352' title='bbox 951 1766 1095 1791; x_wconf 73' lang='lat' dir='ltr'>tuem-em</span> <span class='ocrx_word' id='word_1_353' title='bbox 1111 1771 1204 1791; x_wconf 81' lang='lat' dir='ltr'>suum</span> <span class='ocrx_word' id='word_1_354' title='bbox 1220 1765 1254 1791; x_wconf 79' lang='lat' dir='ltr'>F.</span> <span class='ocrx_word' id='word_1_355' title='bbox 1275 1765 1300 1792; x_wconf 87' lang='lat' dir='ltr'>l.</span> <span class='ocrx_word' id='word_1_356' title='bbox 1317 1773 1348 1797; x_wconf 72' lang='grc' dir='ltr'>φ.</span> <span class='ocrx_word' id='word_1_357' title='bbox 1374 1763 1434 1798; x_wconf 83' lang='lat' dir='ltr'>Qui</span> <span class='ocrx_word' id='word_1_358' title='bbox 1451 1765 1594 1789; x_wconf 73' lang='lat' dir='ltr'>tutorem</span> <span class='ocrx_word' id='word_1_359' title='bbox 1609 1763 1747 1798; x_wconf 75' lang='lat' dir='ltr'>addunt,</span> <span class='ocrx_word' id='word_1_360' title='bbox 1774 1763 1879 1798; x_wconf 80' lang='lat' dir='ltr'>expli-</span> 
     </span>
     <span class='ocr_line' id='line_1_28' title="bbox 79 1807 1878 1846; baseline -0.002 -7"><span class='ocrx_word' id='word_1_361' title='bbox 79 1814 154 1839; x_wconf 79' lang='lat' dir='ltr'>cant</span> <span class='ocrx_word' id='word_1_362' title='bbox 167 1819 251 1846; x_wconf 78' lang='lat' dir='ltr'>euin,</span> <span class='ocrx_word' id='word_1_363' title='bbox 267 1810 321 1843; x_wconf 82' lang='lat' dir='ltr'>qui</span> <span class='ocrx_word' id='word_1_364' title='bbox 335 1809 502 1838; x_wconf 81' lang='lat' dir='ltr'>materiam</span> <span class='ocrx_word' id='word_1_365' title='bbox 516 1810 662 1838; x_wconf 77' lang='lat' dir='ltr'>laetitiae</span> <span class='ocrx_word' id='word_1_366' title='bbox 675 1810 911 1844; x_wconf 79' lang='lat' dir='ltr'>suppeditando</span> <span class='ocrx_word' id='word_1_367' title='bbox 926 1810 1025 1837; x_wconf 64' lang='lat' dir='ltr'>‹lucus-</span> <span class='ocrx_word' id='word_1_368' title='bbox 1039 1813 1067 1836; x_wconf 80' lang='lat' dir='ltr'>et</span> <span class='ocrx_word' id='word_1_369' title='bbox 1083 1809 1285 1837; x_wconf 77' lang='lat' dir='ltr'>maiestatem</span> <span class='ocrx_word' id='word_1_370' title='bbox 1301 1809 1357 1836; x_wconf 74' lang='lat' dir='ltr'>Uei</span> <span class='ocrx_word' id='word_1_371' title='bbox 1371 1809 1470 1836; x_wconf 74' lang='lat' dir='ltr'>Risus</span> <span class='ocrx_word' id='word_1_372' title='bbox 1485 1812 1533 1836; x_wconf 76' lang='lat' dir='ltr'>est</span> <span class='ocrx_word' id='word_1_373' title='bbox 1546 1807 1658 1836; x_wconf 80' lang='lat' dir='ltr'>tuitus.</span> <span class='ocrx_word' id='word_1_374' title='bbox 1682 1809 1717 1835; x_wconf 86' lang='lat' dir='ltr'>In</span> <span class='ocrx_word' id='word_1_375' title='bbox 1731 1808 1878 1843; x_wconf 73' lang='lat' dir='ltr'>luserint.</span> 
     </span>
     <span class='ocr_line' id='line_1_29' title="bbox 81 1851 1880 1890; baseline -0.002 -6"><span class='ocrx_word' id='word_1_376' title='bbox 81 1859 198 1884; x_wconf 75' lang='lat' dir='ltr'>Murat-</span> <span class='ocrx_word' id='word_1_377' title='bbox 210 1863 240 1890; x_wconf 78' lang='lat' dir='ltr'>p.</span> <span class='ocrx_word' id='word_1_378' title='bbox 255 1855 443 1887; x_wconf 75' lang='lat' dir='ltr'>CDXXXV,</span> <span class='ocrx_word' id='word_1_379' title='bbox 457 1856 488 1883; x_wconf 85' lang='lat'>5.</span> <span class='ocrx_word' id='word_1_380' title='bbox 518 1853 574 1881; x_wconf 80' lang='lat' dir='ltr'>Tu</span> <span class='ocrx_word' id='word_1_381' title='bbox 584 1857 620 1881; x_wconf 80' lang='lat' dir='ltr'>tu</span> <span class='ocrx_word' id='word_1_382' title='bbox 631 1862 696 1881; x_wconf 81' lang='lat' dir='ltr'>res</span> <span class='ocrx_word' id='word_1_383' title='bbox 715 1854 903 1881; x_wconf 74' lang='lat' dir='ltr'>necessarii</span> <span class='ocrx_word' id='word_1_384' title='bbox 914 1856 1170 1881; x_wconf 68' lang='lat' dir='ltr'>emeserrurrmt.</span> <span class='ocrx_word' id='word_1_385' title='bbox 1219 1852 1298 1889; x_wconf 77' lang='lat' dir='ltr'>Ipso</span> <span class='ocrx_word' id='word_1_386' title='bbox 1313 1851 1577 1880; x_wconf 70' lang='lat' dir='ltr'>decumae-turem</span> <span class='ocrx_word' id='word_1_387' title='bbox 1594 1852 1613 1880; x_wconf 86' lang='lat' dir='ltr'>f.</span> <span class='ocrx_word' id='word_1_388' title='bbox 1650 1852 1880 1880; x_wconf 70' lang='lat' dir='ltr'>cnmimhatur</span> 
     </span>
     <span class='ocr_line' id='line_1_30' title="bbox 80 1895 1878 1937; baseline -0.002 -8"><span class='ocrx_word' id='word_1_389' title='bbox 80 1903 115 1929; x_wconf 84' lang='lat' dir='ltr'>G.</span> <span class='ocrx_word' id='word_1_390' title='bbox 129 1902 165 1930; x_wconf 88' lang='lat' dir='ltr'>P.</span> <span class='ocrx_word' id='word_1_391' title='bbox 179 1902 217 1929; x_wconf 87' lang='lat' dir='ltr'>D.</span> <span class='ocrx_word' id='word_1_392' title='bbox 231 1907 252 1929; x_wconf 85' lang='lat' dir='ltr'>a</span> <span class='ocrx_word' id='word_1_393' title='bbox 265 1908 306 1929; x_wconf 87' lang='lat' dir='ltr'>m.</span> <span class='ocrx_word' id='word_1_394' title='bbox 319 1908 347 1934; x_wconf 80' lang='lat' dir='ltr'>p.</span> <span class='ocrx_word' id='word_1_395' title='bbox 373 1899 559 1927; x_wconf 77' lang='lat' dir='ltr'>comitatur</span> <span class='ocrx_word' id='word_1_396' title='bbox 570 1901 683 1929; x_wconf 76' lang='lat' dir='ltr'>Venet.</span> <span class='ocrx_word' id='word_1_397' title='bbox 698 1901 728 1928; x_wconf 72' lang='lat'>4.</span> <span class='ocrx_word' id='word_1_398' title='bbox 742 1901 819 1928; x_wconf 70' lang='lat' dir='ltr'>Bas.</span> <span class='ocrx_word' id='word_1_399' title='bbox 837 1901 863 1928; x_wconf 89' lang='lat' dir='ltr'>l.</span> <span class='ocrx_word' id='word_1_400' title='bbox 878 1901 972 1928; x_wconf 73' lang='lat' dir='ltr'>Vulc.</span> <span class='ocrx_word' id='word_1_401' title='bbox 1020 1907 1098 1926; x_wconf 84' lang='lat' dir='ltr'>nam</span> <span class='ocrx_word' id='word_1_402' title='bbox 1112 1907 1268 1936; x_wconf 77' lang='lat' dir='ltr'>umquam</span> <span class='ocrx_word' id='word_1_403' title='bbox 1282 1900 1359 1927; x_wconf 78' lang='lat' dir='ltr'>Bas.</span> <span class='ocrx_word' id='word_1_404' title='bbox 1372 1900 1399 1928; x_wconf 85' lang='lat'>1.</span> <span class='ocrx_word' id='word_1_405' title='bbox 1424 1905 1484 1925; x_wconf 83' lang='lat' dir='ltr'>nec</span> <span class='ocrx_word' id='word_1_406' title='bbox 1498 1897 1683 1934; x_wconf 74' lang='lat' dir='ltr'>ubicunque</span> <span class='ocrx_word' id='word_1_407' title='bbox 1695 1895 1828 1937; x_wconf 46' lang='lat' dir='ltr'>asch&amp;</span> <span class='ocrx_word' id='word_1_408' title='bbox 1841 1899 1878 1927; x_wconf 89' lang='lat' dir='ltr'>D.</span> 
     </span>
    </p>
   </div>
   <div class='ocr_carea' id='block_1_6' title="bbox 70 1943 479 1986">
    <p class='ocr_par' dir='ltr' id='par_1_7' title="bbox 70 1943 479 1986">
     <span class='ocr_line' id='line_1_31' title="bbox 70 1943 479 1986; baseline -0.017 -8"><span class='ocrx_word' id='word_1_409' title='bbox 70 1943 184 1986; x_wconf 62' lang='lat' dir='ltr'>fffires</span> <span class='ocrx_word' id='word_1_410' title='bbox 198 1947 235 1974; x_wconf 82' lang='lat' dir='ltr'>G.</span> <span class='ocrx_word' id='word_1_411' title='bbox 248 1953 306 1981; x_wconf 81' lang='lat' dir='ltr'>pro</span> <span class='ocrx_word' id='word_1_412' title='bbox 310 1944 479 1984; x_wconf 80' lang='lat' dir='ltr'>frontem.</span> 
     </span>
    </p>
   </div>
   <div class='ocr_carea' id='block_1_7' title="bbox 82 2053 958 3176">
    <p class='ocr_par' dir='ltr' id='par_1_8' title="bbox 82 2053 951 2219">
     <span class='ocr_line' id='line_1_32' title="bbox 82 2053 949 2106; baseline -0.001 -12"><span class='ocrx_word' id='word_1_413' title='bbox 82 2056 131 2094; x_wconf 84' lang='lat' dir='ltr'>ad</span> <span class='ocrx_word' id='word_1_414' title='bbox 145 2055 250 2106; x_wconf 78' lang='lat' dir='ltr'><strong>Hyg.</strong></span> <span class='ocrx_word' id='word_1_415' title='bbox 264 2055 339 2092; x_wconf 83' lang='lat' dir='ltr'>sab.</span> <span class='ocrx_word' id='word_1_416' title='bbox 356 2053 457 2094; x_wconf 82' lang='lat' dir='ltr'><strong>VIII.</strong></span> <span class='ocrx_word' id='word_1_417' title='bbox 472 2068 506 2106; x_wconf 86' lang='lat' dir='ltr'>p.</span> <span class='ocrx_word' id='word_1_418' title='bbox 523 2059 588 2095; x_wconf 87' lang='lat'>31.</span> <span class='ocrx_word' id='word_1_419' title='bbox 615 2054 743 2092; x_wconf 88' lang='lat' dir='ltr'>Burm.</span> <span class='ocrx_word' id='word_1_420' title='bbox 765 2055 814 2092; x_wconf 87' lang='lat' dir='ltr'>ad</span> <span class='ocrx_word' id='word_1_421' title='bbox 833 2055 949 2106; x_wconf 86' lang='lat' dir='ltr'>Prop.</span> 
     </span>
     <span class='ocr_line' id='line_1_33' title="bbox 83 2110 951 2162; baseline -0.001 -13"><span class='ocrx_word' id='word_1_422' title='bbox 83 2111 129 2151; x_wconf 89' lang='lat' dir='ltr'>ll.</span> <span class='ocrx_word' id='word_1_423' title='bbox 163 2115 225 2152; x_wconf 85' lang='lat'>13.</span> <span class='ocrx_word' id='word_1_424' title='bbox 258 2115 322 2152; x_wconf 86' lang='lat'>33.</span> <span class='ocrx_word' id='word_1_425' title='bbox 366 2110 544 2149; x_wconf 78' lang='lat' dir='ltr'>Frotseh.</span> <span class='ocrx_word' id='word_1_426' title='bbox 583 2111 632 2149; x_wconf 88' lang='lat' dir='ltr'>ad</span> <span class='ocrx_word' id='word_1_427' title='bbox 668 2110 758 2148; x_wconf 82' lang='lat' dir='ltr'>Rut.</span> <span class='ocrx_word' id='word_1_428' title='bbox 791 2110 890 2162; x_wconf 89' lang='lat' dir='ltr'>Lup.</span> <span class='ocrx_word' id='word_1_429' title='bbox 925 2110 951 2148; x_wconf 92' lang='lat' dir='ltr'>l.</span> 
     </span>
     <span class='ocr_line' id='line_1_34' title="bbox 85 2166 416 2219; baseline 0 -14"><span class='ocrx_word' id='word_1_430' title='bbox 85 2167 116 2217; x_wconf 60' lang='grc' dir='ltr'>ς.</span> <span class='ocrx_word' id='word_1_431' title='bbox 146 2167 207 2208; x_wconf 85' lang='lat'>13.</span> <span class='ocrx_word' id='word_1_432' title='bbox 233 2181 270 2218; x_wconf 77' lang='lat' dir='ltr'><strong>p.</strong></span> <span class='ocrx_word' id='word_1_433' title='bbox 301 2166 416 2219; x_wconf 84' lang='lat'><strong>115.]</strong></span> 
     </span>
    </p>

    <p class='ocr_par' dir='ltr' id='par_1_9' title="bbox 83 2220 958 3176">
     <span class='ocr_line' id='line_1_35' title="bbox 197 2220 954 2274; baseline 0 -13"><span class='ocrx_word' id='word_1_434' title='bbox 197 2222 284 2261; x_wconf 65' lang='lat' dir='ltr'><strong>CAP.</strong></span> <span class='ocrx_word' id='word_1_435' title='bbox 300 2220 370 2261; x_wconf 84' lang='lat' dir='ltr'><strong>XI.</strong></span> <span class='ocrx_word' id='word_1_436' title='bbox 408 2223 595 2262; x_wconf 78' lang='lat' dir='ltr'>delenire.</span> <span class='ocrx_word' id='word_1_437' title='bbox 635 2223 720 2274; x_wconf 79' lang='lat' dir='ltr'>[Sic</span> <span class='ocrx_word' id='word_1_438' title='bbox 741 2223 801 2260; x_wconf 80' lang='lat' dir='ltr'>vel</span> <span class='ocrx_word' id='word_1_439' title='bbox 828 2223 954 2261; x_wconf 76' lang='lat' dir='ltr'>invitis</span> 
     </span>
     <span class='ocr_line' id='line_1_36' title="bbox 84 2278 955 2330; baseline -0.002 -11"><span class='ocrx_word' id='word_1_440' title='bbox 84 2279 188 2318; x_wconf 82' lang='lat' dir='ltr'>Mss.</span> <span class='ocrx_word' id='word_1_441' title='bbox 203 2294 234 2318; x_wconf 91' lang='lat' dir='ltr'>c.</span> <span class='ocrx_word' id='word_1_442' title='bbox 248 2278 349 2317; x_wconf 82' lang='lat' dir='ltr'><strong>Oud.</strong></span> <span class='ocrx_word' id='word_1_443' title='bbox 363 2280 518 2330; x_wconf 84' lang='lat' dir='ltr'>reposui</span> <span class='ocrx_word' id='word_1_444' title='bbox 534 2293 601 2329; x_wconf 85' lang='lat' dir='ltr'>pro</span> <span class='ocrx_word' id='word_1_445' title='bbox 617 2280 807 2324; x_wconf 72' lang='lat' dir='ltr'>delinire,</span> <span class='ocrx_word' id='word_1_446' title='bbox 824 2293 955 2329; x_wconf 83' lang='lat' dir='ltr'>quam-</span> 
     </span>
     <span class='ocr_line' id='line_1_37' title="bbox 85 2335 958 2387; baseline 0 -13"><span class='ocrx_word' id='word_1_447' title='bbox 85 2350 199 2387; x_wconf 84' lang='lat' dir='ltr'>quam</span> <span class='ocrx_word' id='word_1_448' title='bbox 225 2335 443 2380; x_wconf 75' lang='lat' dir='ltr'>discrimen,</span> <span class='ocrx_word' id='word_1_449' title='bbox 468 2336 572 2386; x_wconf 86' lang='lat' dir='ltr'>quod</span> <span class='ocrx_word' id='word_1_450' title='bbox 591 2337 793 2386; x_wconf 78' lang='lat' dir='ltr'>proposuit</span> <span class='ocrx_word' id='word_1_451' title='bbox 818 2336 885 2374; x_wconf 90' lang='lat' dir='ltr'>Dr.</span> <span class='ocrx_word' id='word_1_452' title='bbox 907 2336 958 2375; x_wconf 88' lang='lat' dir='ltr'>ad</span> 
     </span>
     <span class='ocr_line' id='line_1_38' title="bbox 83 2391 955 2443; baseline -0.001 -12"><span class='ocrx_word' id='word_1_453' title='bbox 83 2392 168 2431; x_wconf 83' lang='lat' dir='ltr'>Liv.</span> <span class='ocrx_word' id='word_1_454' title='bbox 186 2392 253 2430; x_wconf 78' lang='lat' dir='ltr'><strong>lv.</strong></span> <span class='ocrx_word' id='word_1_455' title='bbox 268 2397 332 2432; x_wconf 87' lang='lat'>51.</span> <span class='ocrx_word' id='word_1_456' title='bbox 347 2391 422 2441; x_wconf 59' lang='grc' dir='ltr'>6ηό</span> <span class='ocrx_word' id='word_1_457' title='bbox 437 2391 486 2430; x_wconf 73' lang='lat' dir='ltr'>V.</span> <span class='ocrx_word' id='word_1_458' title='bbox 502 2395 565 2432; x_wconf 88' lang='lat'>31.</span> <span class='ocrx_word' id='word_1_459' title='bbox 583 2391 614 2441; x_wconf 56' lang='grc' dir='ltr'>ᾧ.</span> <span class='ocrx_word' id='word_1_460' title='bbox 634 2396 665 2431; x_wconf 90' lang='grc'>1.</span> <span class='ocrx_word' id='word_1_461' title='bbox 682 2391 764 2429; x_wconf 66' lang='lat' dir='ltr'>Vll.</span> <span class='ocrx_word' id='word_1_462' title='bbox 786 2396 850 2432; x_wconf 90' lang='lat'><strong>38.</strong></span> <span class='ocrx_word' id='word_1_463' title='bbox 872 2392 902 2443; x_wconf 83' lang='lat'>§.</span> <span class='ocrx_word' id='word_1_464' title='bbox 918 2397 955 2432; x_wconf 83' lang='lat'>5.</span> 
     </span>
     <span class='ocr_line' id='line_1_39' title="bbox 84 2448 953 2499; baseline -0.001 -12"><span class='ocrx_word' id='word_1_465' title='bbox 84 2449 228 2487; x_wconf 85' lang='lat' dir='ltr'>dudum</span> <span class='ocrx_word' id='word_1_466' title='bbox 259 2448 464 2486; x_wconf 73' lang='lat' dir='ltr'>resutanun</span> <span class='ocrx_word' id='word_1_467' title='bbox 498 2452 578 2494; x_wconf 79' lang='lat' dir='ltr'>est,</span> <span class='ocrx_word' id='word_1_468' title='bbox 610 2449 673 2498; x_wconf 88' lang='lat' dir='ltr'>qui</span> <span class='ocrx_word' id='word_1_469' title='bbox 707 2449 885 2499; x_wconf 82' lang='lat' dir='ltr'>putabat,</span> <span class='ocrx_word' id='word_1_470' title='bbox 917 2449 953 2486; x_wconf 92' lang='lat' dir='ltr'>in</span> 
     </span>
     <span class='ocr_line' id='line_1_40' title="bbox 83 2505 954 2556; baseline -0.001 -13"><span class='ocrx_word' id='word_1_471' title='bbox 83 2505 150 2544; x_wconf 83' lang='lat' dir='ltr'>illa</span> <span class='ocrx_word' id='word_1_472' title='bbox 180 2518 277 2544; x_wconf 79' lang='lat' dir='ltr'>voce</span> <span class='ocrx_word' id='word_1_473' title='bbox 313 2505 446 2542; x_wconf 81' lang='lat' dir='ltr'>inesse</span> <span class='ocrx_word' id='word_1_474' title='bbox 483 2506 557 2542; x_wconf 75' lang='lat' dir='ltr'>vim</span> <span class='ocrx_word' id='word_1_475' title='bbox 592 2505 816 2556; x_wconf 72' lang='lat' dir='ltr'>placandi,</span> <span class='ocrx_word' id='word_1_476' title='bbox 855 2506 954 2543; x_wconf 61' lang='lat' dir='ltr'>mitt·-</span> 
     </span>
     <span class='ocr_line' id='line_1_41' title="bbox 83 2561 950 2613; baseline -0.001 -12"><span class='ocrx_word' id='word_1_477' title='bbox 83 2562 235 2613; x_wconf 72' lang='lat' dir='ltr'>9andi,</span> <span class='ocrx_word' id='word_1_478' title='bbox 267 2562 302 2599; x_wconf 86' lang='lat' dir='ltr'>in</span> <span class='ocrx_word' id='word_1_479' title='bbox 333 2561 407 2599; x_wconf 87' lang='lat' dir='ltr'>hac</span> <span class='ocrx_word' id='word_1_480' title='bbox 434 2561 643 2600; x_wconf 78' lang='lat' dir='ltr'>oblinemli</span> <span class='ocrx_word' id='word_1_481' title='bbox 674 2564 711 2598; x_wconf 82' lang='lat' dir='ltr'>et</span> <span class='ocrx_word' id='word_1_482' title='bbox 737 2561 950 2600; x_wconf 73' lang='lat' dir='ltr'>imbuendi.</span> 
     </span>
     <span class='ocr_line' id='line_1_42' title="bbox 85 2617 953 2668; baseline -0.001 -12"><span class='ocrx_word' id='word_1_483' title='bbox 85 2617 226 2656; x_wconf 87' lang='lat' dir='ltr'>Mirum</span> <span class='ocrx_word' id='word_1_484' title='bbox 262 2621 391 2656; x_wconf 88' lang='lat' dir='ltr'>tamen</span> <span class='ocrx_word' id='word_1_485' title='bbox 431 2622 511 2662; x_wconf 77' lang='lat' dir='ltr'>est,</span> <span class='ocrx_word' id='word_1_486' title='bbox 553 2617 658 2667; x_wconf 87' lang='lat' dir='ltr'>quod</span> <span class='ocrx_word' id='word_1_487' title='bbox 695 2618 812 2655; x_wconf 85' lang='lat' dir='ltr'>etiam</span> <span class='ocrx_word' id='word_1_488' title='bbox 849 2618 953 2668; x_wconf 85' lang='lat' dir='ltr'>apud</span> 
     </span>
     <span class='ocr_line' id='line_1_43' title="bbox 85 2673 954 2724; baseline 0.001 -12"><span class='ocrx_word' id='word_1_489' title='bbox 85 2673 262 2712; x_wconf 84' lang='lat' dir='ltr'>Tacitum</span> <span class='ocrx_word' id='word_1_490' title='bbox 295 2688 431 2712; x_wconf 85' lang='lat' dir='ltr'>omnes</span> <span class='ocrx_word' id='word_1_491' title='bbox 463 2673 573 2712; x_wconf 87' lang='lat' dir='ltr'>codd.</span> <span class='ocrx_word' id='word_1_492' title='bbox 608 2673 750 2724; x_wconf 86' lang='lat' dir='ltr'>ubique</span> <span class='ocrx_word' id='word_1_493' title='bbox 782 2674 954 2713; x_wconf 67' lang='lat' dir='ltr'>delmi-re</span> 
     </span>
     <span class='ocr_line' id='line_1_44' title="bbox 84 2729 953 2782; baseline 0.001 -14"><span class='ocrx_word' id='word_1_494' title='bbox 84 2730 272 2782; x_wconf 82' lang='lat' dir='ltr'>praebent</span> <span class='ocrx_word' id='word_1_495' title='bbox 303 2734 342 2768; x_wconf 89' lang='lat' dir='ltr'>et</span> <span class='ocrx_word' id='word_1_496' title='bbox 370 2734 532 2781; x_wconf 85' lang='lat' dir='ltr'>utraque</span> <span class='ocrx_word' id='word_1_497' title='bbox 563 2729 685 2768; x_wconf 85' lang='lat' dir='ltr'>forma</span> <span class='ocrx_word' id='word_1_498' title='bbox 709 2742 864 2780; x_wconf 85' lang='lat' dir='ltr'>semper</span> <span class='ocrx_word' id='word_1_499' title='bbox 889 2743 953 2769; x_wconf 77' lang='lat' dir='ltr'>va-</span> 
     </span>
     <span class='ocr_line' id='line_1_45' title="bbox 85 2783 953 2826; baseline 0 -2"><span class='ocrx_word' id='word_1_500' title='bbox 85 2787 209 2825; x_wconf 81' lang='lat' dir='ltr'>riatur.</span> <span class='ocrx_word' id='word_1_501' title='bbox 268 2783 422 2826; x_wconf 84' lang='lat' dir='ltr'>Morem</span> <span class='ocrx_word' id='word_1_502' title='bbox 463 2786 564 2825; x_wconf 90' lang='lat' dir='ltr'>hunc</span> <span class='ocrx_word' id='word_1_503' title='bbox 599 2785 794 2824; x_wconf 84' lang='lat' dir='ltr'>scribendi</span> <span class='ocrx_word' id='word_1_504' title='bbox 829 2785 953 2824; x_wconf 84' lang='lat' dir='ltr'>fuisse</span> 
     </span>
     <span class='ocr_line' id='line_1_46' title="bbox 85 2843 953 2894; baseline 0 -13"><span class='ocrx_word' id='word_1_505' title='bbox 85 2847 178 2894; x_wconf 87' lang='lat' dir='ltr'>puto</span> <span class='ocrx_word' id='word_1_506' title='bbox 203 2844 289 2881; x_wconf 75' lang='lat' dir='ltr'>aevi</span> <span class='ocrx_word' id='word_1_507' title='bbox 314 2843 448 2888; x_wconf 89' lang='lat' dir='ltr'>medii,</span> <span class='ocrx_word' id='word_1_508' title='bbox 480 2843 543 2893; x_wconf 89' lang='lat' dir='ltr'>qui</span> <span class='ocrx_word' id='word_1_509' title='bbox 576 2846 795 2882; x_wconf 79' lang='lat' dir='ltr'>constanter</span> <span class='ocrx_word' id='word_1_510' title='bbox 818 2844 953 2881; x_wconf 84' lang='lat' dir='ltr'>retine-</span> 
     </span>
     <span class='ocr_line' id='line_1_47' title="bbox 87 2898 953 2950; baseline 0.001 -13"><span class='ocrx_word' id='word_1_511' title='bbox 87 2899 216 2943; x_wconf 86' lang='lat' dir='ltr'>batur,</span> <span class='ocrx_word' id='word_1_512' title='bbox 241 2900 316 2938; x_wconf 79' lang='lat' dir='ltr'>etsi</span> <span class='ocrx_word' id='word_1_513' title='bbox 345 2913 394 2938; x_wconf 83' lang='lat' dir='ltr'>ex</span> <span class='ocrx_word' id='word_1_514' title='bbox 417 2898 598 2949; x_wconf 82' lang='lat' dir='ltr'>analogia</span> <span class='ocrx_word' id='word_1_515' title='bbox 621 2899 802 2938; x_wconf 75' lang='lat' dir='ltr'>delenire</span> <span class='ocrx_word' id='word_1_516' title='bbox 826 2900 953 2950; x_wconf 80' lang='lat' dir='ltr'>magis</span> 
     </span>
     <span class='ocr_line' id='line_1_48' title="bbox 88 2953 952 3004; baseline 0.002 -11"><span class='ocrx_word' id='word_1_517' title='bbox 88 2955 283 3004; x_wconf 86' lang='lat' dir='ltr'>probatur3</span> <span class='ocrx_word' id='word_1_518' title='bbox 315 2955 362 2994; x_wconf 88' lang='lat' dir='ltr'>cf.</span> <span class='ocrx_word' id='word_1_519' title='bbox 395 2955 553 2994; x_wconf 76' lang='lat' dir='ltr'><strong>Ruhuk.</strong></span> <span class='ocrx_word' id='word_1_520' title='bbox 582 2955 682 2993; x_wconf 85' lang='lat' dir='ltr'>Dict.</span> <span class='ocrx_word' id='word_1_521' title='bbox 714 2955 765 2994; x_wconf 89' lang='lat' dir='ltr'>ad</span> <span class='ocrx_word' id='word_1_522' title='bbox 794 2953 952 2995; x_wconf 89' lang='lat' dir='ltr'>Heroid.</span> 
     </span>
     <span class='ocr_line' id='line_1_49' title="bbox 86 3009 951 3063; baseline 0.002 -15"><span class='ocrx_word' id='word_1_523' title='bbox 86 3009 211 3049; x_wconf 79' lang='lat' dir='ltr'><strong>XVII.</strong></span> <span class='ocrx_word' id='word_1_524' title='bbox 238 3015 302 3052; x_wconf 81' lang='lat'>23.</span> <span class='ocrx_word' id='word_1_525' title='bbox 329 3026 364 3063; x_wconf 84' lang='lat' dir='ltr'>p.</span> <span class='ocrx_word' id='word_1_526' title='bbox 392 3016 455 3053; x_wconf 84' lang='grc'>98.</span> <span class='ocrx_word' id='word_1_527' title='bbox 482 3011 636 3050; x_wconf 79' lang='lat' dir='ltr'>Ernest.</span> <span class='ocrx_word' id='word_1_528' title='bbox 661 3012 695 3048; x_wconf 89' lang='lat' dir='ltr'>in</span> <span class='ocrx_word' id='word_1_529' title='bbox 718 3010 951 3050; x_wconf 78' lang='lat' dir='ltr'>Gloss.Liv.</span> 
     </span>
     <span class='ocr_line' id='line_1_50' title="bbox 89 3066 953 3115; baseline 0.005 -12"><span class='ocrx_word' id='word_1_530' title='bbox 89 3066 245 3106; x_wconf 85' lang='lat' dir='ltr'>Walch.</span> <span class='ocrx_word' id='word_1_531' title='bbox 269 3068 320 3106; x_wconf 81' lang='lat' dir='ltr'>ad</span> <span class='ocrx_word' id='word_1_532' title='bbox 346 3067 466 3106; x_wconf 84' lang='lat' dir='ltr'>Tacit.</span> <span class='ocrx_word' id='word_1_533' title='bbox 491 3069 622 3115; x_wconf 70' lang='lat' dir='ltr'>Angc.</span> <span class='ocrx_word' id='word_1_534' title='bbox 648 3082 677 3105; x_wconf 88' lang='lat' dir='ltr'>c.</span> <span class='ocrx_word' id='word_1_535' title='bbox 694 3071 758 3108; x_wconf 83' lang='lat'>21.</span> <span class='ocrx_word' id='word_1_536' title='bbox 783 3066 886 3106; x_wconf 84' lang='lat' dir='ltr'>Mos.</span> <span class='ocrx_word' id='word_1_537' title='bbox 902 3068 953 3107; x_wconf 87' lang='lat' dir='ltr'>ad</span> 
     </span>
     <span class='ocr_line' id='line_1_51' title="bbox 92 3122 838 3176; baseline 0.001 -15"><span class='ocrx_word' id='word_1_538' title='bbox 92 3122 168 3162; x_wconf 87' lang='lat' dir='ltr'>Cic.</span> <span class='ocrx_word' id='word_1_539' title='bbox 194 3123 309 3163; x_wconf 81' lang='lat' dir='ltr'>Tusc.</span> <span class='ocrx_word' id='word_1_540' title='bbox 336 3124 402 3163; x_wconf 73' lang='lat' dir='ltr'>IV.</span> <span class='ocrx_word' id='word_1_541' title='bbox 429 3128 494 3165; x_wconf 84' lang='lat'>31.</span> <span class='ocrx_word' id='word_1_542' title='bbox 522 3124 566 3163; x_wconf 84' lang='lat' dir='ltr'>T.</span> <span class='ocrx_word' id='word_1_543' title='bbox 592 3123 638 3163; x_wconf 92' lang='lat' dir='ltr'>ll.</span> <span class='ocrx_word' id='word_1_544' title='bbox 662 3137 699 3176; x_wconf 87' lang='lat' dir='ltr'>p.</span> <span class='ocrx_word' id='word_1_545' title='bbox 726 3123 838 3176; x_wconf 67' lang='lat'>435]</span> 
     </span>
    </p>
   </div>
   <div class='ocr_carea' id='block_1_8' title="bbox 1010 2054 1880 3177">
    <p class='ocr_par' dir='ltr' id='par_1_10' title="bbox 1011 2054 1880 2388">
     <span class='ocr_line' id='line_1_52' title="bbox 1068 2054 1879 2106; baseline -0.001 -13"><span class='ocrx_word' id='word_1_546' title='bbox 1068 2068 1194 2106; x_wconf 77' lang='lat' dir='ltr'>neque</span> <span class='ocrx_word' id='word_1_547' title='bbox 1220 2058 1245 2091; x_wconf 81' lang='lat' dir='ltr'>t.</span> <span class='ocrx_word' id='word_1_548' title='bbox 1274 2054 1389 2103; x_wconf 68' lang='lat' dir='ltr'>aliqu.</span> <span class='ocrx_word' id='word_1_549' title='bbox 1412 2054 1473 2092; x_wconf 78' lang='lat' dir='ltr'>rel</span> <span class='ocrx_word' id='word_1_550' title='bbox 1490 2054 1621 2092; x_wconf 74' lang='lat' dir='ltr'>etlam.</span> <span class='ocrx_word' id='word_1_551' title='bbox 1659 2054 1747 2093; x_wconf 76' lang='lat' dir='ltr'>Nec</span> <span class='ocrx_word' id='word_1_552' title='bbox 1761 2055 1879 2093; x_wconf 81' lang='lat' dir='ltr'>etiam</span> 
     </span>
     <span class='ocr_line' id='line_1_53' title="bbox 1011 2108 1880 2155; baseline 0 -7"><span class='ocrx_word' id='word_1_553' title='bbox 1011 2112 1124 2149; x_wconf 85' lang='lat' dir='ltr'>tacite</span> <span class='ocrx_word' id='word_1_554' title='bbox 1151 2110 1268 2148; x_wconf 87' lang='lat' dir='ltr'>edidit</span> <span class='ocrx_word' id='word_1_555' title='bbox 1288 2123 1310 2147; x_wconf 88' lang='lat' dir='ltr'>e</span> <span class='ocrx_word' id='word_1_556' title='bbox 1331 2108 1662 2155; x_wconf 72' lang='lat' dir='ltr'>Palat.W0wer.‚</span> <span class='ocrx_word' id='word_1_557' title='bbox 1688 2111 1880 2148; x_wconf 82' lang='lat' dir='ltr'>disiuncti-</span> 
     </span>
     <span class='ocr_line' id='line_1_54' title="bbox 1012 2166 1880 2217; baseline 0.001 -14"><span class='ocrx_word' id='word_1_558' title='bbox 1012 2181 1085 2206; x_wconf 78' lang='lat' dir='ltr'>vae</span> <span class='ocrx_word' id='word_1_559' title='bbox 1117 2166 1330 2217; x_wconf 79' lang='lat' dir='ltr'>particulae</span> <span class='ocrx_word' id='word_1_560' title='bbox 1361 2166 1515 2204; x_wconf 83' lang='lat' dir='ltr'>modum</span> <span class='ocrx_word' id='word_1_561' title='bbox 1546 2180 1620 2205; x_wconf 85' lang='lat' dir='ltr'>non</span> <span class='ocrx_word' id='word_1_562' title='bbox 1647 2166 1880 2217; x_wconf 81' lang='lat' dir='ltr'>intelligens,</span> 
     </span>
     <span class='ocr_line' id='line_1_55' title="bbox 1014 2221 1880 2274; baseline 0 -12"><span class='ocrx_word' id='word_1_563' title='bbox 1014 2224 1122 2262; x_wconf 80' lang='lat' dir='ltr'>cuius</span> <span class='ocrx_word' id='word_1_564' title='bbox 1148 2236 1244 2261; x_wconf 85' lang='lat' dir='ltr'>usus</span> <span class='ocrx_word' id='word_1_565' title='bbox 1270 2221 1391 2261; x_wconf 84' lang='lat' dir='ltr'>multa</span> <span class='ocrx_word' id='word_1_566' title='bbox 1409 2223 1593 2274; x_wconf 68' lang='lat' dir='ltr'>exempla</span> <span class='ocrx_word' id='word_1_567' title='bbox 1610 2222 1766 2274; x_wconf 86' lang='lat' dir='ltr'>protulit</span> <span class='ocrx_word' id='word_1_568' title='bbox 1778 2222 1880 2262; x_wconf 86' lang='lat' dir='ltr'><strong>Oud.</strong></span> 
     </span>
     <span class='ocr_line' id='line_1_56' title="bbox 1014 2277 1879 2318; baseline -0.001 0"><span class='ocrx_word' id='word_1_569' title='bbox 1014 2281 1064 2318; x_wconf 85' lang='lat' dir='ltr'>ad</span> <span class='ocrx_word' id='word_1_570' title='bbox 1090 2279 1202 2317; x_wconf 75' lang='lat' dir='ltr'>Caes.</span> <span class='ocrx_word' id='word_1_571' title='bbox 1228 2278 1274 2316; x_wconf 82' lang='lat' dir='ltr'>B.</span> <span class='ocrx_word' id='word_1_572' title='bbox 1301 2279 1346 2317; x_wconf 88' lang='lat' dir='ltr'>G.</span> <span class='ocrx_word' id='word_1_573' title='bbox 1375 2277 1434 2316; x_wconf 86' lang='lat' dir='ltr'>lll.</span> <span class='ocrx_word' id='word_1_574' title='bbox 1466 2283 1526 2318; x_wconf 78' lang='lat'>14.</span> <span class='ocrx_word' id='word_1_575' title='bbox 1554 2279 1681 2318; x_wconf 87' lang='lat' dir='ltr'>Bentl.</span> <span class='ocrx_word' id='word_1_576' title='bbox 1714 2279 1765 2318; x_wconf 82' lang='lat' dir='ltr'>ad</span> <span class='ocrx_word' id='word_1_577' title='bbox 1787 2279 1879 2318; x_wconf 89' lang='lat' dir='ltr'>Hor.</span> 
     </span>
     <span class='ocr_line' id='line_1_57' title="bbox 1017 2334 1338 2388; baseline -0.003 -14"><span class='ocrx_word' id='word_1_578' title='bbox 1017 2335 1141 2388; x_wconf 87' lang='lat' dir='ltr'>Epod.</span> <span class='ocrx_word' id='word_1_579' title='bbox 1167 2334 1276 2373; x_wconf 81' lang='lat' dir='ltr'><strong>XVI.</strong></span> <span class='ocrx_word' id='word_1_580' title='bbox 1303 2339 1338 2375; x_wconf 81' lang='lat'>6.</span> 
     </span>
    </p>

    <p class='ocr_par' dir='ltr' id='par_1_11' title="bbox 1010 2390 1880 2783">
     <span class='ocr_line' id='line_1_58' title="bbox 1070 2390 1879 2443; baseline -0.001 -12"><span class='ocrx_word' id='word_1_581' title='bbox 1070 2392 1180 2431; x_wconf 72' lang='lat' dir='ltr'>istud</span> <span class='ocrx_word' id='word_1_582' title='bbox 1193 2405 1277 2430; x_wconf 86' lang='lat' dir='ltr'>cum</span> <span class='ocrx_word' id='word_1_583' title='bbox 1293 2390 1394 2429; x_wconf 83' lang='lat' dir='ltr'><strong>Oud.</strong></span> <span class='ocrx_word' id='word_1_584' title='bbox 1412 2406 1484 2430; x_wconf 88' lang='lat' dir='ltr'>non</span> <span class='ocrx_word' id='word_1_585' title='bbox 1498 2394 1743 2438; x_wconf 88' lang='lat' dir='ltr'>mutaverim,</span> <span class='ocrx_word' id='word_1_586' title='bbox 1764 2405 1879 2443; x_wconf 88' lang='lat' dir='ltr'>quum</span> 
     </span>
     <span class='ocr_line' id='line_1_59' title="bbox 1014 2448 1880 2499; baseline 0.001 -14"><span class='ocrx_word' id='word_1_587' title='bbox 1014 2450 1185 2499; x_wconf 85' lang='lat' dir='ltr'>potiores</span> <span class='ocrx_word' id='word_1_588' title='bbox 1200 2448 1284 2486; x_wconf 83' lang='lat' dir='ltr'>libri</span> <span class='ocrx_word' id='word_1_589' title='bbox 1299 2448 1337 2486; x_wconf 87' lang='lat' dir='ltr'>id</span> <span class='ocrx_word' id='word_1_590' title='bbox 1356 2449 1582 2499; x_wconf 85' lang='lat' dir='ltr'>praebeant,</span> <span class='ocrx_word' id='word_1_591' title='bbox 1605 2450 1678 2488; x_wconf 87' lang='lat' dir='ltr'>etsi</span> <span class='ocrx_word' id='word_1_592' title='bbox 1692 2449 1880 2499; x_wconf 87' lang='lat' dir='ltr'>antiquior</span> 
     </span>
     <span class='ocr_line' id='line_1_60' title="bbox 1013 2504 1880 2557; baseline -0.001 -14"><span class='ocrx_word' id='word_1_593' title='bbox 1013 2505 1079 2544; x_wconf 84' lang='lat' dir='ltr'>illa</span> <span class='ocrx_word' id='word_1_594' title='bbox 1093 2504 1211 2543; x_wconf 80' lang='lat' dir='ltr'>forma</span> <span class='ocrx_word' id='word_1_595' title='bbox 1232 2505 1336 2543; x_wconf 79' lang='lat' dir='ltr'>istuc</span> <span class='ocrx_word' id='word_1_596' title='bbox 1357 2519 1429 2542; x_wconf 87' lang='lat' dir='ltr'>non</span> <span class='ocrx_word' id='word_1_597' title='bbox 1443 2506 1568 2543; x_wconf 86' lang='lat' dir='ltr'>minus</span> <span class='ocrx_word' id='word_1_598' title='bbox 1588 2505 1752 2557; x_wconf 85' lang='lat' dir='ltr'>placeat.</span> <span class='ocrx_word' id='word_1_599' title='bbox 1780 2504 1880 2557; x_wconf 84' lang='lat' dir='ltr'>[Sed</span> 
     </span>
     <span class='ocr_line' id='line_1_61' title="bbox 1010 2560 1879 2613; baseline -0.001 -13"><span class='ocrx_word' id='word_1_600' title='bbox 1010 2561 1112 2600; x_wconf 77' lang='lat' dir='ltr'>Mss.</span> <span class='ocrx_word' id='word_1_601' title='bbox 1139 2560 1213 2600; x_wconf 86' lang='lat' dir='ltr'>hac</span> <span class='ocrx_word' id='word_1_602' title='bbox 1237 2561 1272 2599; x_wconf 87' lang='lat' dir='ltr'>in</span> <span class='ocrx_word' id='word_1_603' title='bbox 1299 2575 1339 2598; x_wconf 85' lang='lat' dir='ltr'>re</span> <span class='ocrx_word' id='word_1_604' title='bbox 1371 2562 1715 2613; x_wconf 86' lang='lat' dir='ltr'>obtemperandum</span> <span class='ocrx_word' id='word_1_605' title='bbox 1739 2562 1879 2606; x_wconf 87' lang='lat' dir='ltr'>iudico,</span> 
     </span>
     <span class='ocr_line' id='line_1_62' title="bbox 1011 2617 1880 2669; baseline 0 -13"><span class='ocrx_word' id='word_1_606' title='bbox 1011 2622 1051 2656; x_wconf 87' lang='lat' dir='ltr'>ut</span> <span class='ocrx_word' id='word_1_607' title='bbox 1081 2617 1182 2656; x_wconf 84' lang='lat' dir='ltr'><strong>Oud.</strong></span> <span class='ocrx_word' id='word_1_608' title='bbox 1215 2631 1288 2656; x_wconf 89' lang='lat' dir='ltr'>non</span> <span class='ocrx_word' id='word_1_609' title='bbox 1320 2631 1512 2668; x_wconf 78' lang='lat' dir='ltr'>assequar</span> <span class='ocrx_word' id='word_1_610' title='bbox 1534 2619 1783 2665; x_wconf 78' lang='lat' dir='ltr'>sententiam,</span> <span class='ocrx_word' id='word_1_611' title='bbox 1815 2618 1880 2669; x_wconf 90' lang='lat' dir='ltr'>qui</span> 
     </span>
     <span class='ocr_line' id='line_1_63' title="bbox 1011 2673 1880 2725; baseline -0.001 -13"><span class='ocrx_word' id='word_1_612' title='bbox 1011 2678 1143 2713; x_wconf 85' lang='lat' dir='ltr'>contra</span> <span class='ocrx_word' id='word_1_613' title='bbox 1166 2674 1298 2712; x_wconf 83' lang='lat' dir='ltr'>stilum</span> <span class='ocrx_word' id='word_1_614' title='bbox 1311 2673 1471 2725; x_wconf 80' lang='lat' dir='ltr'>Apuleii</span> <span class='ocrx_word' id='word_1_615' title='bbox 1491 2676 1600 2714; x_wconf 72' lang='lat' dir='ltr'>istud</span> <span class='ocrx_word' id='word_1_616' title='bbox 1619 2675 1761 2713; x_wconf 84' lang='lat' dir='ltr'>dictum</span> <span class='ocrx_word' id='word_1_617' title='bbox 1787 2687 1880 2712; x_wconf 83' lang='lat' dir='ltr'>esse</span> 
     </span>
     <span class='ocr_line' id='line_1_64' title="bbox 1012 2730 1200 2783; baseline 0.005 -15"><span class='ocrx_word' id='word_1_618' title='bbox 1012 2730 1200 2783; x_wconf 70' lang='lat' dir='ltr'>censeat]</span> 
     </span>
    </p>

    <p class='ocr_par' dir='ltr' id='par_1_12' title="bbox 1011 2785 1878 3177">
     <span class='ocr_line' id='line_1_65' title="bbox 1068 2785 1878 2839; baseline 0 -14"><span class='ocrx_word' id='word_1_619' title='bbox 1068 2789 1219 2839; x_wconf 78' lang='lat' dir='ltr'>itaque.</span> <span class='ocrx_word' id='word_1_620' title='bbox 1277 2785 1361 2838; x_wconf 82' lang='lat' dir='ltr'>[Ex</span> <span class='ocrx_word' id='word_1_621' title='bbox 1393 2791 1499 2839; x_wconf 90' lang='lat' dir='ltr'>oppt.</span> <span class='ocrx_word' id='word_1_622' title='bbox 1532 2786 1638 2826; x_wconf 85' lang='lat' dir='ltr'>libris</span> <span class='ocrx_word' id='word_1_623' title='bbox 1675 2788 1728 2826; x_wconf 88' lang='lat' dir='ltr'>ita</span> <span class='ocrx_word' id='word_1_624' title='bbox 1763 2787 1878 2834; x_wconf 85' lang='lat' dir='ltr'>edidi,</span> 
     </span>
     <span class='ocr_line' id='line_1_66' title="bbox 1014 2843 1878 2895; baseline 0.001 -14"><span class='ocrx_word' id='word_1_625' title='bbox 1014 2843 1118 2895; x_wconf 87' lang='lat' dir='ltr'>quod</span> <span class='ocrx_word' id='word_1_626' title='bbox 1145 2857 1167 2881; x_wconf 86' lang='lat' dir='ltr'>a</span> <span class='ocrx_word' id='word_1_627' title='bbox 1193 2843 1373 2882; x_wconf 78' lang='lat' dir='ltr'>nasutulo</span> <span class='ocrx_word' id='word_1_628' title='bbox 1406 2843 1573 2893; x_wconf 79' lang='lat' dir='ltr'>quodam</span> <span class='ocrx_word' id='word_1_629' title='bbox 1602 2843 1752 2883; x_wconf 87' lang='lat' dir='ltr'>librario</span> <span class='ocrx_word' id='word_1_630' title='bbox 1778 2857 1878 2882; x_wconf 88' lang='lat' dir='ltr'>com-</span> 
     </span>
     <span class='ocr_line' id='line_1_67' title="bbox 1011 2899 1878 2951; baseline 0.001 -13"><span class='ocrx_word' id='word_1_631' title='bbox 1011 2903 1198 2938; x_wconf 86' lang='lat' dir='ltr'>mutatum</span> <span class='ocrx_word' id='word_1_632' title='bbox 1225 2903 1308 2937; x_wconf 81' lang='lat' dir='ltr'>erat</span> <span class='ocrx_word' id='word_1_633' title='bbox 1332 2900 1367 2936; x_wconf 85' lang='lat' dir='ltr'>in</span> <span class='ocrx_word' id='word_1_634' title='bbox 1395 2901 1542 2951; x_wconf 72' lang='lat' dir='ltr'>iyitur3</span> <span class='ocrx_word' id='word_1_635' title='bbox 1576 2899 1624 2938; x_wconf 83' lang='lat' dir='ltr'>cs.</span> <span class='ocrx_word' id='word_1_636' title='bbox 1651 2900 1801 2951; x_wconf 84' lang='lat' dir='ltr'>Zumpt.</span> <span class='ocrx_word' id='word_1_637' title='bbox 1827 2900 1878 2939; x_wconf 86' lang='lat' dir='ltr'>ad</span> 
     </span>
     <span class='ocr_line' id='line_1_68' title="bbox 1013 2955 1876 3008; baseline -0.001 -14"><span class='ocrx_word' id='word_1_638' title='bbox 1013 2956 1141 3002; x_wconf 77' lang='lat' dir='ltr'>Quint.</span> <span class='ocrx_word' id='word_1_639' title='bbox 1156 2955 1257 2993; x_wconf 63' lang='lat' dir='ltr'>Ylll.</span> <span class='ocrx_word' id='word_1_640' title='bbox 1274 2960 1309 2994; x_wconf 80' lang='lat'>4.</span> <span class='ocrx_word' id='word_1_641' title='bbox 1329 2960 1410 3000; x_wconf 60' lang='lat'>12„</span> <span class='ocrx_word' id='word_1_642' title='bbox 1436 2969 1550 3005; x_wconf 81' lang='lat' dir='ltr'>quem</span> <span class='ocrx_word' id='word_1_643' title='bbox 1575 2958 1748 3006; x_wconf 83' lang='lat' dir='ltr'>positura</span> <span class='ocrx_word' id='word_1_644' title='bbox 1765 2958 1876 3008; x_wconf 85' lang='lat' dir='ltr'>parti-</span> 
     </span>
     <span class='ocr_line' id='line_1_69' title="bbox 1012 3011 1875 3057; baseline 0 -6"><span class='ocrx_word' id='word_1_645' title='bbox 1012 3013 1122 3051; x_wconf 85' lang='lat' dir='ltr'>culae</span> <span class='ocrx_word' id='word_1_646' title='bbox 1138 3012 1372 3057; x_wconf 76' lang='lat' dir='ltr'>offendebat,</span> <span class='ocrx_word' id='word_1_647' title='bbox 1397 3012 1470 3050; x_wconf 77' lang='lat' dir='ltr'>sed</span> <span class='ocrx_word' id='word_1_648' title='bbox 1484 3012 1532 3051; x_wconf 86' lang='lat' dir='ltr'>cs.</span> <span class='ocrx_word' id='word_1_649' title='bbox 1547 3011 1671 3051; x_wconf 86' lang='lat' dir='ltr'>Hand.</span> <span class='ocrx_word' id='word_1_650' title='bbox 1688 3011 1798 3051; x_wconf 76' lang='lat' dir='ltr'>Turs.</span> <span class='ocrx_word' id='word_1_651' title='bbox 1813 3012 1875 3051; x_wconf 91' lang='lat' dir='ltr'>lll.</span> 
     </span>
     <span class='ocr_line' id='line_1_70' title="bbox 1012 3068 1876 3120; baseline 0.002 -15"><span class='ocrx_word' id='word_1_652' title='bbox 1012 3082 1048 3120; x_wconf 88' lang='lat' dir='ltr'>p.</span> <span class='ocrx_word' id='word_1_653' title='bbox 1076 3073 1155 3110; x_wconf 83' lang='lat'>509</span> <span class='ocrx_word' id='word_1_654' title='bbox 1182 3082 1269 3120; x_wconf 76' lang='lat' dir='ltr'><strong>sqq.</strong></span> <span class='ocrx_word' id='word_1_655' title='bbox 1296 3068 1345 3105; x_wconf 87' lang='lat' dir='ltr'>de</span> <span class='ocrx_word' id='word_1_656' title='bbox 1371 3083 1420 3107; x_wconf 84' lang='lat' dir='ltr'>ea</span> <span class='ocrx_word' id='word_1_657' title='bbox 1444 3070 1735 3108; x_wconf 78' lang='lat' dir='ltr'>accuratissime</span> <span class='ocrx_word' id='word_1_658' title='bbox 1759 3083 1876 3120; x_wconf 83' lang='lat' dir='ltr'>agen-</span> 
     </span>
     <span class='ocr_line' id='line_1_71' title="bbox 1011 3124 1874 3177; baseline 0 -13"><span class='ocrx_word' id='word_1_659' title='bbox 1011 3129 1100 3164; x_wconf 87' lang='lat' dir='ltr'>tem.</span> <span class='ocrx_word' id='word_1_660' title='bbox 1149 3125 1213 3165; x_wconf 83' lang='lat' dir='ltr'>Ab</span> <span class='ocrx_word' id='word_1_661' title='bbox 1250 3125 1350 3164; x_wconf 79' lang='lat' dir='ltr'>Livii</span> <span class='ocrx_word' id='word_1_662' title='bbox 1381 3124 1470 3164; x_wconf 89' lang='lat' dir='ltr'>iude</span> <span class='ocrx_word' id='word_1_663' title='bbox 1502 3126 1741 3177; x_wconf 83' lang='lat' dir='ltr'>temporibus</span> <span class='ocrx_word' id='word_1_664' title='bbox 1765 3139 1874 3171; x_wconf 72' lang='lat' dir='ltr'>usus,</span> 
     </span>
    </p>
   </div>
   <div class='ocr_carea' id='block_1_9' title="bbox 1898 894 1961 927">
    <p class='ocr_par' dir='ltr' id='par_1_13' title="bbox 1898 894 1961 927">
     <span class='ocr_line' id='line_1_72' title="bbox 1898 894 1961 927; baseline 0 0"><span class='ocrx_word' id='word_1_665' title='bbox 1898 894 1961 927; x_wconf 77' lang='lat'>193</span> 
     </span>
    </p>
   </div>
  </div>
 </body>
</html>
