2155 3590
636 213 821 254 LIBER
851 212 926 255 lx.

984 212 1112 253 CAP.
1136 213 1174 251 V
1181 211 1219 251 11
1226 211 1258 253 1.
1757 208 1838 251 767

66 329 273 371 factionem
302 332 632 381 persequuturus‚
666 325 780 366 utiles
806 339 878 366 nec
901 338 950 365 ne
974 337 1181 379 processus
1201 321 1490 373 sciscitaretur3
1522 322 1690 363 additam
1716 321 1841 362 victo-

66 386 165 426 riam
197 383 289 424 forti
318 385 525 438 praesagio
559 382 865 432 contendebant,
899 383 1033 435 quippe
1065 379 1238 421 cervices
1269 379 1437 418 hostium
1461 378 1553 433 iugo
1579 378 1779 419 subacturi
1802 384 1842 418 et

66 441 247 495 praedam
286 440 331 479 de
367 438 513 492 rapinis
551 438 786 478 uberrimam
823 438 1140 489 fructuosamque
1177 435 1342 489 capturi.
1387 433 1393 489 Ι
1436 435 1500 474 Ad
1533 435 1652 475 istum
1686 435 1840 474 modum
1866 437 1929 470 609

67 495 319 538 divinationis
345 494 631 549 astucaptioso
656 499 943 534 contraxerant
965 506 1044 532 non
1069 504 1210 547 parvas
1236 492 1434 546 pecunias.

65 611 191 640 harnes
210 614 246 641 G.
265 613 296 640 2.
316 612 355 640 D.
402 609 622 638 sisere-aretur
640 612 676 639 G.
697 611 726 640 1.
747 611 795 639 ed.
814 617 861 644 pr.
879 609 1007 638 Vicent.
1026 609 1140 638 Venei.
1158 609 1191 636 2.

1245 605 1415 634 addictam
1433 607 1471 635 Β.
1486 607 1569 634 lunt.
1584 607 1614 635 ⁴2.
1634 609 1664 634 et
1683 606 1752 635 edd.
1772 609 1846 642 post

69 659 213 686 w'ower.
237 658 273 685 In
288 659 360 685 cett.
374 653 538 684 additam.
585 655 689 691 sorti,
710 654 892 692 praesagio
906 656 989 683 lunt.
1003 653 1032 682 1.
1046 655 1078 682 2.
1091 653 1168 683 Ald.
1180 653 1294 682 Venel.
1309 653 1339 680 4.
1359 652 1436 680 Bas.
1451 649 1480 678 1.
1501 651 1604 679 Colin.
1627 653 1664 679 In
1683 654 1755 680 cett.
1775 653 1846 680 edd.

66 707 98 732 et
105 699 455 739 MSS.omnibusfort2'.
480 700 793 729 sorta·sF10rid.edit.
818 698 960 728 subactu
972 698 1055 733 irz'p.
1081 700 1182 734 captu
1193 696 1240 725 iri
1245 705 1274 732 p.
1302 695 1383 728 eius,
1396 697 1478 730 quod
1491 698 1565 724 anie
1582 693 1798 723 divinationis
1813 696 1847 724 in

66 747 236 776 nonnullis
249 746 488 780 exemplaribus
502 749 672 781 comparet,
688 753 750 774 non
764 748 850 773 extat
864 744 897 772 in
910 744 947 772 F.
957 743 1024 772 1.3.
1039 744 1075 771 G.
1086 743 1115 771 1.
1129 745 1160 771 2.
1174 743 1209 771 P.
1224 743 1262 770 D.
1276 743 1314 770 R.
1329 741 1350 770 s.
1364 738 1392 770 δ.
1406 749 1436 776 p.
1451 741 1485 769 Ο.
1499 742 1582 769 lunt.
1596 742 1627 768 2.
1639 741 1749 768 Wow.
1762 741 1847 769 Prie.

66 792 189 821 Florid.
200 792 282 819 Elm.
297 791 435 819 Scriver.
449 798 524 819 vero
539 790 668 818 uncinis
681 789 911 818 circumclusit.
937 790 1002 817 Nec
1016 791 1123 816 tamen
1136 790 1226 822 putat
1239 787 1318 816 oud.
1332 787 1370 814 de
1382 786 1484 814 nihilo
1497 787 1557 814 hoc
1570 787 1764 815 vocabulum
1777 793 1850 814 esse

68 837 241 872 insertum,
266 837 323 864 sed
343 843 384 864 ex
408 835 519 864 littera
535 842 551 863 s
575 839 773 870 corruptum,
799 841 881 868 quae
900 833 1095 868 significaret
1115 831 1255 860 scilicet.
1286 832 1327 860 cf.
1347 832 1387 859 ad
1406 833 1482 859 Met.
1499 831 1555 860 111.
1574 838 1604 864 p.
1621 831 1697 859 227.
1734 828 1850 858 scili—

69 883 135 909 cet
152 879 302 917 pessima
320 882 424 910 sorte.
472 880 623 917 captiose
643 881 678 908 G.
699 879 729 909 1.
749 880 785 908 Ο.
832 880 1086 906 contraxerant
1101 879 1138 907 F.
1159 877 1187 907 1.
1207 878 1238 906 3.
1259 878 1294 906 G.
1315 876 1344 905 1.
1359 878 1389 905 2.
1410 877 1445 904 Ο.
1460 877 1494 905 P.
1509 877 1547 904 D.
1561 876 1597 904 L.
1613 876 1725 903 etedd.
1739 875 1851 904 Colvio

68 926 271 961 posteriores.
297 921 354 964 [cf.
368 927 442 954 Intt.
455 926 496 953 ad
509 926 583 954 Hor.
599 927 665 954 Sat.
678 926 717 954 Π.
732 926 762 952 3.
778 925 829 952 96.
843 923 1040 957 praeceleris
1053 917 1146 962 Fea.]
1195 923 1418 949 corraserant
1431 921 1467 949 B.
1481 923 1510 949 et
1524 921 1594 948 edd.
1607 923 1797 954 vem-usque
1810 920 1852 947 ad

68 971 160 1000 Colv.
186 972 415 998 contraxerant
426 966 455 998 δ.
469 978 498 1004 p.
509 992 516 1006 ‚
542 971 626 998 unde
639 970 718 998 Oud.
740 968 877 997 coniecit
898 969 1133 995 com-asarum
1149 967 1171 995 i.
1185 975 1213 995 e.
1233 970 1305 995 astu
1321 970 1348 994 et
1363 967 1435 994 dolo
1447 967 1533 994 malo
1545 968 1740 1000 paraverant
1754 967 1784 993 et
1802 973 1855 993 re-

67 1016 287 1044 condiderant.
312 1017 437 1044 Terent.
451 1015 578 1043 Phorm.
590 1017 616 1044 1.
630 1013 729 1043 4.13.
753 1010 892 1051 Aliquid
913 1018 1207 1041 convasassem
1231 1014 1334 1049 atque
1353 1009 1432 1040 Ιιὺισ
1455 1018 1506 1038 me
1523 1009 1683 1048 protinus
1707 1008 1852 1038 coniice-

67 1068 138 1089 rem
150 1060 185 1088 in.
191 1059 305 1098 pedes.
345 1059 507 1097 pecuicas
519 1061 559 1090 D.

70 1148 175 1187 vices
188 1147 359 1186 hostium
372 1146 473 1199 ‘layo
485 1145 705 1190 subacturi,
715 1143 763 1182 ad
773 1142 934 1183 alterum

73 1203 179 1243 laeta
202 1204 430 1256 yermz‘nent
452 1207 539 1240 sata
565 1202 754 1252 pertinent
777 1205 866 1239 sata
890 1200 935 1238 li-

72 1260 206 1299 berum
224 1258 511 1310 procreanda,
542 1271 640 1296 arca
664 1257 842 1296 sementis
862 1258 935 1309 flo-

71 1317 220 1360 rentla,
247 1315 402 1353 lucrum
427 1314 478 1351 de
499 1313 645 1366 ylebae
667 1313 865 1364 yermine‚
898 1316 937 1350 et

70 1371 233 1423 praeda
263 1370 315 1408 de
338 1370 498 1421 rapinis
516 1369 731 1408 uberrima.
764 1368 806 1405 Si
828 1367 939 1418 igitur

72 1427 135 1466 hic
159 1426 295 1464 demas
319 1425 423 1463 istud
449 1424 605 1464 lucrum
624 1424 675 1463 de
690 1423 835 1474 glebae
846 1437 938 1475 yer-

71 1484 192 1527 mz'nc,
217 1481 386 1520 nihilhic
397 1481 605 1526 habemus,
631 1493 707 1531 quo
727 1478 940 1530 explicetur

71 1551 211 1577 versus
235 1539 351 1576 sortis
374 1536 571 1575 secundus
598 1540 638 1574 et
669 1535 938 1587 possessionis

73 1595 210 1632 emtori
231 1597 361 1633 contra
380 1594 494 1631 unius
514 1591 616 1630 illius
631 1605 769 1630 versus
787 1595 941 1630 senten·

73 1651 127 1690 tia
149 1651 210 1689 bis
234 1649 496 1688 inculcabitur.
529 1648 710 1688 Lucrum
729 1648 780 1687 de
797 1648 943 1700 ylebae

72 1707 253 1760 yermine
276 1710 339 1745 est
363 1708 568 1756 quaestus,
594 1717 708 1756 quem
733 1703 823 1742 facit
846 1717 942 1742 mer-

74 1767 191 1809 cator,
215 1762 348 1801 itinera
371 1765 411 1799 et
434 1774 548 1812 agros
573 1761 770 1811 urbesque
795 1760 942 1798 obiens.

114 1842 315 1894 promitti.
343 1838 600 1892 [Vocabulum
614 1838 780 1891 prop.de
793 1838 942 1877 sortile-

76 1899 149 1949 gis,
163 1898 226 1948 qui
246 1897 373 1935 omnia
388 1896 624 1947 promittunt,
639 1895 730 1934 nihil
743 1898 944 1946 praestant

76 1953 213 1993 csJntt.
228 1953 277 1993 ad
291 1952 422 1991 Iuven.
438 1951 498 1990 lll.
514 1956 578 1992 43.
610 1951 738 1990 Burm.
759 1951 808 1988 ad
828 1949 942 1989 Ovid.

76 2008 352 2050 Heroid.XVl.
365 2013 454 2049 144.
470 2008 606 2048 etYal.
619 2006 820 2046 Flacc.VI.
832 2006 940 2059 117.]

133 2097 319 2138 additam
343 2099 555 2137 victoriam
576 2098 687 2149 forti
700 2097 941 2149 praesayio.

79 2155 237 2194 Colvius
250 2154 445 2192 emendat:
472 2153 681 2192 addictam
694 2154 814 2192 sortis
824 2166 942 2204 prae-

78 2213 197 2264 sayz'o
211 2210 518 2256 contendebant,
542 2210 701 2247 verbum
716 2209 943 2248 addicendi

78 2266 339 2319 perfamiliare
386 2265 508 2304 fuisse
554 2266 738 2316 auspiciis
785 2264 945 2302 demon-

80 2328 222 2362 strans.
271 2322 356 2374 [De
380 2321 548 2360 lectione
576 2322 695 2360 sortis
718 2335 792 2359 non
818 2320 945 2358 solum

79 2384 238 2432 propter
261 2378 373 2417 codd.
397 2378 660 2416 auctoritatem
692 2376 840 2422 dubito,
871 2376 946 2414 sed

82 2436 240 2486 quiavix
252 2433 493 2473 tolerabilem
507 2447 601 2472 esse
616 2433 821 2471 dictionem
824 2447 906 2485 pra
913 2447 946 2472 e-

81 2493 239 2545 sayium
263 2492 382 2529 sortis
406 2491 596 2528 existimo.
655 2489 756 2528 Nam
781 2503 948 2541 praesa-

81 2549 196 2601 9ium
219 2546 256 2585 h.
283 2546 306 2584 l.
332 2547 420 2597 ipsa
444 2560 492 2585 ea
516 2559 603 2584 sors
628 2549 707 2590 est,
733 2558 809 2596 qua
833 2544 948 2583 divini

83 2604 146 2641 isti
192 2602 421 2642 sacerdotes
468 2602 647 2640 homines
695 2601 947 2652 decipiebant.

84 2660 221 2699 Fortis
237 2673 349 2704 νει-ο,
373 2659 478 2709 quod
497 2658 559 2698 alii
574 2659 724 2702 volunt,
750 2670 834 2695 cuni
848 2656 949 2696 Oud.

84 2713 332 2754 reiiciendum
371 2719 452 2761 est,
496 2715 586 2764 quia
623 2716 716 2764 fors
759 2726 951 2762 nunquam

85 2776 229 2810 sortem
253 2771 453 2821 significat,
479 2770 549 2808 sed
578 2769 765 2808 fortunam
790 2773 950 2807 tantum-

86 2827 220 2874 modo,
251 2841 384 2866 casum
417 2827 628 2871 fortuitum,
657 2825 746 2862 licet
777 2825 950 2877 frequen-

86 2883 237 2921 tissima
271 2883 323 2922 sit
356 2885 555 2934 utriusque
585 2880 764 2920 vocabuli
794 2881 829 2918 in
854 2881 950 2920 Mss.

89 2937 265 2977 confusio
290 2939 340 2979 cf.
362 2938 446 2978 Intt.
474 2939 523 2976 ad
538 2938 669 2977 Horat.
686 2937 809 2976 Serm.
823 2935 849 2975 I.
867 2942 951 2978 1.1.

93 2995 208 3033 Forte·
231 2995 342 3046 igitur
366 3009 451 3034 cum
476 2994 579 3033 Oud.
604 2994 652 3032 ad
680 2993 866 3033 additam
891 2994 954 3032 vel

90 3050 300 3090 addictam
322 3051 465 3098 resero,
490 3055 529 3089 et
552 3050 710 3088 militem
737 3043 877 3088 dictum
902 3050 955 3089 ita

90 3119 202 3152 esse,
231 3106 417 3157 proelium
448 3109 727 3158 capessiturum
752 3105 815 3143 vel
842 3104 954 3144 latro-

91 3175 163 3200 nes
198 3167 487 3213 persecuturum
524 3166 695 3215 apparet.
749 3161 954 3200 Difficilius

91 3222 155 3256 est
178 3218 374 3265 iudicium,
403 3220 590 3260 additam
614 3218 876 3258 addictumue
901 3218 954 3257 le·

993 1143 1158 1195 gendum
1174 1144 1241 1190 sit,
1268 1156 1380 1194 quum
1395 1143 1500 1194 prius
1512 1142 1637 1193 magis
1649 1140 1751 1180 Mss.
1765 1141 1854 1187 fide,

992 1200 1154 1239 alterum
1183 1200 1376 1237 sententia
1405 1199 1643 1250 comprobari
1667 1198 1853 1236 videatur.

992 1255 1075 1294 Sed
1094 1255 1287 1294 addictus
1306 1256 1428 1293 minus
1448 1255 1497 1293 ad
1517 1254 1708 1293 oraculum
1722 1253 1854 1291 referri

992 1311 1126 1357 velini,
1158 1325 1292 1361 quum,
1324 1314 1504 1360 quantum
1529 1311 1630 1355 scio,
1662 1310 1857 1349 addicere

993 1370 1140 1406 tantum
1165 1367 1215 1404 de
1239 1367 1422 1418 auspiciis
1448 1366 1610 1412 dicatur,
1634 1379 1707 1404 nec
1720 1366 1768 1404 de
1781 1366 1856 1403 alio

997 1423 1136 1473 quovis
1154 1423 1373 1474 praesagio,
1398 1422 1500 1460 unde
1514 1422 1616 1473 apud
1631 1421 1743 1460 Ovid.
1761 1421 1856 1460 Met.

995 1478 1085 1518 XV.
1124 1482 1215 1519 647.
1251 1478 1488 1516 retinendum
1525 1482 1606 1517 est.-
1642 1483 1772 1517 certas
1800 1480 1858 1516 ita

996 1536 1133 1575 dicere
1157 1539 1293 1573 sortes.
1337 1534 1541 1574 Addictus
1571 1533 1632 1572 hic
1656 1538 1718 1572 est
1743 1534 1859 1572 obno-

997 1592 1097 1638 xius,
1117 1591 1331 1637 devinctus,
1358 1590 1577 1636 obstrictus,
1603 1594 1643 1628 ut
1668 1589 1734 1627 ille
1749 1589 1859 1641 quasi

998 1647 1193 1694 dominus,
1218 1647 1376 1686 victoria
1400 1659 1491 1686 vero
1511 1646 1622 1698 quasi
1642 1659 1758 1684 serva
1777 1646 1860 1684 eius

999 1707 1039 1742 et
1051 1704 1226 1742 subiecta
1239 1702 1466 1742 declaretur.
1501 1702 1692 1741 Fortasse
1705 1703 1757 1740 ita
1771 1714 1861 1752 quo-

999 1773 1075 1812 que
1099 1761 1286 1800 additam
1309 1763 1440 1810 potest
1464 1758 1664 1810 explicari,
1690 1763 1730 1796 ut
1745 1758 1863 1795 victo-

998 1817 1094 1855 riam
1123 1815 1338 1866 intelligas,
1369 1828 1469 1866 quae
1499 1828 1584 1853 cum
1615 1814 1700 1852 forti
1730 1815 1862 1853 arctis-

1000 1873 1099 1910 sime
1123 1873 1324 1910 coniuncta
1347 1875 1386 1909 et
1410 1872 1494 1910 eius
1519 1871 1629 1922 quasi
1646 1870 1864 1922 pedisequa

1000 1932 1072 1966 est.
1107 1927 1241 1979 Magis
1265 1931 1392 1966 tamen
1419 1927 1469 1966 ad
1493 1927 1719 1979 scripturam
1743 1927 1863 1965 addi-

1000 1989 1105 2024 ctam
1128 1984 1299 2029 ἰηείἰηο,
1324 1984 1549 2036 praesertim
1570 1996 1686 2033 quum
1700 1984 1734 2020 in
1750 1982 1864 2021 codd.

997 2044 1158 2091 utraque
1171 2053 1247 2078 vox
1268 2040 1579 2090 frequentissime
1598 2038 1863 2078 confundatur.

1000 2096 1046 2135 cf.
1061 2096 1129 2134 Dr.
1143 2096 1191 2134 ad
1204 2095 1365 2136 Liv.Vl.
1384 2100 1448 2136 15.
1461 2095 1491 2146 §.
1507 2098 1561 2142 9.,
1586 2095 1660 2134 sed
1679 2095 1864 2134 additam

998 2153 1034 2190 in
1057 2156 1167 2191 textu
1189 2152 1359 2205 retinuL]

1055 2209 1263 2248 subacturi
1360 2209 1538 2260 capturi.
1583 2207 1694 2246 Bene
1719 2207 1868 2258 quaerit

1000 2264 1204 2310 Floridus‚
1237 2264 1275 2302 id
1307 2264 1411 2316 quod
1436 2265 1553 2303 ceteri
1578 2268 1668 2303 ante
1691 2277 1778 2302 euin
1802 2276 1867 2301 ne-

1003 2321 1215 2373 glexerant,
1241 2334 1317 2372 quo
1338 2320 1401 2360 hic
1421 2321 1677 2359 nominativus
1691 2320 1866 2372 pluralis,

1003 2378 1066 2429 qui
1092 2390 1186 2415 esse
1208 2379 1331 2429 prima
1353 2378 1488 2428 specie
1510 2377 1672 2424 videtur,
1697 2377 1749 2415 sit
1771 2375 1867 2414 rese-

1001 2433 1157 2472 rendus.
1204 2433 1287 2472 Sed
1318 2433 1430 2472 nimis
1454 2433 1638 2472 audacter
1662 2437 1701 2471 et
1722 2437 1869 2471 temere

1004 2489 1091 2529 hinc
1120 2489 1299 2528 conflavit
1334 2489 1540 2528 lectionem
1571 2503 1620 2528 ex
1651 2489 1735 2528 cod.
1766 2487 1867 2526 Pith.

1004 2547 1279 2586 subactumirz'
1299 2549 1338 2584 et
1356 2551 1519 2598 captum
1531 2547 1596 2586 iri.
1620 2545 1722 2584 Oud.
1744 2545 1869 2584 locum

1006 2615 1144 2640 sanare
1163 2607 1319 2641 conatur
1336 2601 1491 2653 legens:
1517 2602 1729 2641 addictam
1749 2602 1870 2640 victo-

1006 2659 1111 2698 riam
1131 2658 1313 2708 fortibus
1427 2659 1655 2697 subacturis
1674 2662 1712 2696 et
1730 2660 1869 2708 captu-

1007 2716 1081 2760 ris,
1107 2714 1168 2752 vel
1193 2715 1324 2765 potius
1347 2715 1497 2753 editam
1519 2715 1725 2753 victoriam
1746 2713 1871 2763 fortis

1002 2771 1231 2823 praesayc'o
1324 2771 1535 2810 subacturi
1559 2775 1598 2809 et
1620 2769 1800 2821 capturi,
1830 2771 1871 2806 ut

1008 2827 1059 2864 sit
1094 2827 1284 2875 genitivus
1321 2825 1537 2876 singularis.
1586 2826 1673 2864 Edi
1701 2838 1791 2862 vero
1821 2823 1872 2860 ‹le

1010 2882 1176 2920 oraculis
1191 2882 1263 2919 (lici
1277 2882 1517 2920 demonstrat
1536 2894 1585 2919 ex
1599 2881 1687 2920 dict.
1699 2880 1869 2919 Broukh.

1009 2937 1060 2976 ad
1085 2937 1227 2976 Tibull.
1253 2937 1282 2977 l.
1307 2942 1343 2978 4.
1371 2941 1435 2978 67.
1467 2938 1565 2977 deus
1595 2937 1756 2976 edidit
1792 2949 1871 2975 ore.

1011 2993 1197 3045 [Facilior
1226 2997 1309 3032 erat
1333 2993 1550 3032 emendatio
1585 2992 1805 3033 subactura
1834 2996 1874 3031 et

1013 3054 1199 3102 capture.
1225 3048 1327 3088 Inter
1350 3063 1399 3087 ea
1421 3053 1550 3089 tamen
1576 3048 1758 3100 exempla
1775 3047 1872 3086 refe-

1008 3105 1168 3144 rendum
1204 3119 1298 3143 esse
1335 3105 1460 3143 locum
1502 3108 1613 3156 puto,
1655 3106 1690 3143 in
1734 3104 1873 3155 quibus

1011 3161 1268 3200 anacoluthon
1294 3162 1397 3212 apud
1422 3161 1631 3214 Apuleium
1655 3165 1872 3200 statuamus

1011 3231 1179 3257 necesse
1204 3221 1275 3257 est.
1301 3217 1349 3258 cf.
1374 3218 1424 3257 ad
1449 3217 1545 3258 Met.
1571 3216 1639 3257 lv.
1664 3231 1700 3270 p.
1727 3217 1845 3270 242]
