2155 3590
652 146 841 187 LIBER
877 146 949 186 VI.

1009 145 1135 186 CAP.
1171 143 1336 184 XVIII.
1785 139 1863 182 455

89 268 244 316 gestare
267 260 465 301 manibus:
490 267 531 300 at
553 260 594 300 in
618 259 702 312 ipso
728 273 795 299 ore
820 260 915 300 duas
941 259 1045 299 ferre
1070 258 1205 312 stipes.
1243 255 1401 309 Iamque
1427 255 1605 295 confecta
1628 254 1731 294 hona
1756 259 1865 308 parte

88 316 312 358 mortiferae
332 316 436 367 viae,
464 315 755 356 continuaberis
782 316 958 356 claudum
983 315 1134 355 asinum
1160 314 1355 367 lignorum
1380 311 1557 365 gerulum
1582 325 1667 351 oum
1693 322 1866 365 agasone

87 498 130 518 ae
140 489 174 518 in
186 489 258 527 fpso
270 491 308 519 F.
323 492 352 520 1.
364 491 400 519 Β.
414 491 484 519 edd.
496 493 572 519 vett.
585 491 680 519 Vulc.
696 491 726 517 2.
741 490 830 518 Colv.
848 490 931 518 Elm.
967 492 1009 516 ae
1019 488 1052 516 in
1065 489 1135 525 ipso
1149 489 1186 517 F.
1200 489 1231 517 3.
1267 487 1370 515 etiam
1381 486 1416 514 in
1428 484 1499 521 ipso
1513 486 1550 513 G.
1563 485 1600 512 P.
1613 485 1651 513 D.
1664 485 1705 510 at
1716 481 1820 510 etiam
1832 481 1867 509 in

85 535 156 572 ὄρσο
170 536 249 565 Oud.
263 536 359 564 orell.
374 544 403 570 p.
428 538 460 562 ει
473 535 508 562 v‘n
520 534 590 571 ipso
605 535 626 564 f.
665 534 748 574 fere
761 534 870 570 seipas
884 536 919 564 G.
933 535 972 564 D.
1008 532 1258 561 continuaberis
1268 533 1306 562 F.
1319 534 1350 561 3.
1363 541 1396 566 φ.
1409 533 1492 560 Elm.
1518 527 1770 556 continuaveris
1784 528 1868 556 G.D.

86 577 158 610 0.δ.
172 580 240 609 fin.
250 581 637 616 ed.pr.Vicent.Venet.2.
647 582 677 608 4.
691 581 775 608 lunt.
793 581 820 608 1.
834 580 940 608 Paris.
966 578 1178 607 continuabis
1191 580 1226 607 B.
1241 578 1277 606 P.
1291 576 1393 611 (teste
1404 578 1488 606 Elm.
1498 575 1555 603 sed
1568 574 1602 602 in
1615 573 1776 607 excerptis
1789 573 1868 600 Oud.

86 626 283 653 centauros.
331 625 544 653 continuaris
562 626 637 654 Ald.
656 627 739 653 lunt.
759 625 788 653 2².

826 623 1053 660 contingam-is
1070 625 1107 653 F.
1130 625 1159 652 1.
1208 621 1370 650 Claudum
1390 620 1521 650 asinum
1539 619 1666 649 Vicent.
1714 614 1868 654 Agasono

85 669 214 700 Vicent.
233 673 268 699 ut
286 678 342 705 pro
355 671 538 699 nominihus
552 670 690 707 propriis
706 667 866 697 Claudum
881 673 908 698 et
926 666 1078 706 Agasone
1092 676 1167 698 esse
1180 669 1360 699 videamur.

86 825 189 876 quod
226 826 394 877 explicat
428 825 610 866 Beroald.
646 839 785 877 aquam
827 825 945 864 melle

84 883 241 920 mixtam
266 895 337 920 seu
362 882 577 933 hydromel.
614 883 675 921 Ac
698 895 794 921 sane
818 885 869 921 ita
894 882 945 919 le-

85 938 185 988 gitur
208 938 305 978 Met.
330 938 392 977 ΙΙΙ.
419 952 456 990 p.
484 943 575 979 206.
609 939 711 977 libat
740 945 776 978 et
808 940 945 983 mulsa,

84 993 306 1045 dictumque
331 998 393 1033 est
417 995 557 1034 calida
583 994 776 1034 absolute.
800 994 947 1032 Nihilo-

83 1051 209 1088 minus
239 1051 535 1102 praeferendum
565 1055 628 1089 est
658 1065 741 1089 cum
773 1050 946 1103 plurimis

84 1106 319 1157 optimisque
333 1107 443 1145 codd.
463 1108 588 1146 mulso
614 1108 636 1145 i.
652 1121 685 1146 e.
698 1107 828 1153 melle,
844 1107 946 1156 quod

82 1163 169 1200 vino
184 1163 342 1200 mixtum
357 1166 429 1202 est.
454 1162 609 1201 Petron.
630 1177 661 1202 c.
676 1167 739 1205 36.
756 1168 819 1204 42.
846 1163 946 1201 Huic

85 1222 212 1258 autem
243 1218 330 1257 loco
362 1219 589 1257 illustrando
628 1219 770 1257 faciunt
804 1213 946 1269 ἄλφιτα

83 1272 293 1327 μελίκράτῳ
317 1276 456 1325 rigata,
483 1280 522 1313 et
546 1275 702 1313 draconi
728 1275 817 1313 data
843 1275 944 1326 apud

82 1330 234 1369 Aelian.
245 1331 278 1369 A
288 1330 521 1373 nim.XI.16.
535 1330 793 1382 17.10cusque
806 1331 947 1376 Ovidii,

83 1389 258 1438 quamvis
272 1388 308 1425 in
323 1387 399 1425 alia
412 1400 471 1433 re,
497 1385 593 1426 Met.
608 1387 658 1426 V.
672 1391 763 1428 450.
779 1401 825 1425 ac
839 1400 948 1438 prae-

83 1444 195 1494 cipue
219 1443 323 1494 vVirg.
348 1445 448 1482 Aen.
468 1443 532 1482 Vl.
559 1447 670 1484 420..
695 1444 760 1481 ubi
785 1444 948 1481 Aeneas

84 1498 290 1538 Cerberum
315 1501 419 1551 sopit
442 1500 476 1537 ei
503 1500 618 1539 dans:
649 1500 799 1539 Melle
828 1513 947 1551 sopo-

81 1561 212 1595 ratam
242 1561 280 1595 et
302 1557 512 1596 medicatis
544 1557 740 1609 frrtyibus
776 1559 947 1608 offam,

83 1612 133 1650 ad
169 1625 283 1663 quem
326 1612 453 1651 locum
502 1612 549 1652 cf.
586 1611 672 1651 lntt.
712 1611 792 1664 [Ita
828 1613 948 1664 expli-

83 1669 207 1708 canda
231 1673 294 1707 est
319 1668 453 1707 Gloss.
479 1667 627 1708 Placidi
653 1669 756 1720 apud
781 1668 876 1708 Mai.
908 1669 944 1707 in

85 1723 184 1764 coll.
209 1724 349 1777 Script.
374 1725 499 1763 Vatia.
527 1724 571 1763 T.
598 1725 660 1764 III.
686 1739 723 1777 p.
744 1728 838 1765 491.
866 1728 949 1778 offa

85 1781 323 1820 latmntium
348 1786 423 1820 cst:
456 1782 739 1821 deminutivum
770 1782 949 1835 offellum

80 1838 201 1890 facit.
215 1838 334 1876 Haec
347 1839 380 1876 εἰ
392 1839 433 1876 in
450 1851 492 1876 os
506 1839 599 1876 οαηί
612 1839 948 1883 iacitur-‚satiatus

81 1893 183 1932 ilico
197 1895 466 1945 compescitur
479 1898 517 1931 et
528 1894 691 1939 silescit,
710 1894 774 1931 ubi
791 1894 950 1932 forsitan

82 1953 176 2000 post
189 1949 686 1988 latrantiuminserendum
697 1953 758 1987 est
768 1951 848 1988 leni
853 1963 951 1988 men-

86 2012 180 2044 tum.
192 2004 453 2056 Lindenbrog.
463 2036 473 2050 ‚
495 2005 603 2043 cuius
617 2005 758 2044 scrinia
766 2004 864 2043 Elm.
880 2019 950 2056 pro

83 2073 191 2098 more
225 2074 298 2099 suo
329 2060 550 2112 compilavit
575 2074 597 2098 e
623 2061 747 2099 Suida
771 2075 804 2100 v.
830 2063 950 2111 μελιτ-

83 2120 201 2155 τοῦτα
219 2115 376 2167 protulit
465 2119 607 2164 ἰστέον,
639 2115 698 2155 ὅτι
726 2119 951 2167 μελιττοῦτα

84 2174 228 2212 ἐδίδοτο
251 2180 328 2219 τοῖς
350 2180 508 2225 νεκροῖς,
541 2171 591 2219 ὡς
614 2176 650 2219 ἐς
672 2170 737 2212 τὸν
761 2175 952 2225 Κέρβερον

84 2230 148 2267 καὶ.
178 2225 312 2281 ὀβολὸς
341 2227 484 2279 μισθὸς
513 2228 566 2277 τῷ
596 2234 771 2280 πορθμεῖ
787 2231 850 2267 καὶ
874 2232 952 2269 στέ-

83 2299 201 2336 φανος
220 2283 270 2331 ὡς
288 2282 353 2323 τὸν
371 2287 450 2336 βίον
468 2283 774 2336 διηγωνισμένοις.
801 2285 849 2324 cf.
862 2285 952 2324 Dis-

82 2353 166 2378 sen.
191 2339 240 2378 ad
266 2339 408 2379 Tibull.
435 2339 461 2378 1.
489 2345 524 2381 2.
550 2354 586 2392 p.
612 2341 700 2393 48.]
749 2340 805 2380 At
832 2343 953 2380 maior

82 2398 359 2435 sententiarum
385 2397 659 2448 discrepantia,
685 2411 772 2435 num
788 2411 950 2437 concre-

82 2457 145 2492 tas
167 2466 215 2491 an
242 2453 617 2503 contritaslegatur,
644 2453 851 2504 quodcum
866 2452 950 2492 Sal·

81 2521 182 2547 mas,
217 2513 258 2547 et
288 2509 447 2561 Seiopp.
479 2508 644 2548 Scriver.
676 2510 855 2559 probavit
878 2523 951 2548 nec

81 2563 218 2604 Heius.
243 2565 293 2603 ad
325 2564 401 2604 loc.
425 2563 542 2603 Ovid.
574 2565 788 2616 displicuit,
820 2579 950 2617 quam-

83 2633 196 2673 quam
221 2619 391 2673 amplius
422 2621 637 2659 coniicienti
669 2623 874 2666 conditas,
909 2626 952 2660 ut

82 2677 134 2715 ad
175 2677 236 2714 sui
278 2676 514 2729 exemplaris
555 2678 769 2728 marginem
807 2678 954 2716 adlevit

83 2731 219 2771 Wass.
234 2732 366 2772 addito
381 2731 542 2771 Tertull.
558 2731 645 2771 loco
666 2733 715 2771 de
731 2733 952 2784 Spectacul.

86 2801 120 2827 c.
145 2792 228 2829 27.:
253 2789 382 2829 Nemo
408 2803 597 2828 venenum
621 2795 820 2842 temperat
839 2790 953 2842 felle,

86 2844 157 2883 sed
180 2845 397 2884 conditis
416 2845 636 2897 pulmentis
659 2850 696 2884 et
722 2846 818 2885 bene
836 2860 953 2898 sapo-

84 2900 195 2938 ratis.
242 2900 346 2941 Oud.
372 2901 447 2940 etsi
482 2906 686 2952 utrumque
723 2902 797 2940 dici
826 2915 951 2953 posse

84 2956 323 3006 comprobat,
371 2962 499 2996 tamen
547 2958 648 2996 hane
695 2959 952 2997 coniecturam

84 3010 272 3062 praefert,
316 3015 406 3064 quia
440 3014 610 3065 alioquin
650 3012 866 3065 hypallage
901 3015 954 3053 sit

86 3068 308 3115 statuenda,
343 3083 390 3108 ac
424 3071 554 3121 potius
584 3070 735 3108 dixisse
771 3070 954 3109 debuerit

85 3126 238 3178 auctor:
252 3125 414 3167 mulsum
423 3127 621 3179 polentae
631 3130 710 3180 offa
720 3131 951 3167 concretam

1004 839 1035 864 s,
1062 826 1278 870 densatum,
1304 823 1478 875 rigidum,
1504 823 1756 865 coniunctum,
1782 832 1870 857 con-

1005 882 1228 931 glutinatum
1254 879 1341 918 coll.
1368 880 1478 918 Serv.
1503 878 1554 917 ad
1576 873 1870 928 virg.Aen.V1.

1006 942 1096 978 737.
1122 942 1164 975 ut
1190 938 1256 976 lac
1276 941 1506 975 concretum
1530 934 1637 984 Virg.
1659 932 1799 982 Georg.
1823 929 1869 968 11.

1006 998 1099 1034 236.
1114 997 1208 1034 318.
1235 991 1294 1031 III.
1317 996 1410 1034 463.
1436 990 1551 1029 Ovid.
1566 990 1663 1028 Met.
1676 986 1761 1026 XII.
1777 989 1870 1027 436.

1004 1048 1225 1089 Lucan.111.
1240 1052 1331 1088 573.
1359 1048 1433 1100 [Ita
1458 1061 1531 1098 ego
1558 1044 1723 1084 emendo
1743 1043 1871 1081 locum

1006 1105 1114 1155 Virg.
1125 1104 1323 1155 Georgjl.
1338 1108 1432 1144 318.
1445 1117 1543 1142 rura
1556 1102 1653 1154 yela
1667 1106 1747 1140 tum
1762 1099 1872 1139 clau—

1004 1163 1067 1201 dit
1080 1163 1233 1206 hiemis,
1258 1174 1332 1199 uec
1345 1161 1493 1199 semina
1506 1160 1618 1198 iacta
1636 1157 1873 1197 concretum

1000 1219 1163 1270 patitur
1187 1217 1368 1255 radicem
1393 1218 1568 1268 affiyere
1594 1219 1736 1253 terrae.
1772 1212 1873 1251 Con-

1005 1279 1175 1318 cretum,
1213 1272 1262 1310 ad
1297 1273 1395 1324 θεία
1420 1271 1600 1316 relatum,
1638 1283 1707 1321 pro
1734 1268 1872 1318 glacie,

1008 1330 1148 1379 frigore
1174 1329 1315 1366 dietum
1341 1332 1420 1374 est;
1445 1327 1491 1366 cf.
1509 1326 1578 1364 Sil.
1594 1325 1677 1364 Ital.
1698 1322 1763 1363 III.
1780 1328 1872 1364 518.

1009 1386 1151 1435 Georg.
1178 1384 1220 1422 II.
1247 1388 1340 1424 376.
1367 1383 1467 1422 Curt.
1492 1380 1700 1421 Rufivlll.
1728 1385 1764 1420 4.
1790 1379 1822 1429 §
1838 1383 1874 1419 6.

1006 1441 1236 1480 Accuratius
1262 1441 1311 1478 de
1330 1441 1406 1478 hoc
1427 1440 1513 1477 loeo
1534 1440 1594 1489 egi
1610 1439 1644 1476 in
1667 1450 1774 1475 cens.
1788 1449 1877 1474 mea

1006 1498 1161 1542 Forbiq.
1205 1497 1294 1535 edit.
1332 1496 1466 1547 virgil.
1511 1496 1546 1534 in
1584 1494 1691 1533 Iahn.
1734 1491 1876 1531 Annal.

1006 1554 1053 1594 T.
1067 1552 1319 1592 XXVI.sasc.
1330 1557 1413 1605 2.p.
1426 1557 1516 1594 168.
1543 1549 1787 1590 cf.Burm.ad
1796 1549 1875 1586 An-

1005 1610 1100 1649 thol.
1110 1610 1196 1649 Lat.
1208 1609 1302 1648 II.T.
1312 1609 1402 1661 Il.p.
1415 1613 1478 1650 63.
1494 1608 1576 1646 Sed
1585 1612 1626 1645 ut
1639 1607 1689 1646 ad
1702 1609 1876 1644 nostrum

1007 1665 1133 1705 locum
1158 1671 1367 1712 revertam,
1392 1665 1482 1704 talis
1500 1662 1734 1716 hypallage,
1761 1674 1877 1712 quam

1006 1722 1109 1762 Oud.
1135 1724 1290 1769 statuit,
1320 1723 1410 1761 huic
1435 1723 1521 1760 loco
1548 1719 1781 1772 explicando
1811 1730 1876 1756 ne-

1008 1781 1182 1818 cessaria
1197 1794 1272 1818 non
1294 1783 1369 1818 est.
1397 1778 1440 1817 Si
1455 1778 1547 1829 quid
1562 1776 1787 1815 mutandum
1801 1777 1876 1820 est,

1007 1836 1185 1887 equidem
1211 1836 1327 1873 veIIm
1354 1848 1608 1886 conspersos,
1634 1837 1675 1870 ut
1689 1831 1794 1869 Cels.
1809 1830 1876 1868 IV.

1012 1897 1074 1932 11.
1085 1892 1190 1930 dicit:
1206 1893 1383 1930 Polenta
1397 1892 1489 1930 vino
1505 1890 1712 1941 adspersa.
1729 1886 1877 1926 Colum.

1008 1947 1075 1986 Vl.
1093 1953 1154 1988 17.
1170 1949 1199 1999 ᾧ.
1216 1952 1252 1988 8.
1280 1947 1538 1999 Epiphoram
1563 1945 1784 1996 supprimit
1802 1957 1877 1996 po-

1009 2005 1118 2042 lenia
1145 2017 1407 2056 conspersa
1431 2003 1559 2042 mulsa
1583 2000 1729 2053 aqua]

1065 2065 1109 2098 at
1143 2061 1186 2098 in
1221 2061 1313 2112 ipso
1350 2073 1420 2098 ore
1456 2059 1562 2098 duas
1589 2061 1704 2110 ferre
1739 2058 1876 2108 stipes.

1008 2115 1124 2154 Ritus
1149 2116 1449 2167 superstitiosus
1474 2118 1556 2153 erat
1581 2113 1685 2165 apud
1710 2116 1878 2159 veteres,

1008 2185 1203 2210 nummum
1221 2176 1372 2210 mortuo
1392 2173 1427 2210 in
1447 2184 1493 2209 os
1508 2169 1747 2222 imponendi,
1776 2168 1878 2208 Cha-

1008 2229 1104 2266 ronti
1129 2229 1338 2279 portorium
1363 2232 1404 2266 et
1426 2226 1593 2266 naulum.
1642 2226 1692 2265 ct.
1716 2225 1879 2264 Lucian.

1008 2286 1093 2336 περὶ
1116 2289 1228 2324 πενθ.
1259 2299 1292 2323 c.
1316 2288 1378 2325 10.
1411 2279 1510 2323 ὥστε
1534 2280 1684 2322 ἐπειδάν
1707 2297 1762 2328 τις
1786 2279 1879 2322 ἀπο-

1008 2337 1111 2391 θάνη
1147 2345 1221 2380 ’τῶν
1256 2343 1413 2388 οἰκείων,
1450 2343 1583 2392 πρῶτα
1611 2339 1679 2390 μὲν
1709 2337 1881 2391 φέροντες·

1007 2393 1144 2449 ὀβολὸν
1168 2401 1204 2444 ἐς
1225 2395 1269 2436 τὸ
1295 2393 1420 2448 στόμα
1444 2395 1664 2447 κατέθηκαν
1684 2393 1800 2444 αὐτῷ,
1823 2411 1880 2446 μι·

1008 2451 1110 2493 σθὸν
1132 2453 1185 2502 τῷ
1210 2458 1386 2506 πορθμεῖ
1403 2457 1468 2503 τῆς
1482 2454 1670 2498 ναυτιλίας
1688 2447 1879 2502 γενησόμε-

1006 2524 1082 2548 νον.
1109 2508 1286 2561 [Lucian.
1308 2508 1411 2548 Dial.
1430 2509 1545 2547 Mort.
1563 2512 1628 2549 22.
1655 2507 1879 2546 Hemsterh.

1008 2565 1059 2604 ad
1082 2565 1242 2604 Lucian.
1269 2565 1314 2604 T.
1340 2565 1367 2605 I.
1399 2579 1435 2617 p.
1462 2569 1555 2605 422.
1588 2563 1766 2615 Hesych.
1796 2576 1879 2603 s.v.

1009 2618 1154 2673 ὃανάκι]
1169 2622 1275 2661 Suid.
1290 2635 1322 2660 s.
1335 2635 1371 2660 v.
1386 2619 1604 2673 πορθμήὶον
1619 2624 1658 2658 et
1670 2624 1881 2672 πορθμεῖον

1009 2677 1171 2716 Diodor.
1202 2677 1247 2716 11.
1279 2683 1318 2718 5.
1350 2679 1412 2729 qui
1439 2679 1623 2727 originem
1647 2676 1763 2714 huius
1786 2677 1880 2715 ritus

1009 2733 1146 2780 refert,
1171 2733 1255 2773 Intt.
1282 2734 1332 2772 ad
1356 2733 1474 2785 Prop.
1496 2733 1563 2771 lv,
1592 2737 1655 2772 11.
1683 2736 1720 2772 7.
1744 2731 1879 2770 Heinr.

1011 2789 1059 2828 ad
1084 2788 1214 2828 Iuven.
1240 2789 1305 2829 ΙΙΙ.
1331 2794 1426 2830 267.
1462 2789 1626 2840 Rupert.
1656 2788 1705 2827 ad
1735 2787 1774 2827 h.
1794 2786 1819 2827 l.
1843 2788 1880 2827 in

1012 2846 1117 2884 Add.
1141 2860 1179 2897 p.
1206 2851 1299 2887 781.
1326 2850 1366 2884 et
1390 2845 1524 2884 Schol.
1550 2845 1601 2884 ad
1626 2844 1663 2883 h.
1679 2844 1720 2896 l.]

1066 2917 1257 2956 agasone.
1285 2902 1444 2954 [Ayaso
1457 2902 1560 2952 apud
1569 2898 1778 2951 Apuleium
1792 2913 1881 2940 eum

1009 2971 1166 2997 servum
1195 2958 1404 3009 significat,
1436 2959 1498 3007 qui
1529 2958 1666 2996 asinos
1691 2957 1770 3008 agit
1794 2956 1879 2996 VII.

1009 3027 1049 3066 p.
1073 3019 1165 3055 481.
1192 3028 1281 3054 cnm
1313 3014 1476 3052 deberet
1504 3014 1698 3066 eyreyius
1726 3027 1880 3066 aqaso

1009 3084 1169 3110 manum
1200 3071 1437 3122 porrigere.
1488 3068 1574 3107 VII.
1611 3082 1648 3121 p.
1680 3072 1774 3110 495.
1811 3069 1881 3110 nbi

1005 3140 1181 3179 puerum
1206 3127 1312 3165 asini
1337 3139 1594 3176 agasonem
1626 3126 1877 3178 occultaris]
