2221 3667
323 161 406 202 464
581 162 626 201 L.
658 162 877 202 APULEH
908 160 1307 202 MADAURENSIS
1331 159 1874 202 METAMORPHOSEON

235 278 298 311 4⁰0
323 272 427 312 inter
451 273 580 313 omnia
607 273 678 314 hoc
704 275 989 315 observandum
1022 272 1227 327 praecipue
1259 272 1328 312 tibi
1361 286 1518 336 censeo,
1542 272 1550 327 1
1572 286 1619 313 ne
1650 274 1748 314 velis
1780 275 1932 328 aperire
1963 272 2060 313 vel
2050 287 2109 312 111-

322 328 473 393 spicere
508 329 613 369 illam
646 345 758 384 quam
792 333 893 372 feres
927 329 1133 384 pyxidem,
1172 329 1234 369 vcl
1267 329 1424 368 omniuo
1464 329 1619 369 divinae
1653 331 1907 370 formositatis
1940 330 2109 370 abditum

323 384 517 426 curiosius
542 386 783 428 thesaurum

913 556 1313 604 CAPUT
1407 558 1542 604 XX.

431 689 499 731 Sic
521 689 640 730 turris
655 689 719 728 illa
740 686 946 743 prospicua
965 688 1260 729 vaticinationis
1280 703 1420 730 munus
1442 690 1644 744 explicuit.
1682 688 1770 730 Nec
1789 697 1941 730 morata
1960 688 2114 745 Psyche

317 817 381 846 hoe
394 815 632 846 observandum
647 817 682 844 F.
699 817 727 844 1.
742 817 772 844 3.
787 824 817 851 p.
831 813 861 845 δ.
875 816 894 845 s.
911 818 994 847 ΕΒ.
1019 815 1080 845 hec
1093 819 1128 846 P.
1143 819 1177 846 Ο.
1201 819 1238 846 1n
1253 821 1325 847 cett.
1340 815 1405 847 ln‘c.
1441 817 1496 846 vel
1506 819 1642 855 aperire
1656 817 1710 846 vel
1718 818 1883 855 inspicere
1896 820 1934 847 l).
1950 818 1971 848 f.
2006 816 2113 846 aliam

316 873 374 900 pro
388 863 480 892 illam
496 864 516 891 s.
564 860 942 900 diri'noeformositatis
956 864 990 891 F.
1005 864 1035 892 3.
1062 861 1410 902 dim'ntzformosilote
1423 865 1458 892 G.
1474 865 1508 893 P.
1524 866 1561 893 D.
1576 865 1610 893 Ο.
1626 865 1662 892 R.
1678 864 1698 892 f.
1731 866 1767 892 In
1787 867 1860 893 cett.
1872 863 2112 902 formositatis

317 909 463 937 «livinae.
511 906 680 935 abdic-lum
699 908 735 935 F.
752 908 780 935 1.
827 907 995 936 curiosius
1014 908 1050 937 F.
1073 910 1101 936 1.
1115 909 1146 937 3.
1161 909 1197 937 G.
1212 909 1247 937 P.
1260 910 1298 937 D.
1313 910 1347 937 0.
1362 910 1399 938 R.
1415 909 1436 937 f.
1451 906 1480 938 δ.
1495 918 1525 944 p.
1541 917 1577 938 π.
1592 919 1624 943 φ.
1650 912 1685 938 1n
1705 912 1778 938 cett.
1793 916 1890 937 cures
1905 906 2114 937 thesaurum.

316 956 394 984 Oud.
409 956 513 982 locum
528 953 714 981 mendosum
728 955 828 987 putav.

406 998 468 1033 rel,
484 999 566 1032 quod
579 1000 648 1032 post
662 996 725 1025 illa
745 998 916 1031 inseritur,
943 999 1013 1027 edd.
1032 1000 1110 1027 vett.
1128 1002 1256 1032 praeter
1269 1001 1352 1028 lunt.
1368 1000 1397 1028 2.
1412 1002 1487 1028 anre
1501 1000 1597 1028 rulo.
1612 1002 1641 1028 2.
1655 1003 1684 1027 et
1699 999 1848 1028 Colvium
1861 1007 1973 1028 omnes
1985 1001 2114 1028 liabent.

314 1045 397 1073 Hinc
416 1043 489 1072 feci!
510 1044 601 1072 Colv.
623 1041 728 1079 velut,
754 1044 837 1077 quod
858 1043 999 1072 Scriver.
1021 1044 1115 1071 uncis
1134 1044 1283 1079 inclusit,
1312 1045 1421 1072 u'ow.
1441 1045 1525 1073 Prie.
1545 1052 1584 1073 ac
1603 1045 1723 1073 Florid.
1745 1048 1830 1073 reete
1850 1045 2051 1073 deleverunt.
2075 1046 2113 1072 In

313 1091 403 1117 nullo
416 1089 483 1116 cod.
498 1091 625 1122 praeter
636 1089 691 1124 B.‚
712 1091 867 1122 quantum
886 1089 1034 1122 equidem
1054 1089 1141 1126 scio,
1167 1089 1331 1123 particula
1349 1093 1522 1123 comparet.
1565 1089 1750 1126 prospicua
1770 1090 1804 1118 F.
1822 1091 1850 1118 1.
1865 1091 1895 1118 3.
1916 1091 1954 1118 G.
1973 1090 2012 1118 D.
2027 1089 2061 1118 Ο.
2077 1096 2113 1117 π.

310 1136 426 1163 Incerl.
440 1134 503 1162 Sed
517 1134 550 1161 in
563 1134 600 1161 F.
615 1135 645 1162 3.
661 1141 701 1162 ex
714 1135 826 1162 eadem
840 1140 938 1162 mauu
951 1135 983 1162 in
996 1134 1144 1169 margine
1157 1136 1259 1162 altera
1273 1135 1369 1163 lectio
1379 1133 1532 1170 propitia
1546 1135 1711 1169 adscripta
1730 1138 1794 1170 est,
1821 1142 1916 1169 quam
1928 1137 2062 1163 servant
2076 1135 2113 1163 B.

312 1184 341 1208 et
355 1187 466 1208 omnes
481 1179 550 1207 edd.
567 1182 644 1207 vell.
664 1178 847 1216 perspicua
862 1180 898 1207 F.
913 1180 943 1207 2).
956 1181 995 1208 R.
1011 1179 1032 1207 f.
1047 1180 1083 1207 P.
1108 1177 1274 1216 Velprop.
1288 1180 1408 1208 delevit
1424 1181 1519 1214 quasi
1534 1189 1550 1209 e
1564 1181 1632 1208 cod.
1648 1188 1677 1215 p.
1691 1182 1832 1209 Salmas.
1869 1187 1910 1207 ne
1923 1181 2061 1207 morata
2073 1179 2112 1207 D.

312 1289 458 1334 dicare,
483 1293 525 1327 ut
549 1292 680 1327 nostro
707 1289 793 1327 loco
824 1293 956 1341 aptum
989 1303 1083 1327 esse
1107 1303 1181 1328 non

309 1346 497 1384 videatur.
523 1346 566 1384 Si
580 1347 742 1397 probum
763 1349 841 1391 est,
867 1346 975 1384 vocis
990 1347 1183 1385 notionem

310 1402 506 1454 Apuleius
532 1402 736 1441 innovavit.
762 1401 864 1440 Oud.
880 1402 1063 1441 emendat
1079 1403 1180 1441 rele-

309 1473 425 1511 yens,
453 1459 557 1509 quod
571 1462 699 1496 tamen
720 1472 742 1496 a
760 1459 936 1509 vestigiis
951 1458 1051 1497 Mss.
1067 1460 1180 1497 nimis

309 1515 472 1561 recedit,
516 1529 589 1565 ego
628 1519 759 1554 contra
795 1515 925 1553 malim
961 1515 1177 1554 revolvens.

310 1571 368 1610 lta
387 1573 486 1610 enim
507 1572 614 1622 Virg.
635 1572 733 1609 Aen.
750 1570 816 1609 IX.
833 1575 927 1612 391.
947 1571 1039 1609 dicit
1054 1585 1181 1624 quave

310 1642 469 1681 sequor,
500 1642 639 1667 rursus
670 1628 919 1679 perplexum
951 1642 1067 1666 omne
1103 1629 1180 1666 iter

309 1686 514 1723 revolvens
538 1684 602 1721 ubi
629 1686 692 1734 qui
717 1685 917 1723 resolvens
943 1684 1178 1735 praeferunt.

310 1754 422 1791 quani
448 1740 675 1791 longissime
694 1741 883 1778 aberrant.
905 1739 1119 1792 (TicAEpist.
1129 1741 1179 1778 ad

307 1798 390 1836 Att.
413 1795 518 1835 Xlll.
546 1800 608 1837 26.
641 1797 673 1847 §.
701 1801 735 1836 1.
785 1797 930 1849 ltaque
955 1797 1179 1836 identidem

305 1853 488 1893 revolvor
512 1854 553 1891 in
580 1853 883 1905 Tusculanum]

361 1909 505 1948 redies.
568 1908 706 1962 [Hanc
743 1909 904 1948 sormam
941 1909 1004 1947 hic
1041 1923 1178 1947 omnes

306 1966 417 2005 codd.
444 1967 647 2017 praebent,
672 1965 776 2004 unde
800 1968 935 2004 mirum
961 1969 1047 2011 est,
1073 1966 1179 2016 quod

304 2024 340 2061 in
368 2022 491 2061 lexico
519 2021 685 2060 Forcell.
712 2023 971 2068 confirmatur,
998 2023 1177 2060 omnibus

305 2078 401 2117 locis
427 2082 581 2130 praeter
607 2077 769 2118 Tertull.
795 2079 948 2118 advers.
964 2078 1043 2117 lud.
1063 2093 1095 2118 c.
1114 2082 1175 2119 13.

306 2137 425 2181 exiet,
437 2136 626 2173 lectiones
641 2149 733 2173 esse
748 2136 887 2175 dubias
913 2134 1033 2173 Plura
1047 2149 1178 2173 exem·

303 2193 371 2245 pla
395 2193 637 2244 potissimum
664 2206 686 2230 e
710 2193 963 2243 scriptoribus
988 2192 1177 2231 ecclesia-

304 2250 414 2287 sticis
440 2250 562 2300 petita
580 2249 846 2301 suppeditabit
859 2248 983 2287 Buen.
999 2249 1049 2287 ad
1063 2248 1175 2287 Lact.

303 2305 397 2344 lnst.
411 2304 476 2344 lv,
495 2309 558 2345 13.
585 2305 614 2356 §.
631 2309 694 2346 20.
721 2319 758 2356 p.
776 2309 865 2346 476.
881 2305 968 2344 ibid.
988 2309 1049 2345 18.
1065 2307 1094 2356 ζ).
1110 2309 1175 2346 32.

303 2377 340 2415 p.
367 2366 459 2402 513.
485 2361 567 2399 Vll.
600 2365 660 2402 16.
687 2363 717 2413 ξ.
749 2366 809 2401 14.
835 2375 871 2412 p.
899 2365 992 2402 949.
1019 2366 1059 2400 et
1082 2375 1177 2413 prae

304 2419 445 2458 ceteris
460 2418 509 2455 ad
522 2417 616 2457 Inst.
631 2418 798 2470 Epitom.
814 2419 863 2457 ad
879 2417 1042 2458 Pentad.
1059 2433 1089 2457 c.
1106 2420 1171 2459 46.

302 2476 336 2526 ξ.
361 2479 398 2515 8.
423 2490 459 2528 p.
490 2479 596 2515 1284
622 2475 705 2527 sq.]

361 2531 451 2571 CAr.
486 2530 578 2570 XX.
638 2532 762 2571 turris
810 2531 885 2570 illa
928 2533 1170 2584 prospifflza.

304 2588 591 2641 [Prospicna,
635 2587 747 2625 lectio
790 2589 1019 2639 optimorum
1057 2587 1169 2627 codd.

302 2646 351 2683 ab
389 2645 492 2685 Oud.
528 2645 629 2683 bene
666 2644 909 2691 defenditur,
955 2658 1069 2695 quem
1107 2658 1169 2683 se-

303 2703 377 2740 cuti
410 2705 501 2739 sunt
531 2701 654 2739 editor
686 2701 883 2751 Goetting.
917 2705 955 2738 et
986 2701 1172 2740 Orellius.

303 2758 385 2796 Sed
404 2759 438 2796 in
466 2771 512 2795 eo
538 2757 628 2796 mihi
654 2771 808 2797 errasse
835 2757 1009 2795 videntur
1034 2771 1171 2795 omnes

302 2816 550 2866 interpretes,
582 2815 685 2866 quod
706 2815 936 2867 prospicua
962 2814 1170 2864 explicant,

304 2885 403 2922 quae
431 2872 545 2923 longe
570 2871 810 2922 prospicitur.
860 2870 962 2917 Quid
978 2870 1079 2908 Oud.
1095 2871 1171 2908 sibi

303 2927 480 2974 voluerit,
513 2932 693 2967 accurate
718 2928 901 2979 cognosci
927 2941 1000 2965 non
1026 2931 1171 2978 potest,

305 2996 418 3033 quum
446 2984 572 3023 locum
588 2984 704 3035 Apul.
720 2983 814 3023 Met.
830 2983 856 3023 1.
871 2997 907 3035 p.
924 2987 987 3024 68.
1014 2985 1169 3030 excitet,

303 3040 366 3077 ubi
383 3042 607 3092 prospicue
625 3040 741 3092 plane
759 3040 863 3079 aliud
878 3040 967 3090 quid
982 3040 1172 3090 significat

303 3100 343 3133 et
368 3096 463 3133 Stat.
490 3097 614 3135 Theb.
639 3096 727 3135 Xll.
757 3102 817 3138 15.
868 3097 940 3136 8ἰο
967 3096 1039 3136 ubi
1058 3111 1169 3148 pro·

304 3152 504 3204 spic-uae
549 3154 805 3193 scandentem
843 3153 995 3194 lumina
1033 3155 1167 3199 turris,

1242 1290 1304 1328 ubi
1337 1291 1529 1328 notionem
1564 1290 1727 1341 priorem
1767 1289 1910 1328 habere
1949 1288 2109 1327 videtur.

1242 1346 1298 1385 lta
1313 1360 1427 1397 porro
1442 1347 1639 1397 explicant
1659 1347 1720 1384 ed.
1737 1346 1920 1395 Gotting„
1945 1345 2112 1390 Rodius,

1241 1404 1304 1452 qui
1347 1403 1481 1441 vertit:
1532 1403 1631 1442 Also
1674 1403 1748 1441 der
1789 1401 2113 1442 weitschanemle

1240 1460 1408 1504 Tlmrm,
1434 1461 1623 1510 interpres
1639 1458 1937 1509 l'rancogallicus
1958 1458 2110 1496 omnino

1239 1517 1385 1553 omittit.
1437 1516 1519 1553 Sed
1549 1516 1670 1554 inulta
1702 1516 1877 1560 obstant,
1905 1515 2109 1566 quominus

1240 1572 1314 1610 1100
1328 1573 1558 1609 vocabulum
1575 1573 1624 1609 ita
1639 1572 1800 1622 capiam.
1828 1570 1995 1609 Primum
2010 1570 2112 1608 enim

1239 1628 1274 1665 iu
1312 1629 1489 1667 omnibus
1528 1629 1625 1666 locis
1662 1627 1834 1680 Apuleii,
1873 1627 1937 1665 ubi
1975 1627 2113 1678 legitur

1237 1688 1459 1736 prospicue
1500 1685 1740 1730 adverbium,
1783 1683 1975 1735 significat
2009 1696 2110 1736 pro-

1239 1742 1470 1791 spicienter.
1494 1742 1672 1792 procide.
1719 1740 1767 1778 cf.
1805 1739 1902 1778 Met.
1929 1739 1954 1777 Ι.
1982 1753 2016 1789 p.
2045 1743 2111 1781 68.

1239 1797 1519 1848 prospicue
1550 1797 1721 1836 Demeas
1745 1798 1785 1835 in
1811 1810 1870 1835 me
1895 1795 2109 1836 consuluit.

1239 1852 1308 1891 Xl.
1323 1857 1415 1893 792.
1432 1855 1658 1905 prospicue
1671 1857 1896 1898 curassent,
1921 1857 1963 1891 ut
1977 1852 2110 1890 mirum

1239 1914 1362 1950 esset.
1389 1911 1422 1947 si
1447 1914 1580 1947 nostro
1608 1910 1692 1947 loco
1718 1909 1911 1960 Apuleius
1937 1909 2035 1947 hanc
2059 1909 2109 1946 si·

1237 1966 1518 2016 gnificationeni
1531 1970 1736 2012 mutasset,
1748 1966 1977 2017 praesertim
1992 1978 2109 2015 quum

1236 2021 1313 2060 hoc
1336 2022 1567 2060 vocabulum
1593 2023 1678 2060 eius
1703 2022 1877 2060 videatur
1902 2035 1997 2060 esse
2021 2035 2107 2073 pro-

1234 2079 1371 2130 prium.
1415 2078 1518 2117 Nam
1543 2079 1578 2116 in
1607 2078 1692 2117 loco
1718 2079 1830 2116 Statii
1857 2078 1969 2116 lectio
1995 2077 2108 2117 codd.

1235 2135 1405 2174 vacillat.
1454 2134 1541 2173 Nec
1571 2134 1683 2174 aliter
1713 2134 1910 2186 explicant
1935 2134 2108 2173 Glossae

1235 2191 1350 2230 Vulc.
1377 2206 1414 2243 p.
1445 2196 1535 2231 121.
1559 2193 1812 2243 prospicuus
1841 2192 2108 2243 προβλεπτι-

1235 2245 1313 2294 κός
1338 2249 1358 2287 i.
1383 2262 1415 2286 e.
1442 2248 1646 2299 providus,
1673 2248 1917 2299 prospiciens
1944 2247 2108 2286 corber-

1233 2305 1397 2343 sehend.
1429 2304 1583 2343 Deinde
1603 2304 1770 2342 ieiunum
1790 2307 1916 2350 esset,
1942 2305 1975 2341 si
1994 2304 2108 2342 turris

1234 2361 1446 2400 altitudinis
1472 2361 1598 2399 denuo
1630 2360 1691 2399 hic
1714 2361 1858 2399 mentio
1884 2361 2107 2405 iniiceretur,

1232 2422 1274 2455 ut
1298 2432 1335 2470 p.
1363 2422 1457 2458 412.
1488 2418 1547 2457 acl
1571 2419 1715 2456 turrim
1742 2417 1993 2469 praeallam.
2051 2415 2107 2454 lbi

1233 2476 1333 2512 enim
1365 2474 1402 2512 id
1445 2474 1711 2513 necessarium
1748 2477 1830 2511 erat
1865 2473 2106 2518 adiiceret-ir,

1232 2532 1322 2582 quia
1363 2532 1415 2569 ita
1456 2530 1722 2569 tantummodo
1767 2530 1900 2568 coniici
1942 2532 2105 2581 poterat,

1230 2601 1297 2625 cur
1322 2586 1483 2638 Psyche
1507 2601 1554 2625 se
1579 2591 1685 2624 recto
1709 2590 1748 2624 et
1772 2586 2030 2638 pulcherrime
2054 2585 2104 2623 ad

1230 2643 1381 2682 Inl'eros
1426 2644 1705 2682 descensuram
1749 2656 1843 2681 esse
1885 2644 2103 2694 sperasset.

1232 2699 1467 2751 lutei-pretor
1491 2701 1602 2751 igitur
1624 2701 1877 2752 prospicua-5
1895 2699 1959 2737 hic
1977 2698 2102 2748 provi-

1232 2757 1317 2803 dus,
1328 2757 1536 2795 futurorum
1551 2770 1704 2807 gnarus.
1726 2755 1989 2806 Perspicuus‚
1999 2753 2102 2804 quod

1229 2814 1293 2851 alii
1319 2814 1432 2852 codd.
1456 2814 1655 2865 praebent,
1680 2813 1713 2850 si
1740 2812 1825 2861 quis
1851 2812 2104 2861 comprobare

1229 2871 1341 2915 velit,
1384 2874 1511 2908 tamen
1537 2873 1666 2908 suniat
1690 2880 1858 2906 necesse
1878 2871 1957 2911 est,
1998 2867 2101 2905 adie-

1231 2928 1370 2966 ctivum
1385 2926 1662 2977 significatione
1676 2925 1801 2963 activa
1820 2924 1870 2962 de
1889 2936 1936 2961 eo
1957 2923 2100 2962 (lictum

1230 2996 1341 3029 esse,
1386 2985 1450 3034 qui
1485 2982 1690 3034 perspicit,
1731 2993 1802 3018 nec
1838 2981 2015 3031 passiva,
2057 2982 2099 3018 ut

1229 3053 1387 3091 semper
1422 3040 1478 3086 fit,
1522 3039 1571 3077 de
1608 3052 1672 3084 eo,
1711 3037 1774 3087 qui
1812 3048 2098 3087 usquequaque

1228 3097 1470 3147 perspicitur.
1520 3094 1632 3142 Quae
1657 3095 1781 3131 activa
1806 3092 1985 3131 vocabuli
2010 3104 2096 3131 seu-

1225 3155 1347 3192 tentia
1371 3166 1418 3192 au
1443 3164 1625 3202 umquam
1644 3150 1798 3201 probari
1818 3152 1935 3200 queat
1953 3147 2098 3187 dubito.
