2155 3590
543 139 732 180 LIBER
764 140 837 180 lv.

896 138 1022 179 CAP.
1047 137 1214 179 XXIII.
1244 137 1412 177 XXIV.

1803 138 1886 180 271

90 259 192 293 ctam
216 253 454 306 paupertatis
481 252 698 294 necessitas
731 252 876 306 adegit.
926 251 1119 294 Parentes
1145 256 1274 291 autern
1300 249 1355 289 tui
1382 249 1428 289 de
1459 255 1568 289 tanto
1600 254 1759 290 suarum
1791 249 1889 290 divi-

88 309 230 349 tiarum
257 309 410 348 cumulo
436 322 668 362 quamquam
699 309 796 349 satis
829 309 976 363 cupidi,

88 378 200 407 neam
227 365 288 405 sui
313 365 519 418 sanguinis
545 365 842 406 redemtionem.

1010 316 1141 350 tamen
1173 307 1259 348 sine
1284 320 1396 346 mora
1422 305 1614 359 parabunt
1638 305 1789 346 seilicet
1813 306 1889 346 ido-

641 538 676 585 C
724 539 771 585 A
816 539 854 584 P
902 539 946 585 U
993 539 1036 584 T
1128 536 1353 584 XXIV.

200 668 274 712 His
295 677 334 710 et
352 669 412 710 his
432 669 623 710 similibus
642 670 846 711 blateratis
869 670 874 726 Ι
895 684 967 711 ner:
987 670 1193 724 quiequam
1213 670 1324 710 dolor
1343 669 1503 710 sedatur
1522 666 1687 722 puellae.
1718 665 1889 720 Quidni?
1915 676 1980 717 2⁸3¹.)

87 801 215 836 septam
230 800 265 828 G.
282 800 311 827 1.
325 801 363 828 D.
411 799 628 828 necessitatis
647 807 818 835 operarum
836 800 965 829 scilicet
984 800 1064 828 vitio
1082 800 1116 830 iu
1130 800 1221 828 Colv.
1237 802 1267 828 el
1281 800 1377 828 Vulc.
1397 799 1519 834 legitur
1531 797 1600 826 edd.
1648 799 1761 831 autem
1776 799 1885 825 exulat

87 851 107 872 a
122 845 196 872 Bas.
214 846 241 872 1.
278 851 419 872 suarum
433 847 516 880 quod
529 846 562 873 in
576 846 613 874 F.
630 846 656 874 1.
677 846 779 873 omini
792 846 837 873 ait
850 847 932 874 Elm.
943 867 950 878 ,
976 845 1009 873 in
1024 847 1131 874 collat.
1145 845 1364 880 Lindenbrog.
1379 848 1407 872 et
1422 851 1480 880 ego
1493 847 1523 871 et
1538 843 1617 872 oud.
1633 843 1818 871 invenimus
1831 843 1886 870 sed

86 890 290 918 desideratur
302 890 336 921 in
351 891 387 919 G.
401 892 431 918 2.
445 892 483 919 1).
498 895 527 920 et
541 891 576 919 P.
624 889 823 918 divitiarum
844 897 985 918 suarum
1004 891 1040 918 G.
1058 892 1084 918 l.
1134 889 1299 917 cumulum
1312 891 1425 924 Venet.
1439 891 1470 917 2.

87 933 175 962 sutis
189 937 281 963 abest
295 941 315 964 a
328 935 350 964 f.
365 935 441 962 sitis
455 944 484 970 p.

1520 886 1639 916 tumide·
1654 896 1711 924 pro
1726 886 1839 924 cupidi
1850 889 1886 916 R.

176 977 243 1007 hiis
256 983 290 1006 et
302 977 368 1008 huc·
382 982 418 1010 G.
437 983 463 1009 1.
480 982 508 1009 2.
523 982 561 1010 Ι).
587 978 640 1008 ln's
654 979 753 1008 ethis
766 982 803 1009 F.
823 983 848 1009 1.
864 982 893 1009 3.
910 982 944 1009 G.
957 982 984 1009 1.
995 982 1024 1009 2.
1040 982 1075 1009 Ο.
1088 981 1124 1008 Ρ.
1137 982 1175 1009 B.
1190 982 1227 1009 R.
1244 980 1265 1008 f.
1280 988 1308 1014 p.
1324 980 1449 1008 Vicent.
1462 981 1545 1009 lunt.
1562 981 1589 1008 1.
1605 981 1634 1007 2.
1650 979 1842 1012 .41d.}3asi1.
1862 980 1888 1006 1.

87 1024 120 1054 in
135 1025 297 1063 margine,
321 1026 356 1054 in
370 1027 465 1054 cuius
479 1030 568 1054 textu
584 1030 630 1054 est
646 1031 677 1053 ut
692 1027 725 1055 in
739 1030 810 1055 ceu.
826 1029 906 1055 Mss.
920 1030 949 1054 et
964 1027 1034 1054 edd.
1049 1027 1140 1054 modo
1154 1024 1206 1053 Ιιιέ
1221 1024 1392 1054 similibus.
1440 1033 1501 1052 nec
1514 1024 1690 1063 quisquam
1707 1025 1740 1052 G.
1756 1025 1785 1052 ⁸2.
1813 1023 1888 1057 (ex-

86 1074 195 1104 cerpta
208 1071 288 1098 Oud.
302 1074 387 1099 mate
400 1073 517 1100 habent
532 1072 752 1108 nequisquam
766 1073 804 1100 D.
819 1075 847 1099 et
864 1072 900 1099 P.
926 1079 986 1098 nec
1002 1070 1180 1108 quicquam
1194 1072 1230 1099 F.
1245 1073 1274 1099 3.
1298 1072 1333 1098 G.
1349 1072 1378 1098 1.
1398 1075 1426 1098 et
1448 1071 1518 1099 edd.
1532 1074 1597 1099 vett
1657 1077 1743 1106 qnae
1757 1072 1831 1098 ante
1845 1069 1895 1095 in-

89 1117 141 1141 ter
154 1117 247 1143 abest
261 1116 293 1143 in
308 1117 356 1144 ed.
371 1117 477 1145 Paris.
506 1115 639 1150 Quidni.
664 1117 742 1145 Inde
756 1119 795 1145 ab
810 1119 870 1145 hoc
884 1119 981 1145 verbo
996 1124 1098 1150 usque
1112 1117 1153 1144 ad
1167 1114 1342 1144 solaretur
1355 1117 1477 1144 lacuna
1492 1120 1540 1144 est
1555 1116 1589 1144 in
1603 1116 1672 1144 cod.
1687 1116 1721 1143 G.
1740 1117 1786 1151 1.‚
1813 1121 1896 1148 quae

87 1166 108 1188 a
120 1167 160 1188 m.
175 1168 201 1188 s.
226 1160 262 1188 in
275 1161 421 1196 margine
434 1164 482 1189 est
495 1164 656 1196 suppleta.
689 1160 870 1198 qniclm'que
882 1163 965 1190 lunt.
984 1163 1011 1189 1.

144 1271 304 1322 capidi.
332 1269 547 1322 [Absolute
573 1271 750 1322 cupidas
775 1285 850 1309 non
877 1285 962 1309 raro

90 1327 141 1365 de
162 1341 289 1366 avaro
309 1328 567 1379 etpecmziae
592 1327 750 1380 cupido
775 1328 963 1365 invenitur

89 1382 136 1421 cf.
158 1382 266 1421 Suet.
281 1383 456 1434 Vespas.
475 1387 536 1423 16.
563 1383 783 1434 Wopkens.
811 1384 846 1421 in
872 1387 960 1422 Act.

89 1438 255 1478 Traiect.
282 1444 319 1480 2.
347 1454 384 1491 p.
402 1443 465 1480 60.
492 1439 650 1478 walch.
677 1439 725 1477 ad
744 1439 836 1479 Tac.
862 1441 960 1491 Agr.

89 1500 153 1538 22.
178 1509 216 1547 p.
244 1500 337 1537 300.
387 1495 490 1548 Rup.
523 1496 573 1534 ad
606 1495 700 1534 Tac.
734 1496 832 1534 Ann.
866 1495 893 1534 I.
928 1500 964 1537 3.

88 1566 125 1604 p.
142 1556 204 1595 10.
230 1552 313 1593 lnd.
338 1551 402 1591 III.
428 1566 460 1591 S.
484 1565 517 1591 v,
545 1552 764 1592 Adiectiva
790 1554 966 1592 relativa

90 1607 197 1648 Cort.
231 1609 281 1649 ad
313 1608 411 1647 Sall.
437 1608 521 1648 Cat.
550 1613 611 1649 15.
639 1608 723 1647 lntt.
751 1610 802 1648 ad
826 1609 912 1647 Liv.
939 1608 965 1647 Ι.

89 1669 154 1706 40.
169 1665 229 1704 fin.
244 1665 468 1709 Hemsterh.
482 1665 532 1704 ad
545 1665 708 1705 Lucian.
723 1665 767 1704 T.
782 1665 808 1705 Ι.
824 1680 860 1718 p.
871 1670 966 1708 410.

88 1721 268 1760 Boettch.
294 1721 393 1764 Lex.
421 1721 514 1761 Tac.
542 1735 579 1773 p.
606 1723 722 1774 479]

145 1780 371 1831 sanyuinis.
410 1777 610 1831 [Sanquis
635 1779 684 1817 de
706 1780 796 1831 fi'lia
823 1779 886 1818 hic
912 1779 964 1818 di-

91 1839 193 1873 ctum
217 1839 279 1875 est
301 1839 343 1873 ut
364 1835 525 1877 Graecis
551 1832 646 1885 αἷμα
672 1835 720 1874 cf.
736 1834 852 1874 ovid.
867 1835 963 1874 Met.

90 1891 140 1930 V.
166 1896 259 1932 515.
298 1890 401 1930 Cort.
432 1891 483 1930 ad
506 1890 654 1930 Lucan.
681 1891 767 1930 Vll.
796 1896 888 1932 179.
927 1896 965 1930 et

90 1947 141 1986 V.
168 1952 262 1988 474.
294 1947 418 1986 Bach.
450 1948 486 1986 in
513 1947 591 1986 ind.
616 1948 746 1987 adnot.
773 1949 823 1987 ad
849 1948 964 1987 Ovid.

91 2003 189 2042 Met.
215 2017 248 2042 s.
274 2017 310 2042 v.
337 2007 524 2056 sanquis,
563 2005 627 2054 qui
653 2018 794 2055 graeca
819 2005 968 2056 aliquot

93 2059 275 2111 exempla
299 2059 445 2110 profert
470 2059 602 2098 Creuz.
629 2060 679 2098 ad
707 2059 786 2099 Civ.
803 2061 853 2099 de
865 2061 966 2112 Rep.

93 2116 122 2155 1.
147 2121 214 2157 41.
238 2129 275 2167 p.
305 2116 423 2168 166.]

151 2171 241 2211 CAP.
266 2171 416 2211 XXIV.
477 2173 538 2213 his
575 2178 614 2212 et
650 2174 711 2213 his
744 2174 970 2214 blateratIs.

92 2228 222 2267 Recte
246 2228 420 2268 defendit
440 2229 568 2268 locum
589 2231 641 2268 ita
654 2231 839 2284 scriptum
853 2229 969 2275 oud„

95 2299 214 2337 quum
240 2286 369 2324 verbis
395 2286 456 2325 ln’s
481 2291 518 2324 et
542 2287 602 2324 his
626 2286 728 2324 tales
747 2287 810 2324 vel
837 2300 969 2325 eorum

94 2342 245 2380 similes
270 2355 474 2380 sermones
488 2343 749 2393 exprimantur
769 2343 856 2382 coll.
872 2343 969 2382 Met.

95 2397 199 2436 Vlll.
214 2412 250 2450 p.
267 2403 359 2439 577.
385 2399 486 2438 llaec
511 2404 550 2438 et
573 2399 806 2439 huiusmodi
830 2405 968 2438 mnino

97 2454 343 2496 blaterantes
367 2453 434 2493 1Χ.
461 2469 499 2506 p.
527 2459 619 2496 683.
652 2455 714 2495 his
739 2461 778 2495 et
801 2456 896 2495 aliis
919 2457 968 2494 si-

97 2510 258 2553 milibus
282 2512 446 2564 affaniis
470 2511 521 2550 X.
547 2525 585 2563 p.
613 2516 706 2552 763.
734 2510 970 2567 [Disputant

95 2566 187 2606 W.
211 2567 302 2606 DD.
340 2572 463 2606 utrum
499 2568 667 2618 simplici
703 2583 751 2607 an
777 2568 921 2620 duplici
954 2573 971 2607 t

97 2623 215 2664 scribi
240 2623 387 2662 debeat
412 2624 626 2664 blaterare.
675 2625 970 2675 Argumentum,

98 2679 204 2730 quod
244 2680 427 2726 afferunt.
471 2681 519 2719 ab
557 2680 715 2719 Horatio
757 2685 971 2731 correptam

97 2736 273 2787 usurpari
298 2737 641 2788 antepenultimam
679 2737 728 2776 cs.
754 2737 837 2776 Sat.
862 2736 907 2776 ll.
935 2742 970 2778 7.

99 2793 164 2832 35.
180 2805 254 2831 non
267 2794 361 2832 tanti
373 2793 524 2832 videtur
537 2807 631 2832 esse
645 2795 841 2839 momenti,
856 2806 972 2844 quum

101 2859 125 2884 e
153 2851 340 2889 contrario
373 2849 520 2888 Iuvent.
554 2864 670 2889 carm.
704 2849 871 2888 Philom.
905 2854 970 2892 56.

101 2903 298 2948 Blaterat
325 2906 421 2946 hinc
452 2907 559 2946 aries
586 2911 623 2945 et
644 2908 722 2958 pia
749 2907 864 2945 balat
890 2908 972 2945 ovis

103 2959 296 3009 syllabam
320 2962 556 3013 produxerit.
581 2962 669 3001 Hoc
692 2967 820 3001 tamen
847 2964 971 3013 magis

103 3014 194 3054 mihi
213 3017 344 3056 videor
368 3032 491 3069 posse
517 3019 785 3058 demonstrare
811 3033 883 3058 non
910 3033 972 3057 so-

106 3067 183 3108 lum
207 3084 256 3111 ex
279 3077 470 3113 constanti
494 3075 597 3114 Mss.
622 3089 713 3122 usu,
740 3076 805 3126 qui
828 3076 974 3126 ubique

104 3139 218 3166 unum
243 3133 259 3168 t
279 3131 518 3181 praeferunt,
544 3146 592 3170 ne
618 3133 663 3170 iis
685 3132 840 3183 quidem
861 3145 973 3170 exce-

1022 1271 1119 1321 ptis,
1146 1271 1208 1321 qui
1234 1276 1274 1308 ut
1295 1270 1342 1309 G.
1361 1275 1673 1310 1.consouantes
1699 1269 1897 1321 duplicare

1021 1328 1164 1372 solent,
1190 1326 1264 1365 sed
1291 1340 1339 1364 ex
1365 1327 1511 1377 origine
1538 1329 1645 1365 vocis
1672 1340 1787 1376 quam
1812 1340 1896 1365 cum

1020 1382 1209 1422 Doederl.
1249 1381 1555 1434 Synonym.111.
1593 1397 1630 1434 p.
1667 1387 1717 1423 78
1751 1396 1810 1434 sq.
1847 1382 1898 1420 ad

1021 1440 1163 1479 balare
1188 1453 1315 1490 neque
1341 1453 1426 1478 eum
1452 1438 1539 1478 aliis
1564 1440 1615 1479 ad
1639 1438 1735 1492 βλάξ
1759 1438 1897 1478 retule-

1025 1498 1105 1535 rim.
1131 1495 1294 1534 Praeter
1308 1496 1381 1534 alia
1398 1496 1434 1533 id
1450 1510 1605 1547 quoque
1622 1500 1776 1546 poterat
1796 1509 1896 1534 com-

1025 1554 1247 1597 memorari,
1280 1554 1426 1592 arietes
1458 1552 1661 1592 blaterare
1692 1552 1766 1590 dici
1791 1567 1815 1591 a
1839 1551 1896 1591 Iu-

1027 1613 1129 1648 vent.
1163 1610 1186 1647 1.
1208 1623 1261 1655 ο..
1288 1609 1391 1661 quod
1414 1623 1486 1648 non
1510 1609 1795 1648 emendandum
1816 1612 1898 1646 erat

1026 1668 1062 1705 in
1094 1667 1324 1712 braterare,
1356 1679 1473 1716 quum
1506 1666 1679 1705 Glossae
1710 1664 1896 1704 Leidens.

1023 1725 1170 1763 arietes
1212 1724 1427 1762 criscitant
1463 1722 1525 1760 vel
1564 1723 1771 1762 blateraret
1806 1723 1897 1760 item

1022 1780 1205 1819 habeant.
1253 1778 1300 1818 cf.
1326 1779 1513 1817 Wernsd.
1539 1777 1651 1817 Poet.
1684 1778 1772 1817 Lat.
1799 1779 1895 1817 Min.

1025 1835 1072 1875 T.
1092 1835 1159 1874 Vl.
1191 1835 1282 1874 vot.
1311 1836 1350 1876 2.
1382 1850 1422 1887 p.
1453 1839 1544 1876 399.
1576 1835 1704 1874 Burm.
1736 1835 1898 1874 Anthol.

1024 1892 1073 1931 I..
1105 1891 1149 1930 T.
1176 1891 1223 1931 11.
1254 1906 1292 1944 p.
1318 1896 1412 1932 432.
1452 1892 1677 1931 Blaterare
1711 1905 1803 1931 vero
1836 1896 1899 1929 est

1026 1952 1130 1987 teste
1155 1947 1338 1997 Fulgent.
1366 1962 1402 1999 p.
1430 1952 1521 1988 773.
1555 1948 1662 1987 Stav.
1691 1949 1898 1988 blaterare

1029 2006 1145 2058 quasi
1166 2005 1283 2045 verba
1299 2005 1555 2056 trepidantia
1574 2009 1677 2044 metu
1698 2005 1900 2044 balbutire

1029 2062 1236 2101 dixerant.
1270 2060 1378 2100 Fest.
1409 2074 1442 2100 s.
1471 2075 1504 2100 v.
1530 2074 1566 2112 p.
1592 2062 1657 2102 28.
1697 2062 1901 2101 blaterare

1029 2123 1086 2157 est
1109 2117 1231 2157 stulte
1257 2123 1295 2157 et
1314 2118 1578 2170 praecupide
1605 2118 1723 2170 loqui
1746 2122 1786 2156 et
1810 2118 1899 2156 hinc

1030 2173 1274 2213 emendanda
1304 2178 1366 2213 est
1398 2174 1532 2212 Gloss.
1561 2173 1709 2212 Placid.
1742 2188 1779 2226 p.
1806 2175 1898 2215 436.

1031 2230 1150 2270 blatit
1175 2231 1439 2282 praec-apide
1466 2231 1649 2283 loquitur
1680 2244 1749 2282 pro
1779 2245 1900 2284 prae-

1031 2288 1170 2338 cipue,
1191 2287 1295 2338 quod
1316 2288 1351 2326 in
1367 2287 1443 2326 Ms.
1460 2292 1568 2326 extat
1581 2291 1619 2325 et
1633 2287 1723 2326 Mai.
1745 2288 1848 2327 male
1862 2290 1897 2326 in

1024 2357 1246 2395 perperam
1271 2347 1405 2388 mutat,
1432 2343 1493 2381 vel
1515 2346 1704 2396 praecise
1718 2345 1900 2397 loquitur

1028 2400 1050 2437 i.
1078 2413 1112 2438 e.
1138 2400 1323 2452 abrupte.
1357 2400 1580 2440 Blaterare
1604 2402 1703 2439 enim
1730 2405 1792 2439 est
1817 2402 1899 2440 bal-

1029 2456 1177 2501 butire,
1202 2461 1244 2494 ut
1257 2456 1392 2496 Gloss
1408 2457 1572 2496 Vulcan.
1597 2471 1634 2509 p.
1655 2462 1714 2497 16.
1742 2457 1900 2496 blatero

1029 2512 1158 2551 blatto
1172 2513 1410 2564 ψέλλιζομαι,
1426 2514 1529 2564 quod
1540 2514 1673 2552 Gloss.
1684 2514 1796 2566 (inp.
1806 2518 1899 2554 663.

1031 2569 1229 2621 explicant
1262 2570 1406 2609 Valbio
1439 2570 1650 2615 Valbutio,
1680 2571 1743 2608 ubi
1769 2572 1898 2621 potius

1033 2625 1192 2676 legerim
1242 2627 1370 2666 blatio
1414 2627 1609 2666 balbutio.
1678 2627 1725 2665 cf.
1768 2626 1897 2666 Plaut.

1030 2682 1174 2733 Amph.
1201 2682 1246 2720 11.
1276 2688 1309 2723 1.
1337 2687 1400 2723 79.
1427 2683 1548 2721 Voss.
1574 2683 1791 2722 Aristarch.
1812 2682 1856 2722 T.
1870 2683 1898 2724 I.

1031 2752 1072 2790 p.
1088 2743 1176 2779 114.
1193 2738 1368 2778 Furtsch.
1387 2739 1527 2778 Heind.
1543 2740 1590 2779 ad
1605 2739 1695 2778 Hor.
1711 2740 1794 2779 Sat.
1809 2739 1833 2779 Ι.
1847 2742 1896 2794 c.]

1090 2796 1246 2848 quidni.
1303 2795 1485 2847 [Quidni
1521 2810 1613 2834 esse
1649 2796 1900 2837 vehementer

1030 2854 1314 2897 asseverantis,
1340 2853 1414 2891 sed
1439 2852 1545 2891 velut
1570 2854 1710 2892 ironice
1737 2854 1895 2905 loquen-

1030 2908 1081 2947 tis
1108 2909 1277 2959 explicat
1303 2909 1460 2960 Sciopp.
1488 2909 1536 2948 ad
1561 2908 1716 2948 Pctron.
1743 2924 1773 2949 c.
1804 2914 1894 2953 127.

1031 2979 1070 3017 p.
1091 2969 1184 3006 786.
1210 2964 1358 3012 Bnrm.,
1383 2966 1446 3004 ubi
1472 2969 1624 3016 praeter
1647 2966 1749 3006 hunc
1773 2967 1899 3008 locum

1031 3021 1141 3072 plura
1167 3035 1216 3059 ex
1230 3022 1398 3073 Apuleio
1424 3022 1605 3074 exempla
1630 3030 1899 3063 enumerantur

1031 3075 1101 3116 VI.
1127 3091 1164 3129 p.
1191 3078 1282 3118 412.
1308 3076 1375 3116 1Χ.
1402 3093 1440 3130 p.
1467 3082 1560 3119 610.
1585 3083 1623 3117 et
1653 3093 1690 3131 p.
1719 3081 1812 3121 624.
1849 3083 1895 3120 εἷ’.

1035 3133 1108 3173 Cic.
1136 3135 1184 3173 ad
1211 3134 1348 3174 Far-iil.
1374 3134 1435 3173 111.
1463 3140 1497 3176 7.
1525 3134 1650 3174 Plaut.
1678 3136 1896 3178 'l'rucul.Y.
