2155 3590
652 117 843 157 LIBER
872 117 922 156 11.
983 116 1109 156 CAP.
1139 115 1262 154 XVI.
1793 113 1864 155 11!

81 242 166 269 rem
191 229 404 269 clementer
427 229 598 279 invadit,
636 243 682 269 ac
707 230 885 270 relictum
912 228 1137 283 paululatim
1167 226 1173 283 Ι
1204 225 1357 266 labellis
1382 225 1563 266 minuens
1589 239 1726 279 meque
1751 225 1874 280 respi-
1901 229 1966 266 128

81 285 187 325 ciens
230 285 409 326 sorbillat
449 285 634 335 dulciter,
678 299 848 338 sequens
884 293 924 326 ct
959 285 1118 326 tertium
1153 284 1258 324 inter
1293 296 1365 322 nos
1401 281 1575 322 vicissim
1612 288 1651 321 et
1688 282 1875 335 frequens

80 341 250 381 alternat
274 341 467 395 poculum.
532 340 631 382 Cum
658 355 732 395 ego
757 342 834 381 iam
859 342 952 382 vino
977 342 1137 381 madens
1163 353 1236 380 nec
1261 338 1391 378 animo
1417 344 1568 381 tantum
1593 351 1731 378 verum
1757 338 1876 378 etiam

79 411 243 451 corpore
267 398 352 452 ipso
377 398 423 437 ad
448 397 645 438 libidinem
670 398 825 450 inquies
851 398 1024 451 alioquin
1048 404 1088 437 et
1111 395 1311 451 petulans,
1345 394 1462 434 etiam
1488 394 1647 434 saucius
1678 394 1876 448 paulisper

77 453 280 506 inguinum
311 453 407 504 fine,
441 454 583 493 lacinia
613 461 786 505 remota,
820 454 1099 507 impatientiam
1133 451 1301 494 VeneriS
1326 449 1455 491 Fotidi
1488 463 1598 490 meae
1623 457 1871 490 monstrans:

76 579 289 610 dettzenlerD.
327 581 490 620 reliquum
505 580 535 611 ὃ.
567 581 789 619 ραιιΙιιΙΙιτιίηι
803 584 838 611 F.
852 584 879 610 1.
895 584 931 611 R.
953 584 986 611 Β.
1003 587 1030 610 et
1051 583 1121 610 edd.
1143 583 1218 610 vett.
1241 582 1366 614 praeter
1384 581 1433 608 ed.
1455 587 1500 614 pr.
1522 579 1650 607 Vicent.
1671 582 1699 607 et
1717 580 1831 607 Venet.
1847 581 1875 606 2.

76 633 160 660 quae
172 626 513 663 habentpnllulatim,
539 630 621 662 quod
636 631 805 662 praeterea
816 629 852 656 F.
867 629 897 656 3.
912 629 947 655 G.
963 629 992 655 ¹2.
1007 628 1041 655 Ο.
1056 635 1084 661 p.
1100 630 1129 655 et
1144 627 1179 655 P.
1195 625 1311 660 (eiiam
1327 626 1359 653 in
1374 624 1536 659 excerptis
1551 623 1718 657 Pais-ciiii)
1734 626 1875 657 praehet.

75 674 164 700 Male
177 672 232 705 qui
243 674 303 700 hoc
317 676 540 710 comprobant,
566 672 796 710 instarpuellz'
807 671 948 700 bibentis
967 673 1133 705 explicant
1143 693 1150 704 ,
1178 675 1211 700 ιιι
1224 671 1320 699 Voss:
1335 673 1363 698 et
1378 667 1631 706 T011.pnllae1·m
1645 670 1680 697 P.
1697 671 1779 697 teste
1792 670 1874 696 Elm.

68 715 256 753 pr‘llultrtv'm
270 718 305 745 L.
320 718 405 746 unde
419 719 507 746 Colv.
522 717 871 754 emendatpollulatim
885 718 1017 746 laudato
1031 716 1175 745 'ritinnio
1194 724 1245 751 ap.
1260 715 1387 744 Charis.
1401 717 1440 744 11.
1456 723 1485 749 p.
1499 716 1575 743 210.
1613 712 1744 741 Panum
1759 711 1876 740 addito

75 760 121 788 ad
133 759 264 789 laudem
278 760 482 798 praefism’m'
499 762 579 797 [ubi
600 767 707 792 tamen
727 764 820 791 hodie
839 763 974 797 legitur:
1000 760 1112 789 Paula
1131 769 1221 796 mea,
1248 760 1385 795 anzahn,
1407 758 1470 797 pol
1488 763 1523 787 eu
1543 757 1590 787 ad
1606 757 1737 787 landem
1757 756 1875 785 addico

68 804 287 843 praefiscine,
308 815 348 835 ne
357 807 698 848 puellafascinelur.
726 812 758 836 ut
773 808 848 842 quid
863 808 927 836 sibi
940 808 1018 835 velit
1033 808 1122 835 Colv.
1137 807 1325 835 coniectura
1339 806 1485 840 equidem
1498 812 1561 834 non
1575 804 1777 840 intelligam)
1786 811 1875 840 pau-

75 851 172 878 latim
186 853 222 880 Ι).
239 849 268 881 δ.
287 852 492 889 paulalatim
511 854 607 882 cuius
621 857 786 889 glossema
800 853 1021 881 interlinearis
1035 856 1082 880 est
1104 850 1280 887 paululum
1290 853 1325 879 G.
1338 853 1365 879 1.
1382 858 1484 884 neque
1493 849 1744 886 veropcmlatim
1753 850 1874 877 utOud.

73 898 251 926 adnotavit.
299 897 434 926 sabellis
453 901 488 927 G.
514 901 540 927 1.
561 900 594 927 0.
616 899 636 927 f.
657 898 815 934 [fortasse
835 896 972 925 suhz’vlis
988 898 1006 925 i.
1022 905 1050 925 e.
1066 896 1173 924 labris
1187 897 1376 925 cf.'1¹aubm.
1401 898 1440 924 ad
1456 897 1560 924 plaut.
1575 896 1644 924 Mil.
1660 896 1761 924 GLII.
1781 895 1807 922 1.
1825 895 1874 922 16.

73 943 168 971 Asin.
185 942 238 971 lv.
255 945 282 971 l.
296 943 366 979 534
415 943 556 971 surbz'lla
569 945 603 972 F.
618 946 648 972 3.
664 946 698 972 G.
714 946 744 972 ⁴2.
757 946 793 971 L.
808 945 843 971 P.
858 951 885 977 p.
901 944 938 970 1).
955 944 990 970 G.
1008 944 1034 970 1.
1051 950 1069 970 a
1084 950 1123 970 m.
1139 951 1164 970 s.
1190 942 1277 975 (quid
1291 948 1310 969 a
1325 949 1364 970 m.
1381 950 1408 976 p.
1423 941 1577 975 scriptum
1591 941 1647 975 sit,
1676 948 1731 975 per
1744 940 1876 968 lituram

72 994 137 1016 non
156 989 350 1024 comparet.)
398 988 554 1016 subt-illia
573 998 607 1017 π.
656 995 862 1026 sequensque
882 990 932 1021 et,
960 988 1042 1021 quod
1064 988 1097 1015 in
1119 989 1153 1015 G.
1173 988 1245 1014 1.·.›.
1271 987 1335 1019 legi
1361 988 1438 1014 Oud.
1458 986 1613 1019 affirmat.
1640 985 1674 1013 in
1705 986 1796 1013 codd.
1811 992 1874 1013 non

74 1033 188 1067 reneri.
213 1034 523 1068 Quamquaminedd
544 1039 619 1063 vett.
631 1035 797 1062 invenitur
810 1032 920 1062 uix-eri
933 1033 1076 1060 similius
1090 1033 1150 1067 sit,
1176 1033 1211 1060 Β.
1227 1032 1365 1066 primum
1379 1034 1462 1061 hanc
1481 1031 1652 1059 lectionem
1673 1030 1874 1065 praebuisse.

77 1080 207 1106 ternum
226 1080 261 1107 G.
282 1081 313 1107 2.
332 1081 371 1108 D.
418 1087 496 1116 ergo
510 1081 605 1108 Vale.
622 1081 650 1108 1.
698 1087 812 1106 veram
826 1078 859 1105 ia
874 1084 1014 1113 corpore
1029 1085 1056 1111 p.
1071 1081 1101 1105 et
1114 1078 1185 1106 edd.
1199 1080 1276 1104 velt.
1292 1080 1419 1111 praeter
1430 1078 1544 1105 Venet.
1560 1077 1590 1104 4.
1605 1079 1634 1104 et
1649 1075 1755 1104 Paris.
1802 1076 1873 1111 ipso

73 1131 136 1150 non
156 1128 316 1157 comparet.
334 1124 367 1152 in
388 1122 417 1153 δ.
440 1123 509 1161 ipse
528 1127 622 1152 habel
640 1124 659 1152 f.
707 1124 860 1161 iuquiens
879 1131 907 1157 p.
923 1124 971 1150 ed.
987 1130 1031 1155 pr.
1044 1122 1172 1149 Vivent.
1187 1123 1302 1150 Venei.
1322 1123 1352 1150 2.
1367 1124 1397 1149 4.
1412 1123 1503 1156 Par..
1529 1122 1615 1149 unde
1629 1121 1721 1149 Colv.
1737 1120 1876 1148 coniecit

71 1167 197 1196 inciens
217 1170 269 1197 vel
286 1167 434 1198 inhians.
482 1168 653 1206 inquietus
676 1171 713 1197 Ι..
728 1170 764 1196 G.
782 1170 810 1195 1.
826 1170 855 1196 2.
882 1169 920 1195 D.
942 1167 977 1195 P.
999 1169 1036 1194 R.
1058 1167 1077 1194 f.
1099 1163 1127 1195 δ’.
1142 1174 1177 1194 π.
1192 1168 1229 1194 Β.
1278 1174 1360 1194 sane
1380 1174 1435 1201 pro
1445 1164 1522 1201 fine
1542 1167 1619 1194 Bas.
1635 1167 1664 1194 1.
1712 1164 1783 1193 sine
1803 1165 1824 1193 f.
1846 1173 1874 1199 p.

72 1214 186 1242 Vener.
212 1214 242 1241 2.
268 1214 412 1250 Vicera„
445 1215 527 1248 quod
554 1214 690 1248 Lipsius
716 1214 749 1241 in
775 1212 870 1240 sanie
900 1215 1072 1240 commutat
1083 1233 1090 1247 ,
1123 1214 1287 1245 receptum
1313 1219 1333 1240 a
1357 1211 1463 1240 Paris.
1482 1210 1583 1250 sarie
1608 1208 1637 1239 ὃ.
1685 1209 1833 1238 lascinia
1853 1209 1874 1238 f.

71 1255 205 1285 Fotidis
224 1260 260 1287 G.
277 1260 305 1287 1.

127 1357 285 1396 invadit
309 1362 347 1396 et
371 1358 566 1396 relictam.
622 1356 684 1394 Ex
709 1369 814 1394 inore
840 1356 942 1393 enim

71 1413 190 1465 inepti
221 1416 416 1452 amatores
448 1414 558 1452 eibos
590 1417 866 1464 praegustatos
903 1415 943 1449 et

70 1468 284 1520 praelibata
307 1469 448 1520 pocula
471 1470 718 1521 porrigebant
737 1470 820 1508 suis
840 1482 941 1506 ania-

70 1527 140 1564 siis
165 1525 385 1566 haurienda.
434 1526 497 1564 De
523 1540 598 1576 quo
625 1540 698 1564 usu
712 1525 814 1564 Elin.
841 1538 942 1563 Conl-

70 1585 196 1633 parat:
239 1582 385 1630 senec.
413 1596 475 1634 ap.
501 1582 658 1621 Hieron.
684 1583 771 1621 adv.
798 1581 940 1619 lovian.

70 1637 98 1677 Ι.
123 1652 207 1689 cap.
240 1639 304 1678 ult.
332 1641 394 1690 qui
426 1639 477 1677 de
508 1653 639 1678 amore
668 1639 776 1677 dicit:
805 1639 940 1690 potio-

73 1709 160 1734 nem
189 1695 345 1737 nullam
368 1697 448 1735 m'si
471 1698 615 1735 uxoris
641 1697 767 1736 labris
792 1699 942 1735 tactam

71 1751 287 1791 hauriebat
311 1751 414 1804 [Intt.
435 1753 483 1791 ad
504 1752 617 1791 Ovid.
633 1753 765 1791 Amor.
780 1751 806 1790 l.
823 1755 858 1790 4.
875 1754 940 1791 33.

71 1811 110 1846 et
133 1807 289 1847 Heroid.
314 1808 440 1848 XVII.
468 1812 532 1850 79.
558 1809 622 1848 ubi
647 1809 695 1847 cf.
721 1807 895 1859 Ruhnkj

129 1865 308 1917 Sequens
336 1870 386 1904 et.
453 1866 712 1918 Sequensque
748 1871 786 1905 et
816 1865 944 1902 lectio-

70 1934 159 1959 nem
196 1935 311 1972 quam
343 1920 444 1961 Oud.
482 1926 608 1961 tuetur
646 1924 682 1960 in
715 1922 820 1960 nullo
858 1920 941 1959 cod.

70 1978 300 2029 reperiatur,
343 1979 526 2030 equidem
568 1980 692 2017 reieci.
755 1977 856 2016 Oud.
894 1976 943 2015 de

69 2033 132 2072 his
164 2034 362 2085 particulis
393 2035 506 2073 affert
536 2034 661 2074 Periz.
693 2036 729 2073 in
751 2034 860 2073 Diss.
893 2033 943 2071 de

70 2089 173 2129 Dict.
204 2089 303 2129 Cret.
335 2091 367 2142 §.
403 2096 464 2137 15.
495 2090 562 2130 Dr.
595 2092 644 2130 ad
668 2090 754 2129 Liv.
782 2090 848 2128 lV.
875 2091 940 2129 31.

70 2145 121 2184 X.
137 2149 201 2187 30.
218 2145 318 2185 Cort.
334 2147 383 2186 ad
392 2147 488 2186 Sall.
506 2146 574 2198 lug
604 2151 638 2188 6.
655 2148 685 2198 §.
702 2151 738 2187 3.
760 2146 890 2185 Burni.
905 2149 944 2183 et

72 2215 146 2240 sua
159 2202 247 2242 dict.
262 2203 312 2241 ad
326 2203 436 2242 Suet.
454 2202 566 2242 Caes.
585 2208 647 2244 11.
668 2203 715 2242 cs.
732 2201 940 2241 Met.V111.

73 2273 112 2310 p.
138 2262 230 2300 506.
270 2258 348 2311 [cui
386 2260 488 2298 adde
518 2258 700 2299 Passow.
738 2260 788 2297 ad
820 2257 941 2297 Tacit.

72 2315 201 2354 Germ.
215 2314 360 2355 XLVI.
387 2316 446 2356 sm.
467 2315 571 2367 Rup.
599 2317 648 2354 ad
674 2316 795 2354 eiusd.
812 2315 943 2354 Germ.

71 2370 100 2410 1.
123 2376 156 2412 1.
172 2371 294 2411 Orell.
315 2372 365 2411 ad
386 2371 460 2412 Cic.
484 2372 618 2423 Topic.
635 2377 671 2413 2.
693 2373 776 2422 §.6
797 2386 833 2423 p.
849 2376 943 2412 374.

72 2429 137 2478 qui
174 2441 198 2465 a
229 2427 415 2467 Cicerone
452 2429 553 2467 hunc
589 2443 701 2467 usum
738 2429 941 2467 abiudicat.

70 2482 205 2523 Arntz.
230 2485 278 2523 ad
304 2484 402 2524 Plin.
431 2485 525 2524 Pan.
547 2490 583 2526 2.
611 2487 640 2537 Q.
663 2490 698 2525 8.
759 2484 815 2523 lta
840 2485 944 2536 apud

72 2541 216 2580 Arnob.
236 2540 320 2579 Vll.
336 2545 400 2582 21.
427 2543 703 2581 restituendum
730 2546 792 2579 est
817 2546 943 2581 certa-

74 2611 150 2650 que
180 2603 218 2637 et
245 2599 574 2650 supplicamenta
603 2599 808 2650 praestari
839 2597 944 2648 quod

72 2654 210 2692 iisdem
235 2655 361 2693 verbis
388 2668 477 2706 sqq.
505 2656 790 2707 comprobatur,
817 2658 855 2692 et
880 2667 941 2705 ap.

71 2708 200 2750 Burni.
231 2711 268 2749 in
293 2711 453 2751 Anthoi.
480 2710 569 2750 Lat.
597 2710 641 2750 T.
668 2710 694 2749 Ι.
721 2726 758 2763 p.
785 2714 878 2752 373.
905 2711 940 2749 in

72 2771 297 2817 argumento
335 2767 474 2819 virgil.
517 2781 606 2820 opp.
646 2769 761 2807 Τιιησ
803 2768 943 2820 apium

71 2823 283 2877 sedemque
308 2829 346 2863 et
368 2825 496 2864 mellis
521 2825 632 2864 [lona
656 2829 836 2864 recenset
858 2825 880 2862 i.
907 2838 940 2863 e.

72 2879 257 2919 alvearia
287 2894 337 2918 ex
367 2881 473 2932 Virg.
505 2880 648 2931 Georg.
680 2880 748 2919 IV.
782 2884 875 2921 228.
908 2882 943 2920 si

76 2937 244 2987 quando
286 2937 414 2976 sedem
452 2942 667 2990 mzyustam
707 2942 944 2991 servataque

72 2992 222 3045 mella]

128 3050 304 3088 madens.
365 3049 585 3102 [Madidns
621 3055 660 3089 et
694 3050 858 3089 madere
895 3050 944 3088 de

75 3104 187 3143 ebriis
228 3106 299 3144 dici
338 3111 466 3145 notum
499 3111 570 3146 est.
619 3106 667 3145 cs.
700 3105 862 3146 Taubni.
895 3107 944 3146 ad

353 1259 450 1288 meis.
499 1261 670 1286 moso-ans
684 1260 718 1287 G.
736 1260 764 1286 1.
786 1262 817 1286 ut
838 1258 970 1286 assolet.

1000 1353 1127 1392 Plaut.
1153 1354 1273 1393 Most.
1296 1353 1320 1392 l.
1353 1359 1386 1393 4.
1406 1358 1469 1395 23.
1496 1354 1631 1392 Heius.
1660 1355 1825 1393 Advers.
1848 1352 1874 1392 l.

1001 1425 1032 1448 c.
1051 1414 1112 1451 10.
1129 1424 1164 1461 p.
1184 1415 1272 1451 101.
1295 1410 1390 1448 Met.
1408 1409 1522 1461 111.p.
1539 1414 1630 1451 207.
1647 1409 1714 1448 Vl.
1728 1425 1766 1462 p.
1781 1414 1874 1451 401.

1000 1466 1157 1506 Ruhnk.
1190 1466 1292 1505 Diet.
1326 1467 1375 1506 ad
1402 1466 1511 1505 Suet.
1549 1480 1585 1517 p.
1614 1470 1709 1507 308.
1756 1466 1874 1506 Fron-

1000 1528 1076 1562 ton.
1104 1523 1154 1562 de
1176 1523 1278 1562 seriis
1299 1523 1471 1563 Alsiens.
1499 1537 1536 1574 p.
1553 1526 1646 1563 210.
1675 1523 1735 1562 ed.
1761 1522 1875 1561 Rom.

999 1580 1046 1619 cf.
1079 1579 1220 1619 Heind.
1253 1584 1292 1619 et
1322 1578 1445 1618 Orell.
1479 1579 1527 1618 ad
1559 1578 1693 1618 Horat.
1721 1579 1803 1618 Sat.
1830 1578 1875 1618 ll.

1003 1642 1038 1677 1.
1065 1640 1100 1678 9.
1125 1636 1256 1688 Kopp.
1290 1636 1341 1674 ad
1370 1635 1483 1674 Mart.
1517 1635 1666 1688 Capell.
1693 1634 1719 1674 Ι.
1752 1635 1783 1685 §.
1809 1639 1874 1677 82.

999 1707 1036 1745 p.
1067 1697 1156 1734 123.
1183 1693 1285 1744 Rup.
1311 1693 1362 1732 ad
1386 1692 1466 1731 Iuv.
1492 1692 1558 1731 Vl.
1585 1692 1696 1745 297.]

1057 1751 1192 1789 animo
1209 1774 1258 1778 —
1276 1763 1453 1802 corpore
1473 1748 1538 1801 [cf.
1548 1749 1717 1800 August.
1732 1748 1782 1787 de
1793 1747 1873 1787 Civ.

1000 1806 1049 1845 D.
1070 1806 1178 1845 XIV.
1202 1810 1263 1847 16.
1290 1806 1340 1844 de
1362 1806 1457 1844 Sala
1482 1805 1530 1844 ad
1551 1804 1707 1844 Petron.
1733 1820 1764 1844 c.
1782 1809 1873 1846 130.

1004 1877 1041 1914 p.
1069 1867 1160 1905 265.
1187 1863 1336 1915 Burm.]

1059 1921 1228 1972 inquies.
1290 1919 1419 1972 [Hunc
1455 1919 1616 1958 sormam
1647 1918 1752 1957 Oud.
1790 1932 1874 1971 pro-

1002 1977 1067 2015 bat
1103 1989 1153 2014 ex
1186 1975 1317 2014 multis
1354 1975 1548 2027 exemplis
1585 1989 1687 2026 quae
1717 1975 1875 2028 longum

1001 2036 1063 2072 est
1087 2036 1275 2084 repetere.
1325 2032 1371 2072 cf.
1395 2031 1528 2071 Eekst.
1554 2032 1606 2071 ad
1621 2032 1742 2072 Voss.
1755 2033 1874 2071 Arist.

1001 2088 1047 2126 ΙΙ.
1073 2103 1108 2141 p.
1138 2088 1248 2141 664]

1054 2148 1145 2198 fine.
1194 2145 1280 2184 Hoc
1299 2159 1348 2183 ex
1369 2149 1462 2198 optt.
1484 2145 1597 2184 codd.
1611 2146 1757 2196 recepit
1770 2144 1872 2184 Oud.

1002 2202 1207 2240 defensum
1233 2203 1308 2241 iani
1333 2203 1382 2242 ab
1408 2202 1544 2241 Heius.
1571 2202 1621 2241 ad
1646 2201 1761 2241 ovid.
1776 2201 1873 2240 Met.

1001 2258 1052 2297 X.
1091 2262 1185 2299 536.
1258 2259 1420 2298 Summa
1467 2259 1568 2298 enim
1614 2263 1721 2309 parte
1765 2259 1875 2297 nobi-

1002 2315 1143 2353 lissimi
1176 2317 1349 2367 corporis
1388 2316 1561 2354 ostendit
1590 2314 1721 2353 Fotidi
1752 2316 1873 2366 impa-

1002 2372 1173 2412 tientiam
1188 2372 1354 2411 Veneris
1381 2372 1448 2424 [cf.
1471 2386 1571 2424 quos
1591 2373 1731 2410 excitat
1751 2371 1873 2410 Bach.

1001 2428 1052 2467 ad
1076 2427 1190 2466 Ovid.
1216 2427 1313 2468 Met.
1351 2429 1372 2466 l.
1405 2428 1443 2468 d.
1473 2429 1617 2479 Hygin.
1653 2428 1676 2467 f.
1709 2432 1774 2469 82.
1800 2427 1874 2468 Be-

1001 2484 1099 2524 neck
1123 2485 1174 2523 ad
1198 2483 1290 2524 lust.
1316 2484 1448 2524 XXX.
1476 2486 1537 2538 4.]

1059 2542 1214 2581 lacinia
1239 2547 1405 2581 remota.
1440 2542 1615 2595 [Vestem
1640 2556 1667 2581 s.
1695 2542 1873 2581 tunicam

1003 2599 1134 2638 letare
1165 2611 1236 2636 eos
1273 2599 1365 2644 dici,
1404 2599 1467 2648 qui
1505 2598 1555 2636 ad
1588 2598 1782 2636 Venerem
1808 2611 1873 2650 pa-

999 2656 1069 2694 rati
1099 2658 1207 2700 sunt,
1235 2654 1427 2705 exemplis
1459 2655 1626 2693 illustrat
1661 2653 1797 2693 Munk.
1824 2654 1874 2693 ad

999 2709 1143 2763 Hygin.
1172 2711 1246 2750 sab.
1275 2710 1538 2750 CLXXXIX.
1563 2725 1601 2763 p.
1627 2711 1746 2764 313.]

1056 2769 1353 2821 impatientiam
1391 2767 1477 2819 [Sic
1507 2767 1682 2818 appellat
1711 2767 1874 2807 inhone-

998 2829 1100 2864 stam
1141 2824 1327 2863 libidinis
1362 2825 1626 2877 prariyinem
1668 2824 1716 2862 cf.
1755 2823 1874 2863 Gron.

1001 2880 1099 2919 obs.
1130 2879 1196 2918 IV.
1224 2885 1287 2921 25.
1320 2894 1355 2931 p.
1382 2884 1474 2920 827.
1507 2880 1566 2918 ed.
1599 2879 1709 2932 Lips.
1741 2879 1872 2932 Kopp.

1000 2937 1048 2975 ad
1079 2935 1193 2976 Mart.
1227 2936 1319 2987 Cap.
1345 2936 1371 2974 l.
1403 2936 1435 2986 ξ.
1463 2941 1498 2976 7.
1530 2950 1566 2988 p.
1593 2940 1658 2978 26.
1722 2936 1873 2976 Eodem

1001 3007 1124 3033 sensu
1160 2994 1458 3033 incontinentia
1493 2996 1698 3045 usurpatur
1727 2994 1775 3032 ab
1801 2993 1872 3032 Ar-

1001 3051 1089 3089 nob.
1113 3050 1163 3088 V.
1192 3054 1253 3090 10.
1280 3049 1402 3088 ebibit
1432 3049 1601 3090 Iovialis
1624 3051 1874 3090 incontinen-

1002 3109 1084 3147 tiae
1105 3106 1380 3159 foeditate-nt]
