<?xml version="1.0" encoding="UTF-8"?>
<!DOCTYPE html PUBLIC "-//W3C//DTD XHTML 1.0 Transitional//EN"
    "http://www.w3.org/TR/xhtml1/DTD/xhtml1-transitional.dtd">
<html xmlns="http://www.w3.org/1999/xhtml" xml:lang="en" lang="en">
 <head>
  <title>
</title>
<meta http-equiv="Content-Type" content="text/html;charset=utf-8" />
  <meta name='ocr-system' content='tesseract 3.04.00' />
  <meta name='ocr-capabilities' content='ocr_page ocr_carea ocr_par ocr_line ocrx_word'/>
</head>
<body>
  <div class='ocr_page' id='page_1' title='image "./operaomnia01apuluoft/operaomnia01apuluoft_0649.png"; bbox 0 0 2155 3590; ppageno 0'>
   <div class='ocr_carea' id='block_1_1' title="bbox 97 129 2010 411">
    <p class='ocr_par' dir='ltr' id='par_1_1' title="bbox 97 129 2010 411">
     <span class='ocr_line' id='line_1_1' title="bbox 685 129 1893 173; baseline 0.002 -3"><span class='ocrx_word' id='word_1_1' title='bbox 685 129 874 171; x_wconf 86' lang='lat' dir='ltr'>LIBER</span> <span class='ocrx_word' id='word_1_2' title='bbox 906 131 977 173; x_wconf 79' lang='lat' dir='ltr'><strong>vl.</strong></span> <span class='ocrx_word' id='word_1_3' title='bbox 1037 129 1161 171; x_wconf 85' lang='lat' dir='ltr'><strong>CAP.</strong></span> <span class='ocrx_word' id='word_1_4' title='bbox 1186 129 1305 170; x_wconf 84' lang='lat' dir='ltr'><strong>XXI.</strong></span> <span class='ocrx_word' id='word_1_5' title='bbox 1811 129 1893 172; x_wconf 82' lang='lat'>469</span> 
     </span>
     <span class='ocr_line' id='line_1_2' title="bbox 101 240 2010 299; baseline -0.004 -13"><span class='ocrx_word' id='word_1_6' title='bbox 101 244 216 298; x_wconf 83' lang='lat' dir='ltr'>stigio</span> <span class='ocrx_word' id='word_1_7' title='bbox 247 244 406 297; x_wconf 87' lang='lat' dir='ltr'>ipsaque</span> <span class='ocrx_word' id='word_1_8' title='bbox 436 244 574 284; x_wconf 81' lang='lat' dir='ltr'>semita</span> <span class='ocrx_word' id='word_1_9' title='bbox 605 244 665 284; x_wconf 83' lang='lat' dir='ltr'>eol</span> <span class='ocrx_word' id='word_1_10' title='bbox 690 243 802 296; x_wconf 80' lang='lat' dir='ltr'>lapsa</span> <span class='ocrx_word' id='word_1_11' title='bbox 832 244 1015 299; x_wconf 85' lang='lat' dir='ltr'><strong>possidet.</strong></span> <span class='ocrx_word' id='word_1_12' title='bbox 1074 243 1128 284; x_wconf 82' lang='lat' dir='ltr'>Et</span> <span class='ocrx_word' id='word_1_13' title='bbox 1156 242 1309 284; x_wconf 83' lang='lat' dir='ltr'>iac-ebat.</span> <span class='ocrx_word' id='word_1_14' title='bbox 1339 240 1559 291; x_wconf 69' lang='lat' dir='ltr'>immobilis.</span> <span class='ocrx_word' id='word_1_15' title='bbox 1591 249 1629 282; x_wconf 88' lang='lat' dir='ltr'>et</span> <span class='ocrx_word' id='word_1_16' title='bbox 1654 242 1749 282; x_wconf 85' lang='lat' dir='ltr'>nihil</span> <span class='ocrx_word' id='word_1_17' title='bbox 1786 242 1888 282; x_wconf 87' lang='lat' dir='ltr'>aliud</span> <span class='ocrx_word' id='word_1_18' title='bbox 1914 246 2010 291; x_wconf 74' lang='lat'><strong>[182]</strong></span> 
     </span>
     <span class='ocr_line' id='line_1_3' title="bbox 99 297 1886 354; baseline -0.001 -14"><span class='ocrx_word' id='word_1_19' title='bbox 99 314 209 354; x_wconf 88' lang='lat' dir='ltr'>quam</span> <span class='ocrx_word' id='word_1_20' title='bbox 236 300 431 340; x_wconf 88' lang='lat' dir='ltr'>dormiens</span> <span class='ocrx_word' id='word_1_21' title='bbox 458 301 640 341; x_wconf 81' lang='lat' dir='ltr'>cadaver.</span> <span class='ocrx_word' id='word_1_22' title='bbox 684 299 746 340; x_wconf 62' lang='lat' dir='ltr'>*ed</span> <span class='ocrx_word' id='word_1_23' title='bbox 776 299 926 354; x_wconf 88' lang='lat' dir='ltr'>Cupido</span> <span class='ocrx_word' id='word_1_24' title='bbox 951 300 1028 341; x_wconf 87' lang='lat' dir='ltr'>iam</span> <span class='ocrx_word' id='word_1_25' title='bbox 1055 300 1238 341; x_wconf 79' lang='lat' dir='ltr'>cicatrice</span> <span class='ocrx_word' id='word_1_26' title='bbox 1262 297 1386 339; x_wconf 84' lang='lat' dir='ltr'>solida</span> <span class='ocrx_word' id='word_1_27' title='bbox 1411 298 1677 348; x_wconf 69' lang='lat' dir='ltr'>revalescens,</span> <span class='ocrx_word' id='word_1_28' title='bbox 1707 312 1778 339; x_wconf 79' lang='lat' dir='ltr'>nee</span> <span class='ocrx_word' id='word_1_29' title='bbox 1804 299 1886 338; x_wconf 91' lang='lat' dir='ltr'>diu-</span> 
     </span>
     <span class='ocr_line' id='line_1_4' title="bbox 97 354 1887 411; baseline -0.001 -15"><span class='ocrx_word' id='word_1_30' title='bbox 97 357 216 396; x_wconf 82' lang='lat' dir='ltr'><strong>tinam</strong></span> <span class='ocrx_word' id='word_1_31' title='bbox 242 369 335 396; x_wconf 85' lang='lat' dir='ltr'>suae</span> <span class='ocrx_word' id='word_1_32' title='bbox 359 355 533 410; x_wconf 74' lang='lat' dir='ltr'>Psyches</span> <span class='ocrx_word' id='word_1_33' title='bbox 559 356 776 396; x_wconf 78' lang='lat' dir='ltr'>absentiam</span> <span class='ocrx_word' id='word_1_34' title='bbox 805 357 993 406; x_wconf 83' lang='lat' dir='ltr'>tolerans,</span> <span class='ocrx_word' id='word_1_35' title='bbox 1023 371 1092 411; x_wconf 91' lang='lat' dir='ltr'>per</span> <span class='ocrx_word' id='word_1_36' title='bbox 1116 355 1351 397; x_wconf 82' lang='lat' dir='ltr'>artissimam</span> <span class='ocrx_word' id='word_1_37' title='bbox 1369 354 1508 404; x_wconf 84' lang='lat' dir='ltr'>cubili,</span> <span class='ocrx_word' id='word_1_38' title='bbox 1537 368 1612 407; x_wconf 88' lang='lat' dir='ltr'>quo</span> <span class='ocrx_word' id='word_1_39' title='bbox 1632 354 1887 396; x_wconf 80' lang='lat' dir='ltr'>cohibebatur</span> 
     </span>
    </p>
   </div>
   <div class='ocr_carea' id='block_1_2' title="bbox 95 409 1883 468">
    <p class='ocr_par' dir='ltr' id='par_1_2' title="bbox 95 409 1883 468">
     <span class='ocr_line' id='line_1_5' title="bbox 95 409 1883 468; baseline -0.002 -15"><span class='ocrx_word' id='word_1_40' title='bbox 95 412 246 468; x_wconf 85' lang='lat' dir='ltr'>clapsus</span> <span class='ocrx_word' id='word_1_41' title='bbox 266 413 500 462; x_wconf 76' lang='lat' dir='ltr'>fenestram,</span> <span class='ocrx_word' id='word_1_42' title='bbox 528 412 765 466; x_wconf 67' lang='lat' dir='ltr'>resectisque</span> <span class='ocrx_word' id='word_1_43' title='bbox 783 413 911 466; x_wconf 81' lang='lat' dir='ltr'>pinnis</span> <span class='ocrx_word' id='word_1_44' title='bbox 937 414 1139 466; x_wconf 86' lang='lat' dir='ltr'>aliquanta</span> <span class='ocrx_word' id='word_1_45' title='bbox 1165 412 1315 467; x_wconf 81' lang='lat' dir='ltr'>quiete,</span> <span class='ocrx_word' id='word_1_46' title='bbox 1344 411 1461 464; x_wconf 83' lang='lat' dir='ltr'>longe</span> <span class='ocrx_word' id='word_1_47' title='bbox 1481 409 1653 450; x_wconf 83' lang='lat' dir='ltr'>velocius</span> <span class='ocrx_word' id='word_1_48' title='bbox 1674 411 1883 465; x_wconf 82' lang='lat' dir='ltr'>provolans</span> 
     </span>
    </p>
   </div>
   <div class='ocr_carea' id='block_1_3' title="bbox 90 525 1882 613">
    <p class='ocr_par' dir='ltr' id='par_1_3' title="bbox 90 525 1882 613">
     <span class='ocr_line' id='line_1_6' title="bbox 92 525 1882 567; baseline -0.001 -8"><span class='ocrx_word' id='word_1_49' title='bbox 92 530 253 567; x_wconf 75' lang='lat' dir='ltr'>conlapsa.</span> <span class='ocrx_word' id='word_1_50' title='bbox 266 532 302 560; x_wconf 82' lang='lat' dir='ltr'>F.</span> <span class='ocrx_word' id='word_1_51' title='bbox 318 533 347 559; x_wconf 92' lang='lat'><strong>·1.</strong></span> <span class='ocrx_word' id='word_1_52' title='bbox 361 534 390 559; x_wconf 71' lang='lat'>3.</span> <span class='ocrx_word' id='word_1_53' title='bbox 407 534 441 559; x_wconf 82' lang='lat' dir='ltr'>G.</span> <span class='ocrx_word' id='word_1_54' title='bbox 456 532 490 559; x_wconf 91' lang='lat' dir='ltr'>P.</span> <span class='ocrx_word' id='word_1_55' title='bbox 507 531 528 559; x_wconf 84' lang='lat' dir='ltr'>f.</span> <span class='ocrx_word' id='word_1_56' title='bbox 543 532 577 560; x_wconf 92' lang='grc'>0.</span> <span class='ocrx_word' id='word_1_57' title='bbox 603 529 743 558; x_wconf 78' lang='lat' dir='ltr'>conlasa</span> <span class='ocrx_word' id='word_1_58' title='bbox 755 531 795 560; x_wconf 92' lang='lat' dir='ltr'>D.</span> <span class='ocrx_word' id='word_1_59' title='bbox 827 528 1012 566; x_wconf 74' lang='lat' dir='ltr'>collapsam</span> <span class='ocrx_word' id='word_1_60' title='bbox 1024 530 1143 565; x_wconf 73' lang='lat' dir='ltr'>legitur</span> <span class='ocrx_word' id='word_1_61' title='bbox 1156 531 1188 559; x_wconf 87' lang='lat' dir='ltr'>iu</span> <span class='ocrx_word' id='word_1_62' title='bbox 1203 533 1274 559; x_wconf 82' lang='lat' dir='ltr'>cett.</span> <span class='ocrx_word' id='word_1_63' title='bbox 1287 529 1375 558; x_wconf 77' lang='lat' dir='ltr'>codd.</span> <span class='ocrx_word' id='word_1_64' title='bbox 1390 532 1418 556; x_wconf 86' lang='lat' dir='ltr'>et</span> <span class='ocrx_word' id='word_1_65' title='bbox 1434 525 1503 557; x_wconf 81' lang='lat' dir='ltr'>edd.</span> <span class='ocrx_word' id='word_1_66' title='bbox 1551 529 1613 556; x_wconf 90' lang='lat' dir='ltr'>Pro</span> <span class='ocrx_word' id='word_1_67' title='bbox 1627 525 1780 564; x_wconf 64' lang='lat' dir='ltr'>possidet</span> <span class='ocrx_word' id='word_1_68' title='bbox 1798 527 1831 556; x_wconf 89' lang='lat' dir='ltr'>in</span> <span class='ocrx_word' id='word_1_69' title='bbox 1846 529 1882 557; x_wconf 81' lang='lat' dir='ltr'>G.</span> 
     </span>
     <span class='ocr_line' id='line_1_7' title="bbox 90 569 1881 613; baseline -0.002 -8"><span class='ocrx_word' id='word_1_70' title='bbox 90 578 125 606; x_wconf 91' lang='lat' dir='ltr'>P.</span> <span class='ocrx_word' id='word_1_71' title='bbox 139 578 176 605; x_wconf 92' lang='lat' dir='ltr'>D.</span> <span class='ocrx_word' id='word_1_72' title='bbox 192 577 214 605; x_wconf 82' lang='lat' dir='ltr'>f.</span> <span class='ocrx_word' id='word_1_73' title='bbox 229 578 263 605; x_wconf 92' lang='grc' dir='ltr'>Ο.</span> <span class='ocrx_word' id='word_1_74' title='bbox 281 577 401 611; x_wconf 80' lang='lat' dir='ltr'>legitur</span> <span class='ocrx_word' id='word_1_75' title='bbox 419 576 538 604; x_wconf 73' lang='lat' dir='ltr'>vitiose</span> <span class='ocrx_word' id='word_1_76' title='bbox 550 578 631 612; x_wconf 74' lang='lat' dir='ltr'>post</span> <span class='ocrx_word' id='word_1_77' title='bbox 650 583 695 604; x_wconf 86' lang='lat' dir='ltr'>se.</span> <span class='ocrx_word' id='word_1_78' title='bbox 743 574 925 603; x_wconf 79' lang='lat' dir='ltr'>e.z·iacebat</span> <span class='ocrx_word' id='word_1_79' title='bbox 937 583 992 610; x_wconf 84' lang='lat' dir='ltr'>pro</span> <span class='ocrx_word' id='word_1_80' title='bbox 1007 578 1040 602; x_wconf 79' lang='lat' dir='ltr'>ee</span> <span class='ocrx_word' id='word_1_81' title='bbox 1052 574 1187 602; x_wconf 71' lang='lat' dir='ltr'>iacebat</span> <span class='ocrx_word' id='word_1_82' title='bbox 1208 577 1243 604; x_wconf 85' lang='lat' dir='ltr'>G.</span> <span class='ocrx_word' id='word_1_83' title='bbox 1256 576 1293 604; x_wconf 89' lang='lat' dir='ltr'>P.</span> <span class='ocrx_word' id='word_1_84' title='bbox 1315 569 1365 613; x_wconf 83' lang='lat' dir='ltr'>(iu</span> <span class='ocrx_word' id='word_1_85' title='bbox 1378 576 1520 607; x_wconf 77' lang='lat' dir='ltr'>excerpt.</span> <span class='ocrx_word' id='word_1_86' title='bbox 1535 574 1575 602; x_wconf 82' lang='lat' dir='ltr'>ad</span> <span class='ocrx_word' id='word_1_87' title='bbox 1588 580 1691 608; x_wconf 83' lang='lat' dir='ltr'>marg.</span> <span class='ocrx_word' id='word_1_88' title='bbox 1708 574 1755 601; x_wconf 80' lang='lat' dir='ltr'>ed.</span> <span class='ocrx_word' id='word_1_89' title='bbox 1772 573 1881 608; x_wconf 77' lang='lat' dir='ltr'>Colv.)</span> 
     </span>
    </p>
   </div>
   <div class='ocr_carea' id='block_1_4' title="bbox 87 615 1880 711">
    <p class='ocr_par' dir='ltr' id='par_1_4' title="bbox 87 615 1880 711">
     <span class='ocr_line' id='line_1_8' title="bbox 88 615 1880 666; baseline -0.002 -7"><span class='ocrx_word' id='word_1_90' title='bbox 88 631 233 659; x_wconf 70' lang='lat' dir='ltr'>mahat</span> <span class='ocrx_word' id='word_1_91' title='bbox 242 634 281 661; x_wconf 92' lang='lat' dir='ltr'>D.</span> <span class='ocrx_word' id='word_1_92' title='bbox 316 631 386 659; x_wconf 76' lang='lat' dir='ltr'>nici</span> <span class='ocrx_word' id='word_1_93' title='bbox 398 615 417 640; x_wconf 63' lang='grc' dir='ltr'><em>Γ</em></span> <span class='ocrx_word' id='word_1_94' title='bbox 437 630 533 659; x_wconf 78' lang='lat' dir='ltr'>aliud</span> <span class='ocrx_word' id='word_1_95' title='bbox 542 633 581 660; x_wconf 91' lang='lat' dir='ltr'>D.</span> <span class='ocrx_word' id='word_1_96' title='bbox 607 640 663 666; x_wconf 84' lang='lat' dir='ltr'>pro</span> <span class='ocrx_word' id='word_1_97' title='bbox 682 629 770 658; x_wconf 74' lang='lat' dir='ltr'>m&#39;ln&#39;l</span> <span class='ocrx_word' id='word_1_98' title='bbox 785 629 889 660; x_wconf 72' lang='lat' dir='ltr'>alind.</span> <span class='ocrx_word' id='word_1_99' title='bbox 936 629 1139 659; x_wconf 75' lang='lat' dir='ltr'>altissimam</span> <span class='ocrx_word' id='word_1_100' title='bbox 1158 633 1194 660; x_wconf 83' lang='lat' dir='ltr'>G.</span> <span class='ocrx_word' id='word_1_101' title='bbox 1210 632 1245 661; x_wconf 84' lang='lat' dir='ltr'>P.</span> <span class='ocrx_word' id='word_1_102' title='bbox 1264 632 1303 661; x_wconf 86' lang='lat' dir='ltr'><strong>D.</strong></span> <span class='ocrx_word' id='word_1_103' title='bbox 1318 631 1351 658; x_wconf 93' lang='grc'>0.</span> <span class='ocrx_word' id='word_1_104' title='bbox 1365 627 1394 659; x_wconf 85' lang='grc' dir='ltr'>δ.</span> <span class='ocrx_word' id='word_1_105' title='bbox 1409 630 1430 658; x_wconf 76' lang='lat' dir='ltr'>t.</span> <span class='ocrx_word' id='word_1_106' title='bbox 1446 638 1474 663; x_wconf 81' lang='lat' dir='ltr'><strong>p.</strong></span> <span class='ocrx_word' id='word_1_107' title='bbox 1511 628 1740 656; x_wconf 71' lang='lat' dir='ltr'>arctissimam</span> <span class='ocrx_word' id='word_1_108' title='bbox 1753 629 1880 657; x_wconf 63' lang='lat' dir='ltr'>Vir-ent.</span> 
     </span>
     <span class='ocr_line' id='line_1_9' title="bbox 87 670 1879 711; baseline -0.003 -5"><span class='ocrx_word' id='word_1_109' title='bbox 87 679 199 706; x_wconf 73' lang='lat' dir='ltr'>venet.</span> <span class='ocrx_word' id='word_1_110' title='bbox 214 679 339 705; x_wconf 80' lang='lat' dir='ltr'>2.1unt.</span> <span class='ocrx_word' id='word_1_111' title='bbox 358 678 384 705; x_wconf 91' lang='lat'>1.</span> <span class='ocrx_word' id='word_1_112' title='bbox 397 678 471 705; x_wconf 76' lang='lat' dir='ltr'>Ald.</span> <span class='ocrx_word' id='word_1_113' title='bbox 486 676 696 704; x_wconf 69' lang='lat' dir='ltr'>aetr&#39;ssimam</span> <span class='ocrx_word' id='word_1_114' title='bbox 712 676 828 705; x_wconf 72' lang='lat' dir='ltr'>vitiose</span> <span class='ocrx_word' id='word_1_115' title='bbox 840 677 952 706; x_wconf 73' lang='lat' dir='ltr'>Vener.</span> <span class='ocrx_word' id='word_1_116' title='bbox 968 677 998 706; x_wconf 77' lang='lat'>4.</span> <span class='ocrx_word' id='word_1_117' title='bbox 1021 677 1056 705; x_wconf 84' lang='lat' dir='ltr'>In</span> <span class='ocrx_word' id='word_1_118' title='bbox 1070 679 1141 706; x_wconf 77' lang='lat' dir='ltr'>cett.</span> <span class='ocrx_word' id='word_1_119' title='bbox 1157 674 1377 706; x_wconf 72' lang='lat' dir='ltr'>artissimum.</span> <span class='ocrx_word' id='word_1_120' title='bbox 1415 673 1634 702; x_wconf 74' lang='lat' dir='ltr'>cleoae&#39;bebatur</span> <span class='ocrx_word' id='word_1_121' title='bbox 1647 675 1684 702; x_wconf 91' lang='lat' dir='ltr'>D.</span> <span class='ocrx_word' id='word_1_122' title='bbox 1717 673 1837 711; x_wconf 69' lang='lat' dir='ltr'>pennis</span> <span class='ocrx_word' id='word_1_123' title='bbox 1850 670 1879 701; x_wconf 77' lang='grc' dir='ltr'>ι).</span> 
     </span>
    </p>
   </div>
   <div class='ocr_carea' id='block_1_5' title="bbox 87 722 299 750">
    <p class='ocr_par' dir='ltr' id='par_1_5' title="bbox 87 722 299 750">
     <span class='ocr_line' id='line_1_10' title="bbox 87 722 299 750; baseline -0.005 0"><span class='ocrx_word' id='word_1_124' title='bbox 87 730 173 750; x_wconf 84' lang='lat' dir='ltr'>more</span> <span class='ocrx_word' id='word_1_125' title='bbox 192 722 299 750; x_wconf 81' lang='lat' dir='ltr'>solito.</span> 
     </span>
    </p>
   </div>
   <div class='ocr_carea' id='block_1_6' title="bbox 54 809 951 3163">
    <p class='ocr_par' dir='ltr' id='par_1_6' title="bbox 75 809 951 1309">
     <span class='ocr_line' id='line_1_11' title="bbox 78 809 951 861; baseline 0.001 -13"><span class='ocrx_word' id='word_1_126' title='bbox 78 809 272 861; x_wconf 78' lang='lat' dir='ltr'>petulans</span> <span class='ocrx_word' id='word_1_127' title='bbox 297 815 337 848; x_wconf 85' lang='lat' dir='ltr'>et</span> <span class='ocrx_word' id='word_1_128' title='bbox 360 810 617 856; x_wconf 75' lang='lat' dir='ltr'>libidinosus,</span> <span class='ocrx_word' id='word_1_129' title='bbox 651 812 766 850; x_wconf 76' lang='lat' dir='ltr'>cuins</span> <span class='ocrx_word' id='word_1_130' title='bbox 792 811 951 849; x_wconf 69' lang='lat' dir='ltr'>obiectu</span> 
     </span>
     <span class='ocr_line' id='line_1_12' title="bbox 80 865 951 920; baseline -0.001 -16"><span class='ocrx_word' id='word_1_131' title='bbox 80 866 278 917; x_wconf 79' lang='lat' dir='ltr'>probrum</span> <span class='ocrx_word' id='word_1_132' title='bbox 287 865 951 920; x_wconf 78' lang='lat' dir='ltr'>obiectamus,alteriusquefammn</span> 
     </span>
     <span class='ocr_line' id='line_1_13' title="bbox 83 921 949 974; baseline 0.001 -15"><span class='ocrx_word' id='word_1_133' title='bbox 83 921 278 960; x_wconf 74' lang='lat' dir='ltr'>laedimus</span> <span class='ocrx_word' id='word_1_134' title='bbox 303 926 339 960; x_wconf 84' lang='lat' dir='ltr'>et</span> <span class='ocrx_word' id='word_1_135' title='bbox 364 922 621 961; x_wconf 78' lang='lat' dir='ltr'>detestamur:</span> <span class='ocrx_word' id='word_1_136' title='bbox 649 927 686 960; x_wconf 85' lang='lat' dir='ltr'>et</span> <span class='ocrx_word' id='word_1_137' title='bbox 713 923 812 974; x_wconf 79' lang='lat' dir='ltr'>qnia</span> <span class='ocrx_word' id='word_1_138' title='bbox 839 922 949 961; x_wconf 76' lang='lat' dir='ltr'>deses</span> 
     </span>
     <span class='ocr_line' id='line_1_14' title="bbox 81 978 948 1028; baseline 0.002 -14"><span class='ocrx_word' id='word_1_139' title='bbox 81 981 122 1015; x_wconf 82' lang='lat' dir='ltr'>ct</span> <span class='ocrx_word' id='word_1_140' title='bbox 144 978 315 1028; x_wconf 72' lang='lat' dir='ltr'>iynarus</span> <span class='ocrx_word' id='word_1_141' title='bbox 337 978 379 1016; x_wconf 72' lang='lat' dir='ltr'>fn</span> <span class='ocrx_word' id='word_1_142' title='bbox 405 979 537 1016; x_wconf 81' lang='lat' dir='ltr'>medio</span> <span class='ocrx_word' id='word_1_143' title='bbox 556 979 655 1018; x_wconf 76' lang='lat' dir='ltr'>situs</span> <span class='ocrx_word' id='word_1_144' title='bbox 674 979 778 1018; x_wconf 80' lang='lat' dir='ltr'>nulli</span> <span class='ocrx_word' id='word_1_145' title='bbox 797 980 857 1017; x_wconf 81' lang='lat' dir='ltr'>rei</span> <span class='ocrx_word' id='word_1_146' title='bbox 876 978 948 1017; x_wconf 78' lang='lat' dir='ltr'>acl-</span> 
     </span>
     <span class='ocr_line' id='line_1_15' title="bbox 80 1033 945 1085; baseline 0.003 -16"><span class='ocrx_word' id='word_1_147' title='bbox 80 1033 253 1072; x_wconf 77' lang='lat' dir='ltr'>iamcnto</span> <span class='ocrx_word' id='word_1_148' title='bbox 267 1038 339 1079; x_wconf 87' lang='lat' dir='ltr'>est,</span> <span class='ocrx_word' id='word_1_149' title='bbox 364 1035 521 1073; x_wconf 68' lang='lat' dir='ltr'>iccirco</span> <span class='ocrx_word' id='word_1_150' title='bbox 536 1034 855 1085; x_wconf 71' lang='lat' dir='ltr'>despectissimus</span> <span class='ocrx_word' id='word_1_151' title='bbox 871 1039 945 1072; x_wconf 80' lang='lat' dir='ltr'>est.-</span> 
     </span>
     <span class='ocr_line' id='line_1_16' title="bbox 82 1089 947 1141; baseline 0.001 -15"><span class='ocrx_word' id='word_1_152' title='bbox 82 1089 152 1140; x_wconf 80' lang='lat' dir='ltr'>qni</span> <span class='ocrx_word' id='word_1_153' title='bbox 174 1089 290 1127; x_wconf 72' lang='lat' dir='ltr'>etiam</span> <span class='ocrx_word' id='word_1_154' title='bbox 316 1103 488 1141; x_wconf 69' lang='lat' dir='ltr'>verpus</span> <span class='ocrx_word' id='word_1_155' title='bbox 513 1090 738 1130; x_wconf 77' lang='lat' dir='ltr'>dicebatur.</span> <span class='ocrx_word' id='word_1_156' title='bbox 764 1089 870 1128; x_wconf 86' lang='lat' dir='ltr'>Idem</span> <span class='ocrx_word' id='word_1_157' title='bbox 884 1103 947 1127; x_wconf 77' lang='lat' dir='ltr'>vo-</span> 
     </span>
     <span class='ocr_line' id='line_1_17' title="bbox 79 1143 946 1184; baseline 0.002 -3"><span class='ocrx_word' id='word_1_158' title='bbox 79 1143 257 1182; x_wconf 87' lang='lat' dir='ltr'>cabulum</span> <span class='ocrx_word' id='word_1_159' title='bbox 293 1145 462 1184; x_wconf 86' lang='lat' dir='ltr'>fortasse</span> <span class='ocrx_word' id='word_1_160' title='bbox 497 1146 773 1184; x_wconf 82' lang='lat' dir='ltr'>restituendum</span> <span class='ocrx_word' id='word_1_161' title='bbox 811 1150 874 1184; x_wconf 90' lang='lat' dir='ltr'>est</span> <span class='ocrx_word' id='word_1_162' title='bbox 911 1147 946 1183; x_wconf 90' lang='lat' dir='ltr'>in</span> 
     </span>
     <span class='ocr_line' id='line_1_18' title="bbox 79 1199 944 1253; baseline 0.002 -15"><span class='ocrx_word' id='word_1_163' title='bbox 79 1199 215 1239; x_wconf 80' lang='lat' dir='ltr'>Gloss.</span> <span class='ocrx_word' id='word_1_164' title='bbox 253 1199 384 1251; x_wconf 72' lang='lat' dir='ltr'>cyrill.</span> <span class='ocrx_word' id='word_1_165' title='bbox 423 1215 458 1253; x_wconf 89' lang='lat' dir='ltr'>p.</span> <span class='ocrx_word' id='word_1_166' title='bbox 485 1205 577 1241; x_wconf 73' lang='lat'><strong>438.</strong></span> <span class='ocrx_word' id='word_1_167' title='bbox 614 1204 752 1253; x_wconf 70' lang='grc' dir='ltr'>Λρίλος</span> <span class='ocrx_word' id='word_1_168' title='bbox 788 1215 944 1253; x_wconf 67' lang='lat' dir='ltr'>rev-pus.</span> 
     </span>
     <span class='ocr_line' id='line_1_19' title="bbox 75 1255 801 1309; baseline 0.004 -16"><span class='ocrx_word' id='word_1_169' title='bbox 75 1256 139 1294; x_wconf 82' lang='lat' dir='ltr'>ubi</span> <span class='ocrx_word' id='word_1_170' title='bbox 164 1255 283 1294; x_wconf 89' lang='lat' dir='ltr'>hodie</span> <span class='ocrx_word' id='word_1_171' title='bbox 309 1257 444 1308; x_wconf 83' lang='lat' dir='ltr'>legitur</span> <span class='ocrx_word' id='word_1_172' title='bbox 468 1258 631 1309; x_wconf 75' lang='grc' dir='ltr'><strong><em>Λρίλλος</em></strong></span> <span class='ocrx_word' id='word_1_173' title='bbox 656 1258 801 1309; x_wconf 66' lang='lat' dir='ltr'>rarus]</span> 
     </span>
    </p>

    <p class='ocr_par' dir='ltr' id='par_1_7' title="bbox 64 1312 943 1927">
     <span class='ocr_line' id='line_1_20' title="bbox 144 1312 943 1364; baseline -0.003 -13"><span class='ocrx_word' id='word_1_174' title='bbox 144 1312 342 1364; x_wconf 76' lang='lat' dir='ltr'>collapsa.</span> <span class='ocrx_word' id='word_1_175' title='bbox 405 1313 538 1364; x_wconf 77' lang='lat' dir='ltr'>[Hanc</span> <span class='ocrx_word' id='word_1_176' title='bbox 575 1313 803 1357; x_wconf 77' lang='lat' dir='ltr'>lectionem.</span> <span class='ocrx_word' id='word_1_177' title='bbox 841 1326 943 1363; x_wconf 81' lang='lat' dir='ltr'>quae</span> 
     </span>
     <span class='ocr_line' id='line_1_21' title="bbox 74 1368 941 1419; baseline 0 -13"><span class='ocrx_word' id='word_1_178' title='bbox 74 1368 299 1419; x_wconf 87' lang='lat' dir='ltr'>optimorum</span> <span class='ocrx_word' id='word_1_179' title='bbox 314 1368 426 1407; x_wconf 86' lang='lat' dir='ltr'>codd.</span> <span class='ocrx_word' id='word_1_180' title='bbox 441 1369 669 1407; x_wconf 86' lang='lat' dir='ltr'>auctoritate</span> <span class='ocrx_word' id='word_1_181' title='bbox 688 1370 941 1415; x_wconf 76' lang='lat' dir='ltr'>confirmetur,</span> 
     </span>
     <span class='ocr_line' id='line_1_22' title="bbox 73 1425 940 1476; baseline -0.001 -14"><span class='ocrx_word' id='word_1_182' title='bbox 73 1425 108 1462; x_wconf 91' lang='lat' dir='ltr'>in</span> <span class='ocrx_word' id='word_1_183' title='bbox 140 1428 247 1462; x_wconf 85' lang='lat' dir='ltr'>textu</span> <span class='ocrx_word' id='word_1_184' title='bbox 283 1425 546 1476; x_wconf 80' lang='lat' dir='ltr'>reponendam</span> <span class='ocrx_word' id='word_1_185' title='bbox 583 1426 730 1471; x_wconf 75' lang='lat' dir='ltr'>curavi,</span> <span class='ocrx_word' id='word_1_186' title='bbox 767 1425 940 1462; x_wconf 84' lang='lat' dir='ltr'>referens</span> 
     </span>
     <span class='ocr_line' id='line_1_23' title="bbox 69 1481 940 1533; baseline 0.001 -15"><span class='ocrx_word' id='word_1_187' title='bbox 69 1493 205 1519; x_wconf 77' lang='lat' dir='ltr'>vocem</span> <span class='ocrx_word' id='word_1_188' title='bbox 229 1481 279 1518; x_wconf 88' lang='lat' dir='ltr'>ad</span> <span class='ocrx_word' id='word_1_189' title='bbox 304 1481 494 1526; x_wconf 78' lang='lat' dir='ltr'>membra,</span> <span class='ocrx_word' id='word_1_190' title='bbox 521 1494 621 1531; x_wconf 85' lang='lat' dir='ltr'>quae</span> <span class='ocrx_word' id='word_1_191' title='bbox 654 1495 770 1533; x_wconf 83' lang='lat' dir='ltr'>quum</span> <span class='ocrx_word' id='word_1_192' title='bbox 799 1481 940 1519; x_wconf 85' lang='lat' dir='ltr'>nebula</span> 
     </span>
     <span class='ocr_line' id='line_1_24' title="bbox 69 1537 938 1588; baseline -0.001 -13"><span class='ocrx_word' id='word_1_193' title='bbox 69 1538 224 1588; x_wconf 88' lang='lat' dir='ltr'>soporis</span> <span class='ocrx_word' id='word_1_194' title='bbox 254 1537 409 1586; x_wconf 78' lang='lat' dir='ltr'>perfusa</span> <span class='ocrx_word' id='word_1_195' title='bbox 440 1542 593 1582; x_wconf 77' lang='lat' dir='ltr'>essent,</span> <span class='ocrx_word' id='word_1_196' title='bbox 630 1538 759 1576; x_wconf 81' lang='lat' dir='ltr'>statim</span> <span class='ocrx_word' id='word_1_197' title='bbox 791 1538 938 1576; x_wconf 84' lang='lat' dir='ltr'>cecide-</span> 
     </span>
     <span class='ocr_line' id='line_1_25' title="bbox 68 1592 937 1635; baseline 0.001 -4"><span class='ocrx_word' id='word_1_198' title='bbox 68 1597 162 1631; x_wconf 85' lang='lat' dir='ltr'>rant.</span> <span class='ocrx_word' id='word_1_199' title='bbox 187 1592 242 1631; x_wconf 88' lang='lat' dir='ltr'>Ita</span> <span class='ocrx_word' id='word_1_200' title='bbox 267 1598 439 1632; x_wconf 86' lang='lat' dir='ltr'>neutrum</span> <span class='ocrx_word' id='word_1_201' title='bbox 466 1593 709 1632; x_wconf 84' lang='lat' dir='ltr'>referendum</span> <span class='ocrx_word' id='word_1_202' title='bbox 731 1608 837 1635; x_wconf 83' lang='lat' dir='ltr'>esse.</span> <span class='ocrx_word' id='word_1_203' title='bbox 864 1595 937 1632; x_wconf 90' lang='lat' dir='ltr'>iam</span> 
     </span>
     <span class='ocr_line' id='line_1_26' title="bbox 68 1648 936 1701; baseline 0 -14"><span class='ocrx_word' id='word_1_204' title='bbox 68 1648 170 1688; x_wconf 88' lang='lat' dir='ltr'>Oud.</span> <span class='ocrx_word' id='word_1_205' title='bbox 197 1650 404 1695; x_wconf 74' lang='lat' dir='ltr'>intellexit,</span> <span class='ocrx_word' id='word_1_206' title='bbox 431 1651 552 1701; x_wconf 81' lang='lat' dir='ltr'>magis</span> <span class='ocrx_word' id='word_1_207' title='bbox 577 1654 705 1689; x_wconf 86' lang='lat' dir='ltr'>tamen</span> <span class='ocrx_word' id='word_1_208' title='bbox 733 1650 780 1688; x_wconf 86' lang='lat' dir='ltr'>ad</span> <span class='ocrx_word' id='word_1_209' title='bbox 807 1651 936 1689; x_wconf 80' lang='lat' dir='ltr'>conie-</span> 
     </span>
     <span class='ocr_line' id='line_1_27' title="bbox 66 1706 934 1758; baseline 0 -15"><span class='ocrx_word' id='word_1_210' title='bbox 66 1709 209 1744; x_wconf 84' lang='lat' dir='ltr'>cturam</span> <span class='ocrx_word' id='word_1_211' title='bbox 234 1706 443 1758; x_wconf 72' lang='lat' dir='ltr'>collapsae</span> <span class='ocrx_word' id='word_1_212' title='bbox 466 1706 670 1752; x_wconf 85' lang='lat' dir='ltr'>inclinans,</span> <span class='ocrx_word' id='word_1_213' title='bbox 698 1720 797 1758; x_wconf 87' lang='lat' dir='ltr'>quae</span> <span class='ocrx_word' id='word_1_214' title='bbox 810 1708 934 1745; x_wconf 88' lang='lat' dir='ltr'>minus</span> 
     </span>
     <span class='ocr_line' id='line_1_28' title="bbox 65 1761 934 1813; baseline 0.001 -14"><span class='ocrx_word' id='word_1_215' title='bbox 65 1761 158 1799; x_wconf 83' lang='lat' dir='ltr'>mihi</span> <span class='ocrx_word' id='word_1_216' title='bbox 193 1763 395 1813; x_wconf 86' lang='lat' dir='ltr'>probatur,</span> <span class='ocrx_word' id='word_1_217' title='bbox 433 1776 549 1813; x_wconf 81' lang='lat' dir='ltr'>quum</span> <span class='ocrx_word' id='word_1_218' title='bbox 586 1763 846 1801; x_wconf 81' lang='lat' dir='ltr'>duriusculum</span> <span class='ocrx_word' id='word_1_219' title='bbox 883 1764 934 1800; x_wconf 82' lang='lat' dir='ltr'>vi-</span> 
     </span>
     <span class='ocr_line' id='line_1_29' title="bbox 65 1817 935 1871; baseline 0.002 -15"><span class='ocrx_word' id='word_1_220' title='bbox 65 1817 199 1856; x_wconf 83' lang='lat' dir='ltr'>deatur</span> <span class='ocrx_word' id='word_1_221' title='bbox 235 1832 345 1865; x_wconf 84' lang='lat' dir='ltr'>esse,</span> <span class='ocrx_word' id='word_1_222' title='bbox 382 1832 431 1857; x_wconf 81' lang='lat' dir='ltr'>ex</span> <span class='ocrx_word' id='word_1_223' title='bbox 467 1819 714 1871; x_wconf 67' lang='lat' dir='ltr'>praecedenti</span> <span class='ocrx_word' id='word_1_224' title='bbox 753 1819 935 1858; x_wconf 74' lang='lat' dir='ltr'>membris</span> 
     </span>
     <span class='ocr_line' id='line_1_30' title="bbox 64 1873 785 1927; baseline 0.004 -16"><span class='ocrx_word' id='word_1_225' title='bbox 64 1873 127 1912; x_wconf 85' lang='lat' dir='ltr'>hic</span> <span class='ocrx_word' id='word_1_226' title='bbox 149 1875 321 1914; x_wconf 81' lang='lat' dir='ltr'>membra</span> <span class='ocrx_word' id='word_1_227' title='bbox 348 1875 580 1926; x_wconf 78' lang='lat' dir='ltr'>cogitatione</span> <span class='ocrx_word' id='word_1_228' title='bbox 604 1875 785 1927; x_wconf 63' lang='lat' dir='ltr'>addere]</span> 
     </span>
    </p>

    <p class='ocr_par' dir='ltr' id='par_1_8' title="bbox 61 1930 933 2256">
     <span class='ocr_line' id='line_1_31' title="bbox 119 1930 933 1971; baseline 0.001 -2"><span class='ocrx_word' id='word_1_229' title='bbox 119 1930 282 1969; x_wconf 83' lang='lat' dir='ltr'>iacebat</span> <span class='ocrx_word' id='word_1_230' title='bbox 313 1932 526 1970; x_wconf 80' lang='lat' dir='ltr'>immobilis</span> <span class='ocrx_word' id='word_1_231' title='bbox 630 1932 833 1970; x_wconf 79' lang='lat' dir='ltr'>dormiens</span> <span class='ocrx_word' id='word_1_232' title='bbox 869 1945 933 1971; x_wconf 83' lang='lat' dir='ltr'>ca-</span> 
     </span>
     <span class='ocr_line' id='line_1_32' title="bbox 65 1985 932 2038; baseline 0 -13"><span class='ocrx_word' id='word_1_233' title='bbox 65 1987 204 2025; x_wconf 80' lang='lat' dir='ltr'>daver.</span> <span class='ocrx_word' id='word_1_234' title='bbox 260 1985 375 2024; x_wconf 86' lang='lat' dir='ltr'>Plura</span> <span class='ocrx_word' id='word_1_235' title='bbox 400 1988 584 2037; x_wconf 83' lang='lat' dir='ltr'>exempla</span> <span class='ocrx_word' id='word_1_236' title='bbox 606 1987 722 2025; x_wconf 89' lang='lat' dir='ltr'>huius</span> <span class='ocrx_word' id='word_1_237' title='bbox 757 1989 932 2038; x_wconf 73' lang='lat' dir='ltr'>oxymori</span> 
     </span>
     <span class='ocr_line' id='line_1_33' title="bbox 64 2041 931 2093; baseline 0.002 -14"><span class='ocrx_word' id='word_1_238' title='bbox 64 2046 264 2080; x_wconf 81' lang='lat' dir='ltr'>enumerat</span> <span class='ocrx_word' id='word_1_239' title='bbox 289 2041 471 2080; x_wconf 74' lang='lat' dir='ltr'>Pricaeus</span> <span class='ocrx_word' id='word_1_240' title='bbox 487 2074 495 2081; x_wconf 92' lang='lat'>.</span> <span class='ocrx_word' id='word_1_241' title='bbox 522 2056 570 2080; x_wconf 84' lang='lat' dir='ltr'>ex</span> <span class='ocrx_word' id='word_1_242' title='bbox 596 2044 736 2093; x_wconf 84' lang='lat' dir='ltr'>quibus</span> <span class='ocrx_word' id='word_1_243' title='bbox 767 2043 866 2081; x_wconf 82' lang='lat' dir='ltr'>haec</span> <span class='ocrx_word' id='word_1_244' title='bbox 892 2043 931 2081; x_wconf 90' lang='lat' dir='ltr'>li-</span> 
     </span>
     <span class='ocr_line' id='line_1_34' title="bbox 63 2097 932 2150; baseline 0 -14"><span class='ocrx_word' id='word_1_245' title='bbox 63 2101 151 2136; x_wconf 87' lang='lat' dir='ltr'>ceat</span> <span class='ocrx_word' id='word_1_246' title='bbox 175 2097 313 2136; x_wconf 81' lang='lat' dir='ltr'>afferri.</span> <span class='ocrx_word' id='word_1_247' title='bbox 338 2098 433 2136; x_wconf 84' lang='lat' dir='ltr'>Met.</span> <span class='ocrx_word' id='word_1_248' title='bbox 451 2098 496 2137; x_wconf 85' lang='lat' dir='ltr'><strong>Il.</strong></span> <span class='ocrx_word' id='word_1_249' title='bbox 516 2112 553 2150; x_wconf 83' lang='lat' dir='ltr'><strong>p.</strong></span> <span class='ocrx_word' id='word_1_250' title='bbox 572 2103 662 2139; x_wconf 81' lang='lat'><strong>153.</strong></span> <span class='ocrx_word' id='word_1_251' title='bbox 689 2098 865 2137; x_wconf 84' lang='lat' dir='ltr'>Lactant.</span> <span class='ocrx_word' id='word_1_252' title='bbox 881 2099 932 2136; x_wconf 88' lang='lat' dir='ltr'>de</span> 
     </span>
     <span class='ocr_line' id='line_1_35' title="bbox 61 2153 928 2205; baseline 0.002 -14"><span class='ocrx_word' id='word_1_253' title='bbox 61 2153 166 2205; x_wconf 74' lang='lat' dir='ltr'>Opis.</span> <span class='ocrx_word' id='word_1_254' title='bbox 197 2158 258 2193; x_wconf 87' lang='lat'>18.</span> <span class='ocrx_word' id='word_1_255' title='bbox 284 2154 314 2202; x_wconf 65' lang='grc' dir='ltr'>ὃ.</span> <span class='ocrx_word' id='word_1_256' title='bbox 341 2159 375 2193; x_wconf 81' lang='lat'>5.</span> <span class='ocrx_word' id='word_1_257' title='bbox 405 2154 566 2194; x_wconf 60' lang='lat' dir='ltr'>&#39;l&#39;eidulh</span> <span class='ocrx_word' id='word_1_258' title='bbox 591 2154 641 2192; x_wconf 85' lang='lat' dir='ltr'>de</span> <span class='ocrx_word' id='word_1_259' title='bbox 665 2154 791 2193; x_wconf 83' lang='lat' dir='ltr'>Anim.</span> <span class='ocrx_word' id='word_1_260' title='bbox 818 2155 928 2195; x_wconf 59' lang='lat'><strong>043.</strong></span> 
     </span>
     <span class='ocr_line' id='line_1_36' title="bbox 62 2209 550 2256; baseline 0.004 -9"><span class='ocrx_word' id='word_1_261' title='bbox 62 2209 189 2256; x_wconf 83' lang='lat' dir='ltr'>Quint.</span> <span class='ocrx_word' id='word_1_262' title='bbox 216 2209 326 2248; x_wconf 89' lang='lat' dir='ltr'>Decl.</span> <span class='ocrx_word' id='word_1_263' title='bbox 353 2209 397 2248; x_wconf 85' lang='lat' dir='ltr'><strong>Il.</strong></span> <span class='ocrx_word' id='word_1_264' title='bbox 425 2225 458 2247; x_wconf 85' lang='lat' dir='ltr'><strong>c.</strong></span> <span class='ocrx_word' id='word_1_265' title='bbox 488 2214 550 2251; x_wconf 92' lang='lat'>19.</span> 
     </span>
    </p>

    <p class='ocr_par' dir='ltr' id='par_1_9' title="bbox 55 2266 931 3050">
     <span class='ocr_line' id='line_1_37' title="bbox 117 2266 930 2305; baseline 0.001 -1"><span class='ocrx_word' id='word_1_266' title='bbox 117 2266 365 2304; x_wconf 79' lang='lat' dir='ltr'>artissimam.</span> <span class='ocrx_word' id='word_1_267' title='bbox 415 2266 523 2305; x_wconf 81' lang='lat' dir='ltr'>Male</span> <span class='ocrx_word' id='word_1_268' title='bbox 548 2266 728 2305; x_wconf 72' lang='lat' dir='ltr'>noaldus</span> <span class='ocrx_word' id='word_1_269' title='bbox 755 2267 930 2305; x_wconf 79' lang='lat' dir='ltr'>delendit</span> 
     </span>
     <span class='ocr_line' id='line_1_38' title="bbox 59 2321 929 2362; baseline 0.003 -3"><span class='ocrx_word' id='word_1_270' title='bbox 59 2321 218 2360; x_wconf 87' lang='lat' dir='ltr'>alteram</span> <span class='ocrx_word' id='word_1_271' title='bbox 236 2321 440 2360; x_wconf 88' lang='lat' dir='ltr'>lectionem</span> <span class='ocrx_word' id='word_1_272' title='bbox 455 2323 700 2362; x_wconf 79' lang='lat' dir='ltr'>altissimam.</span> <span class='ocrx_word' id='word_1_273' title='bbox 736 2323 929 2362; x_wconf 76' lang='lat' dir='ltr'>Altitudo</span> 
     </span>
     <span class='ocr_line' id='line_1_39' title="bbox 59 2377 930 2430; baseline 0 -14"><span class='ocrx_word' id='word_1_274' title='bbox 59 2378 158 2416; x_wconf 90' lang='lat' dir='ltr'>enim</span> <span class='ocrx_word' id='word_1_275' title='bbox 196 2377 394 2416; x_wconf 80' lang='lat' dir='ltr'>fenestrae</span> <span class='ocrx_word' id='word_1_276' title='bbox 435 2393 507 2418; x_wconf 89' lang='lat' dir='ltr'>non</span> <span class='ocrx_word' id='word_1_277' title='bbox 551 2383 704 2429; x_wconf 86' lang='lat' dir='ltr'>poterat</span> <span class='ocrx_word' id='word_1_278' title='bbox 745 2380 930 2430; x_wconf 86' lang='lat' dir='ltr'>impedire</span> 
     </span>
     <span class='ocr_line' id='line_1_40' title="bbox 61 2433 928 2485; baseline 0.002 -13"><span class='ocrx_word' id='word_1_279' title='bbox 61 2433 306 2485; x_wconf 79' lang='lat' dir='ltr'>Cupidinem,</span> <span class='ocrx_word' id='word_1_280' title='bbox 333 2436 539 2485; x_wconf 77' lang='lat' dir='ltr'>quominus</span> <span class='ocrx_word' id='word_1_281' title='bbox 565 2448 613 2473; x_wconf 87' lang='lat' dir='ltr'>ea</span> <span class='ocrx_word' id='word_1_282' title='bbox 639 2435 829 2477; x_wconf 80' lang='lat' dir='ltr'>evolaret,</span> <span class='ocrx_word' id='word_1_283' title='bbox 856 2436 928 2474; x_wconf 85' lang='lat' dir='ltr'>sed</span> 
     </span>
     <span class='ocr_line' id='line_1_41' title="bbox 57 2490 928 2541; baseline 0.001 -13"><span class='ocrx_word' id='word_1_284' title='bbox 57 2490 277 2539; x_wconf 73' lang='lat' dir='ltr'>angustIae.</span> <span class='ocrx_word' id='word_1_285' title='bbox 321 2504 422 2541; x_wconf 85' lang='lat' dir='ltr'>quae</span> <span class='ocrx_word' id='word_1_286' title='bbox 464 2491 646 2529; x_wconf 83' lang='lat' dir='ltr'>maiorem</span> <span class='ocrx_word' id='word_1_287' title='bbox 683 2491 746 2529; x_wconf 78' lang='lat' dir='ltr'>hic</span> <span class='ocrx_word' id='word_1_288' title='bbox 784 2491 928 2530; x_wconf 83' lang='lat' dir='ltr'>habent</span> 
     </span>
     <span class='ocr_line' id='line_1_42' title="bbox 57 2547 924 2586; baseline 0.002 -2"><span class='ocrx_word' id='word_1_289' title='bbox 57 2547 324 2586; x_wconf 83' lang='lat' dir='ltr'>efficacitatem</span> <span class='ocrx_word' id='word_1_290' title='bbox 362 2547 410 2586; x_wconf 85' lang='lat' dir='ltr'>ad</span> <span class='ocrx_word' id='word_1_291' title='bbox 449 2547 721 2586; x_wconf 68' lang='lat' dir='ltr'>ostentandam</span> <span class='ocrx_word' id='word_1_292' title='bbox 760 2549 924 2586; x_wconf 79' lang='lat' dir='ltr'>carceris·</span> 
     </span>
     <span class='ocr_line' id='line_1_43' title="bbox 56 2603 925 2656; baseline 0.002 -16"><span class='ocrx_word' id='word_1_293' title='bbox 56 2603 319 2648; x_wconf 71' lang='lat' dir='ltr'>securitatem,</span> <span class='ocrx_word' id='word_1_294' title='bbox 347 2618 423 2656; x_wconf 81' lang='lat' dir='ltr'>quo</span> <span class='ocrx_word' id='word_1_295' title='bbox 450 2618 471 2642; x_wconf 86' lang='lat' dir='ltr'>a</span> <span class='ocrx_word' id='word_1_296' title='bbox 498 2607 618 2641; x_wconf 86' lang='lat' dir='ltr'>matre</span> <span class='ocrx_word' id='word_1_297' title='bbox 643 2604 817 2642; x_wconf 81' lang='lat' dir='ltr'>inclusus</span> <span class='ocrx_word' id='word_1_298' title='bbox 844 2609 925 2642; x_wconf 84' lang='lat' dir='ltr'>erat</span> 
     </span>
     <span class='ocr_line' id='line_1_44' title="bbox 57 2658 931 2710; baseline 0.001 -13"><span class='ocrx_word' id='word_1_299' title='bbox 57 2658 217 2710; x_wconf 88' lang='lat' dir='ltr'>Cupido.</span> <span class='ocrx_word' id='word_1_300' title='bbox 266 2658 421 2698; x_wconf 84' lang='lat' dir='ltr'>Passim</span> <span class='ocrx_word' id='word_1_301' title='bbox 459 2659 546 2698; x_wconf 83' lang='lat' dir='ltr'>hinc</span> <span class='ocrx_word' id='word_1_302' title='bbox 576 2665 667 2699; x_wconf 78' lang='lat' dir='ltr'>artu</span> <span class='ocrx_word' id='word_1_303' title='bbox 693 2661 854 2699; x_wconf 70' lang='lat' dir='ltr'>vinceda</span> <span class='ocrx_word' id='word_1_304' title='bbox 891 2665 931 2698; x_wconf 87' lang='lat' dir='ltr'>et</span> 
     </span>
     <span class='ocr_line' id='line_1_45' title="bbox 55 2715 925 2755; baseline 0.001 -2"><span class='ocrx_word' id='word_1_305' title='bbox 55 2719 138 2754; x_wconf 83' lang='lat' dir='ltr'>arta</span> <span class='ocrx_word' id='word_1_306' title='bbox 173 2717 365 2755; x_wconf 74' lang='lat' dir='ltr'>custodia</span> <span class='ocrx_word' id='word_1_307' title='bbox 401 2716 576 2754; x_wconf 85' lang='lat' dir='ltr'>dicuntur</span> <span class='ocrx_word' id='word_1_308' title='bbox 631 2715 678 2754; x_wconf 82' lang='lat' dir='ltr'><strong>cf.</strong></span> <span class='ocrx_word' id='word_1_309' title='bbox 718 2715 854 2755; x_wconf 81' lang='lat' dir='ltr'>Heius.</span> <span class='ocrx_word' id='word_1_310' title='bbox 890 2718 925 2754; x_wconf 89' lang='lat' dir='ltr'>in</span> 
     </span>
     <span class='ocr_line' id='line_1_46' title="bbox 55 2768 924 2822; baseline 0.002 -13"><span class='ocrx_word' id='word_1_311' title='bbox 55 2768 223 2810; x_wconf 84' lang='lat' dir='ltr'>Miscell.</span> <span class='ocrx_word' id='word_1_312' title='bbox 248 2770 417 2810; x_wconf 81' lang='lat' dir='ltr'>Observ.</span> <span class='ocrx_word' id='word_1_313' title='bbox 445 2771 534 2810; x_wconf 80' lang='lat' dir='ltr'>Vol.</span> <span class='ocrx_word' id='word_1_314' title='bbox 549 2771 618 2811; x_wconf 89' lang='lat' dir='ltr'>IX.</span> <span class='ocrx_word' id='word_1_315' title='bbox 646 2771 753 2811; x_wconf 58' lang='lat'><strong>1111.</strong></span> <span class='ocrx_word' id='word_1_316' title='bbox 778 2785 815 2822; x_wconf 85' lang='lat' dir='ltr'><strong>p.</strong></span> <span class='ocrx_word' id='word_1_317' title='bbox 831 2777 924 2813; x_wconf 78' lang='lat'><strong>282.</strong></span> 
     </span>
     <span class='ocr_line' id='line_1_47' title="bbox 56 2826 924 2868; baseline 0.003 -4"><span class='ocrx_word' id='word_1_318' title='bbox 56 2826 191 2865; x_wconf 79' lang='lat' dir='ltr'>Voces</span> <span class='ocrx_word' id='word_1_319' title='bbox 215 2841 304 2866; x_wconf 90' lang='lat' dir='ltr'>vero</span> <span class='ocrx_word' id='word_1_320' title='bbox 329 2829 438 2868; x_wconf 79' lang='lat' dir='ltr'>altus</span> <span class='ocrx_word' id='word_1_321' title='bbox 475 2832 513 2866; x_wconf 90' lang='lat' dir='ltr'>et</span> <span class='ocrx_word' id='word_1_322' title='bbox 549 2834 663 2868; x_wconf 78' lang='lat' dir='ltr'>artus</span> <span class='ocrx_word' id='word_1_323' title='bbox 693 2829 924 2868; x_wconf 87' lang='lat' dir='ltr'>creberrime</span> 
     </span>
     <span class='ocr_line' id='line_1_48' title="bbox 58 2881 921 2924; baseline 0.005 -5"><span class='ocrx_word' id='word_1_324' title='bbox 58 2881 344 2923; x_wconf 82' lang='lat' dir='ltr'>confunduntur.</span> <span class='ocrx_word' id='word_1_325' title='bbox 364 2884 549 2923; x_wconf 63' lang='lat' dir='ltr'>clIBurm.</span> <span class='ocrx_word' id='word_1_326' title='bbox 559 2884 765 2923; x_wconf 78' lang='lat' dir='ltr'>etoud.ad</span> <span class='ocrx_word' id='word_1_327' title='bbox 774 2883 921 2924; x_wconf 82' lang='lat' dir='ltr'>Lucan.</span> 
     </span>
     <span class='ocr_line' id='line_1_49' title="bbox 56 2936 923 2992; baseline 0.003 -16"><span class='ocrx_word' id='word_1_328' title='bbox 56 2936 84 2976; x_wconf 91' lang='lat'><strong>1.</strong></span> <span class='ocrx_word' id='word_1_329' title='bbox 112 2941 204 2979; x_wconf 82' lang='lat'><strong>664.</strong></span> <span class='ocrx_word' id='word_1_330' title='bbox 227 2938 360 2980; x_wconf 87' lang='lat' dir='ltr'>Heius.</span> <span class='ocrx_word' id='word_1_331' title='bbox 386 2939 556 2980; x_wconf 80' lang='lat' dir='ltr'>Advers.</span> <span class='ocrx_word' id='word_1_332' title='bbox 582 2940 608 2980; x_wconf 93' lang='lat'>1.</span> <span class='ocrx_word' id='word_1_333' title='bbox 635 2944 671 2980; x_wconf 90' lang='lat'>8.</span> <span class='ocrx_word' id='word_1_334' title='bbox 696 2954 733 2992; x_wconf 90' lang='lat' dir='ltr'>p.</span> <span class='ocrx_word' id='word_1_335' title='bbox 761 2944 827 2982; x_wconf 84' lang='lat'>86.</span> <span class='ocrx_word' id='word_1_336' title='bbox 876 2942 923 2980; x_wconf 83' lang='lat' dir='ltr'><strong>cf.</strong></span> 
     </span>
     <span class='ocr_line' id='line_1_50' title="bbox 59 2992 524 3050; baseline 0.009 -19"><span class='ocrx_word' id='word_1_337' title='bbox 59 2993 110 3031; x_wconf 85' lang='lat' dir='ltr'>ad</span> <span class='ocrx_word' id='word_1_338' title='bbox 132 2992 227 3034; x_wconf 78' lang='lat' dir='ltr'>Met.</span> <span class='ocrx_word' id='word_1_339' title='bbox 240 2995 342 3036; x_wconf 82' lang='lat' dir='ltr'><strong>VIII.</strong></span> <span class='ocrx_word' id='word_1_340' title='bbox 366 3011 403 3050; x_wconf 87' lang='lat' dir='ltr'><strong>p.</strong></span> <span class='ocrx_word' id='word_1_341' title='bbox 431 3001 524 3038; x_wconf 83' lang='lat'><strong>590.</strong></span> 
     </span>
    </p>

    <p class='ocr_par' dir='ltr' id='par_1_10' title="bbox 54 3050 925 3163">
     <span class='ocr_line' id='line_1_51' title="bbox 110 3050 924 3108; baseline 0.006 -20"><span class='ocrx_word' id='word_1_342' title='bbox 110 3050 260 3102; x_wconf 75' lang='lat' dir='ltr'>pinnis.</span> <span class='ocrx_word' id='word_1_343' title='bbox 309 3050 454 3093; x_wconf 89' lang='lat' dir='ltr'>Ubiubi</span> <span class='ocrx_word' id='word_1_344' title='bbox 479 3055 636 3108; x_wconf 80' lang='lat' dir='ltr'>pinnae</span> <span class='ocrx_word' id='word_1_345' title='bbox 673 3053 830 3106; x_wconf 82' lang='lat' dir='ltr'>legitur,</span> <span class='ocrx_word' id='word_1_346' title='bbox 861 3067 924 3093; x_wconf 81' lang='lat' dir='ltr'>va-</span> 
     </span>
     <span class='ocr_line' id='line_1_52' title="bbox 54 3104 925 3163; baseline 0.009 -20"><span class='ocrx_word' id='word_1_347' title='bbox 54 3104 174 3145; x_wconf 79' lang='lat' dir='ltr'>rietas</span> <span class='ocrx_word' id='word_1_348' title='bbox 209 3105 383 3148; x_wconf 79' lang='lat' dir='ltr'>lectionis</span> <span class='ocrx_word' id='word_1_349' title='bbox 417 3114 480 3149; x_wconf 77' lang='lat' dir='ltr'>est</span> <span class='ocrx_word' id='word_1_350' title='bbox 514 3123 692 3163; x_wconf 79' lang='lat' dir='ltr'>pennae,</span> <span class='ocrx_word' id='word_1_351' title='bbox 730 3114 770 3150; x_wconf 87' lang='lat' dir='ltr'>ut</span> <span class='ocrx_word' id='word_1_352' title='bbox 799 3111 925 3150; x_wconf 83' lang='lat' dir='ltr'>nubes</span> 
     </span>
    </p>
   </div>
   <div class='ocr_carea' id='block_1_7' title="bbox 977 806 1876 3166">
    <p class='ocr_par' dir='ltr' id='par_1_11' title="bbox 977 806 1876 3166">
     <span class='ocr_line' id='line_1_53' title="bbox 1012 806 1876 862; baseline -0.005 -15"><span class='ocrx_word' id='word_1_353' title='bbox 1012 811 1277 862; x_wconf 81' lang='lat' dir='ltr'>exemplorum</span> <span class='ocrx_word' id='word_1_354' title='bbox 1304 810 1427 848; x_wconf 69' lang='lat' dir='ltr'>alfei-ri</span> <span class='ocrx_word' id='word_1_355' title='bbox 1454 810 1597 862; x_wconf 87' lang='lat' dir='ltr'>possit,</span> <span class='ocrx_word' id='word_1_356' title='bbox 1622 808 1686 846; x_wconf 89' lang='lat' dir='ltr'>ubi</span> <span class='ocrx_word' id='word_1_357' title='bbox 1712 806 1876 845; x_wconf 82' lang='lat' dir='ltr'>eadere</span> 
     </span>
     <span class='ocr_line' id='line_1_54' title="bbox 1010 863 1875 918; baseline -0.005 -14"><span class='ocrx_word' id='word_1_358' title='bbox 1010 867 1240 918; x_wconf 82' lang='lat' dir='ltr'>interpretes</span> <span class='ocrx_word' id='word_1_359' title='bbox 1266 873 1394 917; x_wconf 76' lang='lat' dir='ltr'>agunt.</span> <span class='ocrx_word' id='word_1_360' title='bbox 1431 864 1557 904; x_wconf 80' lang='lat' dir='ltr'>Multo</span> <span class='ocrx_word' id='word_1_361' title='bbox 1583 865 1705 914; x_wconf 84' lang='lat' dir='ltr'>magis</span> <span class='ocrx_word' id='word_1_362' title='bbox 1731 863 1875 901; x_wconf 83' lang='lat' dir='ltr'>discre-</span> 
     </span>
     <span class='ocr_line' id='line_1_55' title="bbox 1008 919 1873 973; baseline -0.003 -14"><span class='ocrx_word' id='word_1_363' title='bbox 1008 927 1101 973; x_wconf 86' lang='lat' dir='ltr'>pant</span> <span class='ocrx_word' id='word_1_364' title='bbox 1123 923 1339 961; x_wconf 85' lang='lat' dir='ltr'>sententiae</span> <span class='ocrx_word' id='word_1_365' title='bbox 1353 922 1440 960; x_wconf 72' lang='lat' dir='ltr'><strong>VV.</strong></span> <span class='ocrx_word' id='word_1_366' title='bbox 1457 921 1546 960; x_wconf 89' lang='lat' dir='ltr'>DD.</span> <span class='ocrx_word' id='word_1_367' title='bbox 1569 921 1619 958; x_wconf 90' lang='lat' dir='ltr'>de</span> <span class='ocrx_word' id='word_1_368' title='bbox 1643 919 1873 964; x_wconf 84' lang='lat' dir='ltr'>discrimine,</span> 
     </span>
     <span class='ocr_line' id='line_1_56' title="bbox 1007 976 1874 1029; baseline -0.003 -14"><span class='ocrx_word' id='word_1_369' title='bbox 1007 980 1109 1028; x_wconf 87' lang='lat' dir='ltr'>quod</span> <span class='ocrx_word' id='word_1_370' title='bbox 1141 980 1237 1017; x_wconf 89' lang='lat' dir='ltr'>inter</span> <span class='ocrx_word' id='word_1_371' title='bbox 1267 983 1470 1029; x_wconf 81' lang='lat' dir='ltr'>utrumque</span> <span class='ocrx_word' id='word_1_372' title='bbox 1500 976 1731 1015; x_wconf 75' lang='lat' dir='ltr'>vocabulum</span> <span class='ocrx_word' id='word_1_373' title='bbox 1763 977 1874 1013; x_wconf 86' lang='lat' dir='ltr'>inter·</span> 
     </span>
     <span class='ocr_line' id='line_1_57' title="bbox 1004 1030 1873 1074; baseline -0.002 -2"><span class='ocrx_word' id='word_1_374' title='bbox 1004 1035 1128 1073; x_wconf 74' lang='lat' dir='ltr'>cedat.</span> <span class='ocrx_word' id='word_1_375' title='bbox 1178 1036 1338 1074; x_wconf 84' lang='lat' dir='ltr'>Servius</span> <span class='ocrx_word' id='word_1_376' title='bbox 1370 1036 1468 1072; x_wconf 83' lang='lat' dir='ltr'>enim</span> <span class='ocrx_word' id='word_1_377' title='bbox 1502 1034 1552 1072; x_wconf 84' lang='lat' dir='ltr'>ad</span> <span class='ocrx_word' id='word_1_378' title='bbox 1585 1033 1684 1071; x_wconf 85' lang='lat' dir='ltr'>Aen.</span> <span class='ocrx_word' id='word_1_379' title='bbox 1708 1030 1753 1070; x_wconf 88' lang='lat' dir='ltr'>II.</span> <span class='ocrx_word' id='word_1_380' title='bbox 1779 1035 1873 1072; x_wconf 78' lang='lat'><strong>479.</strong></span> 
     </span>
     <span class='ocr_line' id='line_1_58' title="bbox 1006 1092 1873 1142; baseline -0.003 -15"><span class='ocrx_word' id='word_1_381' title='bbox 1006 1093 1150 1142; x_wconf 77' lang='lat' dir='ltr'>apertis</span> <span class='ocrx_word' id='word_1_382' title='bbox 1177 1092 1303 1129; x_wconf 80' lang='lat' dir='ltr'>verbis</span> <span class='ocrx_word' id='word_1_383' title='bbox 1330 1094 1462 1141; x_wconf 80' lang='lat' dir='ltr'>negat.</span> <span class='ocrx_word' id='word_1_384' title='bbox 1490 1092 1621 1141; x_wconf 76' lang='lat' dir='ltr'>pinno</span> <span class='ocrx_word' id='word_1_385' title='bbox 1647 1101 1782 1126; x_wconf 82' lang='lat' dir='ltr'>vocem</span> <span class='ocrx_word' id='word_1_386' title='bbox 1806 1102 1873 1125; x_wconf 89' lang='lat' dir='ltr'>uu-</span> 
     </span>
     <span class='ocr_line' id='line_1_59' title="bbox 1006 1144 1871 1197; baseline -0.002 -14"><span class='ocrx_word' id='word_1_387' title='bbox 1006 1160 1119 1197; x_wconf 81' lang='lat' dir='ltr'>quam</span> <span class='ocrx_word' id='word_1_388' title='bbox 1147 1149 1180 1185; x_wconf 92' lang='lat' dir='ltr'>in</span> <span class='ocrx_word' id='word_1_389' title='bbox 1207 1160 1280 1185; x_wconf 81' lang='lat' dir='ltr'>usu</span> <span class='ocrx_word' id='word_1_390' title='bbox 1305 1147 1428 1185; x_wconf 81' lang='lat' dir='ltr'>fuisse</span> <span class='ocrx_word' id='word_1_391' title='bbox 1458 1146 1560 1197; x_wconf 84' lang='lat' dir='ltr'>apud</span> <span class='ocrx_word' id='word_1_392' title='bbox 1590 1149 1763 1183; x_wconf 77' lang='lat' dir='ltr'>veteres:</span> <span class='ocrx_word' id='word_1_393' title='bbox 1797 1144 1871 1183; x_wconf 74' lang='lat' dir='ltr'>Bi-</span> 
     </span>
     <span class='ocr_line' id='line_1_60' title="bbox 1000 1202 1869 1254; baseline -0.001 -15"><span class='ocrx_word' id='word_1_394' title='bbox 1000 1205 1157 1254; x_wconf 76' lang='lat' dir='ltr'>penm‘s.</span> <span class='ocrx_word' id='word_1_395' title='bbox 1187 1203 1297 1241; x_wconf 72' lang='lat' dir='ltr'>Eece</span> <span class='ocrx_word' id='word_1_396' title='bbox 1310 1216 1469 1246; x_wconf 80' lang='lat' dir='ltr'>nomen,</span> <span class='ocrx_word' id='word_1_397' title='bbox 1492 1203 1606 1254; x_wconf 79' lang='lat' dir='ltr'>quod</span> <span class='ocrx_word' id='word_1_398' title='bbox 1617 1202 1789 1240; x_wconf 75' lang='lat' dir='ltr'>servarit</span> <span class='ocrx_word' id='word_1_399' title='bbox 1802 1215 1869 1254; x_wconf 77' lang='lat' dir='ltr'>an·</span> 
     </span>
     <span class='ocr_line' id='line_1_61' title="bbox 1004 1257 1870 1311; baseline -0.005 -13"><span class='ocrx_word' id='word_1_400' title='bbox 1004 1260 1251 1311; x_wconf 72' lang='lat' dir='ltr'>riqnitatem,</span> <span class='ocrx_word' id='word_1_401' title='bbox 1285 1260 1380 1310; x_wconf 77' lang='lat' dir='ltr'>qnia</span> <span class='ocrx_word' id='word_1_402' title='bbox 1416 1263 1560 1296; x_wconf 69' lang='lat' dir='ltr'>veteres</span> <span class='ocrx_word' id='word_1_403' title='bbox 1580 1271 1739 1309; x_wconf 80' lang='lat' dir='ltr'>pennus</span> <span class='ocrx_word' id='word_1_404' title='bbox 1765 1257 1870 1295; x_wconf 79' lang='lat' dir='ltr'>dice-</span> 
     </span>
     <span class='ocr_line' id='line_1_62' title="bbox 1003 1314 1871 1365; baseline -0.001 -14"><span class='ocrx_word' id='word_1_405' title='bbox 1003 1315 1116 1359; x_wconf 66' lang='lat' dir='ltr'>bant,</span> <span class='ocrx_word' id='word_1_406' title='bbox 1144 1329 1223 1352; x_wconf 78' lang='lat' dir='ltr'>non</span> <span class='ocrx_word' id='word_1_407' title='bbox 1245 1315 1414 1365; x_wconf 75' lang='lat' dir='ltr'>pinnas,</span> <span class='ocrx_word' id='word_1_408' title='bbox 1441 1327 1517 1364; x_wconf 86' lang='lat' dir='ltr'>qua</span> <span class='ocrx_word' id='word_1_409' title='bbox 1546 1314 1582 1351; x_wconf 84' lang='lat' dir='ltr'>in</span> <span class='ocrx_word' id='word_1_410' title='bbox 1614 1327 1655 1350; x_wconf 88' lang='lat' dir='ltr'>re</span> <span class='ocrx_word' id='word_1_411' title='bbox 1679 1314 1871 1350; x_wconf 84' lang='lat' dir='ltr'>consentit</span> 
     </span>
     <span class='ocr_line' id='line_1_63' title="bbox 1002 1367 1868 1421; baseline -0.002 -14"><span class='ocrx_word' id='word_1_412' title='bbox 1002 1368 1134 1408; x_wconf 75' lang='lat' dir='ltr'>isidor.</span> <span class='ocrx_word' id='word_1_413' title='bbox 1161 1369 1265 1421; x_wconf 71' lang='lat' dir='ltr'>Orig.</span> <span class='ocrx_word' id='word_1_414' title='bbox 1282 1369 1393 1407; x_wconf 76' lang='lat' dir='ltr'><strong>XIX.</strong></span> <span class='ocrx_word' id='word_1_415' title='bbox 1412 1373 1473 1410; x_wconf 88' lang='lat'>19.</span> <span class='ocrx_word' id='word_1_416' title='bbox 1494 1374 1507 1408; x_wconf 78' lang='lat'>-1</span> <span class='ocrx_word' id='word_1_417' title='bbox 1526 1374 1555 1408; x_wconf 90' lang='lat' dir='ltr'><strong>l.</strong></span> <span class='ocrx_word' id='word_1_418' title='bbox 1583 1370 1645 1419; x_wconf 83' lang='lat' dir='ltr'>qui</span> <span class='ocrx_word' id='word_1_419' title='bbox 1672 1367 1771 1406; x_wconf 82' lang='lat' dir='ltr'>haec</span> <span class='ocrx_word' id='word_1_420' title='bbox 1784 1382 1868 1419; x_wconf 88' lang='lat' dir='ltr'>pro—</span> 
     </span>
     <span class='ocr_line' id='line_1_64' title="bbox 1000 1425 1868 1477; baseline -0.001 -14"><span class='ocrx_word' id='word_1_421' title='bbox 1000 1425 1090 1463; x_wconf 85' lang='lat' dir='ltr'>fert:</span> <span class='ocrx_word' id='word_1_422' title='bbox 1119 1426 1285 1466; x_wconf 68' lang='lat' dir='ltr'>Securis</span> <span class='ocrx_word' id='word_1_423' title='bbox 1311 1427 1428 1477; x_wconf 71' lang='lat' dir='ltr'>apat]</span> <span class='ocrx_word' id='word_1_424' title='bbox 1461 1430 1607 1464; x_wconf 69' lang='lat' dir='ltr'>veteres</span> <span class='ocrx_word' id='word_1_425' title='bbox 1637 1438 1774 1476; x_wconf 79' lang='lat' dir='ltr'>penna</span> <span class='ocrx_word' id='word_1_426' title='bbox 1807 1438 1868 1462; x_wconf 77' lang='lat' dir='ltr'>ro·</span> 
     </span>
     <span class='ocr_line' id='line_1_65' title="bbox 1000 1481 1868 1534; baseline -0.003 -13"><span class='ocrx_word' id='word_1_427' title='bbox 1000 1482 1183 1524; x_wconf 74' lang='lat' dir='ltr'>colentur.</span> <span class='ocrx_word' id='word_1_428' title='bbox 1204 1483 1407 1534; x_wconf 75' lang='lat' dir='ltr'>utrimque</span> <span class='ocrx_word' id='word_1_429' title='bbox 1422 1487 1553 1521; x_wconf 78' lang='lat' dir='ltr'>antem</span> <span class='ocrx_word' id='word_1_430' title='bbox 1567 1481 1716 1519; x_wconf 77' lang='lat' dir='ltr'>habens</span> <span class='ocrx_word' id='word_1_431' title='bbox 1730 1482 1868 1526; x_wconf 74' lang='lat' dir='ltr'>aciem,</span> 
     </span>
     <span class='ocr_line' id='line_1_66' title="bbox 999 1537 1870 1590; baseline 0 -15"><span class='ocrx_word' id='word_1_432' title='bbox 999 1539 1193 1590; x_wconf 71' lang='lat' dir='ltr'>bipennis.</span> <span class='ocrx_word' id='word_1_433' title='bbox 1234 1539 1337 1577; x_wconf 71' lang='lat' dir='ltr'>Nam</span> <span class='ocrx_word' id='word_1_434' title='bbox 1354 1538 1541 1589; x_wconf 74' lang='lat' dir='ltr'>bipennis</span> <span class='ocrx_word' id='word_1_435' title='bbox 1555 1537 1727 1581; x_wconf 75' lang='lat' dir='ltr'>dicitnr,</span> <span class='ocrx_word' id='word_1_436' title='bbox 1756 1537 1870 1589; x_wconf 80' lang='lat' dir='ltr'>quod</span> 
     </span>
     <span class='ocr_line' id='line_1_67' title="bbox 997 1593 1866 1647; baseline -0.003 -14"><span class='ocrx_word' id='word_1_437' title='bbox 997 1609 1050 1633; x_wconf 63' lang='lat' dir='ltr'>ear</span> <span class='ocrx_word' id='word_1_438' title='bbox 1066 1600 1238 1647; x_wconf 74' lang='lat' dir='ltr'>utraque</span> <span class='ocrx_word' id='word_1_439' title='bbox 1254 1599 1377 1647; x_wconf 76' lang='lat' dir='ltr'>porte</span> <span class='ocrx_word' id='word_1_440' title='bbox 1392 1595 1538 1633; x_wconf 75' lang='lat' dir='ltr'>habeat</span> <span class='ocrx_word' id='word_1_441' title='bbox 1552 1598 1713 1633; x_wconf 72' lang='lat' dir='ltr'>oezttam</span> <span class='ocrx_word' id='word_1_442' title='bbox 1728 1593 1866 1639; x_wconf 77' lang='lat' dir='ltr'>aciem.</span> 
     </span>
     <span class='ocr_line' id='line_1_68' title="bbox 997 1650 1867 1703; baseline -0.002 -14"><span class='ocrx_word' id='word_1_443' title='bbox 997 1652 1112 1703; x_wconf 72' lang='lat' dir='ltr'>qnasi</span> <span class='ocrx_word' id='word_1_444' title='bbox 1149 1652 1251 1691; x_wconf 75' lang='lat' dir='ltr'>duas</span> <span class='ocrx_word' id='word_1_445' title='bbox 1284 1664 1454 1701; x_wconf 78' lang='lat' dir='ltr'>pennas.</span> <span class='ocrx_word' id='word_1_446' title='bbox 1516 1650 1697 1689; x_wconf 80' lang='lat' dir='ltr'>Pennum</span> <span class='ocrx_word' id='word_1_447' title='bbox 1736 1654 1867 1687; x_wconf 76' lang='lat' dir='ltr'>(mtem.</span> 
     </span>
     <span class='ocr_line' id='line_1_69' title="bbox 994 1706 1869 1759; baseline -0.002 -14"><span class='ocrx_word' id='word_1_448' title='bbox 994 1709 1157 1759; x_wconf 69' lang='lat' dir='ltr'>unthui</span> <span class='ocrx_word' id='word_1_449' title='bbox 1194 1712 1356 1746; x_wconf 79' lang='lat' dir='ltr'>acutum</span> <span class='ocrx_word' id='word_1_450' title='bbox 1395 1707 1599 1745; x_wconf 64' lang='lat' dir='ltr'>«licebant.</span> <span class='ocrx_word' id='word_1_451' title='bbox 1676 1706 1793 1745; x_wconf 68' lang='lat' dir='ltr'>Unde</span> <span class='ocrx_word' id='word_1_452' title='bbox 1830 1710 1869 1743; x_wconf 81' lang='lat' dir='ltr'>et</span> 
     </span>
     <span class='ocr_line' id='line_1_70' title="bbox 994 1762 1866 1816; baseline -0.003 -15"><span class='ocrx_word' id='word_1_453' title='bbox 994 1765 1124 1802; x_wconf 65' lang='lat' dir='ltr'>acirim</span> <span class='ocrx_word' id='word_1_454' title='bbox 1147 1777 1325 1816; x_wconf 69' lang='lat' dir='ltr'>pennae,</span> <span class='ocrx_word' id='word_1_455' title='bbox 1362 1764 1459 1815; x_wconf 77' lang='lat' dir='ltr'>qnia</span> <span class='ocrx_word' id='word_1_456' title='bbox 1484 1767 1642 1802; x_wconf 65' lang='lat' dir='ltr'>acutae.</span> <span class='ocrx_word' id='word_1_457' title='bbox 1692 1762 1747 1800; x_wconf 78' lang='lat' dir='ltr'>Et</span> <span class='ocrx_word' id='word_1_458' title='bbox 1771 1774 1866 1800; x_wconf 81' lang='lat' dir='ltr'>ecce</span> 
     </span>
     <span class='ocr_line' id='line_1_71' title="bbox 992 1819 1864 1872; baseline -0.002 -15"><span class='ocrx_word' id='word_1_459' title='bbox 992 1833 1152 1866; x_wconf 76' lang='lat' dir='ltr'>nomen,</span> <span class='ocrx_word' id='word_1_460' title='bbox 1187 1820 1302 1872; x_wconf 77' lang='lat' dir='ltr'>qnod</span> <span class='ocrx_word' id='word_1_461' title='bbox 1327 1820 1544 1858; x_wconf 70' lang='lat' dir='ltr'>reservarit</span> <span class='ocrx_word' id='word_1_462' title='bbox 1568 1819 1864 1870; x_wconf 57' lang='lat' dir='ltr'>antiquitatem,</span> 
     </span>
     <span class='ocr_line' id='line_1_72' title="bbox 996 1874 1862 1928; baseline -0.003 -14"><span class='ocrx_word' id='word_1_463' title='bbox 996 1877 1092 1928; x_wconf 83' lang='lat' dir='ltr'>qw&#39;a</span> <span class='ocrx_word' id='word_1_464' title='bbox 1110 1881 1427 1927; x_wconf 70' lang='lat' dir='ltr'>reterespennas</span> <span class='ocrx_word' id='word_1_465' title='bbox 1442 1874 1652 1918; x_wconf 65' lang='lat' dir='ltr'>(Urebant,</span> <span class='ocrx_word' id='word_1_466' title='bbox 1678 1887 1756 1912; x_wconf 83' lang='lat' dir='ltr'>non</span> <span class='ocrx_word' id='word_1_467' title='bbox 1768 1875 1862 1924; x_wconf 75' lang='lat' dir='ltr'>pin-</span> 
     </span>
     <span class='ocr_line' id='line_1_73' title="bbox 990 1929 1861 1983; baseline -0.003 -14"><span class='ocrx_word' id='word_1_468' title='bbox 990 1945 1075 1970; x_wconf 82' lang='lat' dir='ltr'>nas.</span> <span class='ocrx_word' id='word_1_469' title='bbox 1104 1931 1185 1969; x_wconf 86' lang='lat' dir='ltr'>Sed</span> <span class='ocrx_word' id='word_1_470' title='bbox 1210 1933 1345 1970; x_wconf 87' lang='lat' dir='ltr'>mirum</span> <span class='ocrx_word' id='word_1_471' title='bbox 1371 1935 1451 1976; x_wconf 83' lang='lat' dir='ltr'>est,</span> <span class='ocrx_word' id='word_1_472' title='bbox 1479 1931 1582 1982; x_wconf 85' lang='lat' dir='ltr'>quod</span> <span class='ocrx_word' id='word_1_473' title='bbox 1597 1934 1761 1980; x_wconf 81' lang='lat' dir='ltr'>uterque</span> <span class='ocrx_word' id='word_1_474' title='bbox 1774 1929 1861 1983; x_wconf 83' lang='lat' dir='ltr'>aliis</span> 
     </span>
     <span class='ocr_line' id='line_1_74' title="bbox 993 1985 1861 2038; baseline 0 -14"><span class='ocrx_word' id='word_1_475' title='bbox 993 1988 1091 2025; x_wconf 83' lang='lat' dir='ltr'>locis</span> <span class='ocrx_word' id='word_1_476' title='bbox 1117 1986 1216 2025; x_wconf 72' lang='lat' dir='ltr'>hano.</span> <span class='ocrx_word' id='word_1_477' title='bbox 1241 1987 1402 2025; x_wconf 85' lang='lat' dir='ltr'>formam</span> <span class='ocrx_word' id='word_1_478' title='bbox 1431 1991 1650 2038; x_wconf 75' lang='lat' dir='ltr'>agnoscunt</span> <span class='ocrx_word' id='word_1_479' title='bbox 1674 1986 1786 2025; x_wconf 88' lang='lat' dir='ltr'>Serv.</span> <span class='ocrx_word' id='word_1_480' title='bbox 1811 1985 1861 2024; x_wconf 84' lang='lat' dir='ltr'>ad</span> 
     </span>
     <span class='ocr_line' id='line_1_75' title="bbox 995 2043 1859 2083; baseline -0.001 -2"><span class='ocrx_word' id='word_1_481' title='bbox 995 2043 1090 2081; x_wconf 67' lang='lat' dir='ltr'>Aen.</span> <span class='ocrx_word' id='word_1_482' title='bbox 1109 2043 1177 2081; x_wconf 74' lang='lat' dir='ltr'><strong>lv.</strong></span> <span class='ocrx_word' id='word_1_483' title='bbox 1199 2047 1262 2083; x_wconf 89' lang='lat'>88.</span> <span class='ocrx_word' id='word_1_484' title='bbox 1298 2043 1438 2082; x_wconf 62' lang='lat' dir='ltr'>ssIinuc</span> <span class='ocrx_word' id='word_1_485' title='bbox 1468 2044 1706 2081; x_wconf 75' lang='lat' dir='ltr'>eminentiae</span> <span class='ocrx_word' id='word_1_486' title='bbox 1731 2056 1859 2081; x_wconf 80' lang='lat' dir='ltr'>muro-</span> 
     </span>
     <span class='ocr_line' id='line_1_76' title="bbox 990 2097 1860 2152; baseline 0.001 -15"><span class='ocrx_word' id='word_1_487' title='bbox 990 2114 1095 2145; x_wconf 72' lang='lat' dir='ltr'>rum,</span> <span class='ocrx_word' id='word_1_488' title='bbox 1129 2114 1230 2152; x_wconf 81' lang='lat' dir='ltr'>quas</span> <span class='ocrx_word' id='word_1_489' title='bbox 1257 2101 1439 2151; x_wconf 79' lang='lat' dir='ltr'>pinnas</span> <span class='ocrx_word' id='word_1_490' title='bbox 1469 2099 1622 2138; x_wconf 78' lang='lat' dir='ltr'>dicunt.</span> <span class='ocrx_word' id='word_1_491' title='bbox 1672 2097 1738 2137; x_wconf 81' lang='lat' dir='ltr'><strong>lx.</strong></span> <span class='ocrx_word' id='word_1_492' title='bbox 1767 2102 1860 2138; x_wconf 73' lang='lat'><strong>473.</strong></span> 
     </span>
     <span class='ocr_line' id='line_1_77' title="bbox 992 2155 1861 2201; baseline 0.001 -8"><span class='ocrx_word' id='word_1_493' title='bbox 992 2156 1220 2195; x_wconf 77' lang='lat' dir='ltr'>Pinnata.</span> <span class='ocrx_word' id='word_1_494' title='bbox 1285 2156 1463 2201; x_wconf 75' lang='lat' dir='ltr'>Quidam</span> <span class='ocrx_word' id='word_1_495' title='bbox 1500 2155 1637 2194; x_wconf 60' lang='lat' dir='ltr'>volunt</span> <span class='ocrx_word' id='word_1_496' title='bbox 1667 2155 1762 2193; x_wconf 74' lang='lat' dir='ltr'>ideo</span> <span class='ocrx_word' id='word_1_497' title='bbox 1794 2155 1861 2195; x_wconf 79' lang='lat' dir='ltr'>lu’c</span> 
     </span>
     <span class='ocr_line' id='line_1_78' title="bbox 985 2211 1860 2264; baseline -0.002 -14"><span class='ocrx_word' id='word_1_498' title='bbox 985 2215 1142 2263; x_wconf 68' lang='lat' dir='ltr'>faniam</span> <span class='ocrx_word' id='word_1_499' title='bbox 1162 2213 1425 2264; x_wconf 74' lang='lat' dir='ltr'>pinnatam</span> <span class='ocrx_word' id='word_1_500' title='bbox 1450 2227 1473 2250; x_wconf 85' lang='grc' dir='ltr'><em>α</em></span> <span class='ocrx_word' id='word_1_501' title='bbox 1491 2211 1621 2250; x_wconf 80' lang='lat' dir='ltr'>Poeta</span> <span class='ocrx_word' id='word_1_502' title='bbox 1637 2211 1860 2256; x_wconf 72' lang='lat' dir='ltr'>inductam,</span> 
     </span>
     <span class='ocr_line' id='line_1_79' title="bbox 990 2268 1862 2319; baseline 0.001 -14"><span class='ocrx_word' id='word_1_503' title='bbox 990 2282 1094 2319; x_wconf 77' lang='lat' dir='ltr'>quac</span> <span class='ocrx_word' id='word_1_504' title='bbox 1114 2269 1323 2307; x_wconf 77' lang='lat' dir='ltr'>tunmltmn</span> <span class='ocrx_word' id='word_1_505' title='bbox 1343 2272 1381 2306; x_wconf 78' lang='lat' dir='ltr'>et</span> <span class='ocrx_word' id='word_1_506' title='bbox 1400 2281 1462 2306; x_wconf 75' lang='lat' dir='ltr'>res</span> <span class='ocrx_word' id='word_1_507' title='bbox 1480 2268 1675 2306; x_wconf 71' lang='lat' dir='ltr'>adversas</span> <span class='ocrx_word' id='word_1_508' title='bbox 1692 2269 1862 2306; x_wconf 77' lang='lat' dir='ltr'>nuntiet.</span> 
     </span>
     <span class='ocr_line' id='line_1_80' title="bbox 989 2323 1860 2374; baseline 0.001 -13"><span class='ocrx_word' id='word_1_509' title='bbox 989 2323 1122 2362; x_wconf 80' lang='lat' dir='ltr'>isidor.</span> <span class='ocrx_word' id='word_1_510' title='bbox 1149 2323 1216 2362; x_wconf 86' lang='lat' dir='ltr'>XI.</span> <span class='ocrx_word' id='word_1_511' title='bbox 1242 2337 1279 2374; x_wconf 85' lang='lat' dir='ltr'><strong>p.</strong></span> <span class='ocrx_word' id='word_1_512' title='bbox 1310 2329 1371 2364; x_wconf 89' lang='lat'>11.</span> <span class='ocrx_word' id='word_1_513' title='bbox 1398 2329 1463 2364; x_wconf 76' lang='lat'>46.</span> <span class='ocrx_word' id='word_1_514' title='bbox 1495 2323 1680 2362; x_wconf 78' lang='lat' dir='ltr'>Pinnula</span> <span class='ocrx_word' id='word_1_515' title='bbox 1710 2337 1860 2363; x_wconf 82' lang='lat' dir='ltr'>summa</span> 
     </span>
     <span class='ocr_line' id='line_1_81' title="bbox 985 2380 1859 2431; baseline -0.001 -13"><span class='ocrx_word' id='word_1_516' title='bbox 985 2394 1087 2431; x_wconf 80' lang='lat' dir='ltr'>pars</span> <span class='ocrx_word' id='word_1_517' title='bbox 1112 2381 1226 2420; x_wconf 74' lang='lat' dir='ltr'>auris</span> <span class='ocrx_word' id='word_1_518' title='bbox 1251 2381 1302 2418; x_wconf 83' lang='lat' dir='ltr'>ab</span> <span class='ocrx_word' id='word_1_519' title='bbox 1322 2381 1507 2419; x_wconf 73' lang='lat' dir='ltr'>acumine</span> <span class='ocrx_word' id='word_1_520' title='bbox 1525 2380 1651 2419; x_wconf 67' lang='lat' dir='ltr'>dle-ta.</span> <span class='ocrx_word' id='word_1_521' title='bbox 1679 2380 1859 2418; x_wconf 80' lang='lat' dir='ltr'>Pinnum</span> 
     </span>
     <span class='ocr_line' id='line_1_82' title="bbox 987 2436 1857 2489; baseline 0 -16"><span class='ocrx_word' id='word_1_522' title='bbox 987 2437 1088 2474; x_wconf 83' lang='lat' dir='ltr'>em&#39;m</span> <span class='ocrx_word' id='word_1_523' title='bbox 1114 2437 1276 2489; x_wconf 74' lang='lat' dir='ltr'>antiqui</span> <span class='ocrx_word' id='word_1_524' title='bbox 1301 2441 1464 2476; x_wconf 61' lang='lat' dir='ltr'>nclitum.</span> <span class='ocrx_word' id='word_1_525' title='bbox 1495 2436 1713 2479; x_wconf 76' lang='lat' dir='ltr'>vocabant,</span> <span class='ocrx_word' id='word_1_526' title='bbox 1748 2436 1857 2475; x_wconf 76' lang='lat' dir='ltr'>unde</span> 
     </span>
     <span class='ocr_line' id='line_1_83' title="bbox 987 2490 1856 2544; baseline -0.003 -14"><span class='ocrx_word' id='word_1_527' title='bbox 987 2497 1024 2530; x_wconf 84' lang='lat' dir='ltr'>et</span> <span class='ocrx_word' id='word_1_528' title='bbox 1049 2492 1234 2544; x_wconf 70' lang='lat' dir='ltr'>bipennis</span> <span class='ocrx_word' id='word_1_529' title='bbox 1260 2498 1299 2531; x_wconf 82' lang='lat' dir='ltr'>et</span> <span class='ocrx_word' id='word_1_530' title='bbox 1318 2495 1465 2544; x_wconf 78' lang='lat' dir='ltr'>pinna.</span> <span class='ocrx_word' id='word_1_531' title='bbox 1503 2492 1577 2530; x_wconf 84' lang='lat' dir='ltr'>Hic</span> <span class='ocrx_word' id='word_1_532' title='bbox 1603 2496 1764 2543; x_wconf 83' lang='lat' dir='ltr'>uterque</span> <span class='ocrx_word' id='word_1_533' title='bbox 1789 2490 1856 2528; x_wconf 85' lang='lat' dir='ltr'>Isi-</span> 
     </span>
     <span class='ocr_line' id='line_1_84' title="bbox 984 2547 1856 2600; baseline -0.001 -15"><span class='ocrx_word' id='word_1_534' title='bbox 984 2548 1065 2586; x_wconf 88' lang='lat' dir='ltr'>dori</span> <span class='ocrx_word' id='word_1_535' title='bbox 1094 2549 1202 2587; x_wconf 80' lang='lat' dir='ltr'>locus</span> <span class='ocrx_word' id='word_1_536' title='bbox 1227 2549 1344 2600; x_wconf 80' lang='lat' dir='ltr'>plane</span> <span class='ocrx_word' id='word_1_537' title='bbox 1369 2548 1442 2585; x_wconf 83' lang='lat' dir='ltr'>sibi</span> <span class='ocrx_word' id='word_1_538' title='bbox 1474 2549 1720 2592; x_wconf 75' lang='lat' dir='ltr'>adversatur,</span> <span class='ocrx_word' id='word_1_539' title='bbox 1752 2547 1856 2585; x_wconf 86' lang='lat' dir='ltr'>unde</span> 
     </span>
     <span class='ocr_line' id='line_1_85' title="bbox 984 2603 1852 2655; baseline 0.001 -14"><span class='ocrx_word' id='word_1_540' title='bbox 984 2606 1249 2643; x_wconf 76' lang='lat' dir='ltr'>necessarium</span> <span class='ocrx_word' id='word_1_541' title='bbox 1283 2605 1448 2645; x_wconf 76' lang='lat' dir='ltr'>videturi.</span> <span class='ocrx_word' id='word_1_542' title='bbox 1492 2609 1533 2642; x_wconf 87' lang='lat' dir='ltr'>ut:</span> <span class='ocrx_word' id='word_1_543' title='bbox 1570 2618 1640 2655; x_wconf 84' lang='lat' dir='ltr'>pro</span> <span class='ocrx_word' id='word_1_544' title='bbox 1673 2603 1852 2655; x_wconf 77' lang='lat' dir='ltr'>pinnula</span> 
     </span>
     <span class='ocr_line' id='line_1_86' title="bbox 989 2660 1855 2713; baseline -0.001 -16"><span class='ocrx_word' id='word_1_545' title='bbox 989 2660 1139 2712; x_wconf 74' lang='lat' dir='ltr'>legatur</span> <span class='ocrx_word' id='word_1_546' title='bbox 1158 2662 1343 2713; x_wconf 75' lang='lat' dir='ltr'>pennula</span> <span class='ocrx_word' id='word_1_547' title='bbox 1369 2666 1459 2705; x_wconf 67' lang='lat' dir='ltr'>cet..</span> <span class='ocrx_word' id='word_1_548' title='bbox 1492 2661 1596 2711; x_wconf 77' lang='lat' dir='ltr'>quod</span> <span class='ocrx_word' id='word_1_549' title='bbox 1627 2664 1754 2698; x_wconf 87' lang='lat' dir='ltr'>tamen</span> <span class='ocrx_word' id='word_1_550' title='bbox 1780 2673 1855 2697; x_wconf 89' lang='lat' dir='ltr'>non</span> 
     </span>
     <span class='ocr_line' id='line_1_87' title="bbox 986 2715 1857 2769; baseline -0.002 -15"><span class='ocrx_word' id='word_1_551' title='bbox 986 2718 1038 2756; x_wconf 86' lang='lat' dir='ltr'>ita</span> <span class='ocrx_word' id='word_1_552' title='bbox 1061 2718 1263 2769; x_wconf 83' lang='lat' dir='ltr'>probabile</span> <span class='ocrx_word' id='word_1_553' title='bbox 1287 2722 1360 2756; x_wconf 72' lang='lat' dir='ltr'>est.</span> <span class='ocrx_word' id='word_1_554' title='bbox 1392 2716 1492 2755; x_wconf 83' lang='lat' dir='ltr'>Puto</span> <span class='ocrx_word' id='word_1_555' title='bbox 1518 2717 1636 2762; x_wconf 86' lang='lat' dir='ltr'>enim,</span> <span class='ocrx_word' id='word_1_556' title='bbox 1663 2715 1767 2767; x_wconf 85' lang='lat' dir='ltr'>apud</span> <span class='ocrx_word' id='word_1_557' title='bbox 1793 2728 1857 2752; x_wconf 86' lang='lat' dir='ltr'>ve-</span> 
     </span>
     <span class='ocr_line' id='line_1_88' title="bbox 981 2771 1856 2826; baseline -0.003 -14"><span class='ocrx_word' id='word_1_558' title='bbox 981 2778 1087 2812; x_wconf 85' lang='lat' dir='ltr'>teres</span> <span class='ocrx_word' id='word_1_559' title='bbox 1123 2777 1324 2826; x_wconf 81' lang='lat' dir='ltr'>utramque</span> <span class='ocrx_word' id='word_1_560' title='bbox 1361 2774 1519 2811; x_wconf 83' lang='lat' dir='ltr'>sormam</span> <span class='ocrx_word' id='word_1_561' title='bbox 1556 2773 1592 2810; x_wconf 89' lang='lat' dir='ltr'>in</span> <span class='ocrx_word' id='word_1_562' title='bbox 1618 2786 1690 2810; x_wconf 85' lang='lat' dir='ltr'>usu</span> <span class='ocrx_word' id='word_1_563' title='bbox 1719 2771 1856 2818; x_wconf 84' lang='lat' dir='ltr'>fuisse,</span> 
     </span>
     <span class='ocr_line' id='line_1_89' title="bbox 982 2827 1856 2882; baseline -0.002 -15"><span class='ocrx_word' id='word_1_564' title='bbox 982 2829 1056 2868; x_wconf 86' lang='lat' dir='ltr'>sed</span> <span class='ocrx_word' id='word_1_565' title='bbox 1086 2831 1138 2868; x_wconf 88' lang='lat' dir='ltr'>ita</span> <span class='ocrx_word' id='word_1_566' title='bbox 1166 2834 1208 2869; x_wconf 87' lang='lat' dir='ltr'>ut</span> <span class='ocrx_word' id='word_1_567' title='bbox 1233 2827 1365 2882; x_wconf 68' lang='lat' dir='ltr'>pinna</span> <span class='ocrx_word' id='word_1_568' title='bbox 1396 2829 1523 2880; x_wconf 83' lang='lat' dir='ltr'>magis</span> <span class='ocrx_word' id='word_1_569' title='bbox 1549 2828 1599 2866; x_wconf 86' lang='lat' dir='ltr'>ad</span> <span class='ocrx_word' id='word_1_570' title='bbox 1623 2828 1779 2866; x_wconf 87' lang='lat' dir='ltr'>turrium</span> <span class='ocrx_word' id='word_1_571' title='bbox 1817 2832 1856 2866; x_wconf 83' lang='lat' dir='ltr'>et</span> 
     </span>
     <span class='ocr_line' id='line_1_90' title="bbox 981 2885 1852 2937; baseline -0.001 -14"><span class='ocrx_word' id='word_1_572' title='bbox 981 2899 1172 2925; x_wconf 88' lang='lat' dir='ltr'>murorum</span> <span class='ocrx_word' id='word_1_573' title='bbox 1187 2887 1415 2925; x_wconf 81' lang='lat' dir='ltr'>eminentias</span> <span class='ocrx_word' id='word_1_574' title='bbox 1430 2885 1607 2937; x_wconf 85' lang='lat' dir='ltr'>aliasque</span> <span class='ocrx_word' id='word_1_575' title='bbox 1622 2897 1684 2922; x_wconf 87' lang='lat' dir='ltr'>res</span> <span class='ocrx_word' id='word_1_576' title='bbox 1704 2887 1852 2928; x_wconf 75' lang='lat' dir='ltr'>acutas,</span> 
     </span>
     <span class='ocr_line' id='line_1_91' title="bbox 977 2940 1853 2995; baseline -0.003 -13"><span class='ocrx_word' id='word_1_577' title='bbox 977 2956 1118 2995; x_wconf 82' lang='lat' dir='ltr'>penna</span> <span class='ocrx_word' id='word_1_578' title='bbox 1141 2956 1235 2981; x_wconf 83' lang='lat' dir='ltr'>vero</span> <span class='ocrx_word' id='word_1_579' title='bbox 1261 2943 1504 2994; x_wconf 84' lang='lat' dir='ltr'>potissimum</span> <span class='ocrx_word' id='word_1_580' title='bbox 1527 2940 1576 2979; x_wconf 85' lang='lat' dir='ltr'>ad</span> <span class='ocrx_word' id='word_1_581' title='bbox 1593 2940 1756 2991; x_wconf 82' lang='lat' dir='ltr'>remigia</span> <span class='ocrx_word' id='word_1_582' title='bbox 1774 2940 1853 2979; x_wconf 86' lang='lat' dir='ltr'>ala-</span> 
     </span>
     <span class='ocr_line' id='line_1_92' title="bbox 981 2996 1852 3051; baseline -0.002 -15"><span class='ocrx_word' id='word_1_583' title='bbox 981 3012 1064 3037; x_wconf 90' lang='lat' dir='ltr'>rum</span> <span class='ocrx_word' id='word_1_584' title='bbox 1078 3000 1290 3051; x_wconf 78' lang='lat' dir='ltr'>pertineat,</span> <span class='ocrx_word' id='word_1_585' title='bbox 1317 3001 1478 3037; x_wconf 83' lang='lat' dir='ltr'>secutus</span> <span class='ocrx_word' id='word_1_586' title='bbox 1493 2997 1615 3035; x_wconf 88' lang='lat' dir='ltr'>hocin</span> <span class='ocrx_word' id='word_1_587' title='bbox 1631 2996 1852 3035; x_wconf 86' lang='lat' dir='ltr'>discrimine</span> 
     </span>
     <span class='ocr_line' id='line_1_93' title="bbox 982 3053 1853 3103; baseline -0.001 -10"><span class='ocrx_word' id='word_1_588' title='bbox 982 3069 1056 3093; x_wconf 89' lang='lat' dir='ltr'>non</span> <span class='ocrx_word' id='word_1_589' title='bbox 1093 3055 1222 3094; x_wconf 84' lang='lat' dir='ltr'>solum</span> <span class='ocrx_word' id='word_1_590' title='bbox 1258 3053 1389 3101; x_wconf 75' lang='lat' dir='ltr'>Quint.</span> <span class='ocrx_word' id='word_1_591' title='bbox 1423 3053 1451 3092; x_wconf 93' lang='lat' dir='ltr'>I.</span> <span class='ocrx_word' id='word_1_592' title='bbox 1478 3057 1514 3093; x_wconf 77' lang='lat'>4.</span> <span class='ocrx_word' id='word_1_593' title='bbox 1552 3053 1584 3103; x_wconf 79' lang='lat'>§.</span> <span class='ocrx_word' id='word_1_594' title='bbox 1613 3053 1676 3094; x_wconf 75' lang='lat'><strong>12.</strong></span> <span class='ocrx_word' id='word_1_595' title='bbox 1699 3055 1853 3092; x_wconf 79' lang='lat' dir='ltr'>securis</span> 
     </span>
     <span class='ocr_line' id='line_1_94' title="bbox 984 3110 1852 3166; baseline -0.005 -14"><span class='ocrx_word' id='word_1_596' title='bbox 984 3112 1175 3166; x_wconf 72' lang='lat' dir='ltr'>utrinque</span> <span class='ocrx_word' id='word_1_597' title='bbox 1192 3111 1342 3150; x_wconf 65' lang='lat' dir='ltr'>liabens</span> <span class='ocrx_word' id='word_1_598' title='bbox 1362 3112 1490 3150; x_wconf 81' lang='lat' dir='ltr'>aciem</span> <span class='ocrx_word' id='word_1_599' title='bbox 1515 3110 1777 3163; x_wconf 76' lang='lat' dir='ltr'>Bipenm&#39;s,</span> <span class='ocrx_word' id='word_1_600' title='bbox 1802 3124 1852 3149; x_wconf 81' lang='lat' dir='ltr'>ne</span> 
     </span>
    </p>
   </div>
  </div>
 </body>
</html>
