2221 3667
301 128 434 155 xxxvi
903 112 978 151 DE
1002 110 1224 151 APULEll
1250 111 1507 151 SCRIPTIS.

300 244 324 268 a
350 229 506 266 Venere
530 227 785 273 tentationes,
818 240 917 277 quas
955 240 1092 265 omnes
1123 227 1209 265 sine
1239 226 1401 265 deorum
1431 226 1575 264 auxilio
1606 225 1761 264 vincere
1791 239 1864 265 non
1896 227 2104 277 potuisset.

299 285 471 324 Primum
496 284 623 322 lanam
655 284 914 323 rabidissimis
940 284 1079 322 ovibus
1110 284 1327 322 detractam
1355 287 1557 335 reportare
1586 283 1756 329 iubetur,
1788 296 1903 334 quem
1934 282 2107 321 laborem

301 356 377 394 ope
408 342 518 379 vocis
551 339 704 379 divinae
735 340 881 392 perlicit
896 339 972 389 2³),
1009 344 1088 378 tum
1121 354 1170 378 ex
1203 340 1309 378 fonte
1339 354 1363 378 a
1393 341 1626 378 draconibus
1658 340 1851 378 custodito
1884 343 1923 378 et
1948 340 2029 378 fere
2053 342 2106 378 in·

301 412 468 437 accesso
500 397 681 436 haustam
713 411 783 448 per
809 396 911 435 lovis
948 397 1080 435 alitem
1111 410 1251 447 aquam
1283 397 1429 435 Veneri
1459 397 1579 434 refert
1591 396 1670 444 29),
1707 397 1874 447 denique
1899 397 1935 434 in
1961 396 2108 435 Orcum

300 455 480 494 ascendit
515 458 555 492 ut
590 455 626 492 in
660 454 806 505 pyxide
839 454 1094 492 formositatis
1131 453 1277 503 aliquid
1313 467 1336 490 a
1366 453 1603 504 Proserpina
1638 454 1799 505 petitum
1837 453 2027 500 conferat,
2070 455 2107 492 in

300 513 464 550 summis
490 511 577 550 istis
603 511 786 562 periculis
814 524 862 548 ex
886 512 974 548 turri
1000 510 1142 548 edocta
1157 508 1226 555 ²30).
1260 509 1334 547 His
1354 511 1596 559 gravissimis
1616 510 1897 548 calamitatibus
1910 511 2108 561 superatis

301 571 377 607 iam
401 569 525 606 redux
556 568 659 606 facta
689 567 858 606 lnnnana
889 581 965 617 qua
996 570 1058 604 est
1089 566 1203 604 animi
1236 566 1450 604 infirmitate
1482 567 1580 605 victa
1604 567 1791 619 pyxidem
1822 568 2032 618 aperiendo
2056 567 2109 605 ad

302 629 465 664 mortem
502 638 629 677 paene
665 625 870 676 consopita
907 627 984 670 est,
1023 623 1097 660 sed
1129 622 1331 674 Cupidinis
1368 624 1510 661 auxilio
1543 624 1577 661 in
1609 625 1725 662 vitam
1757 622 2007 669 revocatam)
2039 637 2110 675 per

301 683 435 720 lovem
471 683 598 733 ipsum
633 682 907 732 praesentibus
945 680 1019 718 diis
1050 693 1136 718 cum
1167 680 1302 718 marito
1334 680 1604 720 reconciliatur
1632 685 1750 732 atque
1782 681 2110 719 innuortalitatem

301 740 525 791 adipiscitur
538 737 607 788 32).

415 795 469 834 L't
500 794 599 834 baec
627 794 754 832 omnia
783 793 951 844 denique
982 792 1329 844 comprehemlam,
1366 794 1486 832 totius
1522 792 1681 833 fabulae
1714 794 1910 833 sententia
1944 795 2112 832 breviter

301 854 355 892 ita
378 856 510 904 potest
535 851 734 889 constitui:

417 908 603 960 Psychen
629 911 777 945 castam
803 906 978 956 intelligo
1004 910 1123 957 atque
1148 906 1328 957 pudicam
1354 907 1537 952 animam,
1563 906 1717 958 qualem
1737 920 1759 945 a
1777 921 1930 946 summo
1957 908 2112 946 numine

302 966 519 1019 profectam
548 964 664 1002 Plato
697 964 772 1001 iam
804 963 1001 1002 disseruit.
1063 962 1213 1014 Cupido
1243 965 1329 1001 sive
1355 963 1456 1001 Eros
1488 964 1676 1002 coelestis
1702 964 1768 1002 ille
1794 970 1856 1003 est
1888 971 1926 1003 et
1950 969 2111 1004 sanctus

302 1038 411 1061 amor
447 1022 511 1073 qui
549 1021 715 1072 pudicae
751 1032 797 1057 ac
828 1033 949 1072 purae
978 1020 1119 1058 insitus
1150 1021 1301 1058 animae
1326 1034 1350 1058 a
1374 1024 1511 1059 natura
1542 1026 1621 1066 est,
1658 1021 1760 1059 unde
1786 1022 1871 1059 eius
1897 1023 2112 1060 nominatur

300 1080 479 1124 maritus,
507 1079 596 1128 quia
622 1077 819 1115 artissimo
845 1082 1005 1114 naturae
1029 1077 1181 1115 vinculo
1214 1091 1300 1115 cum
1326 1076 1487 1128 Psyche
1517 1079 1744 1115 coniunctus
1778 1084 1851 1117 est.
1911 1078 2112 1116 Summam

299 1135 545 1174 innocentiae
576 1139 615 1172 et
645 1133 863 1172 sanctitatis
895 1133 1119 1172 felicitatem
1152 1148 1269 1184 quum
1299 1134 1454 1178 Yenus,
1486 1148 1563 1184 qua
1594 1134 1661 1172 sati
1692 1138 2005 1186 repraesentatur
2030 1136 2112 1173 vio-

299 1193 438 1239 lentia,
464 1192 500 1229 ei
525 1191 711 1236 invideat,
735 1191 935 1229 mittuntur
960 1191 1193 1241 cupiditates
1219 1195 1351 1243 turpes
1377 1195 1494 1241 atque
1521 1191 1703 1237 invidiae.
1729 1206 1888 1230 sorores
1912 1191 2111 1242 Psyches,

301 1263 404 1300 quae
443 1262 691 1300 corrumpere
726 1261 813 1285 eam
844 1252 883 1285 et
914 1261 964 1285 ex
994 1247 1098 1285 felici
1125 1248 1378 1286 castimoniae
1408 1251 1513 1286 statu
1543 1248 1710 1286 deiicere
1738 1249 1907 1287 student.
1967 1248 2112 1288 Earum

301 1307 392 1345 dein
424 1306 620 1343 illecebris
650 1305 794 1343 allecta
822 1303 986 1355 Psyche
1016 1319 1040 1343 a
1063 1309 1170 1342 recta
1198 1305 1261 1342 via
1292 1305 1478 1343 desciscit
1502 1305 1770 1356 Amoremque
1797 1312 1947 1344 castum
1977 1306 2110 1347 violat,

301 1364 366 1414 qui
390 1363 529 1414 pennis
554 1362 605 1400 ad
631 1361 784 1399 coelum
816 1362 929 1399 elatis
960 1375 1141 1399 moerens
1173 1374 1261 1399 eam
1292 1362 1448 1400 deserit.
1498 1361 1596 1399 Tum
1623 1362 1849 1400 delictorum
1876 1363 2114 1401 conscientia.

300 1419 522 1458 excruciata
555 1422 595 1457 et
624 1418 845 1456 vehementi
878 1418 1063 1469 pristinae
1089 1414 1320 1467 integritatis
1347 1423 1385 1456 et
1411 1418 1606 1457 felicitatis
1633 1419 1827 1457 desiderio
1854 1424 1970 1471 capta
1996 1420 2112 1457 vitam

299 1477 406 1515 linire
435 1476 651 1515 miserrima
687 1476 791 1525 cupit
820 1475 1099 1525 aliquantulum
1131 1479 1258 1512 tamen
1285 1476 1497 1520 retardata,
1530 1477 1635 1526 quod
1666 1490 1711 1513 se
1737 1477 1770 1514 in
1797 1477 1959 1525 gratiam
1985 1476 2113 1514 redire

299 1547 424 1585 posse
449 1547 533 1572 cum
560 1533 634 1570 deo
660 1545 774 1583 spem
801 1532 990 1583 concepit.
1023 1532 1102 1569 lam
1128 1536 1229 1569 terra
1253 1536 1458 1583 peragrata
1475 1533 1510 1570 in
1531 1547 1705 1571 summas
1722 1534 1896 1584 proiecta
1917 1533 2111 1577 miserias,

300 1592 484 1628 extremis
520 1590 677 1627 tandem
707 1589 847 1640 poenis
879 1593 917 1626 et
948 1589 1132 1639 periculis
1163 1588 1304 1639 quibus
1335 1590 1536 1627 adiuvatur
1559 1590 1608 1628 ab
1634 1591 1781 1628 Amore
1812 1590 1886 1628 deo
1913 1591 2112 1629 cuiuscun-

300 1662 377 1698 que
414 1648 504 1685 boni
539 1647 691 1684 fautore
715 1646 954 1684 reconciliari
980 1650 1115 1697 potest
1145 1659 1231 1683 cum
1262 1646 1398 1684 marito
1430 1646 1454 1685 i.
1479 1660 1513 1684 e.
1539 1647 1572 1684 in
1604 1648 1805 1698 pristinum
1839 1647 2031 1686 felicitatis
2065 1660 2112 1685 ae

299 1704 530 1755 integritatis
554 1707 698 1741 statum
724 1702 822 1740 redit
848 1707 886 1740 et
911 1716 996 1741 cum
1022 1703 1096 1741 diis
1127 1704 1163 1740 in
1189 1707 1386 1741 aeternum
1411 1704 1670 1754 coniungitur,
1700 1703 1750 1743 ad
1781 1704 1934 1742 coelum
1961 1708 2112 1749 evecta,

299 1762 437 1800 sedem
462 1773 574 1799 suam
598 1774 645 1797 ac
669 1759 916 1797 domicilium.

413 1817 487 1856 His
524 1817 712 1869 expositis
750 1830 850 1866 (pute
887 1817 938 1854 sit
974 1815 1087 1854 huius
1124 1816 1284 1854 fabulae
1316 1816 1469 1854 indoles
1496 1821 1645 1855 etcum
1670 1817 1812 1855 ceteris
1841 1818 1876 1856 in
1902 1817 2112 1856 Metamor-

300 1874 415 1927 phosi
453 1875 641 1912 enarratis
680 1874 894 1911 coniunctio
930 1877 1064 1925 potest
1099 1873 1283 1923 indagari.
1345 1872 1512 1911 Temere
1542 1887 1612 1925 per
1642 1875 1784 1925 ingenii
1822 1874 1967 1915 lusum.
2006 1874 2112 1926 quod

299 1931 512 1970 Paldami
538 1930 608 1968 fuit
632 1930 829 1974 iudicium,
862 1930 1131 1981 interpolatam
1163 1944 1248 1968 eam
1275 1930 1401 1968 fuisse
1428 1931 1593 1981 quisque
1617 1932 1831 1982 negarent,
1865 1932 1928 1982 qui
1954 1945 2112 1969 accura-

299 1991 377 2027 tius
403 1987 656 2027 novissinnnn
681 1986 1017 2037 Metamorphosis
1046 1987 1181 2025 librum
1209 2001 1294 2024 cnm
1321 2001 1368 2024 ea
1394 1988 1614 2026 contulerit:
1637 1990 1833 2027 ozbnlrmn
1863 1991 1904 2027 ἱιι
1937 1994 2112 2040 utroque

301 2046 396 2085 loco
420 2059 608 2084 svtnnmm
631 2049 749 2095 putet
773 2046 895 2082 lotias
922 2045 1057 2095 operis
1088 2049 1124 2082 et
1152 2045 1268 2096 quasi
1293 2045 1512 2084 medullam
1537 2046 1676 2090 inesse,
1709 2051 1842 2084 cetera
1874 2059 1968 2084 ‘cero
1995 2045 2110 2084 obco—

302 2103 418 2142 luem
450 2107 603 2140 tantum
629 2105 667 2138 et
690 2103 942 2140 emo-inseras
969 2102 1110 2152 petita.
1170 2101 1366 2152 Apuleius
1392 2103 1510 2147 enim,
1538 2102 1601 2153 qui
1627 2116 1676 2140 ex
1703 2103 1868 2140 Graecia
1897 2102 2019 2140 redux
2045 2103 2110 2140 ini-

299 2160 419 2197 tiatus
446 2162 528 2196 erat
553 2158 732 2195 omnibus
759 2172 920 2209 quornm
946 2162 1024 2195 tum
1050 2158 1169 2208 viguit
1194 2159 1405 2196 auctoritas
1431 2159 1649 2209 mysterii&
1681 2160 1807 2197 animo
1840 2159 1888 2197 ad
1920 2161 2110 2211 supersti-

300 2216 444 2253 tionem
463 2228 560 2252 suae
579 2219 706 2252 terrae
725 2214 920 2266 propriam
939 2215 1108 2265 alioquin
1132 2215 1246 2252 valde
1267 2214 1469 2261 inclinans,
1496 2220 1536 2254 et
1559 2217 1725 2267 mystica
1751 2217 1937 2268 temporis
1962 2217 2111 2254 ratione

300 2271 606 2323 philosophandi
637 2271 714 2309 hoc
749 2272 784 2309 in
822 2285 951 2308 errore
989 2271 1154 2310 lanatico
1193 2285 1285 2321 prae
1313 2273 1450 2309 ceteris
1489 2274 1760 2311 corroboratus
1793 2274 1926 2311 librum
1963 2272 2110 2310 studuit

302 2342 536 2380 componere
567 2342 672 2372 eum,
703 2341 779 2378 quo
812 2328 962 2366 civibus
993 2330 1264 2379 mysteriorum
1298 2329 1438 2378 quibns
1471 2330 1557 2379 ipse
1588 2336 1670 2368 erat
1700 2330 1880 2367 addictus
1910 2335 2110 2381 praestan-

298 2387 393 2424 tiam
420 2384 725 2431 commendaret,
763 2386 907 2436 quippe
944 2399 1044 2435 quae
1075 2385 1123 2422 ad
1153 2389 1296 2423 rectam
1325 2386 1475 2423 vix-endi
1503 2386 1774 2438 cogitandique
1800 2387 1898 2424 riam
1926 2386 2110 2437 perduce-

298 2447 394 2482 rent.
454 2442 548 2480 ldeo
575 2443 715 2479 aetatis
741 2455 838 2478 suae
863 2455 992 2479 mores
1018 2442 1319 2492 aequaliumqne
1344 2457 1536 2480 sunnnam
1568 2443 1883 2494 depravationem
1914 2447 1991 2481 tam
2023 2443 2109 2481 hor-

298 2500 392 2537 ridis
419 2498 592 2549 depinxit
617 2497 830 2539 coloribus,
862 2503 902 2535 ut
933 2499 1047 2536 animi
1073 2503 1229 2549 torpore
1255 2500 1423 2550 obsopiti
1448 2500 1498 2538 ad
1522 2500 1721 2538 meliorem
1755 2499 1904 2549 frugem
1929 2499 2108 2537 redirent.

299 2556 419 2594 (luins
455 2555 711 2606 improbitatis
747 2554 940 2592 medelam
977 2556 1013 2593 in
1047 2570 1094 2593 eo
1126 2559 1272 2593 tantum
1297 2557 1460 2606 putabat
1490 2570 1583 2593 esse
1613 2558 1799 2608 positam,
1836 2561 1877 2594 nt
1913 2557 2021 2593 cives
2058 2556 2106 2594 ad

296 2614 488 2663 puriorem
521 2612 680 2649 deorum
713 2611 854 2648 cultum
880 2626 1085 2663 rerumque
1111 2612 1340 2650 coelestium
1372 2613 1606 2658 interiorem,
1640 2627 1740 2663 quae
1772 2613 1806 2650 in
1832 2613 1930 2651 solis
1960 2617 2106 2663 myste-

295 2670 362 2707 riis
394 2669 632 2713 tradebatur,
671 2668 960 2717 intelligentiam
999 2682 1044 2706 se
1081 2673 1366 2709 converterent,
1403 2670 1452 2707 ab
1484 2670 1663 2707 omnibus
1695 2670 1808 2707 malis
1833 2684 1879 2707 se
1903 2670 2108 2708 liberatum

295 2727 339 2764 iri
365 2727 399 2763 in
426 2726 473 2763 iis
498 2728 721 2776 sperantes.
779 2724 914 2774 ltaque
945 2725 1116 2763 fabulam
1148 2728 1311 2764 narravit
1336 2726 1385 2763 ‹le
1410 2726 1552 2765 anima.
1585 2740 1685 2776 quae
1717 2741 1802 2764 cnm
1827 2741 1923 2778 puro
1950 2731 1988 2763 et
2014 2740 2106 2763 vero

296 2796 446 2828 amore,
480 2796 565 2820 cum
591 2782 666 2819 deo
693 2781 800 2832 ipso,
832 2783 1033 2819 coniuncta
1059 2786 1265 2833 postquam
1294 2783 1394 2820 vitae
1421 2783 1616 2821 illecebris
1643 2788 1682 2821 et
1708 2783 1899 2821 bominum
1931 2782 2106 2833 maligni-

296 2844 377 2877 tate
413 2840 462 2876 ab
498 2852 592 2876 vera
625 2839 781 2876 vivendi
814 2842 853 2876 et
882 2838 1021 2886 agendi
1052 2840 1114 2876 via
1140 2839 1320 2884 descivit,
1357 2845 1434 2877 tum
1474 2840 1708 2878 facinoribus
1745 2840 1928 2886 cruciata,
1966 2839 2106 2891 poenis

297 2899 444 2934 tantum
471 2899 509 2932 et
534 2896 764 2946 purgatione
791 2909 876 2933 cum
903 2895 975 2932 deo
1002 2895 1037 2932 in
1063 2895 1224 2944 gratiam
1250 2900 1383 2947 potest
1407 2897 1543 2935 redire.
1609 2896 1697 2937 Hae
1729 2910 1819 2934 vero
1851 2897 2105 2949 purgationes

295 2957 336 2990 ut
361 2957 491 2990 notum
517 2956 579 2990 est
603 2953 636 2990 in
663 2952 762 2990 solis
788 2952 985 3003 mysteriis
1011 2952 1152 3003 porrigi
1177 2952 1441 2992 credebantur.

384 3090 448 3123 28)
474 3093 550 3119 Met.
565 3092 620 3119 Vl.
636 3099 666 3125 1).
681 3093 743 3120 402
760 3099 828 3125 sqq.
946 3091 1008 3127 2²9]
1033 3091 1088 3120 Vl.
1105 3100 1133 3126 n.
1152 3093 1209 3121 ‘104
1226 3100 1294 3127 sqq.
1415 3092 1478 3128 30)
1503 3094 1679 3128 V1.p.411
1697 3100 1766 3128 sqq.

384 3137 446 3170 31)
474 3137 527 3165 Vl.
544 3145 571 3171 p.
588 3138 661 3165 422¹.
802 3139 864 3171 32)
893 3138 944 3167 Vl.
960 3146 989 3172 p.
1005 3138 1066 3166 423
1081 3145 1151 3172 sqq.
