2155 3590
680 146 869 188 LIBER
899 148 974 189 IV.
1029 148 1155 190 CAP.
1184 149 1213 190 Ι.
1778 156 1859 197 213

63 268 150 295 cum
178 254 290 294 asino
319 255 384 296 vel
413 269 513 310 equo
544 269 632 297 meo
662 271 918 312 compascuus
949 268 1086 302 coetus
1116 261 1286 302 attinere
1309 262 1463 316 potuit,
1498 264 1623 304 adhuc
1655 265 1858 306 insolitum

61 310 233 364 alioquin
257 312 450 364 prandere
475 313 645 353 foenum.
692 312 771 354 Sed
795 315 910 369 plane
935 318 1035 370 pone
1060 317 1255 358 stabulum
1280 326 1526 372 prospectum
1560 321 1754 361 hortulum
1780 323 1859 362 iam

62 368 163 407 fame
177 367 348 420 perditus
363 368 529 409 fidenter
540 368 700 420 invado,
728 377 768 410 et
792 374 970 424 quamvis
994 374 1124 419 crudis
1143 374 1331 425 oleribus,
1360 375 1508 415 affatim
1528 383 1660 417 tamen
1678 385 1858 419 ventrem

62 423 222 476 sagino,
266 421 452 477 Deosque
487 433 756 480 comprecatus
791 441 926 469 omnes
953 437 1095 470 cuncta
1125 430 1422 484 prospectabam
1448 432 1556 482 loca,
1591 433 1717 473 sicubi
1755 435 1858 475 forte

62 479 315 519 conterminis
340 479 381 519 in
407 480 572 521 hortulis
599 483 770 523 candens
787 481 793 538 Ι
809 485 1023 538 reperirem
1049 487 1260 527 rosarium.
1287 485 1391 527 Nam
1419 494 1458 527 et
1481 488 1563 542 ipsa
1591 489 1760 529 solitudo
1779 491 1856 530 iam

60 535 152 574 mihi
171 535 312 575 bonam
332 536 510 576 fiduciam
530 537 743 589 tribuebat,
771 539 806 579 si
825 541 961 582 devius
982 549 1021 582 et
1041 543 1220 593 frutectis
1245 543 1498 584 absconditus
1512 576 1523 595 ,
1551 552 1705 600 sumpto
1730 560 1857 587 reme-

58 681 142 710 equo
155 671 250 700 modo
262 675 300 702 R.
312 673 335 704 f.
381 682 600 713 compascuus
612 674 733 705 hortus
745 679 782 707 B.
819 677 912 707 Iocus
925 682 1076 710 nonnulli
1087 684 1168 712 MSS.
1182 685 1264 711 teste
1279 683 1431 712 Beroald.
1471 682 1575 720 poem·
1591 685 1628 712 P.
1661 685 1817 720 potuerit
1828 695 1858 721 p.

52 717 177 755 petivit
189 719 227 747 1).
241 727 262 748 a
273 727 314 748 m.
328 728 358 754 p.
378 722 434 750 sed
447 728 467 750 a
479 729 521 751 m.
535 730 562 751 S.
582 725 630 751 est
646 723 782 758 polivit.
830 723 981 762 alioquin
995 730 1076 755 teste
1088 729 1171 756 Elm.
1187 730 1278 756 abest
1298 728 1332 756 in
1344 729 1382 757 B.
1406 728 1488 757 utin
1501 730 1536 757 Ο,
1551 731 1608 757 sed
1622 729 1655 757 iu
1669 732 1742 758 coll.
1758 732 1858 759 modii

57 768 145 792 extat
161 763 298 800 alioqui.
315 764 442 803 famae
453 767 560 795 Paris.
586 769 621 794 et
633 776 733 804 quam
748 771 830 798 utD.
841 777 946 804 anm.
967 775 1133 806 pret-atus
1147 770 1174 800 δ.
1189 781 1253 801 non
1263 774 1373 801 addita
1382 780 1461 802 voce
1475 781 1596 801 onmes.
1622 774 1728 801 omnis
1740 777 1856 804 habeut

57 809 184 837 vicent.
198 810 279 838 Ven.
296 812 325 839 ¹2.
340 812 370 839 4.
383 812 468 839 lunt.
484 813 511 840 1.
525 813 599 840 ΑΜ.
636 813 670 840 in
683 812 766 840 loeis
778 821 835 848 pro
848 813 994 843 hortulis
1002 819 1039 845 L.
1086 818 1190 846 Basil.
1211 819 1242 846 3.

400 857 568 884 ros-atium
582 859 618 885 G.
633 859 670 886 D.
719 867 797 885 nam
810 867 875 888 non
894 865 1054 895 comparet
1068 861 1102 890 in
1120 863 1198 891 Bas.
1221 865 1249 891 1.

55 854 259 890 repperirem
272 856 309 883 F.
322 857 353 883 3.

1289 817 1436 846 candens
1455 821 1547 847 abest
1567 826 1587 848 a
1605 821 1641 847 L.
1685 818 1808 848 cadens
1822 822 1857 848 P.

1297 865 1332 890 et
1348 871 1450 898 prave
1468 866 1580 892 exulat
1600 867 1640 893 ab
1659 866 1718 893 Ed.
1737 866 1857 894 Florio.

56 898 132 934 tjvsa
151 907 214 927 non
233 904 392 934 comparet
404 901 437 929 in
452 898 481 930 δ.
527 900 733 930 εἰᾱίοἰηίιιιε
748 907 925 940 protectus
944 905 1100 935 absc-ond.
1116 917 1148 941 φ.
1196 905 1349 936 de'ct'nus
1363 905 1392 936 δ.
1435 907 1644 945 praedoctus
1657 918 1693 937 π.
1740 909 1811 940 der.
1826 914 1858 937 et

51 943 219 979 protectis
234 946 269 974 G.
306 943 377 973 deo.
391 949 423 973 el
432 949 611 982 protectus
623 949 659 976 F.
673 950 705 978 3.
717 950 756 977 D.
770 950 807 978 B.
833 953 863 979 et
886 952 957 980 edd.
971 956 1049 980 vett.
1063 956 1192 987 praeter
1203 955 1288 982 Iunt.
1300 953 1606 994 2.‹1uaefrutectis
1618 957 1715 984 habet
1730 960 1762 984 ut
1775 956 1812 984 F.
1830 957 1856 983 1.

54 990 91 1016 In
105 992 178 1018 cett.
192 989 409 1029 estfrutelt’s.

54 1098 214 1148 egregie
251 1098 385 1145 fallor,
422 1099 551 1140 locum
588 1103 720 1142 innuat
754 1103 820 1143 IV.
862 1109 925 1145 11.

56 1155 250 1205 quoniam
275 1157 308 1195 is
333 1157 446 1196 cibus
471 1162 510 1196 et
525 1159 770 1198 subduceret
785 1162 925 1199 sensim

54 1209 187 1249 alcum
211 1215 250 1249 et
274 1211 494 1264 leciyaret:
523 1215 588 1252 uhi
612 1216 766 1266 propria
790 1230 862 1254 sua
889 1218 925 1255 vi

53 1265 193 1303 dictum
220 1280 314 1305 esse
339 1268 413 1307 hoc
436 1270 669 1308 vocabulum
689 1272 853 1322 quisque
871 1273 923 1310 in-

52 1321 213 1371 telliget.
262 1323 310 1362 cs.
346 1324 468 1363 Hadr.
505 1326 555 1364 ad
586 1324 743 1367 Petron.
770 1342 800 1366 c.
833 1333 921 1368 140.

53 1391 91 1429 p.
105 1382 196 1418 858.
211 1377 417 1418 Burmann.
448 1380 536 1419 Nisi
561 1383 800 1433 antiquitatis
826 1398 921 1423 usus

52 1434 243 1480 obstaret,
258 1449 328 1487 per
341 1436 559 1488 analogiam
575 1439 804 1477 vocabulum
819 1454 921 1479 com-

52 1490 271 1542 probarem3
297 1493 370 1530 sed
387 1497 472 1531 utut
490 1497 553 1532 est
573 1495 635 1533 vel
649 1495 813 1534 Wassei
832 1511 920 1535 con-

52 1547 196 1586 iectura
246 1548 521 1600 amplectenda
575 1555 637 1590 est
684 1552 919 1604 lez-ifactos:

52 1601 187 1641 Gloss.
203 1603 398 1656 lez-isacio
418 1607 677 1658 κουφισθῆναι
689 1613 806 1655 ποιῶ,
821 1623 923 1661 quae

51 1658 136 1697 sine
161 1659 277 1698 dubio
303 1665 367 1699 est
384 1664 739 1713 praestantissima,
766 1666 826 1704 vel
843 1680 921 1704 nie-

51 1717 332 1768 cum‘corrigas
358 1718 526 1759 leviatos
551 1720 654 1770 quod
680 1721 797 1760 etiam
811 1722 857 1762 L.
883 1724 919 1761 in

49 1785 166 1821 marg.
204 1773 375 1826 praebet.
435 1774 554 1814 Extat
589 1777 690 1815 enim
727 1779 921 1819 alleviare

51 1827 100 1868 cf.
126 1828 203 1868 Cic.
228 1829 278 1867 ‹le
303 1828 449 1882 luvent.
474 1830 502 1871 l.
527 1837 592 1873 42.
619 1833 682 1871 ubi
707 1834 920 1875 alleviatas·

50 1897 137 1932 cuni
174 1883 351 1934 munibus
389 1888 503 1926 codd.
547 1889 707 1928 retineo.
768 1890 917 1930 Eadem

50 1941 149 1978 enim
185 1943 332 1980 ratione
367 1944 582 1984 lemnilz'are
616 1960 639 1984 a
676 1945 916 1986 Tertulliano

50 1996 252 2036 formatum
278 2003 340 2037 est
363 1999 451 2039 adv.
476 2000 597 2040 Marc.
624 2001 672 2040 V.
701 2006 766 2044 20.
793 2017 829 2054 p.
851 2009 915 2045 48.

49 2057 87 2093 6.
113 2053 161 2091 D.
190 2054 395 2107 Iu'esaryet
422 2069 523 2108 erqo
554 2062 733 2097 nostrum
764 2073 916 2111 corpus

50 2109 164 2160 qtcotl
177 2110 416 2150 humiliatur
429 2114 702 2163 passionibus.
729 2115 920 2156 Aminian.

48 2164 180 2203 XXX.
213 2170 249 2205 4.
283 2165 428 2213 Quidni
453 2168 648 2219 Apuleius
681 2171 830 2211 leviare
853 2186 919 2223 po-

48 2226 146 2259 terat
172 2221 326 2260 dicere‘?
351 2223 556 2275 Lerigyare
581 2239 671 2264 vero
697 2240 766 2278 pro
787 2227 920 2268 levare

48 2277 162 2315 medii
177 2279 263 2316 aevi
275 2279 529 2330 scriptoribus
542 2287 766 2334 usurpatum
782 2283 917 2331 fuisse,

47 2334 190 2372 docent
214 2335 289 2386 ipsi
315 2334 406 2381 loci,
430 2336 534 2374 unde
558 2339 762 2388 probabile
786 2341 843 2385 fit,
878 2341 919 2379 li-

48 2389 258 2429 brariorum
282 2393 425 2431 incuria
445 2394 675 2432 vocabulum
700 2396 917 2446 irrepsisse,

49 2446 154 2496 quod
179 2447 213 2484 in
240 2461 305 2485 ore
329 2449 377 2486 iis
402 2453 495 2488 erat.
520 2449 622 2488 Hinc
641 2453 919 2492 correctionem

49 2501 191 2541 librarii
214 2504 250 2542 in
277 2504 364 2543 cod.
389 2503 434 2544 F.
461 2503 496 2546 3.
523 2507 711 2559 explica]

105 2565 251 2599 coetus.
299 2560 387 2598 Nec
413 2560 534 2601 Colvii
561 2564 779 2603 coniectura
804 2567 916 2606 cibus

49 2627 120 2652 nec
144 2616 231 2655 cod.
255 2615 301 2655 B.
328 2616 444 2655 lectio
469 2618 626 2665 hortus,
659 2634 760 2671 quae
784 2635 916 2661 merae

49 2667 208 2722 glossae
233 2676 341 2720 sunt,
368 2675 520 2712 omnino
546 2676 635 2714 mihi
660 2676 829 2727 placent,
853 2693 916 2717 se-

53 2729 141 2764 cuto
183 2727 305 2775 oud„
343 2730 407 2781 qui
440 2736 577 2772 coetus
614 2733 664 2770 de
696 2732 783 2770 loco
815 2735 917 2786 ipso,

49 2783 111 2820 ubi
124 2782 257 2834 plures
270 2790 411 2824 coeunt
430 2790 470 2825 et
486 2793 704 2835 versantur,
724 2789 917 2840 explicat3

48 2837 135 2877 co‘lt.
163 2840 232 2879 Sil.
249 2839 274 2880 Ι.
290 2845 383 2882 638.
411 2857 526 2895 quem
546 2847 660 2896 freta
684 2851 757 2884 aut
780 2852 917 2887 coetus

45 2893 223 2946 ,abnuere
232 2899 417 2949 ferarum
438 2898 688 2951 [quamquam
703 2901 765 2941 hic
780 2908 916 2943 coetus

47 2952 177 3000 potius
213 2953 469 2993 intellexerim
506 2962 627 2996 antra
663 2963 700 2997 et
735 2973 840 2998 saxa
875 2964 917 2998 ut

47 3005 148 3046 Oud.
172 3009 303 3049 voluit.
330 3010 417 3050 Nec
441 3012 567 3051 minus
593 3013 669 3051 huc
692 3014 823 3053 referri
848 3029 916 3067 po-

46 3063 132 3101 terit
154 3063 249 3103 Met.
268 3066 334 3105 1V.
359 3081 396 3119 p.
418 3072 512 3109 276.
539 3071 676 3109 coetui
698 3071 917 3111 multarum

44 3118 228 3166 ferarum
251 3123 315 3162 ubi
334 3127 396 3162 est
410 3127 688 3178 frequentiae,
714 3128 916 3167 societati.

985 1105 1113 1145 L'mun
1150 1111 1297 1146 tantum
1334 1108 1517 1159 equidem
1553 1109 1724 1149 invenire
1750 1112 1857 1161 potui

985 1161 1124 1208 locuni,
1150 1164 1215 1201 ubi
1240 1169 1375 1203 coetus
1400 1165 1438 1203 id
1462 1166 1681 1216 significare
1694 1167 1855 1211 videtur,

983 1219 1088 1268 quod
1112 1224 1317 1270 praeterea
1342 1233 1391 1258 ex
1420 1221 1604 1272 analogia
1632 1226 1767 1274 potest
1792 1224 1858 1260 de<

981 1273 1088 1311 sendi
1128 1288 1210 1313 voc.
1243 1277 1408 1321 concio,
1442 1290 1544 1327 quae
1579 1278 1629 1316 de
1665 1282 1855 1317 conventu

981 1333 1021 1367 et
1045 1329 1095 1367 (le
1120 1330 1208 1369 loco
1235 1332 1386 1369 dicitur:
1414 1338 1575 1372 senatus
1599 1334 1649 1373 al.
1694 1334 1768 1373 Est
1788 1335 1855 1373 ille

982 1385 1076 1424 Tac.
1102 1387 1203 1425 Anu.
1219 1386 1281 1425 lll.
1304 1392 1370 1429 40.
1396 1388 1535 1440 Iyt‘tur
1553 1404 1634 1441 per
1660 1392 1854 1430 concilia-

982 1442 1082 1481 bula
1118 1448 1159 1481 et
1192 1449 1331 1483 coetus
1361 1445 1558 1484 seditiosa
1595 1447 1854 1485 disserebant.

984 1498 1270 1539 conciliabula
1303 1501 1405 1538 enim
1436 1505 1475 1538 et
1507 1507 1645 1541 coelus
1681 1502 1743 1540 hic
1774 1503 1856 1541 sere

979 1554 1081 1592 idem
1096 1560 1249 1600 notant,
1276 1560 1316 1595 et
1335 1557 1614 1598 conciliabula
1633 1564 1726 1598 sunt
1747 1560 1854 1605 loen,

982 1611 1052 1650 ubi
1078 1613 1182 1663 quid
1207 1613 1503 1666 componitur]

1039 1668 1218 1708 candens
1248 1668 1311 1707 hic
1342 1683 1416 1708 non
1449 1682 1544 1708 esse
1570 1671 1756 1711 albicans
1779 1673 1854 1710 sed

976 1724 1148 1775 fulyens
1172 1738 1207 1764 s,
1230 1726 1385 1765 micans
1416 1730 1549 1765 contra
1574 1726 1682 1765 (Jolv.
1716 1732 1753 1765 et
1778 1727 1853 1766 Be-

978 1780 1100 1819 roald.
1127 1781 1257 1820 docuit
1281 1782 1390 1820 Grut.
1418 1784 1536 1833 Susp.
1562 1783 1648 1822 Vll.
1675 1788 1713 1823 2.
1738 1798 1852 1835 quein

978 1836 1082 1874 Oud.
1097 1841 1257 1876 secutus
1274 1842 1353 1883 esu
1367 1838 1456 1877 coll.
1471 1838 1588 1878 Ovid.
1603 1840 1699 1877 Met.
1715 1839 1741 1878 l.
1761 1845 1850 1881 120.

977 1891 1024 1931 ΙΙ.
1056 1896 1148 1933 230.
1182 1897 1274 1934 298.
1301 1898 1394 1935 433.
1434 1894 1492 1932 lta
1514 1894 1635 1946 Apul.
1661 1893 1758 1935 Met.
1785 1896 1850 1934 vl.

977 1961 1015 1998 p.
1048 1953 1141 1989 401.
1184 1951 1288 1989 rosis
1323 1951 1566 1991 micantibus
1603 1951 1711 1997 dicit,
1750 1967 1851 2003 quae

978 2006 1089 2054 quasi
1113 2010 1272 2057 fert-ere
1297 2020 1390 2058 prae
1416 2008 1530 2045 nimio
1554 2008 1695 2046 rubore
1720 2009 1852 2047 viden-

975 2064 1043 2098 tur.
1094 2061 1142 2100 cf.
1176 2061 1303 2100 Bentl.
1336 2063 1385 2101 ad
1416 2062 1510 2102 Hor.
1543 2063 1619 2103 Od.
1652 2064 1678 2102 l.
1717 2069 1752 2105 2.
1785 2069 1851 2105 31.

980 2115 1110 2155 Burni.
1136 2118 1183 2155 ad
1211 2118 1325 2157 ovid.
1353 2118 1462 2159 Fast.
1487 2119 1515 2159 l.
1546 2125 1635 2162 186.
1669 2121 1731 2159 ΠΙ.
1759 2126 1850 2162 762.

981 2172 1092 2224 [isid.
1131 2173 1266 2225 Origg.
1304 2172 1394 2214 ΧΠ.
1437 2181 1472 2216 1.
1505 2180 1571 2216 51.
1610 2178 1726 2216 albus
1763 2193 1852 2217 cum

980 2230 1161 2281 quodam
1189 2231 1361 2282 pallore
1396 2238 1470 2277 est,
1513 2235 1720 2273 candidus
1759 2249 1852 2273 reru

977 2290 1033 2323 est
1059 2287 1192 2325 uirens
1217 2292 1256 2326 et
1274 2301 1387 2339 pura
1402 2288 1492 2328 lucc
1504 2293 1721 2342 perfusus,
1746 2291 1851 2328 unde

978 2341 1106 2380 elucet
1130 2356 1205 2380 non
1232 2344 1281 2382 ad
1307 2344 1477 2383 colorem
1501 2345 1575 2384 sed
1596 2346 1645 2384 ad
1666 2347 1849 2397 splendo-

977 2411 1057 2435 rem
1073 2398 1108 2436 id
1123 2399 1265 2438 referri.
1288 2400 1335 2438 cs.
1353 2402 1462 2441 Serv.
1479 2401 1847 2455 a‹lGeorg.lll.82.fl

1030 2457 1235 2506 frutectis.
1289 2456 1403 2495 Hanc
1437 2459 1549 2497 unice
1584 2472 1715 2496 verum
1754 2473 1850 2497 esse

976 2510 1183 2549 lectionem
1191 2511 1295 2551 Mss.
1309 2527 1521 2566 eorumque
1535 2515 1697 2565 vestigia
1714 2520 1849 2567 aperte

973 2567 1160 2613 indicant,
1184 2573 1226 2606 ut
1252 2569 1516 2609 Schickeradii
1543 2572 1757 2610 coniectura
1783 2587 1847 2610 ro-

974 2625 1092 2662 sectis
1124 2624 1243 2675 plane
1272 2626 1323 2664 sit
1352 2640 1659 2678 supervacanea.
1713 2628 1848 2666 Minus

973 2683 1102 2718 tamen
1127 2686 1234 2719 recte
1260 2681 1380 2722 Oud..
1409 2685 1576 2735 frutetis
1601 2684 1848 2722 scribendum

975 2749 1070 2774 esse
1093 2739 1329 2789 pronuntiat,
1360 2739 1522 2778 alteram
1549 2740 1777 2791 scripturum
1799 2754 1848 2778 ex

976 2806 1106 2830 errore
1114 2793 1262 2844 vulgari
1277 2794 1512 2833 librariorum
1529 2800 1648 2834 ortam
1664 2809 1757 2834 esse
1771 2797 1848 2834 exi—

976 2849 1319 2901 stinians‚passini
1337 2866 1358 2890 c
1373 2851 1534 2889 litterani
1557 2852 1847 2891 inculcantinm:

973 2908 1016 2943 ut
1035 2906 1070 2943 in
1092 2908 1262 2952 virecta,
1289 2907 1338 2944 de
1358 2920 1434 2957 quo
1455 2909 1585 2946 statim
1605 2909 1741 2947 dicam.
1769 2909 1848 2960 [Ex

974 2961 1077 3000 Mss.
1104 2963 1216 3013 igitur
1241 2964 1469 3001 auctoritate
1494 2963 1593 3003 haec
1623 2978 1688 3002 res
1714 2965 1846 3003 diiudi-

976 3018 1052 3055 cari
1076 3031 1200 3069 posse
1225 3032 1299 3057 non
1320 3019 1488 3066 videtur,
1516 3034 1632 3071 quum
1658 3021 1680 3058 ii
1708 3035 1847 3060 omnes

976 3075 1127 3112 omnino
1147 3074 1349 3121 fluctuent,
1380 3076 1496 3114 modo
1516 3076 1591 3116 hoc
1614 3078 1731 3116 modo
1752 3077 1845 3117 illud

973 3130 1259 3181 praeferentes,
1285 3132 1387 3170 unde
1406 3145 1509 3172 error
1527 3135 1648 3173 maior
1669 3138 1730 3173 est
1743 3133 1848 3174 Oud.
