2155 3590
654 97 839 137 LIBER
863 98 936 138 IX.
994 97 1121 140 CAP.
1157 99 1253 140 XX.
1768 98 1842 141 801

66 207 230 248 litabant
254 207 346 248 nudi
371 207 533 259 milites,
561 216 600 249 et
623 217 760 250 contra
785 211 956 251 omnium
982 211 1201 265 opinionem
1227 217 1378 274 captata
1408 211 1532 251 noctis
1559 211 1846 265 opportunitate

65 263 297 318 improvisus
333 264 496 304 maritus
532 264 696 306 assistit.
768 265 871 307 Suae
908 268 1043 307 domus
1080 268 1235 308 ianuam
1272 266 1347 306 iam
1379 267 1528 320 pulsat,
1566 267 1642 306 iun
1686 267 1842 317 clamat

63 320 140 359 iam
176 333 275 360 saxo
312 321 417 361 fores
453 320 657 373 verberat,
697 329 737 362 et
770 322 854 377 ipsa
884 324 1067 363 tarditate
1098 323 1224 376 magis
1262 322 1463 375 magisque
1501 330 1704 377 suspectus
1731 322 1843 377 'dira
1870 333 1927 365 631

63 375 321 417 comminatur
343 375 537 431 Myrmeci
563 379 763 432 supplicia.
814 381 870 419 At
893 380 956 419 ille
982 379 1185 433 repentino
1211 378 1312 417 malo
1339 379 1610 430 perturbatus,
1638 386 1677 419 et
1700 379 1844 419 misera

63 432 319 486 trepidatione
343 433 426 473 ad
415 433 584 487 mopiam
611 435 763 474 consilii
789 436 994 485 deductus,
1025 436 1124 488 quod
1150 434 1272 474 solum
1300 440 1467 487 poterit
1496 442 1710 475 nocturnas
1736 442 1843 475 tene-

59 487 151 529 bras
187 488 261 529 sibi
297 489 533 530 causabatur
568 490 780 542 obsistere,
820 491 911 545 quin
949 492 1096 532 clavem
1136 490 1290 530 curiose
1330 489 1598 530 absconditam
1633 491 1840 545 reperiret.

58 626 138 655 novi
149 630 199 665 et,
225 629 308 662 quod
321 632 396 657 ante
409 627 534 657 nudiin
548 630 715 658 nonnullis
728 631 818 659 codd.
831 629 959 666 legitur,
986 638 1048 658 non
1063 632 1222 663 comparet
1238 629 1269 657 in
1283 630 1319 658 F.
1335 629 1363 657 1.
1378 629 1408 657 3.
1424 630 1459 657 G.
1479 630 1505 657 1.
1521 630 1552 656 2.
1566 631 1600 657 Ο.
1614 630 1653 657 D.
1667 629 1704 657 L.
1720 629 1740 658 f.
1755 630 1789 657 B.
1804 631 1842 659 R.

58 680 88 706 p.
102 680 137 701 π.
152 669 181 701 δ.
193 675 276 701 Iunt.
291 675 321 702 2.
335 673 455 702 Florid.
502 673 632 701 clamat
651 676 687 703 F.
705 677 732 704 1.
747 677 777 704 3.
798 676 833 703 G.
850 677 878 703 1.
893 676 924 703 2.
944 677 978 704 0.
993 676 1029 703 P.
1043 677 1080 703 D.
1097 676 1133 703 R.
1149 671 1177 702 δ.
1191 675 1226 702 L.
1245 676 1328 703 lunt.
1348 676 1378 702 2.
1399 674 1494 702 Vulc.
1514 676 1613 702 Μυῖα.
1628 675 1738 702 Wow.
1758 674 1843 702 Prie.

56 719 93 745 In
113 721 183 746 cett.
204 719 322 754 legitur
335 717 507 755 clamitat,
532 727 614 753 quae
627 720 705 748 mihi
720 721 901 749 emendatio
914 720 1040 748 videtur
1053 728 1126 748 esse
1138 719 1282 755 librarii,
1308 719 1362 753 qui
1382 726 1459 753 prae
1472 718 1696 754 indignatione
1712 719 1843 752 saepius

56 762 244 791 clamitasse
257 764 434 792 Barbarum
449 764 621 799 indigitare
634 766 746 793 voluit.
772 766 870 793 Recte
885 766 962 793 ond.
979 763 1105 791 clamat
1125 771 1167 791 ex
1185 763 1313 797 optimis
1334 764 1424 792 codd.
1445 766 1560 792 tuetur.
1599 762 1698 802 faa-o
1713 765 1749 791 G.
1766 765 1792 791 1.
1808 764 1842 791 Ο.

55 805 143 834 dura
156 809 229 836 G.1.
266 809 490 836 comminatur
503 809 676 837 flammatur
689 809 758 844 (bis
772 809 959 844 repetitum]
974 811 1011 838 Ι).
1048 809 1199 836 minatur
1207 810 1244 837 1..
1262 817 1291 843 p.
1305 809 1376 837 edd.
1391 812 1466 837 ante
1479 809 1567 837 Colv.
1582 811 1710 842 praeter
1720 809 1841 836 1unt.2.

53 852 199 879 mirmz‘ci
211 854 246 881 G.
261 854 290 882 1.
303 855 336 881 2.
360 851 518 890 Myrmicz'
528 855 562 882 Ο.
579 854 597 882 f.
612 855 752 888 aliisque
766 858 846 883 teste
859 856 937 883 Oud.
963 855 1095 882 mirmci
1105 856 1143 882 D.
1186 852 1415 890 perturbatur
1430 853 1451 881 f.
1465 854 1514 882 ed.
1529 861 1573 887 pr.
1588 853 1714 882 Vicent.
1727 854 1842 882 Venet.

53 898 84 925 2.
97 898 127 926 4.
141 898 247 926 Paris.
260 899 337 927 Bas.
384 901 420 926 et
431 902 506 927 ante
518 898 644 926 misera
658 901 768 928 exulat
782 906 802 928 a
815 902 850 928 G.
865 901 894 928 2.
910 901 946 928 P.
959 901 998 928 D.
1045 898 1136 926 solus
1150 899 1172 927 f.
1220 897 1284 926 sibi
1295 897 1510 926 causabatur
1524 899 1560 927 F.
1576 899 1604 926 3.
1620 899 1656 927 G.
1672 899 1700 927 1.
1715 899 1746 927 2.
1760 899 1797 926 D.
1812 894 1842 927 δ.

54 941 76 970 f.
89 942 171 971 coll.
184 943 280 972 Voss.
303 945 340 972 In
353 947 424 972 ceu.
438 943 650 972 causabatur
661 943 732 973 sibi.

52 1051 195 1090 dictum
221 1056 283 1091 est
307 1053 357 1091 ad
380 1052 479 1092 Met.
503 1052 550 1092 II.
578 1067 613 1104 p.
643 1057 751 1098 131„
778 1054 840 1092 ubi
867 1054 915 1092 de

50 1110 333 1159 comparatione
347 1109 512 1147 Veneris
538 1122 622 1148 cum
647 1110 805 1160 proeliis
829 1123 914 1148 sae-

48 1165 136 1216 pius
162 1166 333 1203 instituta
357 1166 429 1216 egi.
478 1164 524 1203 cf.
561 1169 763 1216 praeterea
788 1164 912 1205 Iacob.

48 1220 98 1258 ad
110 1219 232 1259 Lucil.
246 1221 362 1259 Aetn.
379 1225 488 1267 217„
515 1221 579 1271 qui
603 1225 773 1259 nostrum
788 1221 912 1259 locum

47 1276 207 1321 excitat,
232 1276 387 1315 Ruhnk.
413 1277 514 1315 Dict.
540 1277 589 1314 ad
615 1276 726 1314 Ovid.
752 1276 910 1316 Heroid.

46 1346 82 1383 p.
99 1335 162 1372 69.
178 1335 216 1370 et
231 1331 361 1371 Caton.
376 1332 457 1371 Dir.
475 1336 563 1373 116.
579 1337 651 1372 aut
663 1334 766 1372 inter
781 1334 913 1371 varios

53 1388 250 1428 Veneris
283 1389 538 1441 stipendia
572 1391 695 1442 flores
730 1389 910 1427 Illembra

45 1444 274 1490 reclinari-it,
298 1445 363 1483 ubi
388 1445 608 1497 dispendia
627 1459 701 1482 non
722 1446 910 1497 corrigen-

44 1500 133 1538 dum
164 1505 244 1547 est,
275 1502 328 1540 uti
357 1503 497 1553 {nostro
530 1500 615 1540 Ioco
646 1502 800 1540 aberrat
824 1501 908 1540 cod.

43 1556 204 1609 Dresd.]

99 1618 139 1652 et
155 1617 301 1653 contra
321 1614 494 1653 omnium
513 1614 753 1666 opinionem..
790 1614 909 1660 Male,

43 1670 95 1708 uti
121 1670 296 1721 saepius,
321 1669 384 1708 hic
407 1683 561 1721 quoque
587 1670 782 1709 Stewech.
810 1670 910 1709 hunc

44 1725 171 1764 Iocum
189 1730 329 1771 tentat,
355 1740 402 1765 en
417 1731 561 1766 contra
574 1727 767 1773 scribens,
794 1740 908 1777 quam

42 1781 289 1833 particulam,
314 1787 355 1820 ut
370 1797 478 1829 ecce,
504 1782 801 1834 perfamiliarem
817 1796 908 1821 esse

41 1838 200 1878 adnotat
212 1839 277 1884 iis,
303 1839 367 1890 qui
384 1852 564 1890 magnum
583 1839 741 1889 aliquod
756 1839 908 1877 facinus

43 1895 222 1933 narraturi
247 1901 287 1934 et
312 1894 417 1934 velut
441 1896 476 1933 in
502 1908 622 1933 scena
646 1895 804 1946 posituri
831 1896 908 1933 sint

43 1951 89 1989 cl.
104 1950 154 1988 ad
167 1950 263 1990 Met.
276 1950 379 1989 Vlll.
393 1964 430 2002 p.
446 1955 558 1995 518..
583 1952 646 1989 ulii
668 1951 906 1989 demonstra-

42 2011 121 2046 tum
146 2010 225 2053 est,
251 2012 291 2046 et
313 2007 537 2058 particulam
555 2007 617 2046 hie
636 2008 735 2045 bene
749 2007 905 2046 habere.

99 2063 259 2102 clamat.
318 2063 502 2103 Clamare
539 2067 578 2101 et
614 2063 823 2103 clamitare
854 2065 905 2101 in-

42 2119 235 2170 dignantis
260 2125 301 2157 et
324 2119 527 2158 irascentis
547 2123 609 2158 est
632 2119 678 2158 cf.
694 2119 835 2158 Donat.
856 2119 906 2158 ad

42 2175 200 2214 Terent.
212 2175 332 2214 Andr.
344 2174 372 2214 I.
390 2180 423 2215 1.
441 2180 531 2216 117.
557 2175 620 2214 De
639 2189 744 2214 more
762 2189 905 2221 eorum,

42 2233 106 2283 qui
131 2232 287 2270 domum
308 2233 446 2270 intrare
464 2232 628 2277 vellent,
654 2236 803 2283 portam
825 2232 905 2283 pul-

41 2287 153 2326 sandi
191 2292 230 2326 et
266 2287 359 2326 soris
391 2288 581 2326 clamandi
629 2288 676 2327 cs.
705 2287 905 2334 Pricaeus,

42 2345 106 2394 qui
137 2344 281 2383 excitat
304 2343 538 2383 Aristaenet.
564 2343 609 2383 II.
636 2348 699 2385 22.
727 2342 746 2382 ὁ
770 2340 907 2395 ταύτης

42 2401 275 2450 (adulterae)
301 2398 446 2452 ἀνὴρζέξ
457 2398 677 2450 ἀλλοδαπῆς
696 2397 906 2451 ἀφιγμένος,

40 2454 106 2508 τὴν
118 2455 244 2508 θύραν
259 2454 341 2508 ἅμα
351 2456 450 2509 βοῶν
465 2455 608 2496 ἔκοπτε.
629 2456 762 2495 Horat.
783 2456 863 2494 Sat.
880 2456 906 2496 I.

43 2517 79 2554 2.
98 2517 175 2554 127
189 2526 276 2564 sqq.
301 2513 390 2552 Nec
414 2518 558 2558 metim,
583 2527 631 2551 ne
652 2513 745 2551 clam
767 2515 904 2564 fuluo,

43 2571 101 2608 vii·
131 2583 227 2609 rure
256 2574 462 2614 recurrat,
502 2570 635 2608 Ianua
662 2571 905 2621 franyatur,

42 2625 165 2665 latret
199 2627 328 2671 canis,
371 2626 556 2678 undique
589 2639 740 2677 mayno
776 2624 906 2664 Pulsa

41 2681 184 2722 domus
218 2683 392 2734 strepitu
427 2686 602 2725 resonet,
646 2680 709 2720 cel
737 2680 905 2731 pallida

44 2736 146 2776 lecto
205 2737 384 2777 Des-iliae
430 2738 592 2782 muller,
642 2738 824 2776 miseram
865 2750 906 2776 se

42 2793 205 2833 conscia
230 2794 382 2833 clamet.
410 2794 474 2846 [cf.
502 2794 683 2844 Sagittar.
709 2792 758 2830 de
778 2792 905 2831 lamiis

42 2848 146 2887 Vett.
160 2863 192 2888 c.
209 2853 270 2890 13.
283 2864 336 2890 nr.
351 2854 416 2891 35.
429 2851 465 2888 in
482 2850 620 2889 Graev.
637 2848 756 2887 Thes.
772 2848 904 2900 Antiq.

44 2903 153 2943 Tom.
170 2905 237 2945 VI.
261 2919 298 2957 p.
325 2907 441 2959 467.]

99 2967 305 3014 suspectus
340 2962 403 3001 hic
437 2962 631 3015 Apuleius
674 2975 742 3013 pro
780 2962 905 3013 suspi-

41 3020 171 3055 ciente
184 3017 246 3056 vel
265 3020 474 3071 suspicace
493 3020 641 3070 posuit,
668 3017 770 3069 quod
790 3030 906 3068 quum

44 3073 236 3113 Stewech.
266 3088 340 3114 non
371 3077 572 3129 probatum
612 3078 737 3122 esset,
775 3087 905 3112 einen-

781 943 1005 972 clamabatur
1017 946 1053 973 L.
1070 947 1150 973 teste
1164 944 1287 973 Calvio.

976 1053 1093 1092 dabat
1118 1058 1157 1092 et
1179 1054 1309 1105 ipsam
1335 1054 1569 1092 Iardltatem
1598 1054 1730 1106 massis
1761 1067 1840 1092 ma-

972 1111 1119 1161 ssisque
1131 1114 1365 1161 suspectans
1380 1109 1440 1146 vel
1460 1114 1720 1161 suspectatus.
1759 1109 1841 1147 Sed

973 1165 1269 1203 benePricacus
1285 1165 1385 1204 hanc
1400 1167 1504 1203 vocis
1519 1166 1840 1216 significationem

973 1222 1193 1266 vindicavit,
1242 1221 1350 1259 cuius
1394 1221 1679 1259 adnotationem
1721 1225 1840 1260 totam

971 1276 1085 1314 liceat
1122 1277 1359 1314 describere:
1400 1277 1638 1329 Suspectum.
1674 1278 1736 1316 hic
1770 1291 1839 1329 pro

971 1333 1252 1384 suspicientem
1270 1333 1333 1370 vel
1352 1335 1602 1384 suspicacem
1623 1334 1773 1384 posuit,
1798 1338 1840 1372 ut

973 1387 1181 1439 [Mem'll.
1200 1402 1236 1439 p.
1260 1389 1370 1440 498]
1393 1390 1525 1441 fleta
1548 1394 1586 1427 et
1611 1389 1838 1434 lacrimosa,

972 1444 1077 1494 Vir-g.
1089 1443 1311 1496 [Aenxfll.
1324 1445 1434 1497 588]
1456 1446 1586 1496 pictis
1600 1450 1840 1498 conspectus

970 1501 1011 1538 in
1036 1501 1174 1545 armis,
1204 1501 1268 1538 ubi
1295 1500 1476 1539 Servius:
1510 1504 1754 1552 conspicuus
1779 1502 1842 1540 vel

972 1557 1272 1607 conspicabilis.
1334 1558 1401 1596 Sic
1429 1557 1465 1594 in
1499 1557 1635 1596 Gloss.
1666 1557 1837 1610 [Philox.

971 1627 1006 1664 p.
1024 1613 1131 1666 159]
1144 1619 1382 1664 perspectus
1397 1610 1670 1665 εὐπροόρατος;
1696 1614 1838 1653 Donat.

969 1669 1020 1707 ad
1038 1669 1241 1720 Hecyrx.
1267 1672 1323 1718 (2.
1347 1673 1445 1719 11.):
1471 1675 1632 1709 nostras
1655 1671 1838 1711 mulieres

969 1731 1175 1777 suspectas
1197 1726 1325 1775 fnisse
1349 1727 1371 1764 i.
1393 1740 1426 1765 e.
1459 1727 1492 1763 in
1519 1727 1745 1777 suspicione
1769 1742 1837 1779 po-

969 1782 1078 1819 sitas.
1128 1780 1230 1820 'Nam
1262 1796 1344 1821 csse
1373 1787 1580 1834 suspectas
1615 1784 1835 1834 ambiguum

969 1841 1048 1882 est,
1086 1841 1124 1875 et
1160 1851 1259 1875 nunc
1294 1839 1377 1877 eius
1414 1842 1563 1890 partem
1587 1839 1835 1878 manifestam

967 1893 1155 1931 videmus.
1203 1893 1394 1933 Ammian.
1424 1894 1532 1933 XVI.
1565 1897 1656 1944 (12.
1687 1896 1718 1947 ξ.
1744 1898 1833 1945 27.)

966 1950 1184 2001 suspecti
1194 1964 1246 1988 or
1283 1951 1334 1990 de
1372 1951 1551 1990 obscuris
1575 1965 1649 1991 nec
1678 1955 1835 2004 referre

965 2006 1145 2057 yradam
1197 2020 1270 2045 vec
1324 2008 1493 2047 ulterius
1545 2008 1606 2047 ire
1654 2009 1832 2048 tentavit.

967 2062 1216 2100 scholiastes
1240 2067 1354 2101 vetus
1379 2062 1513 2102 Horat.
1540 2064 1592 2102 ad
1619 2063 1744 2103 Carin.
1769 2063 1834 2104 III.

965 2117 1015 2155 de
1041 2119 1102 2156 vit.
1129 2119 1249 2169 regia:
1285 2121 1382 2171 quia
1410 2133 1564 2172 semper
1593 2121 1835 2161 insidiarmn

964 2179 1069 2214 metu
1092 2180 1320 2226 suspecta
1345 2177 1406 2215 sit.
1454 2175 1527 2214 His
1546 2175 1650 2214 adde
1670 2191 1770 2228 quae
1785 2190 1834 2215 ex

965 2230 1197 2276 Glossariis,
1226 2231 1424 2283 Euripide,
1451 2231 1692 2271 Tertulliano
1717 2233 1834 2272 adno-

964 2287 1058 2325 tavit
1082 2286 1130 2324 ad
1158 2286 1316 2326 Catonis
1341 2288 1509 2328 disticha
1535 2288 1621 2338 (IV.
1645 2292 1730 2338 89.)
1756 2289 1831 2328 Ios.

966 2342 1153 2394 Scaliger.
1200 2342 1234 2381 E
1265 2357 1453 2383 converso
1485 2359 1562 2384 vox
1585 2347 1833 2398 suspiciosus

964 2413 1038 2437 non
1064 2399 1192 2437 solum
1217 2401 1382 2439 activum
1406 2414 1566 2440 sensum
1590 2402 1666 2440 sed
1686 2406 1724 2440 et
1743 2415 1832 2453 pas-

964 2456 1090 2494 sivum
1125 2456 1260 2507 recipit
1294 2457 1332 2495 id
1362 2462 1425 2496 est
1456 2472 1528 2496 non
1559 2459 1831 2511 suspicantem

963 2512 1109 2557 solum,
1134 2512 1208 2551 sed
1233 2516 1271 2551 et
1294 2519 1521 2565 suspectum
1545 2514 1748 2565 significat.
1781 2514 1830 2552 cf.

964 2567 1070 2607 Gell.
1105 2567 1174 2608 IX.
1203 2573 1265 2609 12.
1302 2570 1422 2611 homo
1451 2571 1709 2622 suspiciosus.
1758 2570 1830 2622 [cf.

964 2623 1085 2663 Salm.
1111 2624 1160 2662 ad
1187 2625 1324 2677 Script.
1342 2625 1440 2664 Hist.
1457 2627 1553 2677 Aug.
1571 2625 1615 2664 T.
1629 2625 1655 2664 I.
1671 2640 1707 2677 p.
1723 2629 1829 2671 615„

964 2693 1079 2731 quem
1094 2681 1237 2720 echtat
1248 2681 1390 2733 VVagn.
1407 2682 1455 2720 ad
1470 2682 1662 2721 Aniniian.
1677 2681 1830 2722 XXIX.

964 2750 995 2774 c.
1023 2741 1058 2776 4.
1086 2737 1116 2787 ᾗ.
1143 2741 1182 2776 5.
1205 2738 1364 2790 iynium
1388 2739 1491 2777 em'm
1515 2739 1676 2790 crepitu
1700 2739 1828 2777 disso-

963 2794 1104 2845 m'sque
1129 2793 1373 2833 clamoribus
1395 2793 1588 2833 satellites
1613 2796 1741 2833 eccela
1766 2795 1827 2833 icl-

966 2862 1058 2900 (μω,
1086 2850 1198 2900 quod
1222 2850 1428 2895 accidere,
1453 2850 1748 2903 suspecti...]

1020 2905 1176 2943 curiose
1189 2905 1480 2944 absconditam.
1529 2906 1607 2957 [De
1627 2906 1690 2944 his
1703 2908 1828 2945 servis

964 2959 1168 3010 clavigeris
1193 2961 1241 3000 cf.
1258 2961 1395 3011 sagitt.
1411 2961 1595 2999 delanuis
1604 2962 1706 3001 vett.
1722 2977 1753 3002 c.
1766 2967 1829 3004 16.

963 3031 1017 3054 nr.
1044 3021 1107 3057 24.
1134 3016 1170 3054 ἰιι
1198 3017 1336 3055 Graev.
1364 3017 1487 3056 Thes.
1513 3017 1557 3056 T.
1573 3017 1639 3056 VI.
1672 3032 1708 3070 p.
1736 3023 1828 3060 464.

965 3074 1028 3128 qui
1059 3072 1157 3112 hunc
1187 3073 1301 3115 ctiam
1332 3073 1458 3115 locum
1485 3076 1830 3131 commemoravit}

1446 3140 1496 3183 51
