2155 3590
616 132 804 174 LIBER
827 132 922 174 vll.
981 131 1112 175 CAP.
1134 130 1299 173 XXIV.
1768 131 1848 174 611

55 244 191 286 Inedia
209 244 374 298 denique
395 245 581 286 continua
611 247 674 287 vel
693 247 896 302 praecipiti
917 245 1032 287 ruina
1052 252 1195 287 memet
1213 244 1297 299 ipse
1317 243 1551 297 quaerebam
1573 243 1847 297 exstinguere,

57 301 264 342 moriturus
296 301 472 355 equidem
505 302 778 355 nihilominus,
813 304 880 344 sed
906 303 1122 344 moriturus
1146 302 1317 355 integer.
1368 298 1549 353 Dumque
1575 300 1612 339 in
1639 300 1715 340 ista
1743 301 1850 340 necis

55 371 163 398 meae
188 358 378 398 decentor
403 358 616 409 electione,
646 360 837 400 matutino
859 374 918 400 me
936 374 1094 400 rursum
1114 372 1210 414 puer
1226 358 1313 408 ille,
1341 363 1539 411 peremtor
1558 370 1683 405 meus,
1712 363 1850 397 contra

54 414 195 454 montis
221 421 373 454 suetum
401 415 504 455 ducit
529 416 754 469 vestigium.
788 415 948 470 Iamque
973 430 1033 456 me
1059 417 1107 456 de
1133 414 1331 456 cuiusdam
1352 412 1601 452 vastissimae
1620 412 1720 452 ilicis
1739 426 1850 452 ramo

52 471 218 525 pendulo
250 471 466 521 destinam,
501 472 698 524 paululum
730 473 832 512 viam
871 486 1156 527 supergressus
1189 471 1272 525 ipse
1297 469 1428 510 securi
1454 468 1624 522 lignum,
1658 469 1761 522 quod
1786 469 1852 508 de-

51 526 233 577 veheret,
262 527 476 567 recidebat.
504 526 559 567 Et
581 542 673 568 ecce
698 529 745 569 de
770 529 952 583 proximo
977 543 1112 583 specu,
1140 535 1294 567 vastum
1321 525 1504 566 attollens
1531 532 1647 579 caput
1667 525 1673 580 Ι
1695 526 1851 565 funesta

50 583 246 638 proserpit
276 598 385 624 ursa.
438 583 564 637 Quam
596 584 712 625 simul
750 585 962 639 conspexi,
994 585 1158 640 pavidus
1190 591 1230 624 et
1253 581 1457 638 repentina
1485 581 1585 621 facie
1611 581 1851 622 conterritus

47 711 266 749 exstinguere
285 720 349 741 non
367 717 529 748 comparet
551 714 585 742 in
606 713 627 742 s.
676 712 825 750 equidem
839 715 875 743 F.
893 716 920 743 1.
935 715 966 742 3.
988 716 1070 743 Elui.
1091 714 1196 742 Scriv.
1214 713 1333 741 Florid.
1359 714 1395 741 In
1417 711 1552 745 reliquis
1571 708 1701 748 quidem
1716 717 1772 745 pro
1787 709 1852 738 fre-

47 758 265 790 quentissima
277 758 491 786 aberratione.
540 756 800 786 m'clu'llmnu'nus
815 761 850 787 G.
867 761 896 787 1.
921 757 1056 786 nichilo·
1072 760 1107 787 G.
1122 760 1153 787 2.
1179 756 1294 785 m'lu'lo’
1308 759 1346 786 D.
1396 755 1471 784 dnm
1484 756 1606 784 omissa
1618 756 1784 790 particula
1797 762 1852 783 co·

46 803 197 836 putativa
210 804 246 831 G.
265 805 291 831 l.
340 801 378 828 de
393 806 590 830 cunctorum
605 805 640 832 G.
656 805 685 831 2.
702 812 757 838 pro
771 803 942 831 ‹lec-antor.
986 806 1182 841 peremptor
1194 802 1301 840 magis
1316 805 1353 831 G.
1369 804 1397 831 1.
1445 802 1541 829 circa
1559 800 1693 829 montis.
1731 800 1852 828 Mirum

47 851 94 874 est
111 847 205 876 toties
225 848 304 876 illud
321 848 433 876 vitium
448 849 617 878 obsedisse
634 851 789 884 vulgares
808 850 942 883 Apuleii
955 850 1130 887 editiones,
1157 849 1252 877 cuius
1272 848 1426 877 immunis
1445 847 1497 875 liic
1517 850 1564 875 est
1585 849 1660 875 ante
1674 846 1764 875 Colv.
1779 848 1852 873 sola

44 893 128 921 lunt.
144 894 173 921 2.
200 893 318 921 Uhiubi
333 893 417 921 enlm
432 896 493 922 hae
508 894 691 928 particulae
705 896 872 929 leguntur,
893 902 1020 929 semper
1040 895 1072 923 iu
1092 897 1283 923 alterutrum
1297 894 1378 922 Eud.
1393 895 1553 921 aberrant.
1593 890 1780 930 fastigium
1801 891 1850 918 ed.

44 937 158 966 Venet.
184 945 234 964 me
243 941 332 966 abest
348 939 774 968 aB.Colv.Vulc.‘-’.Bas.2.
801 937 903 967 illicis
913 941 948 968 G.
961 941 1072 968 [ΑΜ.
1093 938 1241 975 ylz'ct'sl).
1268 938 1368 965 nimio
1385 945 1440 972 pro
1455 944 1551 963 ramo
1562 938 1596 965 P.
1617 935 1852 973 paulumL.D.

44 982 102 1008 via
116 983 265 1012 nero-alu.
314 981 506 1010 deveherent
521 987 583 1012 Ms-
608 986 723 1012 Incert.
736 982 921 1012 devehente
934 986 970 1013 G.
988 986 1014 1012 1.
1030 986 1060 1013 ⁴2.
1086 982 1267 1011 det-eberat
1278 985 1317 1012 D.
1360 982 1526 1019 proxima
1539 979 1568 1010 δ.
1585 991 1614 1016 p.
1653 979 1763 1018 capud
1774 982 1811 1010 G.
1822 982 1852 1010 1.

39 1028 208 1063 prosperi
226 1026 254 1056 δ’.
277 1035 295 1056 a
316 1036 356 1056 m.
378 1037 407 1061 n.
432 1030 468 1056 In
487 1033 559 1057 cett.
580 1029 752 1065 cons-pezo:
778 1031 908 1058 Ruhnk.
929 1037 969 1057 ex
988 1032 1059 1058 solo
1080 1031 1149 1058 cod.
1171 1026 1215 1058 δ’..
1242 1030 1322 1058 Oud.
1337 1027 1671 1064 probantept·ospe.2·t
1682 1027 1715 1055 in
1730 1030 1853 1055 textum

44 1073 173 1106 recepit.
223 1076 259 1100 et
271 1073 515 1112 repertafaeie
530 1075 566 1102 G.
581 1076 612 1103 2.
638 1074 844 1113 reptafueae'e
858 1076 895 1103 D.
922 1073 983 1108 [ex
997 1075 1184 1109 compendio
1200 1077 1429 1102 commutatum
1443 1068 1580 1110 repta.)
1628 1072 1781 1099 eom-itus
1798 1078 1852 1105 pro

43 1117 252 1146 conterritus
265 1119 299 1146 in
316 1122 449 1152 utroque
464 1120 499 1148 G.
513 1119 595 1154 legi,
621 1120 750 1147 adnotat
766 1121 845 1148 Oud.
870 1121 939 1154 Ego
954 1127 1029 1147 vero
1044 1120 1075 1147 in
1092 1120 1132 1147 iis
1147 1127 1219 1148 cum
1232 1120 1270 1148 D.
1285 1118 1396 1148 inveni
1412 1118 1598 1155 contritus,
1623 1118 1705 1152 quod
1719 1117 1853 1146 facilius

41 1166 147 1196 potest
161 1163 313 1199 intelligi.
339 1164 536 1198 compendio
550 1164 635 1193 enim
649 1164 805 1199 scriptum
821 1164 925 1193 fuerat
940 1164 1130 1192 cont’ritus.

43 1260 234 1306 ultimam,
271 1265 483 1300 extremam
522 1266 705 1313 respectu
744 1263 917 1313 corporis
972 1276 1076 1314 pars
1102 1276 1216 1313 quum
1238 1262 1361 1300 cauda
1381 1263 1477 1299 asini
1499 1263 1598 1299 bene
1619 1261 1691 1299 dici
1712 1261 1852 1313 possit,

41 1317 139 1355 asini
171 1322 211 1355 et
247 1318 545 1369 dependentem.
607 1317 717 1356 Haec
742 1318 917 1369 explica·
978 1319 1040 1356 hic
1066 1333 1133 1369 pro
1159 1318 1336 1357 mentula
1357 1319 1487 1368 posita
1506 1322 1584 1363 est,
1610 1319 1699 1368 quia
1715 1317 1851 1357 canda

39 1375 91 1411 tio
117 1386 234 1424 quum
260 1373 362 1412 Oud.
398 1378 534 1425 utpote
566 1373 704 1425 frigida
735 1374 917 1425 displice·
977 1375 1186 1424 aliquoties
1226 1374 1325 1412 hanc
1361 1379 1510 1424 partem
1547 1373 1747 1424 significat.
1803 1374 1853 1413 cf.

41 1433 120 1475 ret,
163 1429 230 1467 ille
268 1443 354 1468 cum
398 1430 531 1468 Barth.
575 1430 744 1468 Advers.
783 1430 845 1468 Ll.
885 1435 915 1470 1.
978 1430 1109 1468 Horat.
1138 1432 1219 1468 sat.
1243 1429 1268 1467 l.
1291 1435 1327 1470 7.
1349 1434 1413 1470 49.
1442 1430 1567 1482 Epod.
1592 1429 1716 1482 l.45.]
1744 1430 1853 1468 Pars

41 1500 76 1538 p.
104 1490 224 1527 2372.
252 1486 387 1525 Heins.
414 1487 461 1524 ad
490 1486 605 1524 Ovid.
633 1486 741 1525 Fast.
770 1486 794 1525 l.
823 1491 915 1526 408.
976 1488 1137 1538 saepius
1163 1486 1382 1536 siguificare
1398 1500 1484 1524 eam
1499 1491 1668 1538 partem,
1695 1500 1771 1536 qua
1785 1486 1850 1523 viri

39 1542 170 1582 Burm.
200 1543 250 1582 ad
280 1541 437 1582 Petron.
471 1557 504 1582 c.
533 1547 622 1583 129.
655 1543 721 1582 dat
754 1543 915 1582 nobilis·
976 1557 1125 1583 sumus.
1148 1542 1441 1582 Oud.hislocis
1456 1543 1710 1581 demonstrat.
1735 1542 1853 1582 Ovtd.

38 1600 147 1639 sima.
185 1598 370 1638 Barthius
395 1599 496 1638 hanc
532 1600 734 1638 lectionem
774 1600 825 1638 ita
850 1599 916 1637 de-

39 1655 179 1694 fendit:
205 1655 312 1694 Sane
338 1656 495 1708 quoilla
511 1656 688 1707 fungatur
701 1656 914 1707 generatio,

39 1713 212 1751 nimirum
250 1712 288 1750 id
325 1712 491 1751 osticium
523 1717 586 1750 est
617 1713 913 1757 nobilissimum,

38 1768 141 1808 unde
166 1773 205 1806 et
230 1769 264 1806 in
293 1770 377 1807 eius
402 1770 614 1807 amissione
639 1773 759 1807 totum
781 1783 826 1806 se
847 1782 913 1820 pe-

39 1826 195 1864 riturum
222 1839 317 1863 esse
353 1830 536 1864 autumat.
588 1823 725 1876 Usque
757 1838 914 1876 (piaque

38 1881 139 1920 adeo
165 1885 292 1920 autem
319 1882 468 1921 nobilis
500 1881 598 1920 haec
630 1895 737 1932 pars,
765 1886 803 1919 ut
830 1882 914 1919 eius

39 1951 114 1990 ope
139 1938 246 1976 velut
272 1938 398 1975 lumen
425 1938 475 1976 de
502 1938 655 1983 lumine,
683 1951 824 1988 corpus
850 1951 915 1987 ge-

38 1998 192 2033 neretur
216 1994 266 2032 de
299 2007 544 2045 corpore...
595 1993 645 2031 Et
676 1994 725 2031 ‹le
757 1994 913 2044 Apuleii

40 2050 127 2089 loco
163 2052 216 2089 ita
252 2051 403 2088 omniuo
441 2051 587 2095 sentio,
632 2063 747 2100 quem
788 2063 915 2100 neque

39 2107 172 2145 dubito
203 2120 225 2144 a
257 2107 409 2144 nimium
440 2106 580 2158 pudico
613 2106 795 2158 quopiam
832 2120 915 2144 mo-

40 2163 164 2201 nacho
194 2166 400 2207 mutatum,
432 2164 496 2214 qui
529 2164 609 2213 pati
640 2177 715 2200 uon
748 2164 915 2213 potuerit

38 2219 176 2265 talem,
202 2223 244 2258 ut
268 2220 343 2269 ipsi
364 2220 488 2257 visum
510 2223 588 2265 est,
615 2219 815 2257 inscitiam.
844 2218 916 2272 [At

38 2289 114 2314 non
151 2276 250 2314 satis
287 2275 439 2313 idoneis
477 2277 630 2313 caussis
663 2274 761 2313 hanc
786 2276 914 2314 conie-

39 2336 185 2370 cturam
211 2332 443 2382 interpretes
470 2331 736 2369 defenderunt.
788 2332 913 2370 Nobi-

40 2389 189 2427 lissima
226 2401 296 2439 per
330 2401 377 2425 se
404 2388 491 2425 l'erri
518 2392 666 2438 potest,
693 2393 732 2426 et
761 2389 794 2426 si
823 2401 916 2426 vera

38 2448 100 2482 est
126 2444 368 2488 emendatio,
400 2444 453 2483 ita
476 2448 622 2482 tantum
648 2445 848 2496 probatur,
873 2447 915 2482 ut

38 2500 281 2551 querelarum
313 2502 409 2538 asini
454 2501 639 2538 rationem
683 2500 913 2546 habeamus,

39 2558 103 2608 qui
127 2561 293 2595 mortem
330 2557 550 2595 castrationi
589 2557 774 2609 praefert,
812 2557 914 2595 unde

37 2613 329 2665 intelligendum
356 2618 436 2660 est,
463 2613 724 2664 hancpartem
740 2613 914 2665 eorporis

37 2670 112 2708 sibi
148 2671 331 2721 optimam
375 2683 421 2708 ac
464 2670 744 2708 nobilissimam
784 2670 916 2708 videri.

39 2725 128 2764 Huc
162 2726 330 2772 accedit,
370 2727 471 2777 quod
510 2728 671 2778 saepius
708 2726 782 2765 bae
813 2726 915 2764 duae

41 2793 160 2820 voces
184 2783 221 2821 in
242 2782 343 2821 Mss.
366 2783 667 2829 confunduntur3
694 2783 741 2821 et'.
757 2783 805 2822 ad
816 2782 914 2820 Met.

39 2835 144 2876 vul.
158 2851 194 2890 p.
205 2842 298 2879 562.
314 2838 427 2878 Haec
441 2841 568 2877 omnia
581 2852 643 2877 me
657 2843 915 2885 commovent,

38 2896 81 2932 ut
104 2894 361 2934 coniecturam
385 2896 592 2947 probarim,
619 2909 854 2948 quamquam
879 2896 914 2933 in

40 2952 190 2988 textum
214 2963 301 2990 eam
332 2965 522 3004 reponere
555 2966 630 2990 non
663 2965 783 2991 ausus
814 2966 912 2990 sum.

39 3004 244 3045 Lectionis
261 3009 498 3048 novissimae
515 3022 632 3048 unam
646 3008 913 3047 tantummodo

40 3062 210 3113 reperire
223 3067 395 3114 poteram
410 3065 723 3118 explicationem,
746 3079 847 3117 quae
860 3068 914 3103 ta-

39 3131 127 3157 men
144 3119 232 3158 mihi
248 3134 319 3160 non
334 3122 536 3162 satisfacit.
565 3123 792 3162 Not-issima
814 3122 914 3161 enim

976 1601 1065 1638 Am.
1087 1599 1148 1639 ΙΙΙ.
1177 1605 1214 1640 7.
1235 1613 1338 1651 pars
1358 1601 1533 1650 pessima
1558 1600 1698 1638 nostri.
1733 1597 1853 1638 Prud.

977 1657 1152 1695 suthem.
1174 1656 1220 1694 Η.
1239 1655 1280 1694 ll.
1297 1660 1363 1695 81.
1389 1656 1571 1694 mutabat
1592 1657 1741 1707 c'nynen
1763 1670 1851 1695 san-

975 1715 1099 1758 cium,
1127 1727 1231 1765 qnae
1246 1714 1588 1764 corporispars
1605 1712 1732 1751 vilior.
1760 1711 1853 1764 [His

975 1770 1077 1807 adde
1105 1769 1231 1821 Priap.
1247 1773 1313 1809 30.
1336 1769 1452 1820 falce
1477 1769 1618 1807 niinax
1644 1773 1683 1806 et
1701 1774 1851 1820 parte

975 1827 1034 1865 tm'
1060 1827 1225 1864 vaniore.
1252 1830 1315 1865 48.
1341 1829 1373 1864 1.
1402 1825 1517 1876 qnod
1536 1829 1698 1876 partem
1723 1825 1851 1863 madi-

976 1883 1070 1921 dam
1090 1883 1174 1920 mei
1196 1882 1351 1920 videtis.
1376 1879 1460 1918 lntt.
1476 1880 1526 1919 ad
1542 1880 1697 1918 Petron-
1715 1894 1745 1918 c.
1759 1885 1849 1922 129.

977 1952 1010 1988 p.
1047 1942 1140 1978 796.
1167 1944 1207 1976 et
1243 1952 1277 1976 c.
1312 1941 1401 1977 132.
1440 1950 1476 1988 p.
1502 1941 1597 1977 815.
1634 1935 1773 1975 Etiam‘
1800 1937 1851 1976 de

975 1994 1175 2032 mulierum
1203 1994 1378 2045 partibus
1404 1993 1556 2041 dicitur:
1583 1993 1848 2033 cs..4rnob.V.

975 2066 1004 2089 c.
1022 2055 1086 2090 25.
1104 2055 1290 2102 partem
1305 2050 1418 2088 illam
1434 2051 1625 2102 corporis
1634 2063 1713 2102 per
1729 2064 1851 2103 qnam

976 2121 1095 2146 sexus
1105 2107 1335 2159 foeminens
1348 2105 1523 2145 sobolem
1542 2107 1645 2146 solet
1653 2107 1850 2158 prodere.

974 2163 1112 2201 Lectio
1127 2163 1372 2202 nobilissima
1391 2162 1562 2201 fortasse
1582 2163 1738 2202 defendi
1760 2177 1849 2214 pos·

974 2220 1026 2258 sit
1053 2234 1100 2258 ex
1131 2219 1309 2258 Lactant.
1348 2218 1439 2257 lnst.
1460 2219 1510 2257 V.
1543 2223 1582 2260 9.
1618 2222 1648 2270 ς.
1680 2224 1741 2260 17.
1780 2222 1851 2273 qui

975 2291 1156 2328 corpora
1192 2290 1264 2315 sna
1303 2276 1543 2315 libidinibus
1582 2277 1848 2328 prostituant,

975 2334 1045 2385 qni
1059 2334 1236 2385 deniqne
1251 2334 1510 2377 inmemores,
1538 2333 1643 2385 quid
1656 2335 1744 2372 nati
1756 2335 1847 2378 sint,

974 2404 1062 2429 cum
1073 2390 1237 2442 feminis
1249 2390 1454 2441 patientia
1470 2393 1634 2433 certent,
1663 2391 1735 2442 qui
1748 2403 1848 2429 san-

974 2447 1235 2485 ctissimam
1284 2459 1446 2497 quoqne
1496 2446 1730 2498 corporis
1776 2447 1850 2485 sui

969 2507 1089 2554 part
1098 2516 1161 2541 em
1187 2501 1368 2554 metant]

1029 2560 1250 2611 vestiyinm.
1287 2557 1472 2597 Brantius
1497 2572 1583 2597 cum
1608 2558 1694 2596 aliis
1720 2570 1849 2596 emen-

973 2614 1040 2653 ‹lat
1061 2615 1282 2667 fastiyinm
1308 2627 1356 2652 ex
1385 2615 1470 2653 loco
1496 2629 1536 2667 p.
1564 2619 1656 2656 479.
1686 2628 1760 2654 nec
1790 2628 1851 2654 me

974 2673 1119 2710 montis
1137 2671 1296 2709 excelsi
1315 2676 1468 2711 tantum
1490 2671 1665 2711 arduum
1688 2672 1849 2724 fati-qa-

975 2728 1044 2767 Imt
1056 2729 1138 2781 ingl
1151 2742 1232 2766 um.
1249 2727 1302 2766 At
1315 2733 1468 2767 suetum
1482 2729 1627 2766 montis
1642 2728 1850 2780 τεειὶρίιιηι

973 2798 1048 2822 non
1081 2788 1144 2822 est
1173 2797 1246 2835 pes
1276 2785 1439 2828 montis,
1471 2788 1512 2821 ut
1542 2783 1718 2822 wasseo
1745 2783 1848 2821 vide-

972 2841 1086 2879 batur
1109 2840 1178 2891 (cl'.
1193 2840 1292 2879 Stat.
1308 2840 1430 2878 sav,
1449 2843 1484 2880 2.
1497 2842 1599 2889 28.)‚
1625 2840 1697 2878 sed
1712 2841 1785 2886 via,
1813 2841 1849 2877 in

975 2910 1050 2947 qua
1064 2897 1212 2935 inerant
1227 2897 1390 2947 vestigia
1405 2896 1514 2940 asini,
1542 2909 1737 2946 quamque
1751 2897 1849 2935 assi-

974 2953 1050 2990 due
1076 2957 1334 2991 consueverat
1358 2954 1423 2990 ire.
1450 2952 1496 2990 cf.
1525 2951 1679 2990 Lucret.
1706 2951 1734 2991 Ι.
1754 2956 1848 2994 407.

973 3010 1204 3048 institerant
1228 3009 1437 3061 vestiyia
1463 3013 1577 3047 certa
1602 3010 1699 3048 viae.

1032 3067 1245 3118 conspexi.
1296 3064 1428 3116 [Errat
1453 3063 1574 3111 Oud.,
1609 3066 1674 3116 qui
1698 3078 1749 3105 ex
1772 3080 1848 3106 uno

974 3121 1058 3162 cod.
1086 3121 1259 3160 d‘Orvill.
1281 3122 1509 3176 prospexit
1533 3121 1731 3170 emendat,
1758 3124 1850 3176 quia

1476 3188 1565 3232 39·
