2155 3590
667 142 857 184 LIBER
884 143 961 183 XI.
1008 143 1137 184 CAP.
1167 142 1338 184 XXVI.
1788 142 1898 186 1083

110 255 275 308 denique
300 256 504 308 assiduus,
533 256 614 296 fani
639 257 792 311 quidem
817 258 990 309 advena,
1018 257 1221 312 religionis
1247 264 1374 298 autem
1400 257 1600 311 indigena.
1641 254 1746 297 Ecce
1770 263 1900 296 trans-

110 326 226 352 curso
262 312 455 366 signifero
493 313 639 353 circulo
686 313 756 355 Sol
785 328 951 368 magnus
990 328 1134 355 annum
1171 314 1456 368 compleverat,
1495 320 1535 353 et
1569 312 1739 367 quietem
1774 326 1900 352 meam

108 382 247 408 rursus
262 368 486 423 interpellat
499 369 670 410 numinis
683 370 847 411 benefici
867 385 961 411 cura
981 371 1205 425 pervigilis,
1233 377 1273 410 et
1290 383 1429 411 rursus
1451 370 1602 417 teletae,
1617 383 1752 410 rursus
1766 382 1900 409 sacro-

108 439 193 464 rum
220 432 450 465 commonet.
487 425 668 466 Mirabar
693 427 781 480 quid
808 428 865 467 rei
891 434 1076 478 tentaret,
1105 427 1194 481 quid
1224 426 1496 480 pronuntiaret
1521 427 1715 466 futurum:
1744 425 1902 480 quidni?

107 481 331 535 plenissime
355 481 576 522 iamdudum
601 482 764 528 videbar
788 484 998 524 initiatus.>

108 608 221 637 cultor
234 607 374 648 denique
385 611 422 639 F.
437 612 467 640 3.
483 611 505 640 f.
529 614 649 640 crator
661 610 801 649 denique
815 613 941 642 G.P.D.
953 612 993 648 (e
1007 612 1077 642 suis
1093 614 1129 642 G.
1144 612 1308 647 excerptis
1316 612 1396 641 oud.
1409 611 1531 641 excitat
1545 606 1695 651 cautor.)
1718 613 1834 641 Incett.
1844 610 1901 638 de-

106 654 206 693 nsque
219 654 342 684 cultor.
380 655 468 696 favi
476 658 513 686 G.
526 657 562 686 P.
610 655 745 695 quidam
759 654 788 686 δ.
835 661 900 686 aut
909 656 1066 695 indigena
1079 660 1117 687 Ι).
1156 661 1357 685 transcurro
1370 658 1410 686 D.
1451 655 1505 684 sol
1515 665 1669 694 magnum
1682 665 1807 684 annum
1821 657 1903 686 Coll.

106 701 202 729 Voss.
217 702 301 729 Iunt.
315 703 346 730 1.
361 702 392 729 2.
406 700 477 730 Ald.
491 705 520 731 et
534 702 586 730 vir
598 703 710 731 doctus
724 703 757 731 in
770 709 870 739 marg.
884 703 1011 732 Vicent.
1026 711 1128 732 meae.
1176 703 1323 730 animum
1336 709 1392 736 pro
1406 709 1530 729 annum
1542 703 1581 730 D.
1629 705 1663 729 et
1676 710 1693 729 e
1707 701 1849 739 quietem
1872 710 1901 736 p.

108 753 163 780 pro
177 753 238 779 quo
251 747 330 775 oud.
343 748 493 775 emendat
505 750 541 775 et
551 755 627 775 ecce
641 746 786 784 quidem,
800 749 883 782 quod
896 752 1024 783 propter
1037 750 1135 782 paulo
1148 755 1375 783 praegressum
1389 754 1463 774 ecoe
1475 747 1583 775 minus
1596 749 1759 781 probatur.
1794 748 1904 775 verba
1943 739 1946 745 ’

106 791 181 819 inde
194 793 234 819 ab
247 790 447 827 interpellat
460 801 561 826 usque
574 794 614 821 ad
629 800 812 829 sacrorum}
825 794 934 822 omnia
947 794 1062 821 desunt
1075 793 1108 821 in
1122 794 1158 821 P.
1200 791 1349 829 pervigil
1370 790 1431 827 (ex
1450 791 1637 826 compendio
1651 791 1811 829 perm'gz'l'
1831 799 1903 820 cor—

109 836 257 872 ruptum)
270 837 307 866 Β.
345 834 500 872 beneficii
511 835 539 866 δ.
564 836 728 871 henelim'a
741 839 788 867 ed.
804 846 850 873 pr.
864 839 991 867 Vicent.
1005 839 1119 867 Venet.
1135 840 1163 866 2.
1202 836 1307 864 delete
1320 838 1358 866 D.
1384 840 1418 864 et
1431 843 1550 864 rursus
1564 843 1741 864 sacrorum
1756 845 1786 871 p.
1811 845 1900 864 com-

107 883 217 908 movet
228 882 267 909 D.
315 885 471 918 reptaret
486 891 540 917 pro
556 886 709 911 tentaret
721 882 783 918 [ex
795 884 960 917 scriptura
975 882 1127 920 [efflaret
1139 882 1386 918 commutatum]
1406 884 1442 911 G.
1455 883 1491 911 0.
1505 883 1540 910 P.
1554 883 1591 910 1).
1618 883 1776 911 Pricaeus
1796 884 1902 911 tamen

107 926 181 955 hinc
195 926 355 955 divinavit
368 930 529 955 restaret.
577 927 658 966 qnid
669 928 971 965 rev‘pronunlv‘nret
985 929 1021 956 B.
1069 925 1150 965 qm'd
1160 927 1394 964 immanissime
1406 929 1442 955 G.
1455 928 1491 955 P.
1503 928 1542 956 D.
1556 927 1733 956 Putschius
1747 927 1903 955 coniicie-

109 974 161 999 nat
180 972 213 1000 in
231 979 333 1007 marg.
353 974 401 1001 ed.
421 974 515 1001 Vulc.
532 975 564 1002 2.
602 973 662 1011 qm'
677 972 761 1001 mila·
774 972 987 1010 plenissima·
1012 973 1101 1008 Lips.
1116 973 1235 1010 qnippe
1244 972 1446 1010 plenissime.
1470 974 1549 1001 Oud.
1563 971 1681 1009 qnippe
1694 968 1753 1000 m'?
1772 971 1901 1008 plenis-

106 1016 187 1043 sime
211 1015 351 1045 videbar
369 1026 443 1046 esse
462 1019 494 1047 in
515 1020 549 1047 Ο.
569 1020 615 1047 ait
634 1021 728 1055 Oud.3
760 1020 842 1053 quod
863 1019 964 1047 etiam·
986 1019 1019 1047 in
1039 1019 1157 1047 ceteris
1182 1020 1273 1047 codd.
1293 1022 1323 1046 et
1343 1019 1415 1046 edd.
1435 1018 1583 1046 oni-nibus
1597 1018 1724 1051 legitur.
1749 1017 1901 1046 Forsitan

108 1065 343 1096 typothetarum
363 1066 461 1098 culpa
479 1062 618 1091 videbar
637 1065 690 1093 hic
709 1067 814 1101 extat,
841 1071 937 1098 quum
957 1065 1023 1093 alia
1044 1072 1118 1093 esse
1138 1065 1249 1093 debeat
1278 1065 1374 1092 lectio
1406 1063 1438 1092 in
1464 1064 1517 1098 0.,
1543 1067 1596 1092 aut
1618 1063 1696 1092 Oud.
1717 1064 1902 1092 adscribere

106 1108 225 1145 votuit,
251 1109 336 1137 hanc
355 1116 467 1138 vocem
486 1110 522 1139 0.
541 1110 666 1139 deesse.

107 1216 323 1266 colebatur,
348 1219 509 1270 intelligi
533 1221 682 1271 nequit3
712 1219 856 1259 Isidem
882 1233 972 1258 vero
1031 1221 1123 1260 dies
1137 1234 1306 1272 uniquus
1320 1223 1411 1271 post
1430 1219 1628 1258 meridiem
1653 1218 1700 1258 cf.
1716 1216 1819 1258 Gell.
1837 1218 1904 1259 III.

108 1275 294 1314 Nemesin
322 1276 445 1314 fuisse
471 1276 713 1315 Graecorum
733 1277 976 1315 demonstra-

106 1337 185 1370 tum
204 1336 267 1370 est
280 1332 330 1371 ad
345 1332 439 1371 Met.
461 1346 497 1384 p.
514 1337 605 1374 763.
633 1334 974 1373 Rhamnusiam

105 1389 178 1427 illi.
228 1388 450 1428 Fortunam
475 1403 566 1427 vero
597 1390 858 1428 Romanorum
883 1403 975 1427 ean-

105 1445 194 1483 dem
219 1458 313 1483 6556
332 1444 424 1483 Isidi
449 1446 589 1484 evincit
613 1460 686 1484 non
712 1445 840 1484 solum
866 1444 977 1483 locus

106 1501 225 1553 Apu'l.
248 1500 347 1540 Met.
373 1500 444 1541 XI.
470 1515 506 1551 p.
521 1505 617 1542 783.
640 1503 684 1541 in
708 1502 873 1542 tutelam
896 1503 978 1540 iam

107 1562 294 1609 receptus
343 1559 589 1598 Fortunae
634 1560 708 1611 sed
753 1558 976 1599 videntis.

110 1627 215 1667 quae
227 1628 323 1653 suae
337 1615 440 1654 lucis
454 1615 671 1667 splendore
691 1620 844 1655 ceteros
856 1616 977 1654 etiam,

108 1672 207 1709 deos
241 1671 462 1717 illuminat,
499 1671 571 1709 sed
597 1672 714 1710 etiam
751 1673 837 1709 eius
872 1670 975 1722 apud

108 1727 309 1765 Romanos
323 1728 569 1778 cognomina:
596 1728 856 1771 BIammmme.
883 1729 974 1767 Sta-

108 1789 200 1823 leme
215 1783 375 1830 Matris,
393 1784 583 1831 Sanctae,
612 1785 649 1823 V
647 1785 806 1836 ἱνγμήἱε,
828 1784 974 1823 Victri-

109 1841 177 1879 εἰς.
212 1839 435 1892 Numquam
461 1845 589 1880 tamen
606 1841 640 1878 in
669 1839 815 1891 Campo
835 1839 975 1878 Martio

107 1895 316 1936 Fortunam
345 1897 533 1948 templum
564 1898 753 1936 babuisse
786 1897 879 1946 legi3
927 1895 975 1935 cf.

109 1952 217 1992 Hart.
233 1954 323 1993 Rel.
338 1954 413 1993 der
428 1954 546 1995 Ro'm.
558 1952 656 1992 T.11.
672 1957 810 2005 p.238.
825 1953 977 1992 Eodem

110 2010 312 2049 referenda
357 2014 422 2048 est
458 2009 660 2061 Inscriptio
696 2010 801 2061 apud
836 2009 976 2048 Murat.

107 2081 144 2119 p.
181 2066 281 2113 620,
324 2070 360 2107 2.
414 2067 632 2107 LUNAE.
680 2066 977 2106 JNVICTAE.

113 2122 465 2163 CAMPESTRI.
499 2124 564 2162 ubi
594 2123 802 2162 Bimardus
827 2124 979 2174 corrigit

113 2179 591 2221 CAMPESTRIBUS.
639 2179 686 2219 cf.
724 2180 773 2218 ad
810 2179 908 2219 Met.
937 2193 975 2231 p.

113 2241 231 2278 1006.
257 2236 318 2275 ed.
344 2237 492 2290 meae]

167 2299 400 2333 transcurso
430 2294 634 2346 siynifero
666 2293 836 2333 circula
906 2292 980 2345 [cs.

111 2351 211 2389 Cort.
242 2349 293 2388 ad
322 2349 469 2389 Lucan.
496 2349 598 2389 VIII.
633 2354 743 2395 172.,
781 2350 845 2401 qui
880 2349 981 2389 hunc

110 2407 237 2446 locum
263 2408 421 2453 excitat,
453 2407 518 2446 sol
536 2420 709 2459 maynus
734 2406 883 2457 legens,
931 2406 979 2445 cf.

109 2463 371 2514 Lindenbrog.
387 2463 436 2502 ad
450 2463 652 2502 censorin.
664 2461 775 2501 XIX.
789 2461 816 2502 I.
829 2476 867 2514 p.
886 2467 976 2503 142.

111 2533 241 2559 annus
263 2525 418 2559 vertens
441 2525 499 2559 est
521 2524 669 2559 natura
690 2519 785 2559 dum
809 2519 874 2558 sol
884 2533 978 2572 per·

113 2589 280 2616 currens
332 2576 590 2615 duodecim
641 2577 783 2627 siqua
837 2576 978 2615 eodem

111 2633 220 2673 unde
248 2634 464 2686 profectus
495 2637 553 2671 est
573 2632 699 2679 reditg
735 2636 776 2670 et
799 2631 849 2671 ad
873 2630 976 2684 Vm.

170 2745 248 2785 Sol
290 2760 462 2798 maynus
507 2759 656 2786 annum
697 2744 978 2797 compleverat.

114 2801 380 2841 Coniecturam
405 2801 589 2840 Beroaldi
608 2800 801 2855 maslaum
821 2801 980 2840 nonnul-

114 2859 178 2898 lae
201 2859 289 2898 edd.
314 2862 612 2911 expresserunt,
639 2871 754 2910 quam
779 2857 846 2896 ille
869 2872 979 2910 repo-

113 2920 247 2955 suerat
271 2929 321 2954 ex
346 2915 452 2967 Virg.
467 2915 567 2954 Aen.
581 2913 773 2959 111.234.‚
796 2914 860 2953 ubi
878 2915 979 2953 vide.

112 2970 231 3011 Plura
267 2972 318 3011 de
353 2986 462 3011 anno
498 2985 650 3023 mayno
684 2971 812 3010 dicam
847 2972 898 3010 ad
927 2971 979 3010 de

113 3028 256 3079 Dogm.
281 3027 381 3068 Plat.
407 3028 450 3067 lI.
476 3042 513 3081 p.
540 3032 633 3069 201.
664 3027 828 3066 Rectius
851 3031 980 3067 tamen

113 3084 285 3137 explicat
297 3084 400 3125 Oud.
419 3084 545 3124 solem
569 3098 751 3137 magnum
776 3083 867 3131 dici,
892 3084 983 3135 quia

114 3142 189 3180 iam
219 3142 254 3180 in
285 3155 469 3182 occasum
497 3145 632 3192 vergat
659 3154 800 3187 annus,
836 3145 878 3179 ut
906 3142 981 3187 sol,

1036 1281 1072 1317 2.
1094 1281 1192 1329 post
1205 1277 1410 1315 meridiem
1430 1276 1531 1315 sole
1553 1289 1728 1328 mayno
1752 1275 1901 1314 Meurs.

1034 1333 1218 1372 Exercitt.
1245 1331 1333 1372 Crit.
1357 1347 1396 1384 p.
1422 1336 1513 1373 228.
1546 1332 1695 1385 [Minus
1720 1332 1902 1383 probatur

1033 1390 1124 1427 mihi
1156 1390 1332 1427 eiusdem
1363 1390 1624 1439 interpretatio
1655 1389 1705 1427 de
1730 1387 1900 1434 Osiride,

1038 1447 1117 1484 deo
1141 1459 1293 1497 muqno
1318 1445 1517 1497 deumque
1541 1459 1688 1484 summo
1717 1449 1900 1496 parente.

1037 1502 1085 1540 cf.
1123 1515 1160 1552 p.
1194 1505 1287 1541 810.
1324 1514 1438 1551 quem
1476 1501 1670 1553 Apuleius
1708 1505 1781 1539 iam
1812 1505 1901 1540 ante

1036 1560 1175 1597 oculos
1207 1557 1385 1595 habuerit
1414 1572 1449 1609 p.
1483 1562 1575 1597 810.
1608 1556 1696 1596 Hoc
1719 1570 1812 1594 vero
1836 1557 1903 1595 vix

1035 1614 1238 1666 probabile
1274 1618 1353 1659 est,
1390 1614 1494 1664 quod
1530 1614 1564 1652 si
1595 1615 1628 1652 in
1654 1614 1901 1665 praegressis

1035 1672 1110 1709 iam
1134 1672 1337 1709 allusisset
1360 1671 1410 1710 ad
1435 1670 1603 1709 Osiridis
1627 1684 1767 1716 sacra„
1783 1670 1902 1722 plane

1032 1729 1162 1778 inepta
1186 1731 1323 1765 essent
1346 1728 1480 1766 verba:
1509 1727 1700 1766 lW-irabar
1716 1728 1822 1781 quid
1839 1727 1902 1765 rei

1035 1785 1232 1830 tenderet,
1267 1784 1369 1836 quid
1390 1785 1683 1836 pronuntiaret
1702 1785 1900 1834 futurum.

1035 1841 1171 1879 Solem,
1189 1853 1374 1890 magnum
1394 1840 1573 1890 equidem
1592 1840 1665 1877 dici
1680 1841 1766 1878 anni
1778 1839 1899 1877 ultimi

1037 1900 1277 1946 (transcurso
1303 1896 1487 1947 signifero
1513 1896 1617 1947 sole)
1641 1896 1692 1934 ad
1717 1909 1900 1934 occasum

1035 1955 1231 2004 vergentis
1256 1953 1373 1991 horas
1398 1953 1573 1998 ultimas,
1598 1966 1666 2004 per
1685 1965 1783 2003 quas
1798 1963 1900 1990 som-

1036 2010 1230 2048 niantibus
1266 2011 1417 2049 somnia
1441 2009 1668 2047 videbantur
1690 2022 1786 2047 esse
1811 2022 1900 2060 por-

1035 2070 1141 2105 tenta
1165 2065 1394 2119 sanctiora]

1091 2124 1263 2162 numinis
1317 2123 1482 2176 benefici
1530 2137 1630 2163 cura
1672 2122 1900 2175 perviyz'lis.

1036 2179 1137 2218 Oud.
1157 2180 1282 2232 magis
1304 2179 1459 2218 inclinat
1474 2179 1524 2218 ad
1541 2179 1743 2218 lectionem
1757 2179 1901 2217 codicis

1038 2236 1381 2288 Bertinperviyil,
1391 2236 1479 2286 quia
1492 2249 1682 2286 nusquam
1697 2235 1786 2273 alibi
1796 2235 1900 2291 Apu-

1041 2293 1138 2330 leius
1158 2294 1192 2330 in
1213 2293 1445 2331 nominativo
1465 2305 1562 2330 casu
1586 2293 1692 2330 vocis
1712 2292 1826 2330 huius
1847 2291 1899 2329 fe-

1038 2350 1216 2387 mininum
1227 2350 1446 2401 perui-alifis
1460 2349 1709 2400 expresserit,
1722 2348 1795 2386 sed
1807 2362 1898 2399 per-

1038 2406 1152 2459 riyz'l,
1171 2410 1212 2444 ut
1236 2407 1352 2444 ceteri
1365 2406 1588 2457 scriptores,
1613 2405 1677 2443 vel
1692 2405 1897 2456 legendum

1036 2476 1130 2501 esse
1156 2467 1292 2501 censet
1316 2475 1366 2500 ex
1390 2462 1474 2500 cod.
1506 2461 1679 2500 d’Orvill.
1706 2462 1898 2514 beneficii,

1035 2519 1259 2569 intelligens
1269 2532 1401 2557 curam
1416 2519 1591 2564 numinis,
1607 2518 1711 2569 quod
1726 2517 1899 2556 beneficii

1034 2575 1232 2632 pervigilis
1256 2577 1323 2621 sit,
1355 2577 1440 2613 sive
1465 2575 1625 2626 pervigil
1651 2575 1686 2613 in
1712 2573 1898 2612 beneficio

1034 2632 1283 2684 praestando.
1337 2631 1567 2683 [Posteriori
1593 2631 1745 2670 lectioni
1771 2631 1900 2668 obstat

1034 2691 1187 2742 positus
1213 2689 1428 2735 verborum,
1453 2701 1567 2739 quem
1592 2687 1785 2738 Apuleius
1809 2699 1900 2725 neu-

1035 2746 1180 2797 tiquam
1215 2747 1268 2785 ita
1303 2745 1552 2790 instituisset,
1594 2746 1696 2796 prior
1738 2742 1900 2782 offensio

1036 2802 1218 2841 simulata
1247 2805 1328 2846 est,
1363 2802 1454 2852 quia
1490 2814 1682 2851 nunquam
1717 2803 1899 2852 quantum

1038 2858 1220 2911 equidem
1249 2858 1331 2896 scio
1362 2857 1465 2908 apud
1494 2857 1701 2909 Apuleium
1727 2856 1900 2894 nomina-

1037 2917 1140 2954 tivus
1164 2915 1278 2953 huius
1302 2914 1410 2952 vocis
1437 2912 1590 2964 legitur,
1616 2913 1688 2951 nisi
1711 2913 1788 2951 hoc
1812 2912 1900 2963 ipso

1039 2971 1142 3018 loeo,
1166 2971 1203 3008 in
1229 2965 1367 3008 ceteris
1390 2983 1482 3009 vero
1508 2983 1625 3008 casus
1655 2968 1819 3018 obliqui,
1848 2969 1902 3006 ita

1037 3031 1079 3066 ut
1101 3040 1152 3065 ex
1176 3026 1250 3065 boc
1275 3025 1362 3064 solo
1388 3025 1474 3065 loco
1498 3025 1677 3065 iudicium
1701 3025 1751 3063 de
1775 3024 1900 3062 termi-

1038 3084 1190 3123 natione
1203 3083 1382 3135 pendeat.
1429 3082 1652 3135 Pervz‘yilt‘s
1663 3095 1739 3121 non
1754 3084 1900 3121 tantum

1041 3139 1153 3179 codd.
1179 3140 1407 3191 optimorum
1431 3140 1655 3184 auctoritas,
1685 3137 1759 3177 sed
1784 3137 1899 3176 etiam

1789 3287 1819 3309 ἣ
