2155 3590
646 79 833 119 LIBER
864 80 936 121 IX.
998 80 1123 122 CAP.
1149 81 1270 121 XXI.
1781 81 1862 124 803

75 196 186 242 gesta
210 195 321 239 sunt,
349 203 428 228 non
452 190 591 241 uxori,
620 204 699 231 nou
723 192 790 232 ulli
816 192 1065 233 familiarium
1092 194 1265 234 cordolio
1291 195 1508 248 patefacto,
1544 193 1708 234 sublatis
1742 194 1797 233 eis
1823 200 1863 234 et

71 245 112 285 in
135 245 263 286 sinum
287 245 420 285 furtim
446 246 699 300 absconditis,
726 248 834 289 iusso
848 255 996 289 tantum
1011 248 1214 304 Myrmece
1238 263 1309 304 per
1333 263 1548 291 conservos
1573 250 1706 292 vincto
1733 251 1862 290 forum

67 403 134 424 non
145 393 300 425 amna.
315 397 350 426 G.
367 398 396 424 1.
408 398 439 425 2.
453 399 491 426 D.
507 397 528 425 f.
543 395 571 426 δ.
586 400 621 427 Ρ.
635 400 670 427 B.
685 399 744 428 alii
770 399 871 435 (teste
884 399 983 434 Oud.)
998 401 1068 428 edd.
1083 404 1157 429 ante
1170 401 1246 428 Bas.
1261 401 1291 428 2.
1306 401 1389 428 Elin.
1405 401 1544 430 Scriver.
1559 400 1680 429 Florid.
1728 408 1788 427 nec
1801 398 1865 427 ulli
1882 415 1886 421 ι

65 441 185 477 legitur
201 441 237 470 in
250 442 341 470 Colv.
354 443 449 470 Vulc.
464 445 561 471 Merc.
574 442 778 473 XVoxquric.
792 445 882 473 etita
896 445 1031 473 forsitan
1044 445 1141 473 etiam
1154 440 1274 477 F..1.R.
1284 445 1318 473 Ο.
1328 446 1364 473 G.
1378 453 1468 480 esse,
1496 447 1609 480 probat
1624 446 1703 473 Oud.
1728 446 1776 473 De
1784 446 1820 473 G.
1832 446 1860 472 1.

65 488 139 515 et2.
153 486 218 515 iam
233 487 388 523 vidimuS‚
414 488 498 515 unde
509 488 688 517 verisimile
701 493 764 525 est,
789 490 822 517 in
837 490 870 518 Ο.
887 497 1011 524 quoque
1023 490 1108 518 idem
1122 493 1243 518 extare.
1267 490 1318 518 Ad
1332 490 1475 518 Florem.
1489 491 1558 518 cod.
1572 490 1795 518 auctoritatem
1809 490 1862 517 hic

63 535 194 566 propter
211 531 429 567 Lindenbrog.
448 533 612 562 levitatem
631 542 695 562 non
714 534 953 568 respiciendum
973 538 1033 563 est.
1080 533 1226 561 sublatis
1245 533 1292 561 eis
1312 535 1348 562 F.
1363 535 1393 562 3.
1415 535 1452 562 G.
1468 535 1498 562 1.
1518 536 1550 562 2.
1569 535 1607 562 D.
1627 533 1660 571 β.
1674 536 1717 562 Μ.
1732 531 1760 562 δ.
1775 533 1798 561 f.
1823 536 1861 562 In

63 579 137 605 cett.
157 575 301 604 sublatis
319 574 382 604 his.
429 578 538 605 Verba
549 575 603 605 his
622 587 724 612 usque
743 580 784 607 ad
803 577 1009 606 absconditis
1031 579 1257 607 desiderantur
1274 578 1308 606 in
1332 580 1369 607 L.
1410 578 1541 617 furtim
1562 579 1598 606 F.
1620 580 1648 606 1.
1669 580 1698 607 3.
1719 580 1754 607 G.
1779 580 1805 606 l.
1825 580 1859 606 Ο.

54 620 188 660 fartim
207 631 239 655 φ.
258 623 295 649 G.
316 622 348 649 2.
367 622 403 650 P.
423 623 462 651 D.
482 623 576 651 Vulc.
595 624 626 651 2.
647 625 730 652 Elm.
756 622 832 657 (sed
849 625 883 652 in
896 624 1004 652 indice
1017 627 1194 652 erratorum
1209 624 1414 651 emendatum
1428 627 1477 652 est
1492 623 1527 651 in
1537 622 1701 661 furtim.)
1724 624 1761 651 In
1786 626 1859 651 ceu.

53 665 197 705 furtim,
218 667 300 700 quod
313 667 396 694 idem
411 667 443 694 in
456 667 527 695 suis
541 668 576 695 F.
592 669 620 696 1.
635 669 798 702 excerptis
811 669 934 697 invenit
948 670 1029 696 Elm.
1067 666 1284 696 absconditus
1299 668 1428 697 Vicent.
1442 669 1557 697 Vener.
1573 669 1603 694 2.
1641 667 1732 694 iusso
1749 670 1859 694 tamen

61 714 104 738 at
114 712 150 740 B.
197 710 300 738 iussit
311 709 509 747 Myrmecem
520 719 583 748 per
597 720 774 740 conservos
789 713 935 740 vinctum
948 713 980 749 [J.
1019 711 1200 749 Myreneice
1207 720 1272 748 per
1284 719 1466 740 conservos
1480 713 1629 740 vinctum
1642 709 1670 740 ὃ.
1708 710 1860 739 le‘rme’ee

62 757 99 785 G.
119 757 149 784 1.
169 757 199 783 2.
234 755 395 784 mirimo'ce
406 758 445 785 D.
494 764 590 785 verso
604 758 640 786 1³.
657 759 687 787 3.
701 759 737 787 G.
755 759 783 787 1.
797 760 827 787 2.
841 760 881 787 D.
895 759 928 787 0.
945 759 980 787 P.
996 758 1017 787 f.
1055 765 1114 786 uso
1127 760 1163 787 L.
1190 757 1251 792 (ex
1271 758 1462 793 compendio
1476 743 1535 786 u⁵so
1556 756 1798 793 depravatum).
1822 759 1859 785 In

60 804 133 829 ceti.
153 808 281 830 versus.

59 927 145 961 ctus
186 921 389 961 lectionem
426 928 654 974 receperunt
695 924 925 976 interpretes

57 980 303 1030 praegressis
345 979 475 1017 verbis
517 980 688 1032 ipsaque
730 981 926 1019 tarditate

57 1036 189 1087 mayis
224 1036 435 1088 mayisque
474 1040 726 1086 suspectus
768 1036 922 1087 decepti

56 1095 157 1129 sunt.
183 1091 286 1137 Quid
311 1105 402 1128 vero
418 1090 520 1129 Oud.
536 1092 610 1129 sibi
623 1091 734 1136 velit,
761 1106 922 1143 negans,

55 1153 263 1198 suspectus
281 1147 343 1185 hic
363 1147 489 1185 activa
507 1148 700 1185 sententia
714 1147 785 1186 dici
799 1161 922 1199 posse

56 1203 106 1241 ob
124 1216 236 1255 seqq.
260 1217 363 1255 qnae
385 1207 501 1255 yesta
525 1207 617 1242 sunt
640 1203 820 1253 equidem
845 1218 920 1241 non

54 1258 238 1309 intelligo.
263 1258 367 1296 Nam
392 1258 530 1296 eadem
555 1259 703 1296 ratione
728 1258 919 1297 Ammian.

54 1314 175 1353 Marc.
189 1313 339 1352 XXIX.
355 1318 392 1354 4.
419 1313 450 1364 §.
466 1318 503 1354 5.
531 1314 638 1352 dicit:
663 1315 792 1367 idque
807 1316 921 1367 quod

51 1371 241 1410 accidere
275 1372 462 1422 suspecti.
522 1370 577 1408 At
612 1383 662 1408 ex
698 1371 809 1410 codd.
846 1370 919 1409 fide

50 1428 243 1478 suspectis
265 1426 508 1464 retinendum
535 1426 630 1479 est.]

107 1483 299 1523 cordolio
323 1485 555 1535 patefacto.
607 1482 821 1535 [Plurimae
853 1497 917 1520 ex-

50 1543 131 1578 tant
149 1540 314 1578 virorum
342 1539 539 1577 doctorum
565 1552 613 1578 ea
637 1539 687 1577 de
707 1553 803 1577 voce
829 1553 916 1577 sen-

50 1597 206 1635 tentiae.
264 1594 449 1634 Nonnulli
476 1596 595 1642 enim,
624 1600 666 1634 ut
691 1595 834 1647 Scalig.
867 1596 915 1634 ad

47 1652 158 1691 Varr.
185 1665 222 1703 p.
249 1655 362 1697 218..
388 1652 617 1690 cordolium
648 1666 720 1690 non
747 1666 770 1690 a
795 1653 922 1691 corde

50 1708 273 1754 formatum,
310 1708 384 1746 sed
414 1722 483 1759 pro
516 1708 752 1748 ‘vendolium
776 1708 918 1746 dictum

47 1777 141 1803 esse
172 1768 325 1816 putant,
356 1763 544 1802 Doederl.
578 1765 801 1802 novissimis
826 1768 918 1802 teln-

46 1821 208 1873 poribus
236 1821 453 1872 Synonym.
481 1819 605 1860 T.v1.
631 1835 668 1873 p.
690 1825 754 1861 81.
778 1820 842 1858 vel
869 1834 917 1859 ex

47 1891 121 1916 cor
157 1881 197 1915 et
234 1878 376 1916 dolere
413 1877 688 1928 compositum,
731 1877 792 1914 vel
830 1891 916 1916 voe.

48 1933 284 1972 Graecorum
309 1930 444 1985 κορθώ
469 1934 489 1970 i.
506 1947 540 1972 e.
564 1931 683 1985 fflasstj
711 1937 813 1971 teste
838 1933 915 1971 He-

46 1989 185 2040 sychio
199 1988 472 2028 deminutivum
487 2002 579 2027 esse
593 1993 775 2035 autumat,
788 1989 915 2028 Meur-

44 2047 127 2084 sius
141 2045 310 2096 denique
325 2045 493 2084 Exercit.
510 2045 595 2084 Crit.
609 2045 655 2086 P.
669 2045 697 2083 I.
712 2060 742 2084 c.
756 2052 788 2086 1.
804 2059 839 2097 p.
850 2050 913 2086 92.

45 2102 250 2140 seiunctim
275 2102 520 2140 scribendum
546 2115 639 2140 esse
666 2116 739 2141 cor
758 2103 915 2142 dolium.

46 2161 235 2205 autumat,
266 2162 308 2196 ut
338 2158 494 2204 dolium.
523 2172 592 2209 pro
624 2159 748 2197 dolor
774 2158 914 2197 dictum

45 2215 114 2260 sit,
140 2227 256 2265 quam
268 2227 404 2253 vocem
420 2213 506 2252 aliis
520 2214 694 2252 eiusdem
709 2214 914 2266 analogiae

44 2271 274 2322 compositis
286 2272 431 2309 munire
445 2274 613 2309 conatur.
633 2271 687 2309 At
701 2271 773 2309 iam
785 2271 914 2310 Burin.

44 2326 95 2365 ad
113 2326 275 2366 Anthol.
294 2327 383 2366 Lat.
405 2325 449 2365 T.
464 2325 508 2365 ll.
529 2340 566 2377 p.
585 2331 675 2367 110.
695 2331 734 2365 et
753 2329 787 2365 in
808 2327 912 2367 Add.

43 2397 79 2434 p.
95 2386 192 2424 686.
219 2383 449 2423 cordolium
468 2396 544 2421 una
561 2396 657 2421 voce
670 2384 914 2422 scribendum

44 2452 65 2477 e
117 2453 188 2490 per
231 2440 374 2478 cordis
417 2439 599 2478 dolorem
640 2440 912 2491 explicandum

46 2509 140 2534 esse
162 2500 269 2534 recte
293 2495 569 2548 pronuntiavit,
600 2509 717 2546 quum
743 2510 816 2535 cor
839 2497 911 2534 do-

44 2552 127 2591 lere
150 2553 312 2603 saepius
337 2551 467 2590 dicant
490 2555 664 2599 vetere-53
691 2552 910 2593 cs.Pee1·lk.

43 2607 95 2646 ad
118 2607 254 2647 Horat.
281 2607 407 2659 Epod.
440 2612 502 2648 15.
530 2611 592 2648 16.
623 2621 659 2659 p.
685 2612 778 2648 491.
811 2608 910 2648 Tota

42 2663 91 2702 lis
114 2664 260 2715 pendet
283 2678 305 2702 e
333 2664 428 2703 locis
447 2663 573 2703 Plaut.
591 2663 738 2704 Cistell.
753 2664 778 2702 l.
798 2670 829 2705 1.
846 2669 910 2706 67.

44 2723 83 2757 et
105 2718 227 2760 Poen.
252 2720 280 2760 Ι.
307 2725 344 2762 2.
369 2724 454 2767 86.,
486 2722 629 2772 quippe
660 2721 722 2771 qui
749 2721 822 2760 hoc
846 2735 910 2760 vo-

43 2776 221 2815 cabulum
235 2776 428 2815 formasse
441 2777 627 2815 videatur.
662 2776 796 2815 Priore
810 2778 910 2816 enim

40 2830 129 2870 loco
155 2834 385 2873 cordolium
415 2833 491 2884 legi
523 2846 646 2884 posse
677 2838 819 2885 negant
842 2835 908 2872 viri

42 2887 163 2934 docti,
209 2902 370 2940 quorum
412 2890 644 2928 sententiam
694 2891 908 2929 accuratius

42 2945 202 2995 exponit
231 2945 346 2986 Rost.
364 2946 400 2985 in
418 2945 631 2985 Comment.
651 2945 778 2984 Plaut.
799 2945 906 2983 le.

41 3013 79 3050 p.
98 3004 208 3048 152„
232 3002 395 3054 primum
410 3004 500 3054 quia
519 3003 788 3054 Gymnasium,
804 3002 907 3053 quod

41 3056 126 3108 ipsa
164 3072 238 3096 non
274 3058 435 3106 habeat,
479 3059 516 3098 id
552 3072 724 3098 sororem
763 3058 908 3097 habere

986 939 1059 962 non
1074 938 1197 976 posse
1215 927 1561 975 argumentaretur3
1589 926 1668 961 tum
1686 922 1789 974 quod
1811 921 1859 959 de

984 982 1184 1019 mulierum
1211 980 1383 1018 cordolio
1412 981 1516 1018 viros
1544 980 1746 1017 dubitasse
1771 992 1860 1016 nus-

985 1050 1098 1087 quam
1136 1037 1301 1087 legatur,
1339 1037 1469 1087 ipsum
1508 1049 1598 1074 vero
1631 1049 1696 1074 cor
1726 1035 1860 1072 inesse

983 1093 1018 1130 in
1058 1092 1210 1130 seminis
1248 1093 1437 1142 negarintg
1478 1093 1646 1142 denique
1685 1090 1787 1142 quod
1825 1091 1859 1127 si

985 1149 1212 1187 cordolium
1250 1150 1411 1186 retinere
1450 1149 1657 1192 malueris,
1695 1147 1860 1185 obscura

981 1209 1136 1242 maneat
1148 1217 1246 1242 vers.
1263 1208 1326 1244 69.
1347 1205 1556 1243 sententia.
1605 1203 1739 1254 Ipsum
1758 1203 1856 1239 enim

982 1260 1193 1298 cordolium
1220 1274 1293 1297 non
1320 1260 1478 1305 dolere,
1514 1259 1589 1298 scd
1626 1273 1707 1305 cor,
1753 1258 1859 1309 quod

981 1316 1116 1354 dolore
1136 1315 1332 1354 afficiatur.
1380 1315 1485 1354 H'me
1498 1316 1663 1354 Rostius
1678 1314 1860 1352 emendat

981 1375 1036 1411 At
1069 1372 1167 1410 milti
1204 1386 1276 1410 cor
1313 1372 1462 1410 dolet?
1514 1373 1570 1410 At
1605 1375 1717 1422 puto,
1754 1371 1857 1407 viros

978 1428 1117 1466 doctos
1149 1427 1251 1465 hunc
1282 1428 1409 1465 locum
1445 1442 1520 1465 non
1552 1428 1650 1465 satis
1676 1430 1781 1464 recte
1806 1427 1857 1463 in-

976 1484 1194 1522 tellexisse.
1221 1484 1410 1521 Silenium
1429 1484 1531 1521 enim
1546 1483 1727 1521 meretrix
1742 1495 1857 1532 quum

976 1542 1169 1590 usurparit
1184 1539 1417 1578 vocabulum
1435 1540 1670 1579 cordolium
1683 1539 1704 1576 i.
1720 1552 1753 1577 e.
1770 1552 1857 1577 cor-

978 1597 1041 1637 «Ns
1054 1597 1250 1641 dolorem,
1271 1596 1485 1646 interrogat
1501 1595 1773 1646 Gymnasium,
1795 1594 1856 1645 qui

981 1654 1033 1691 ita
1059 1653 1136 1690 [ieri
1162 1653 1306 1703 possit,
1338 1656 1380 1690 ut
1411 1652 1557 1692 cordis
1582 1651 1767 1690 dolorem
1792 1650 1856 1688 lia-

979 1710 1086 1755 beat,
1127 1722 1242 1759 quum
1275 1723 1348 1747 cor
1379 1708 1429 1746 de
1461 1710 1631 1747 virorum
1664 1707 1857 1745 sententia

978 1766 1014 1803 in
1032 1765 1182 1803 seminis
1197 1778 1270 1803 non
1286 1765 1388 1803 insit.
1436 1764 1587 1815 Neque
1606 1764 1718 1815 igitur
1738 1765 1855 1813 negat

980 1822 1235 1872 Gymnasium
1262 1821 1446 1860 dolorem
1473 1820 1551 1858 sed
1583 1820 1751 1859 cordis
1780 1819 1855 1858 clo-

979 1878 1101 1916 lorem
1137 1877 1283 1915 habere
1318 1891 1443 1929 posse
1483 1876 1686 1915 Silenium.
1741 1874 1856 1913 Unde

977 1934 1113 1973 vocal).
1134 1948 1207 1972 cor
1229 1933 1481 1984 premendum
1505 1937 1544 1971 et
1569 1946 1670 1971 voce
1694 1931 1854 1970 efferen-

977 1991 1064 2028 dum
1095 1994 1170 2028 est.
1228 1989 1338 2028 Haec
1369 2003 1486 2041 quum
1524 1990 1628 2028 hene
1665 1988 1856 2039 intelligat

976 2047 1166 2093 Silenius‚
1191 2046 1404 2098 respondet
1428 2047 1462 2085 si
1492 2046 1597 2099 quid
1622 2050 1680 2084 est
1702 2048 1773 2083 etc.
1812 2043 1853 2081 Si

976 2103 1068 2154 quid
1102 2102 1177 2141 hoc
1213 2102 1298 2141 loco
1336 2102 1586 2148 mutandum,
1625 2101 1741 2139 velim
1779 2099 1853 2150 legi

976 2160 1084 2198 mule
1098 2159 1172 2198 tibi
1184 2163 1241 2198 est
1255 2173 1276 2198 c
1286 2161 1364 2198 or?
1389 2160 1662 2199 commemora
1677 2158 1854 2196 obsecro.

979 2215 1215 2256 Cor-dolium
1241 2216 1352 2266 igitur
1371 2215 1580 2254 formatum
1601 2219 1682 2260 est,
1707 2217 1748 2251 ut
1767 2226 1856 2251 cru-

973 2273 1209 2325 rifrayizmz.
1234 2270 1397 2310 Praeter
1423 2276 1598 2311 nostrum
1628 2271 1755 2309 locum
1780 2268 1856 2306 boc

972 2328 1203 2367 vocabulum
1235 2328 1504 2366 tantummodo
1538 2333 1674 2367 extare
1705 2325 1855 2363 videtur

974 2385 1008 2422 in
1036 2384 1165 2435 Epigr.
1191 2385 1295 2436 apud
1319 2384 1449 2423 Burni.
1476 2384 1645 2424 Amthol.
1664 2383 1751 2421 Lat.
1772 2382 1808 2419 d.
1831 2380 1854 2417 l.

972 2454 1008 2492 p.
1050 2445 1139 2481 110.
1184 2455 1288 2493 qnae
1332 2442 1477 2480 misero
1529 2444 1684 2482 moveat
1721 2437 1855 2492 flebile

972 2497 1286 2549 cordolium]

1024 2555 1169 2603 furtim
1193 2553 1457 2593 absconditis.
1531 2553 1724 2607 [Fortim,
1750 2549 1852 2602 quod

970 2610 1101 2660 optimi
1117 2609 1228 2648 codd.
1244 2611 1443 2660 praebent,
1465 2624 1498 2649 n«
1519 2610 1630 2650 innisi
1650 2613 1712 2647 est
1731 2607 1855 2646 ortho-

971 2666 1157 2717 graphiae
1184 2666 1317 2703 vitium
1348 2680 1417 2718 pro
1446 2670 1496 2719 f²¹
1520 2669 1630 2712 rtim,
1667 2677 1782 2716 quum
1818 2664 1854 2700 in

969 2723 1247 2760 vetustissimis
1279 2723 1533 2773 praeceteris
1565 2722 1675 2760 codd.
1707 2720 1857 2758 litterae

969 2793 996 2818 u
1026 2782 1066 2816 et
1097 2793 1121 2816 o
1151 2792 1437 2829 saepenumero
1471 2793 1489 2820 c
1512 2778 1782 2823 onlhndantur.
1820 2776 1858 2813 id

969 2835 1073 2885 quod
1099 2835 1266 2873 omnium
1290 2835 1492 2876 notissimt
1511 2849 1555 2873 nn
1581 2838 1644 2872 est
1680 2833 1726 2872 cf.
1754 2832 1857 2870 Duk.

968 2891 1018 2928 ad
1037 2890 1123 2929 Liv.
1143 2890 1208 2930 Ill.
1228 2895 1291 2932 28.
1317 2896 1379 2931 11.
1407 2890 1493 2930 Tun
1518 2906 1526 2928 ι
1549 2891 1692 2943 furtim
1719 2889 1857 2926 melius

968 2946 1042 2984 loci
1072 2948 1288 2984 sententiae
1320 2950 1499 2987 convenit
1552 2959 1665 2997 quam
1700 2946 1858 2996 fartim,

966 3007 1007 3040 ut
1020 3003 1209 3041 benciam
1224 3003 1316 3041 vidit
1329 3003 1429 3042 Oud.
1456 3004 1505 3043 D1
1535 3016 1593 3040 tae
1607 3003 1706 3039 enim
1720 3001 1860 3040 soleae

967 3072 1040 3098 non
1058 3058 1199 3097 fuciunt
1211 3060 1350 3101 sinum.
1401 3060 1513 3100 Dein·
1535 3059 1577 3097 *le
1590 3059 1654 3097 vix
1673 3062 1765 3110 puto
1786 3057 1859 3097 dici

1467 3128 1571 3173 51*
