2155 3590
694 149 882 190 LIBER
911 150 956 190 Π.

1017 149 1144 190 CAP.
1174 147 1246 189 IX.
1814 147 1870 191 97

71 262 214 301 leniter
237 263 435 301 remissos
473 268 511 301 et
543 261 696 302 cervice
736 263 988 316 dependulos,
1023 276 1067 303 ac
1098 261 1186 302 dein
1218 274 1288 315 per
1327 260 1426 300 colla
1461 259 1670 313 dispositos
1701 258 1866 299 sensim-

70 331 144 371 que
175 317 330 357 sinuato
368 318 524 372 patagio
556 317 796 370 residentes,
837 319 1034 374 paulisper
1063 319 1111 358 ad
1152 317 1268 358 finem
1311 315 1568 370 conglobatos
1601 315 1641 355 in
1673 329 1866 356 summum

68 373 256 414 verticem
283 374 405 414 nodus
431 373 714 414 adstrinxerat.

66 500 187 529 leviter
199 503 235 530 G.
251 503 279 531 1.
294 509 322 530 a.
337 509 377 530 m.
391 510 421 536 p.

67 549 179 575 exulat
192 548 225 575 in
240 548 274 575 Ο.
289 550 319 575 et
332 545 361 576 δ.
409 545 482 574 dein
496 549 531 576 F.
547 549 576 577 3.
592 550 627 577 G.
646 550 672 576 1.
685 550 768 577 lunt.
781 550 812 577 2.
838 551 874 577 ln
893 550 1009 577 ceteris
1029 547 1144 576 deinde
1163 548 1204 577 cf.
1218 549 1411 576 Excursum.

64 593 101 620 D.
129 599 149 620 a
167 600 206 620 m.
228 600 258 626 p.
303 590 458 629 globatos
477 593 515 621 D.
542 591 811 630 conglomeratos
828 595 865 622 R.
887 594 908 623 f.
956 597 991 621 et
1009 594 1042 621 in
1063 601 1224 622 summum
1242 601 1271 628 p.

469 500 627 530 demissos
648 505 770 531 malunt
785 503 869 532 Prie.
890 507 918 532 et
933 506 1037 533 Grosl.
1056 503 1194 531 emissos
1214 510 1324 531 omnes
1344 501 1420 530 libri
1439 504 1468 530 et
1482 502 1551 530 edd.

1600 504 1631 528 el
1646 505 1720 529 ame
1734 500 1863 528 cervice

1459 544 1614 582 despotos
1635 543 1663 575 δ.
1712 544 1862 573 residens

1319 590 1402 620 uode
1419 593 1457 620 D.
1479 599 1498 620 a
1516 599 1557 620 m.
1570 599 1600 626 p.
1649 589 1866 619 mitum-erat

64 637 99 665 F.
115 638 144 665 3.
160 637 236 672 [sed
253 637 286 665 in
299 644 399 672 marg.
413 640 452 666 ab
469 639 581 667 eadem
600 647 639 668 m.
655 637 935 675 adso-suxerat.)
956 643 984 668 et
1002 642 1085 668 lunt.
1100 641 1130 668 2.

65 760 180 796 quam
216 751 419 798 utrumque
456 749 591 786 vocab.
630 749 664 786 111
702 749 805 787 Mss.
844 763 930 787 con-

64 802 170 841 fundi
196 803 437 841 notissimum
464 809 535 842 est.

118 861 308 899 remissos.
343 861 530 905 Emissos,
551 861 655 911 quod
670 875 806 899 omnes
821 861 933 899 codd.

63 920 102 954 et
116 915 203 953 edd.
223 917 422 966 praebent,
445 918 517 955 etsi
539 917 588 955 de
614 918 781 955 crinibus
807 918 934 955 disso-

62 971 153 1010 lutis
184 973 284 1010 bene
315 973 389 1011 dici
419 978 571 1024 potest.
604 973 667 1011 1110
698 978 826 1012 tamen
858 988 932 1011 non

62 1029 293 1079 comprobo,
322 1030 427 1079 quod
463 1031 665 1080 sequentia
697 1035 929 1081 repugnant3

62 1098 134 1123 nec
175 1085 301 1123 minus
344 1087 533 1125 irmnissos
569 1086 768 1137 displicet,
812 1100 928 1136 quum

62 1142 186 1179 crines
229 1142 420 1192 significet
463 1142 638 1193 prolixos
681 1147 720 1180 et
759 1142 929 1180 molliter

59 1197 241 1244 fluentes:
267 1197 313 1235 cf.
328 1197 546 1236 Ovid.Met.
560 1197 623 1235 VI.
638 1202 726 1238 167.
754 1200 928 1248 Sequen-

58 1254 161 1291 tibus
186 1254 285 1291 enim
312 1255 441 1292 verbis
466 1254 567 1292 idem
594 1254 791 1292 indicatur.
836 1252 929 1291 lnde

59 1310 204 1347 conieci
241 1311 445 1355 remissos,
492 1310 617 1347 littera
652 1325 674 1348 ‘1'
710 1323 734 1347 a
769 1323 927 1360 praece-

58 1366 175 1404 dente
218 1366 317 1403 elis-a
359 1367 380 1404 i.
418 1380 451 1404 e.
495 1366 710 1411 redactos,
753 1370 926 1418 refusos,

59 1422 161 1472 quod
177 1423 419 1460 enlin-eteris
445 1423 546 1460 bene
572 1423 763 1473 congruit:
791 1426 831 1460 ut
850 1426 926 1459 sta-

57 1479 123 1516 tim
147 1479 394 1531 videbimus]

108 1536 302 1587 paiayio.
328 1535 446 1587 [Mira
467 1540 529 1573 est
543 1536 790 1587 interpretum
806 1534 927 1586 expli-

58 1593 155 1629 catio
183 1592 430 1642 potissimum
452 1592 644 1643 Scaligeri
665 1592 866 1630 Animadv.
890 1592 926 1629 in

60 1648 143 1686 loca
163 1652 330 1686 controv.
347 1647 420 1686 Tit.
437 1647 501 1686 lv.
524 1653 578 1689 7..
605 1662 718 1699 quem
740 1647 842 1685 Oud.
865 1661 922 1685 se-

57 1705 194 1755 quitur,
208 1704 389 1742 dicentis:
414 1704 602 1756 Capillus
615 1706 666 1744 ab
681 1707 759 1743 imo
776 1704 833 1742 mi
849 1718 926 1743 rer-

57 1762 172 1799 tieem
185 1775 372 1800 summum
393 1762 504 1799 nodo
526 1762 721 1801 collectus
736 1761 927 1813 duplica-

55 1822 123 1856 tur
135 1822 174 1855 et
186 1818 369 1856 lumzeros
381 1819 484 1869 ieyit
504 1819 710 1869 patassl'i
734 1818 872 1855 mado
891 1822 929 1855 et

57 1875 186 1912 sinum
214 1887 264 1912 ac
297 1874 635 1913 delumbationem
661 1876 702 1912 in
728 1874 838 1913 eollo
861 1877 928 1925 fa-

57 1930 130 1974 cit,
179 1944 260 1982 quo
303 1931 463 1968 nomine
505 1932 745 1970 simultane
784 1935 928 1981 pata-

54 1987 183 2038 yium
225 1988 431 2025 vocavit.
491 1986 598 2024 Idem
633 1988 797 2038 probant
833 1985 927 2023 Pius

55 2042 103 2080 ad
137 2041 788 2094 17111.Ιῗ11100.111.525.0111101·.
821 2042 927 2093 Apo-

56 2097 171 2136 theos
197 2098 310 2137 Hom.
336 2113 373 2150 p.
405 2103 495 2138 187.
535 2099 655 2137 Salm.
682 2100 731 2137 ad
765 2098 927 2136 '·1*e1tnn.

54 2155 103 2192 de
134 2153 232 2193 Pall.
264 2170 300 2207 p.
331 2158 422 2195 143.
477 2155 583 2206 [Sed
612 2159 691 2193 tum
723 2154 927 2193 dicendum

55 2215 136 2249 erat
176 2213 218 2249 in
258 2212 422 2250 modum
461 2213 616 2250 sinuati
649 2213 821 2263 pata-qia·
861 2210 924 2247 vel

56 2269 98 2306 in
119 2268 319 2307 st'nuatum
334 2269 566 2319 patayiam.
598 2267 801 2319 Deceptus
824 2268 925 2305 enim

54 2327 116 2362 est
145 2322 248 2362 Oud.
307 2323 422 2362 Nonii
453 2325 646 2362 sententia
677 2325 739 2374 qui
772 2338 810 2375 p.
831 2323 923 2364 540.

53 2380 173 2418 Mero.
196 2381 429 2432 palaffl‘um,
457 2381 588 2430 inquit,
615 2394 762 2419 aureas
788 2380 926 2419 clavus

55 2438 126 2489 qui
152 2437 465 2488 pretiosioribus
491 2437 658 2475 vestibus
683 2437 841 2474 immitti
865 2450 924 2475 so-

54 2493 124 2538 let,
161 2493 265 2531 unde
301 2493 364 2531 vili
401 2492 550 2531 Fotidis
587 2493 686 2530 vesti
728 2492 924 2543 patagium

54 2548 234 2588 adsutum
271 2562 365 2588 esse
400 2553 526 2600 negat.
587 2549 677 2587 Alia
715 2552 778 2586 est
814 2547 924 2586 Festi

53 2607 255 2644 sententia.
326 2606 555 2658 Patayimn
602 2610 660 2644 est
707 2605 820 2658 qnod
867 2605 926 2643 ml

51 2676 241 2701 summam
265 2663 442 2701 tunicam
474 2662 594 2701 adsui
618 2662 718 2700 solet
728 2675 740 2707 ,·
766 2660 812 2700 cf.
840 2660 924 2699 Intt.

51 2731 88 2770 p.
109 2723 202 2760 576.
235 2717 412 2756 Lindem.
445 2717 665 2768 Hieronym.
695 2732 757 2769 ep.
787 2722 849 2757 16.
875 2717 925 2755 de

52 2779 164 2813 veste
187 2775 339 2813 sacerd.
366 2789 401 2812 n.
434 2779 495 2814 14.
545 2773 662 2812 Cuius
694 2775 925 2812 sententiam

51 2835 212 2870 secutus
242 2831 370 2870 locum
401 2832 452 2868 ita
482 2830 654 2882 explico:
693 2829 829 2869 Crines
860 2828 925 2880 qui

52 2889 262 2941 retroflexi
285 2901 317 2926 s,
344 2888 498 2926 remissi
522 2900 592 2939 per
616 2886 718 2925 colla
741 2890 831 2926 sunt
850 2886 924 2925 dis-

51 2945 186 2995 positi,
222 2944 369 2982 sensim
406 2943 652 2982 immittuntur
678 2944 861 2996 pataqio
891 2957 924 2982 s.

54 3000 247 3046 laciniae,
290 3014 391 3051 quae
426 3000 568 3039 adsuta
603 3004 685 3038 erat
718 3013 925 3052 supremae

991 750 1113 787 vestis
1138 750 1235 800 parti
1259 751 1298 786 et
1322 747 1464 786 collum
1490 747 1730 791 circumibat,
1763 745 1866 784 unde

991 808 1152 845 sinuata
1200 804 1428 857 appellatur.
1488 801 1612 840 Plane
1648 802 1862 854 respondet

989 863 1209 915 pnlayizcm
1235 865 1365 900 nostro
1392 874 1473 898 voc.
1501 860 1796 911 Halsstreifeu,
1828 862 1866 896 et

994 932 1109 969 quum
1154 932 1310 956 aureum
1354 917 1391 954 id
1434 916 1559 954 fuisse
1600 914 1746 953 Festus
1790 929 1865 953 11011

993 978 1177 1019 testetur,
1210 973 1411 1012 deterioris
1438 985 1592 1023 quoque
1626 971 1863 1010 condicionis

988 1031 1183 1075 mulieres.
1205 1044 1282 1080 qua
1301 1030 1412 1068 Fotis
1432 1033 1524 1068 erat.
1544 1030 1595 1066 uti
1618 1042 1664 1066 ea
1684 1028 1865 1078 potuisse

988 1090 1160 1138 apparet.
1211 1086 1442 1125 Germanice
1468 1085 1700 1122 reddiderim
1729 1084 1864 1122 verba:

987 1144 1074 1182 und
1106 1143 1265 1193 [afferte
1295 1143 1381 1181 sicle
1407 1144 1490 1193 anf
1515 1142 1604 1179 dem
1626 1141 1865 1193 yesclzzveif-

989 1204 1052 1237 ten
1091 1199 1375 1250 Halskraqqen.
1435 1196 1477 1235 Id
1508 1202 1634 1235 tamen
1667 1197 1864 1234 observari

990 1255 1091 1299 licet,
1133 1256 1353 1306 pata-qima
1395 1255 1554 1304 saepius
1592 1267 1760 1304 purpura
1794 1253 1862 1290 1111·

989 1315 1091 1348 0111111
1133 1310 1196 1347 vel
1239 1323 1333 1347 auro
1376 1310 1521 1360 pictum
1559 1309 1701 1354 fuisse,
1746 1323 1863 1359 quum

987 1366 1171 1404 mulieres
1207 1365 1398 1403 delicatae
1434 1379 1497 1402 res
1535 1366 1782 1403 necessarias
1814 1364 1865 1403 ad

987 1423 1188 1460 mollitiem
1223 1435 1381 1473 semper
1417 1425 1696 1459 converterent.
1753 1421 1863 1459 Com-

988 1480 1125 1531 probat
1149 1479 1225 1517 1100
1250 1478 1361 1516 100115
1381 1478 1485 1529 apud
1507 1477 1639 1516 Scliol.
1662 1477 1712 1516 ad
1734 1476 1862 1515 luven.

988 1535 1046 1574 lll.
1074 1540 1139 1576 81.
1166 1536 1229 1573 ubi
1254 1535 1508 1573 vitiosissime
1534 1535 1587 1572 ita
1615 1534 1751 1583 legitur
1771 1548 1863 1572 0οη·

988 1592 1127 1646 chylia
1166 1596 1305 1631 restem
1338 1594 1524 1643 faculam
1556 1595 1593 1628 ei
1624 1595 1747 1642 touque
1778 1604 1862 1629 ern-

989 1649 1215 1687 bescemIae
1244 1651 1414 1700 fucatos
1446 1647 1607 1685 habitus
1637 1652 1674 1685 el
1706 1647 1864 1685 Romae

988 1710 1113 1757 ioyae
1145 1704 1441 1743 erubescendus
1474 1705 1514 1741 in
1542 1704 1743 1755 capitium
1763 1717 1863 1755 pur-

984 1776 1134 1813 puram.
1162 1762 1278 1813 quasi
1309 1761 1524 1813 conchylia
1550 1762 1734 1812 siqnant:
1762 1773 1863 1809 quae

989 1818 1107 1856 verba
1136 1818 1189 1855 ita
1220 1816 1403 1854 emendo:
1451 1817 1490 1854 Γ.
1521 1819 1556 1868 f.
1591 1821 1626 1854 el
1653 1821 1677 1854 t.
1705 1817 1861 1855 erabes-

988 1875 1112 1913 centis
1141 1878 1362 1927 ‘qraecatos
1393 1873 1554 1911 habitus
1587 1871 1676 1923 [sed
1707 1873 1864 1911 Romae

989 1931 1102 1982 1¹0st
1145 1929 1431 1968 erubescendis
1469 1934 1624 1967 {cantum
1663 1930 1862 1980 capitium

985 1987 1248 2038 peti-parant]
1288 1999 1389 2037 qnos
1426 1985 1645 2038 conchylio
1682 1987 1862 2036 siymmt.

989 2042 1035 2080 cf.
1063 2042 1203 2080 haber.
1230 2056 1291 2093 ap.
1320 2041 1421 2079 Gell.
1439 2040 1545 2078 XVI.
1574 2045 1610 2080 7.
1639 2040 1785 2080 Ferrar.
1812 2041 1862 2079 de

987 2113 1028 2136 re
1052 2102 1151 2136 vest.
1178 2097 1223 2137 P.
1238 2097 1282 2135 ll.
1309 2097 1396 2135 Lib.
1414 2096 1438 2135 l.
1467 2112 1487 2135 c
1516 2098 1598 2149 23]

1045 2155 1327 2207 couylobatos.
1363 2153 1470 2206 [Sub
1505 2156 1615 2191 linem
1648 2155 1682 2191 111
1710 2155 1862 2193 cincin-

985 2226 1057 2250 nos
1093 2226 1124 2249 s.
1161 2211 1356 2263 ,qlobztlos
1392 2211 1515 2248 crines
1553 2213 1661 2248 erant
1691 2210 1860 2256 adducti,

985 2269 1019 2305 in
1047 2269 1133 2318 ipso
1158 2272 1284 2306 tamen
1312 2268 1454 2304 vertice
1474 2281 1497 2305 a
1522 2267 1624 2304 nodo
1651 2267 1857 2311 constricti,

984 2323 1087 2362 unde
1107 2328 1227 2362 totum
1247 2323 1561 2374 capillamentum
1587 2324 1742 2375 prolixa
1759 2325 1862 2361 serie

985 2381 1143 2418 dorsum
1173 2381 1418 2432 permeabat3
1457 2379 1505 2418 cl'.
1539 2379 1682 2430 Bottig.
1716 2380 1811 2418 sab.
1832 2379 1862 2419 I.

985 2450 1023 2487 p.
1047 2441 1139 2477 122.
1175 2436 1275 2475 Non.
1301 2451 1340 2488 p.
1361 2440 1454 2476 432.
1491 2436 1640 2487 ΙῐχῖοΙηις
1671 2437 1861 2475 soliditas

983 2493 1167 2546 undique
1181 2507 1333 2532 versum
1346 2493 1540 2531 rotunda.
1574 2490 1694 2544 Apul.
1705 2492 1861 2532 Metx.

984 2564 1021 2602 p.
1036 2553 1128 2590 361.
1156 2551 1329 2589 crinium
1352 2549 1529 2601 ylobos]

1041 2607 1173 2646 nodus
1204 2606 1444 2645 adstrimciI.
1480 2605 1561 2656 [De
1587 2618 1660 2643 usu
1686 2608 1859 2643 veterum

984 2663 1108 2700 crines
1139 2664 1191 2701 ita
1221 2661 1510 2709 constringendi
1541 2661 1589 2699 cf.
1615 2661 1751 2699 Heins.
1778 2661 1858 2699 Ad-

982 2732 1084 2757 vers.
1106 2718 1133 2758 l.
1169 2723 1232 2759 17.
1263 2734 1300 2771 p.
1328 2721 1415 2758 172.
1442 2731 1505 2768 sq.
1553 2717 1660 2755 ldem
1691 2718 1772 2755 sere
1797 2722 1860 2756 est

982 2775 1116 2814 ποιΖιις
1144 2790 1178 2814 s.
1205 2775 1369 2817 testulus,
1395 2787 1471 2824 quo
1503 2774 1627 2811 crines
1653 2774 1860 2812 artificiose

983 2846 1007 2870 a
1040 2831 1163 2869 fronte
1194 2833 1228 2869 in
1260 2830 1444 2868 verticem
1469 2830 1615 2868 reducti
1640 2830 1760 2868 instar
1784 2835 1858 2868 tur·

982 2889 1034 2926 ris
1061 2887 1332 2931 formabantur,
1359 2887 1409 2924 de
1436 2900 1512 2936 quo
1539 2886 1586 2924 cf.
1612 2886 1759 2937 Besttig.
1786 2887 1857 2925 Sa-

981 2943 1101 3053 bi¹1.l].
1136 2948 1227 2986 126.
1256 2949 1347 2984 147.
1376 2946 1467 2984 159.
1491 2943 1595 2995 Rup.
1620 2943 1670 2982 ad
1694 2941 1858 2983 Iuv.Vl.

987 3005 1078 3042 165.
