2221 3667
305 151 361 194 62
553 151 600 191 L.
632 151 854 192 APULEll
883 152 1284 193 MADAURENSIS
1314 152 1858 195 METAMORPHOSEON

304 261 405 303 Milo
431 263 497 317 qui
522 270 639 304 extra
659 266 898 319 pomoerium
922 273 955 306 et
986 266 1120 306 urbem
1140 272 1260 304 totam
1282 265 1388 304 colit.

240 324 282 357 67
307 319 468 374 optima,
501 320 562 360 dic
594 335 664 361 oro
690 328 729 362 et
754 322 894 362 cuiatis
920 323 969 361 sit
996 329 1036 362 et
1060 321 1199 374 quibus
1226 319 1481 384 deverlsetur
1505 322 1690 362 aedibus?

1434 264 1653 317 Remoto,
1643 280 1817 320 mquam,
1841 267 1942 317 ioco,
1968 280 2111 330 parens

1749 322 1938 373 Videsne,
1966 323 2108 376 inquit,

305 382 507 417 extremas
539 377 758 428 fenestras,
799 392 898 432 quae
930 378 1026 417 foris
1065 377 1198 416 u1bem
1233 377 1476 430 prospi1iunt
1505 385 1543 418 et
1574 379 1809 419 altrinsecus
1840 381 1948 419 fores
1980 393 2112 433 proxl-

190 444 289 483 [112]
309 446 414 472 mum
443 433 701 488 respicientes
727 435 1000 488 angiportum?
1037 432 1139 472 Inibi
1165 432 1169 487 Ι
1197 432 1271 472 iste
1296 431 1396 473 Milo
1422 434 1656 474 deversatur
1679 434 1859 488 ampliter
1889 443 2111 475 nummatus

303 496 343 530 et
367 490 484 544 longe
510 490 733 544 opulentus,
769 504 904 531 verum
930 496 1135 529 extremae
1167 489 1361 529 avaritiae
1387 497 1426 530 et
1451 490 1579 530 sordis
1606 491 1762 531 infimae
1787 491 1945 531 infamis
1972 492 2107 534 homo:

302 522 459 587 foenus³
480 547 646 601 denique
685 548 883 601 copiosum
920 545 991 584 sub
1029 545 1251 585 alrhabone
1289 546 1374 586 auri
1408 554 1447 586 ct
1477 548 1631 600 argenti
1665 547 1858 588 crebriter
1888 561 2104 589 exercens:

300 674 397 704 Ma’lz‘o
411 677 524 706 Venet.
534 678 563 705 2.
579 679 686 704 extra
699 674 811 703 urbem
827 676 935 701 totam
943 673 1152 710 pomoerium
1167 673 1247 702 coli!
1263 676 1297 703 F.
1308 678 1336 704 ¹2.
1353 678 1388 704 G.
1402 677 1441 704 D.
1450 677 1483 704 Ο.
1493 677 1528 704 Ρ.
1544 676 1604 713 qni
1614 679 1720 704 extra
1729 677 1937 713 pomoerium
1950 679 1986 704 et
1997 676 2108 705 urbem

303 724 409 750 totam
429 721 514 750 colit
529 723 565 750 F.
582 724 609 749 1.
630 723 659 749 3.
682 722 718 748 R.
740 720 761 748 f.
781 727 809 753 p.
835 723 863 747 et
884 720 953 748 edd.
974 723 1050 748 vett.
1094 720 1302 756 pomoerium
1323 723 1433 749 exulat
1454 728 1473 749 a
1494 722 1530 749 P.
1579 725 1704 749 semoto
1718 724 1754 751 B.

1034 763 1231 794 deversetur
1244 767 1313 795 edd.
1328 770 1403 795 velt.
1419 766 1607 802 respiciunt
1619 769 1652 796 0.
1701 767 1759 795 ubi
1770 776 1826 802 pro
1840 767 1924 795 inibi
1933 769 1972 796 D.
1989 775 2009 796 a
2022 776 2062 796 m.
2077 776 2107 803 p.

299 775 381 805 rogo
400 776 455 802 pro
475 775 534 795 oro
547 769 584 795 B.
599 768 635 794 G.
650 774 668 795 a
683 774 723 794 m.
738 774 763 793 s.
780 772 839 791 oro
855 767 888 792 te
901 767 936 792 et
947 773 984 794 π.

1804 721 1876 750 Ioco
1891 724 1926 751 G.
1946 730 2001 757 pro
2013 730 2109 751 more.

299 811 498 840 demoratur
516 813 551 841 Ο.
570 820 606 839 π.
626 817 682 846 pro
697 809 920 838 deversatur:
949 812 1032 839 unde
1045 812 1124 839 oud.
1141 812 1278 840 coniecit
1293 810 1507 839 ‹leem-satur.
1544 813 1690 842 Minime.
1725 815 1783 842 Est
1798 814 1883 842 enim
1896 820 1986 842 mera
1997 815 2108 849 glossa

297 858 391 887 vocis
405 856 616 885 deversatur.
641 854 839 883 diversatur
857 857 926 884 edd.
947 859 1025 884 vett.
1045 854 1145 892 mupl.
1163 856 1312 885 munitus
1333 858 1367 885 B.

297 905 411 933 Venet.
426 905 454 932 4.
504 901 650 929 crebiter
664 903 699 930 G.
714 902 856 930 Vulcan.
868 903 951 930 Elm.
967 905 995 929 et
1010 902 1096 930 Prie.

297 1004 441 1053 ubique
468 1001 661 1040 edendum
688 1001 827 1046 curavi,
854 1001 942 1052 quia
970 1005 1048 1052 opt.
1069 1000 1174 1039 Mss.

296 1073 382 1097 eam
417 1059 561 1109 ubique
603 1058 834 1109 praebeant3
879 1056 927 1096 cf.
963 1056 1086 1096 Kritz.
1123 1058 1173 1096 ad

296 1114 393 1154 Sall.
427 1113 509 1153 Cat.
540 1119 606 1155 40.
638 1128 675 1165 p.
706 1118 796 1155 187.
856 1113 915 1151 lta
939 1115 975 1152 in
1002 1113 1172 1152 luculen-

294 1172 447 1210 tissimo
467 1171 624 1222 Dictyis
647 1170 747 1210 Cret.
774 1171 920 1209 codice.
943 1172 985 1209 S.
1008 1170 1111 1209 Gall.
1138 1184 1170 1209 s.

294 1227 358 1267 lX.
392 1241 551 1280 semper
582 1229 830 1280 percontari
866 1227 1004 1278 legitur
1039 1232 1078 1265 et
1113 1229 1172 1265 sic

294 1298 450 1337 quoque
481 1286 517 1323 in
549 1284 721 1323 Florent.
754 1288 790 1325 3.
822 1287 1019 1323 enotatum
1045 1284 1169 1322 video.

294 1341 341 1380 cs.
390 1342 492 1380 Ded.
541 1341 591 1380 ad
639 1341 794 1392 Dictyn.
840 1340 940 1379 Cret.
966 1340 1030 1379 ΙΙΙ.
1080 1345 1169 1381 127.

293 1398 401 1437 Gies.
439 1399 488 1436 ad
528 1397 604 1436 Cic.
643 1397 770 1437 Divin.
803 1397 848 1437 ΙΙ.
882 1401 946 1438 36.
989 1411 1169 1448 quosque

293 1455 343 1493 ibi
369 1456 523 1501 excitat,
548 1453 684 1493 Eckst.
711 1456 760 1493 ad
787 1454 878 1493 Tac.
905 1453 1012 1492 Orat.
1033 1459 1065 1494 1.
1086 1454 1167 1492 Ali-

290 1517 350 1550 ter
385 1511 566 1550 Oudend.
606 1512 669 1562 qui
695 1511 745 1549 ad
770 1510 867 1550 Met.
895 1510 921 1549 Ι.
955 1524 991 1561 p.
1019 1514 1084 1551 80.
1117 1512 1167 1549 ita

291 1569 467 1608 adnotat:
505 1574 678 1608 cunctor
705 1571 855 1620 forsan
879 1569 940 1606 sic
966 1567 1167 1619 Apuleius

290 1639 447 1678 semper
493 1631 530 1664 el
573 1630 884 1677 percunctor
929 1638 1046 1663 sensu
1087 1638 1166 1662 mo-

290 1683 418 1722 randi
438 1687 480 1721 at
505 1687 680 1721 contor
704 1687 743 1720 et
762 1686 1036 1734 percontor
1052 1695 1166 1720 sensu

289 1738 596 1793 inquisitionis]

347 1800 469 1835 extra
501 1796 759 1849 pomoerium
795 1801 834 1834 et
868 1796 1005 1835 urbem
1042 1800 1165 1834 totam

290 1854 402 1893 colit.
463 1852 520 1891 Ita
561 1866 612 1890 ex
649 1856 793 1903 optt.l
779 1852 882 1891 Mss.
920 1856 959 1890 et
996 1851 1090 1890 lunt.
1129 1856 1166 1892 2.

288 1911 467 1949 revocavi
522 1923 643 1948 sensu
691 1909 950 1973 apertissimo.
1005 1908 1165 1946 Lucian.

288 1967 401 2006 Asin.
434 1980 465 2005 c.
487 1965 514 2005 Ι.
539 1981 577 2019 p.
594 1970 687 2029 568.
713 1968 871 2017 πλησίον
896 1959 966 2017 ἤδη
1003 1969 1069 2016 τῆς
1100 1961 1166 2003 πό-

288 2027 382 2071 λεως
433 2018 524 2075 ἦμεν
571 2039 676 2075 nayco
714 2021 860 2089 ἠρόμην
901 2037 989 2069 τους
1024 2022 1165 2062 Θεττα-

288 2080 377 2128 λοὺς
407 2080 509 2133 εἴπερ
540 2082 759 2120 ἐπίστανται
784 2075 904 2145 ἄνδρα
930 2083 1106 2119 οικοῦντα
1130 2083 1166 2125 ἐς

288 2135 337 2177 τὰ
354 2134 521 2184 “Ymnm
541 2132 757 2202 ἶΙππαρχον
780 2131 950 2188 τοῦνομα
973 2168 979 2175 .
1001 2168 1008 2175 .
1032 2165 1040 2173 .
1067 2139 1104 2175 οἱ
1126 2137 1164 2175 δὲ

290 2198 422 2234 εἰὸέιοει
452 2191 518 2233 ‘coa
542 2191 758 2247 Ιππαρχον
788 2194 922 2233 τοῦτον
951 2192 990 2232 ἐ”λ
982 2209 1078 2245 »⁸2⁰⁹
1102 2209 1166 2231 και

289 2247 380 2291 ὅποι
403 2256 468 2303 τῆς
499 2248 647 2298 πόλεως
682 2254 780 2290 οἰκεῖ
799 2283 805 2290 .
833 2283 840 2290 .
861 2283 869 2290 .
896 2252 973 2289 επεὶ
1007 2251 1046 2289 δὲ
1076 2252 1165 2301 πλι-

289 2324 370 2348 σιον
405 2312 488 2366 τῆς
505 2305 653 2355 πόλεως
695 2311 766 2360 ἐῗγε
768 2304 920 2359 όνειμει»
957 2303 1078 2358 κῆπός
1112 2323 1166 2371 113:

290 2364 429 2416 (ἔνδον)
466 2365 510 2417 ἠν
546 2367 610 2403 καὶ
645 2367 798 2404 οἰκιὸίον
823 2361 988 2411 ἀιεκτὸν,
1020 2363 1118 2403 ἔνθα
1143 2362 1162 2402 ὁ

281 2420 497 2475 Ἵππαρχος
526 2425 626 2461 omer.
675 2422 818 2461 Colere
842 2421 1064 2459 neutraliter
1089 2421 1164 2458 dic-

289 2484 369 2517 tum
412 2492 479 2530 pro
513 2479 699 2518 habitare.
735 2478 782 2516 cf.
820 2478 922 2516 Oud.
960 2478 1008 2516 ad
1048 2477 1162 2516 Caes.

288 2536 335 2575 B.
373 2536 420 2575 G.
459 2535 526 2574 lV.
563 2534 590 2574 Ι.
631 2534 766 2586 [Drnk.
805 2536 853 2573 ad
890 2534 976 2572 Liv.
1015 2533 1163 2572 XXIV.

290 2596 355 2633 49.
374 2592 486 2631 Bach
502 2592 549 2630 ad
565 2591 680 2630 Ovid.
695 2591 792 2630 Met.
805 2591 896 2630 XV.
913 2595 1006 2631 642.
1020 2591 1165 2641 XVagn.

288 2650 338 2688 ad
357 2650 465 2701 Virg.
488 2650 587 2687 Aen.
602 2648 629 2687 Ι.
654 2648 734 2701 16.]
768 2662 883 2700 quem
909 2661 1021 2686 nsum
1048 2661 1165 2697 quum

289 2706 398 2745 Colv.
418 2720 494 2745 non
508 2706 783 2759 perspexisset
803 2706 950 2744 incolit
961 2709 1087 2743 totam
1101 2719 1165 2744 ur—

289 2764 380 2802 bam
411 2764 650 2815 coniungens
682 2761 893 2814 explicavit
924 2761 1084 2806 ironice,
1115 2761 1166 2799 de

289 2834 349 2867 eo,
377 2822 439 2871 qui
467 2821 643 2871 quamvis
668 2824 776 2857 extra
799 2819 1039 2871 pomoerium
1059 2817 1164 2856 habi-

289 2880 356 2922 tat,
388 2881 466 2915 tam
493 2876 635 2928 amplis
660 2877 826 2915 aedibus
852 2876 1092 2922 deversatur,
1123 2878 1165 2913 ut

288 2934 402 2984 quasi
433 2938 555 2972 totam
584 2934 716 2972 urbem
744 2933 951 2984 possidere
976 2931 1161 2970 videatur.

346 2992 500 3043 optima
526 3004 690 3043 parens.
729 2989 900 3043 [Eodem
938 2989 1053 3027 modo
1087 2989 1162 3026 dic-

287 3051 367 3085 tum
406 3051 467 3083 est
498 3051 537 3085 nt
562 3052 690 3085 maier
727 3061 828 3097 quae
860 3046 1050 3085 solemnis
1082 3050 1162 3083 erat

291 3103 448 3141 lin-mnia
483 3104 704 3141 adeuntium
735 3117 821 3142 cnm
848 3102 990 3154 aliquid
1013 3103 1061 3139 ab
1089 3117 1160 3141 anu

288 3160 512 3211 exquisituri
527 3165 649 3197 erant:
666 3159 1159 3199 cs.R1-.r1n.a‹lPetrum-J.

1428 855 1569 894 (lenique
1587 859 1675 887 deest
1690 859 1722 887 in
1736 860 1774 887 D.
1789 860 1823 887 0.
1845 860 1883 887 R.
1905 859 1925 887 f.
1944 856 2109 896 deniquae

1235 1002 1404 1053 Saepius
1438 1002 1535 1040 haec
1572 1002 1849 1041 blandientium
1886 1003 2106 1043 denomina-

1233 1059 1284 1096 tio
1322 1059 1484 1110 occurrit
1514 1059 1618 1110 apud
1649 1059 1768 1110 Apul.
1800 1058 1846 1097 Il.
1877 1073 1915 1111 p.
1942 1063 2007 1100 85.
2039 1058 2105 1097 IV.

1233 1119 1327 1156 292.
1355 1115 1442 1154 Oro
1461 1115 1524 1154 his
1549 1116 1771 1154 adeuntium
1800 1115 1997 1155 blanditiis
2017 1115 2107 1154 addi

1231 1171 1336 1209 solet
1360 1172 1407 1210 cs.
1434 1172 1564 1210 Burni.
1591 1172 1613 1210 l.
1643 1172 1683 1224 l.]

1289 1243 1394 1281 quoe
1423 1230 1543 1281 foris.
1577 1252 1629 1257 -—-
1661 1231 1941 1282 onyiportmn.
2004 1228 2105 1268 Oud.

1230 1290 1335 1323 recte
1360 1285 1551 1323 intellexit
1572 1288 1816 1338 prospicere
1841 1291 1880 1324 et
1903 1287 2106 1338 respicere

1230 1342 1283 1379 ita
1329 1343 1403 1380 sibi
1455 1343 1597 1393 opponi
1650 1342 1721 1394 [cs.
1765 1342 1880 1382 Ovid.
1929 1342 2026 1382 Met.
2058 1341 2104 1381 ΙΙ.

1232 1399 1340 1451 190]
1369 1403 1409 1436 ut
1434 1400 1482 1437 ab
1504 1412 1577 1437 una
1603 1403 1713 1450 parte
1733 1400 1783 1438 ad
1808 1400 1940 1438 urbem
1967 1412 2104 1437 versus

1228 1470 1302 1493 non
1334 1460 1473 1493 essent
1504 1456 1628 1501 sores,
1654 1456 1728 1494 sed
1753 1456 1950 1494 fenestrae
1974 1455 2103 1494 modo.

1227 1512 1275 1550 ab
1314 1511 1435 1549 altera
1478 1516 1586 1563 parte
1629 1513 1820 1551 adversus
1863 1514 2102 1564 angiportum

1227 1569 1421 1619 quendam
1458 1567 1574 1608 fores.
1637 1568 1758 1621 [Quid
1786 1582 1878 1607 vero
1911 1570 1983 1607 sibi
2013 1567 2104 1606 velit

1223 1626 1332 1677 soris
1357 1624 1459 1664 Oud.
1486 1640 1560 1663 non
1594 1627 1754 1677 capiens
1779 1628 1963 1665 intactum
1987 1624 2104 1677 plane

1225 1681 1390 1733 reliquit.
1451 1682 1561 1720 Male
1585 1682 1770 1722 Beroald.
1803 1687 1843 1721 et
1867 1681 2013 1721 Florid.
2039 1695 2103 1719 ex-

1227 1738 1370 1790 plicant
1403 1741 1636 1791 forinsecus
1673 1753 1790 1790 quum
1822 1740 2019 1778 fenestrae
2047 1740 2104 1777 in-

1226 1797 1422 1834 trinsecus
1458 1797 1590 1833 urbem
1628 1798 1854 1847 prospicere
1895 1800 2102 1846 nequeant.

1227 1851 1314 1890 Hoc
1347 1853 1518 1903 ineptum
1550 1856 1611 1890 est
1643 1867 1714 1891 nec
1750 1853 1902 1904 probari
1933 1853 2104 1891 debebat

1227 1910 1275 1946 ab
1314 1908 1440 1947 Hand.
1480 1909 1649 1948 Turseli.
1677 1909 1703 1948 Ι.
1743 1924 1780 1961 p.
1809 1913 1901 1951 283.
1935 1909 2100 1947 dicente:

1228 1967 1513 2017 Oppommiur
1523 1967 1631 2018 for1's
1652 1967 1787 2013 ..nacla
1805 1972 1974 2006 aussen‘·'
1994 1971 2031 2004 et
2045 1966 2102 2004 al-

1225 2024 1422 2061 trinsecus
1441 2036 1545 2075 quoe
1564 2028 1622 2061 esi·
1638 2023 1774 2062 altera
1793 2037 1897 2076 pars
1916 2024 2099 2067 interior,

1224 2081 1265 2117 in
1294 2094 1375 2132 qna
1403 2082 1518 2131 fores
1543 2084 1661 2118 erant
1685 2081 1953 2132 anyiportnm
1976 2080 2101 2131 respi-

1227 2137 1386 2175 cientes.
1448 2135 1589 2186 Neque
1623 2137 1724 2174 enim
1756 2137 1806 2174 de
1843 2137 2035 2175 exteriore
2062 2140 2101 2173 et

1225 2193 1405 2231 interiore
1441 2197 1551 2244 parte
1587 2207 1714 2231 sermo
1752 2194 1808 2239 fit,
1846 2193 1919 2231 sed
1961 2192 2013 2230 de
2047 2192 2101 2230 di-

1223 2250 1353 2287 versis
1403 2251 1575 2301 partibus
1625 2263 1726 2301 quae
1768 2254 1956 2301 utraeque
1991 2253 2100 2301 pote-

1223 2311 1306 2345 rant
1337 2307 1527 2358 conspici:
1568 2307 1696 2351 Foris,
1729 2311 1851 2346 extra
1881 2307 2019 2346 urbem
2049 2306 2100 2343 in-

1223 2367 1428 2415 terpretor:
1470 2363 1519 2402 cf.
1563 2363 1640 2402 Cic.
1677 2376 1746 2414 pro
1785 2363 1885 2403 Sull.
1922 2367 1958 2404 5.
1991 2362 2100 2401 Suet.

1226 2420 1339 2458 (fiaes.
1374 2424 1409 2461 9.
1441 2420 1568 2458 Hand.
1602 2419 1770 2459 Tursell.
1797 2419 1841 2458 ΙΙ.
1874 2433 1910 2471 p.
1939 2423 2031 2459 707.
2063 2423 2097 2456 et

1225 2479 1275 2516 ita
1312 2478 1507 2516 verterim:
1554 2477 1689 2515 Sielest
1723 2477 1780 2516 du
1817 2477 1884 2515 die
1920 2477 2097 2515 Fenster.

1225 2534 1460 2573 (russei-halb
1497 2534 1572 2572 der
1609 2533 1755 2578 stadt,
1805 2533 1956 2571 welche
1991 2533 2097 2571 noch

1226 2591 1434 2630 derselben
1466 2590 1664 2643 :ayeleem
1711 2590 1799 2629 und
1829 2592 1912 2641 auf
1930 2590 2005 2627 der
2030 2603 2098 2628 an-

1226 2648 1329 2686 dern
1368 2648 1475 2686 Seite
1512 2648 1579 2685 die
1616 2647 1771 2691 leine,
1810 2646 1898 2684 dem
1936 2646 2096 2684 klei‘new

1229 2705 1434 2744 Cassa-hen
1460 2703 1710 2756 ycqcniiber.
1748 2703 1812 2741 De
1831 2702 2015 2740 adverbio
2041 2703 2098 2741 al-

1225 2763 1425 2800 trinsecus
1461 2760 1508 2799 cs.
1546 2759 1673 2798 Hand.
1715 2760 1765 2798 ad
1802 2757 1969 2797 Turseli.
1996 2758 2022 2798 Ι.
2061 2772 2097 2810 p.

1225 2822 1318 2859 283.
1362 2816 1479 2869 Apul.
1525 2816 1621 2855 Met.
1661 2815 1706 2855 ΙΙ.
1750 2829 1787 2867 p.
1829 2819 1916 2856 134.
1950 2814 2021 2854 ΙΙΙ.
2060 2828 2097 2866 p.

1225 2875 1335 2927 204]

1280 2932 1404 2984 low-qe
1438 2932 1663 2984 opulentus.
1703 2929 1849 2982 Lon—qe
1874 2929 2095 2968 adverbium

1221 3003 1290 3041 pro
1315 2989 1438 3027 valde
1463 2990 1631 3039 positum
1658 2985 1828 3037 Apuleio
1855 2990 1917 3024 est
1941 2987 1977 3024 in
2004 2984 2096 3023 deli-

1223 3046 1309 3084 ciis:
1336 3045 1382 3084 cs.
1409 3044 1536 3083 Hand.
1565 3043 1730 3082 Turseli.
1758 3042 1820 3081 ΙΙΙ.
1850 3057 1883 3093 p.
1912 3046 2006 3083 552.
2033 3043 2095 3092 qni

1224 3102 1329 3152 plura
1357 3102 1539 3152 exemplu
1564 3101 1788 3150 enumerati

1279 3159 1484 3197 crebriter.
1519 3156 1651 3207 [linus-
1685 3170 1798 3207 quem
1830 3157 1910 3193 scio
1938 3160 2096 3194 nostrae
