2221 3667
320 158 404 203 486
587 160 633 200 L.
659 160 881 202 APULEII
910 159 1312 200 MADAURENSIS
1342 159 1888 201 METAMORPHOSEON

320 273 474 314 velictis
499 279 539 314 et
562 273 698 328 plagas
724 273 1018 321 recurantibuS,
1051 273 1122 326 ipsi
1153 271 1200 311 ad
1231 271 1403 323 reliquas
1429 271 1644 312 occultatas
1675 273 1715 312 in
1741 274 1905 326 quadam
1931 273 2117 327 spelunca

321 330 521 381 sarcinas,
556 337 599 371 ut
629 331 806 380 aiebant,
841 329 1033 383 proficisci
1067 328 1254 381 gestiunt.
1304 326 1555 380 Prandioque
1586 328 1726 381 raptim
1753 330 2018 379 iuben-inam,
2054 343 2116 368 me

321 393 360 426 et
391 400 531 440 equum
562 394 744 427 vectores
775 400 906 426 rerum
938 385 1094 424 illarum
1121 385 1274 423 futuros
1301 383 1469 424 fustibus
1495 384 1636 424 exinde
1670 385 1874 426 tundentes
1899 387 2120 440 producunt.

319 442 359 482 in
385 443 511 494 viam,
540 444 747 496 multisque
773 442 883 481 clivis
910 447 949 480 et
974 440 1218 480 anfractibus
1246 440 1431 494 fatigatos
1458 454 1576 493 prope
1601 440 1724 493 ipsam
1748 454 1952 494 vesperam
1979 442 2118 495 perdu-

321 507 415 540 cunt
440 501 488 540 ad
513 500 731 554 quampiam
757 498 1004 551 speluncam,
1034 497 1135 537 unde
1162 496 1293 537 multis
1320 503 1484 536 onustos
1510 496 1627 536 rebus
1653 511 1810 536 rursum
1837 511 1885 537 ne
1917 498 2118 539 breviculo

320 556 474 610 quidem
501 564 674 610 tempore
700 555 870 595 refectos
902 552 1030 594 obiter
1060 553 1253 594 reducunt
1285 559 1470 607 tantaque
1504 552 1762 607 trepidatione
1789 553 2049 604 festinabant,
2079 560 2121 594 ut

320 719 450 748 relictis
464 722 502 748 Ι).
550 718 710 755 r'psz'male
724 717 930 745 desideratur
943 717 976 745 in
990 718 1069 745 Edd.
1088 719 1196 746 xvow.
1212 721 1240 746 et
1256 717 1396 746 Pricaei.
1445 715 1492 743 ad
1503 717 1591 745 deest
1606 718 1643 745 R.
1661 716 1681 745 f.
1729 719 1766 744 ul
1786 716 1931 753 agebant
1951 716 1987 744 F.
2007 717 2037 744 3.
2062 714 2121 751 [cr.

319 768 375 795 Dr.
390 767 430 795 ad
442 766 513 793 Liv.
528 765 612 793 vul.
627 764 679 791 33.
695 758 725 801 §.
740 764 792 790 23.
807 764 831 791 1.
846 764 899 790 26.
914 758 1030 801 §.10.]
1079 770 1268 790 Saracenas
1284 771 1337 797 pro
1351 761 1510 789 sarcinas
1524 763 1563 790 Ι).
1615 761 1832 789 tut-bucinam
1846 762 1976 791 Vicent.
2029 764 2123 788 vecto

320 819 433 839 rerum
455 819 484 844 p.
504 817 611 837 errore
630 816 712 836 sane
732 812 860 845 aperto,
889 808 968 841 quia
987 809 1099 836 eadem
1120 810 1256 842 syllaba
1274 808 1432 841 sequitur.
1470 810 1606 835 vectore
1620 808 1656 836 P.
1704 806 1843 834 illarum
1856 814 1969 834 rerum
1985 808 2020 835 G.
2034 807 2071 834 P.
2086 807 2123 835 D.

311 857 460 896 futurus
474 863 536 882 non
551 856 714 886 comparet
728 853 760 881 in
776 854 812 881 R.
863 851 1017 880 rudentes
1031 861 1139 881 errore
1154 853 1385 887 typographico
1407 853 1585 887 praefixum
1605 856 1652 880 est
1674 852 1876 880 annotationi
1891 852 1924 880 in
1939 852 2011 880 edit.
2026 852 2105 880 Oud.
2116 873 2124 888 ‚

318 909 414 936 quam
428 900 642 933 corruptelam
657 898 752 926 etiam
767 900 914 927 noaldus
929 899 962 927 in
977 899 1136 933 editione,
1163 905 1227 932 qua
1242 906 1322 927 usus
1336 901 1403 926 erat
1414 921 1421 931 ,
1449 898 1593 931 invenit,
1618 899 1769 931 quoniam
1785 906 1800 925 e
1815 898 1884 925 cod.
1900 897 1921 925 f.
1948 894 2126 924 tundentes

319 946 469 974 correxit.
495 946 532 972 ln
552 944 703 971 omnibus
722 944 811 971 codd.
834 947 861 971 et
883 945 953 972 edd.
974 944 1095 976 legitur
1116 941 1309 980 ttcmlentes,
1336 945 1418 976 quod
1440 944 1630 971 monendum
1652 946 1718 976 est,
1746 952 1785 971 ne
1806 942 1878 976 quis
1894 942 2128 977 typographico

317 994 376 1020 hoc
390 991 503 1018 mendo
518 990 672 1023 deceptus
687 989 843 1017 innovare
858 989 936 1017 velit
952 989 984 1017 in
1000 987 1190 1024 trudentes,
1217 988 1296 1022 quia
1311 991 1406 1022 paulo
1422 991 1492 1022 post
1507 988 1653 1022 sequitur
1666 986 1897 1016 obtundentes.
1936 985 2128 1023 producunt

317 1036 351 1063 n'n
366 1036 454 1062 viam
468 1035 503 1063 F.
520 1036 549 1062 1.
564 1035 593 1061 3.
609 1036 645 1063 G.
661 1035 698 1062 D.
713 1036 747 1062 B.
761 1038 790 1062 et
805 1035 875 1063 edd.
890 1038 966 1063 vett.
983 1038 1109 1069 praeter
1120 1036 1204 1062 lunt.
1220 1036 1249 1063 2.
1270 1032 1462 1070 perdamne!
1479 1035 1512 1062 P.
1529 1034 1563 1061 0.
1578 1030 1607 1061 ὃ.
1620 1034 1703 1061 Elin.
1726 1031 1894 1069 prodeunt
1909 1034 1943 1061 0.
1965 1035 1995 1061 et
2014 1040 2128 1060 recen-

316 1081 415 1109 tiores
429 1080 498 1109 edd.

547 1079 580 1106 in
595 1079 652 1106 via
665 1076 695 1108 δ.
732 1078 930 1118 afrae-libus
943 1080 1071 1108 Vicent.
1103 1077 1296 1115 producunt
1311 1077 1358 1106 ad
1369 1079 1552 1115 quanpe’mu
1566 1079 1602 1107 F.
1620 1080 1647 1107 1.
1662 1080 1700 1107 D.
1714 1080 1784 1107 edd.
1800 1082 1875 1107 vett.
1889 1079 1984 1107 Vulc.
1999 1080 2030 1105 2.
2044 1079 2129 1106 Elm-

317 1124 512 1153 Perducnne
527 1125 559 1153 in
574 1125 654 1153 meis¹
669 1126 759 1154 codd.
774 1125 898 1161 inveni,
913 1125 1035 1154 Oud.in
1046 1121 1173 1161 O.et‹5.,
1200 1125 1291 1153 etsie
1305 1126 1464 1153 suadente
1473 1124 1621 1158 Prin-aco,
1635 1123 1831 1152 confidenter
1848 1123 2016 1157 rescripsit
2030 1123 2109 1151 Oud.
2120 1141 2130 1159 ,

316 1171 413 1200 immo
432 1171 551 1198 dudum
571 1173 647 1198 ante
667 1178 739 1199 eum
759 1170 857 1199 edidit
872 1171 1013 1199 Scriver.
1034 1177 1072 1199 ao
1088 1171 1161 1198 dein
1177 1177 1302 1204 quoque
1315 1169 1437 1197 Florid.

450 1215 559 1243 obiter
578 1217 613 1244 F.
636 1217 663 1244 1.
685 1217 716 1244 3.
735 1218 779 1244 M.
802 1218 838 1244 G.
860 1217 898 1245 1).
917 1217 954 1245 B.
976 1217 1045 1244 edd.
1065 1218 1143 1244 vett.
1162 1216 1259 1243 Vulc.
1273 1216 1305 1244 2.
1325 1216 1408 1243 Eim.
1429 1215 1557 1248 iegitur.
1596 1214 1704 1242 ociter
1715 1214 1748 1252 β.
1764 1211 1792 1243 ὃ.
1807 1217 1838 1243 et
1852 1213 1990 1249 margini
2004 1212 2129 1243 aulen-it

315 1217 350 1245 in
363 1217 401 1246 R.

1485 1168 1601 1197 multis·
1615 1171 1705 1197 abest
1728 1172 1767 1197 ab
1783 1170 1818 1197 0.
1866 1175 1906 1195 ne
1926 1168 2131 1197 desideratur

315 1262 413 1291 Voss.
427 1268 509 1290 suae
522 1261 597 1289 edit.
625 1261 797 1290 Probabile
811 1264 876 1298 est,
902 1262 1000 1290 etiam
1016 1262 1048 1289 in
1064 1260 1200 1295 reliquis
1213 1261 1303 1289 codd.
1319 1259 1427 1287 obiter
1442 1261 1517 1295 tegi.

316 1408 453 1446 immo
486 1406 649 1446 Veneris
674 1406 792 1446 stella
819 1410 1016 1446 censetur.
1051 1404 1192 1451 Quam-

318 1465 378 1502 vis
415 1464 528 1514 igitur
564 1462 785 1502 blandiatur
821 1462 1032 1501 admodum
1068 1463 1194 1500 conie-

319 1519 479 1559 cturalis
506 1519 621 1558 lectio
649 1521 803 1564 animo,
830 1523 964 1557 contra
988 1518 1090 1557 Mss.
1118 1533 1192 1557 non

319 1581 382 1615 est
419 1576 677 1621 admittenda,
716 1577 806 1627 quia
837 1577 1069 1614 sententiam
1095 1576 1194 1614 satis

317 1634 499 1672 idoneam
524 1633 713 1685 particula
737 1633 910 1685 praebet.

375 1713 648 1753 mom-cenato.
690 1711 793 1752 Elm.
812 1714 848 1750 in
870 1712 945 1750 ind.
961 1711 1059 1750 haec
1074 1711 1194 1749 adno-

319 1770 428 1807 tavit:
459 1769 715 1808 tuber-cinari
728 1770 865 1820 raptim
880 1782 1030 1807 vorare.
1059 1768 1193 1806 Gloss.

318 1826 433 1865 Vulc.
449 1840 485 1877 p.
500 1829 590 1866 156.
607 1826 850 1866 ίηόηνσίηον
863 1822 1052 1876 λαφύσσει)
1065 1824 1194 1863 Plaut.

316 1881 430 1921 Pers.
448 1882 473 1921 l.
489 1885 526 1922 3.
544 1886 608 1922 42.
637 1883 896 1922 tuburcinari
910 1883 961 1920 cle
974 1896 1060 1921 suo.
1092 1881 1193 1919 Non.

317 1952 354 1990 p.
385 1943 475 1980 179.
503 1940 567 1990 qui
593 1941 729 1990 raptim
754 1938 989 1977 manducare
1013 1939 1197 1989 interpre-

317 2000 417 2035 tatur
443 1995 510 2047 [cf.
538 1995 659 2034 Voss.
688 1994 818 2046 Etym.
844 2008 879 2034 s,
900 2008 934 2034 v.
961 1994 1197 2034 tubere-iiior

319 2057 359 2091 et
382 2052 482 2090 Prie.
509 2052 559 2090 ad
586 2051 622 2091 h.
651 2051 692 2104 l.]

356 2120 605 2172 produc-emt
618 2122 658 2158 in
674 2121 787 2159 viam„
804 2118 960 2171 [Lectio
971 2121 1197 2172 prodeunt,

317 2190 418 2228 quae
443 2178 479 2214 in
505 2177 653 2227 aliquot
679 2176 768 2215 edd.
796 2175 954 2227 legitur,
981 2181 1021 2214 et
1033 2176 1196 2222 O.cod.‚

318 2233 539 2272 emendatio
567 2237 630 2271 est
662 2233 800 2271 librarii
835 2238 874 2271 et
910 2233 1019 2278 edd..
1058 2234 1122 2284 qui
1159 2234 1194 2271 in

315 2290 508 2329 vocabulo
529 2290 590 2327 bis
610 2290 774 2340 repetito
802 2290 1067 2329 offendebant.
1093 2289 1196 2328 Nam

316 2348 352 2385 in
368 2360 482 2398 seqq.
496 2359 566 2397 pro
578 2347 829 2397 perducant,
840 2347 990 2398 plurimi
1007 2347 1121 2385 codd.
1132 2347 1196 2384 de-

317 2418 392 2442 nuo
408 2402 551 2442 habent
568 2404 821 2455 producunt.
847 2403 934 2442 Nec
951 2403 1026 2442 hoc
1040 2403 1197 2455 quidem

315 2474 380 2499 me
396 2460 630 2505 offenderet,
655 2461 689 2497 si
703 2461 763 2498 bis
778 2461 830 2498 ita
845 2460 1058 2511 legeretur,
1084 2460 1131 2500 cf.
1147 2461 1197 2499 ad

316 2517 414 2556 Met.
441 2515 504 2554 111.
531 2530 567 2567 p.
587 2520 678 2556 122.
706 2515 771 2555 Vl.
798 2530 835 2568 p.
852 2521 945 2557 413.
975 2518 1058 2556 Sed
1079 2531 1197 2568 quum

316 2574 440 2613 attero
481 2574 566 2611 loco
599 2573 843 2626 perducunt
876 2574 898 2612 i.
925 2587 960 2613 e.
1000 2575 1049 2614 ad
1082 2574 1197 2613 finem

315 2635 406 2670 tunc
421 2631 507 2668 viae
527 2634 803 2681 pervenerant,
829 2631 960 2681 optimi
983 2631 1096 2670 codd.
1118 2645 1197 2669 ser-

318 2691 425 2734 vent,
465 2686 528 2725 hic
556 2686 802 2737 producunt
831 2700 878 2724 eo
910 2689 1037 2726 minus
1064 2692 1199 2739 potest

317 2745 431 2783 reiici.
458 2743 516 2781 lta
540 2743 736 2794 Apuleius
763 2743 858 2781 dixit
871 2743 969 2783 Met.
984 2744 1029 2782 11.
1051 2758 1088 2795 p.
1106 2749 1197 2785 124.

315 2804 432 2853 ferat
456 2804 495 2838 et
520 2799 637 2850 paulo
662 2803 756 2851 post
781 2802 987 2851 conferat.
1036 2801 1198 2841 Perdu-

319 2862 417 2897 cmzt
441 2857 645 2908 posteriori
671 2856 760 2894 loco
785 2856 928 2907 probat
952 2859 1069 2896 etiam
1096 2857 1198 2897 Cort.

319 2914 370 2952 ad
383 2913 532 2952 Lucan.
547 2912 593 2951 ll.
610 2917 723 2959 427„
750 2913 814 2964 qui
839 2912 951 2964 plura
975 2915 1199 2953 mutationis

319 2969 454 3008 horum
479 2969 757 3008 vocabulorum
783 2970 968 3022 exempla
993 2970 1140 3023 affert]

380 3048 511 3088 obiter
547 3049 761 3089 reducunt.
830 3048 933 3087 Oud.
974 3062 1040 3086 cm·
1076 3048 1200 3088 altera

322 3104 435 3142 lectio
462 3106 591 3145 ociter
601 3105 729 3156 magis
744 3105 951 3157 placuerit,
978 3118 1093 3156 quum
1112 3107 1200 3157 ipso

326 3161 455 3199 obiter
478 3162 579 3200 bene
605 3162 777 3213 explicet
802 3176 822 3201 e
847 3163 1036 3215 vestz'yio,
1067 3163 1199 3208 illico,

1254 1405 1316 1443 vix
1354 1403 1514 1455 intelligi
1554 1408 1696 1455 potest.
1746 1402 1847 1441 Nam
1888 1417 1963 1441 non
2001 1401 2130 1440 solum

1252 1463 1369 1500 rarior
1396 1460 1572 1500 vocabuli
1604 1474 1721 1506 usus,
1758 1460 1830 1498 sed
1869 1459 1982 1498 codd.
2014 1460 2130 1497 etiam

1253 1519 1373 1557 maior
1398 1531 1579 1557 numerus
1606 1521 1644 1556 et
1668 1517 1879 1555 auctoritas
1906 1516 2036 1554 obiter
2065 1514 2129 1552 ssa·

1254 1576 1386 1625 gitant.
1433 1575 1493 1613 De
1517 1574 1796 1625 significatione
1821 1573 1930 1611 vocis
1978 1571 2027 1610 ef.
2052 1570 2132 1610 Pri·

1255 1645 1408 1677 cacum,
1436 1632 1498 1682 qui
1518 1630 1621 1669 male
1643 1631 1920 1681 interpretatur
1932 1628 2131 1673 similiter,

1254 1694 1300 1728 ut
1323 1693 1433 1733 ante,
1464 1688 1652 1739 probatus
1678 1700 1884 1739 perperam
1917 1685 2048 1724 Burm.
2082 1684 2133 1723 ad

1256 1744 1384 1791 Quint.
1412 1742 1590 1783 Decl.X.
1618 1759 1649 1782 c.
1669 1748 1730 1784 16.
1757 1757 1793 1794 p.
1809 1747 1901 1783 228.
1931 1742 2133 1781 Pessimus

1250 1806 1488 1854 parentum,
1516 1802 1588 1854 qui
1614 1801 1710 1840 dum
1737 1800 1884 1839 liberos
1908 1812 2002 1838 snos
2025 1811 2133 1850 sepe-

1256 1859 1381 1903 liunt,
1405 1860 1505 1912 flere
1531 1858 1728 1902 (tomenti,
1755 1861 1801 1894 u!
1827 1856 1988 1894 obiter
2013 1855 2134 1894 siccis

1258 1915 1387 1954 oeulis
1399 1918 1667 1953 revertantur.
1683 1913 1818 1951 Gloss.
1828 1911 1983 1950 Philox.
1995 1925 2029 1962 p.
2043 1915 2133 1952 146.

1259 1973 1390 2010 obiter
1415 1969 1552 2022 ὁμοίως
1577 1973 1613 2008 ἐν
1637 1974 1690 2019 τῷ
1717 1967 1832 2018 αὐτῷ.
1850 1969 1985 2008 Gloss.
2001 1966 2133 2019 Cyrill.

1256 2042 1293 2079 p.
1310 2031 1404 2069 460.
1419 2031 1456 2066 ἐν
1468 2030 1522 2076 τῷ
1536 2025 1642 2075 αὐτῷ
1662 2027 1820 2070 eodem,
1845 2026 1965 2070 inibi,
1992 2025 2133 2063 obiter.

1252 2083 1417 2136 Ὁμοίως
1452 2085 1487 2122 in
1527 2083 1666 2121 Gloss.
1704 2081 1860 2120 Philox.
1887 2095 1964 2120 non
1989 2081 2134 2134 placet,

1257 2142 1349 2192 quia
1393 2140 1522 2179 obiter
1564 2140 1639 2178 hoc
1673 2139 1894 2190 significare
1936 2152 2010 2176 non
2048 2140 2135 2189 pot-

1256 2201 1338 2243 est,
1363 2197 1466 2235 unde
1492 2196 1658 2235 emendo
1684 2194 1843 2247 ἀμελῶς.
1882 2196 1930 2234 ci.
1958 2192 2137 2233 Schaeff.

1256 2255 1304 2294 ad
1342 2253 1502 2292 Petron.
1546 2268 1576 2293 c.
1616 2257 1681 2294 34.
1723 2267 1761 2305 p.
1796 2255 1886 2292 188.
1925 2252 1990 2303 qui
2021 2250 2133 2289 locus

1254 2311 1587 2350 mendosissimus
1624 2316 1698 2348 est.
1754 2308 1856 2347 Mss.
1896 2308 2030 2361 optimi
2068 2307 2134 2346 ha·

1256 2370 1351 2407 bent
1386 2368 1515 2407 obiter
1546 2372 1584 2406 et
1608 2367 1827 2419 purlissz'mi
1858 2364 1922 2403 vel
1943 2364 2136 2417 pclissimi

1256 2425 1358 2465 servi
1395 2425 1587 2463 mittorem
1618 2423 1737 2461 uobis
1767 2427 1920 2462 aestum
1949 2435 2022 2461 sua
2051 2423 2134 2473 fre·

1259 2482 1426 2535 quentia
1448 2482 1627 2534 facient,
1654 2479 1757 2517 unde
1786 2479 1894 2529 lego:
1922 2478 2052 2517 obiter
2066 2478 2134 2515 im·

1254 2539 1464 2591 purissime?
1477 2538 1580 2575 seri-i
1595 2537 1789 2574 me‘vorem
1809 2536 1928 2573 nobis
1941 2539 2093 2574 aestum
2108 2546 2132 2571 a

1256 2609 1353 2647 sual
1365 2595 1578 2646 refluentia
1589 2594 1764 2645 s'ace'ent.
1781 2590 2017 2630 Trimalchio
2033 2590 2135 2628 enim

1257 2651 1413 2689 efficere
1435 2651 1534 2691 vult.
1561 2654 1601 2687 ut
1621 2662 1738 2701 quum
1766 2661 1930 2686 mensae
1954 2646 2135 2697 singulae

1258 2707 1423 2759 singulis
1437 2706 1747 2745 adtribuerentur
1760 2705 1900 2751 servis,
1909 2707 2059 2748 aestus,
2070 2702 2134 2753 qui

1259 2778 1391 2803 eorum
1405 2764 1623 2814 frequentia
1637 2766 1743 2801 ortus
1757 2764 1858 2802 erat.
1883 2760 2135 2801 minitaretur.

1259 2821 1404 2862 Aestas
1417 2836 1441 2860 a
1452 2821 1691 2872 frequentia
1704 2818 1844 2856 eodem
1858 2816 1976 2855 modo
1992 2816 2136 2854 dictum

1259 2882 1340 2924 est,
1365 2882 1407 2916 ut
1431 2890 1516 2916 vox
1540 2876 1593 2915 ab
1617 2877 1668 2914 iis
1692 2874 1741 2913 cs.
1768 2874 1883 2912 Caes.
1911 2872 1956 2911 B.
1984 2872 2033 2911 G.
2049 2870 2134 2912 vlt.

1264 2939 1325 2975 17.
1352 2935 1383 2986 δ.
1410 2938 1445 2975 3.
1472 2932 1577 2971 Oud.
1592 2931 1641 2970 ad
1657 2930 1771 2969 Caes.
1787 2930 1834 2969 B.
1850 2929 1932 2968 (3.1.
1952 2934 1985 2969 1.
2013 2928 2134 2968 Gron.

1259 2996 1299 3029 et
1317 2991 1384 3030 Dr.
1404 2990 1454 3029 ad
1474 2989 1558 3027 Liv.
1573 2987 1641 3027 IV.
1655 2992 1690 3028 7.
1713 2987 1744 3037 ᾧ.
1760 2991 1824 3027 27.
1847 2990 1886 3024 et
1907 2985 1953 3024 V.
1969 2989 2034 3026 28.
2049 2986 2080 3036 §.
2095 2987 2132 3025 9.

1257 3047 1380 3087 Porro
1405 3045 1655 3091 sententiam,
1682 3046 1811 3083 ociter
1837 3043 1899 3082 hic
1923 3041 2134 3093 legendum

1259 3118 1371 3151 esse,
1397 3105 1473 3143 iam
1497 3104 1757 3154 proposuerat
1781 3099 1883 3138 Oud.
1909 3100 1945 3138 in
1959 3098 2133 3138 Miscell.

1257 3161 1426 3200 observ.
1437 3158 1525 3198 voi.
1541 3157 1584 3196 11.
1601 3157 1646 3196 T.
1662 3156 1726 3195 111.
1752 3170 1789 3208 p.
1806 3159 1898 3198 393.
1914 3159 2003 3208 etp.
2019 3154 2131 3207 453]
