2221 3667
255 732 273 764 3

301 733 319 765 4

340 180 421 223 338
601 180 648 220 L.
679 180 896 220 APULEll
926 176 1321 219 MADAURENSIS
1351 176 1887 219 METAMORPHOSEON

893 415 1329 464 CAPUT
1431 416 1571 463 XII.

451 551 602 593 Nuntio
615 551 695 607 Psy
699 550 883 591 chelaeta
908 547 1087 597 florebat,
1115 554 1152 588 et
1178 547 1333 588 divinae
1358 548 1503 589 sobolis
1529 548 1668 589 solatio
1694 548 1912 603 plaudebat,
1941 555 1979 590 et
2004 549 2124 590 futuri

342 609 566 663 pignoris,D
546 608 669 648 σΙοιίιι
695 605 906 660 gestiebat,
941 611 980 644 et
1009 579 1176 644 materni
1208 604 1376 644 nominis
1407 605 1596 659 <lignitate
1630 605 1837 659 gaudebat.
1889 603 2125 646 crescentes

343 666 424 705 dies
451 672 490 705 et
514 678 667 705 menses
692 668 885 702 exeuntes
911 659 1033 700 anxia
1058 667 1258 710 numerat,
1287 668 1325 700 et
1349 661 1529 701 sarcinae
1548 662 1704 702 nesciae
1722 662 1941 702 rudimenta
1962 662 2127 703 miratur

344 721 389 761 (le
414 721 522 761 brevi
549 719 729 774 punctulo
756 723 904 757 tantum
929 716 1254 756 incrementulum
1280 717 1481 771 locupletis
1507 718 1623 758 uteii.
1671 716 1775 758 Sed
1767 733 1842 758 iam
1862 717 1870 782 j
1891 732 1954 772 pes
1942 725 2018 758 tes
2037 718 2128 758 illae

346 778 644 828 teterrimaeqne
677 773 802 814 furiae
835 773 1063 812 anhelantes
1095 772 1294 826 vipereum
1325 773 1434 813 xirus
1461 781 1499 813 ct
1525 774 1755 814 testinantes
1781 774 1897 828 impia
1928 774 2128 814 eeleritate

345 833 598 887 navigabant.
647 830 760 870 Tunc
791 828 848 869 sic
883 829 1026 869 iterum
1062 829 1342 870 momentarius
1380 830 1543 870 maritus
1576 844 1685 870 suam
1716 830 1896 885 Psychen
1928 832 2128 871 admonet:

435 957 568 996 Psyche*
592 960 627 987 G.
642 960 672 986 2².
686 960 724 986 Ι).
738 966 800 994 *pro
814 966 900 986 more
913 965 972 986 suo
985 960 1113 986 habent.
1161 956 1249 984 laeto
1265 957 1286 987 f.
1323 957 1457 985 laetatu
1471 959 1574 987 Scriv.
1589 958 1683 986 laeta
1697 961 1806 988 exulat
1822 966 1842 987 a
1853 960 1965 988 Venet.
1980 961 2009 988 2.
2025 959 2130 988 Paris.

344 1008 418 1035 Bas.
434 1008 462 1033 2.
479 1005 555 1032 vino
570 1005 814 1038 typothetarum.
850 1005 956 1032 Verba
971 1006 1002 1029 ee
1016 1001 1149 1030 dim'nue
1163 1011 1264 1037 usque
1278 1002 1530 1039 adplaudebant
1546 1012 1608 1032 non
1624 1008 1806 1039 comparent
1822 1004 1855 1032 in
1869 1005 1917 1033 ed.
1931 1004 2016 1033 Prie.
2052 1003 2133 1032 solis

344 1059 397 1085 pro
412 1048 531 1078 sobolis
545 1051 583 1078 D.
630 1047 754 1076 solatio
775 1051 864 1077 abest
885 1055 906 1076 a
925 1050 962 1077 R.
985 1048 1006 1077 f.
1050 1047 1196 1085 gloriam
1216 1045 1245 1076 ὃ.
1293 1050 1324 1075 ee
1345 1052 1420 1078 ante
1439 1056 1566 1076 menses
1579 1050 1781 1078 desideratur
1795 1050 1826 1077 in
1841 1057 1868 1084 p.
1916 1056 2042 1078 menses
2055 1049 2133 1077 em·-

343 1099 468 1123 ste-ates
481 1094 514 1131 β.
561 1093 727 1121 sarcinae
746 1102 775 1128 p.
823 1095 924 1121 semel
945 1101 1000 1128 pro
1019 1092 1177 1120 sarcinae
1196 1095 1231 1121 G.
1249 1094 1277 1122 1.
1298 1100 1317 1121 a
1336 1101 1376 1122 ni.
1395 1103 1421 1122 s.
1441 1093 1502 1128 [m.
1520 1102 1548 1128 p.
1562 1094 1707 1128 conspici
1722 1099 1846 1129 propter
1860 1095 1988 1124 lituram
2004 1094 2133 1131 nequit)

343 1142 376 1169 0.
394 1140 413 1168 f.
461 1138 596 1167 nesciae
610 1140 645 1167 F.
660 1140 690 1167 3.
706 1140 741 1168 G.
755 1141 785 1167 2.
799 1140 838 1168 D.
853 1140 888 1168 Ρ.
904 1139 937 1167 Ο.
955 1138 975 1167 f.
990 1135 1018 1166 ὃ.
1043 1139 1148 1166 nescit
1165 1140 1200 1167 G.
1216 1140 1245 1166 1.
1270 1140 1305 1166 In
1320 1139 1435 1167 ceteris
1449 1139 1542 1173 libris
1557 1143 1585 1168 et
1599 1140 1668 1168 edd.
1684 1143 1758 1168 vett.
1773 1138 1898 1168 nescia.
1945 1138 2132 1168 rudimento

344 1188 378 1214 G.
395 1187 421 1213 1.
438 1186 468 1215 2.
482 1186 517 1213 P.
532 1186 569 1213 D.
586 1186 619 1213 0.
636 1184 656 1212 f.
700 1183 838 1220 pentum
852 1185 889 1212 D.
936 1184 1175 1211 incrementum
1189 1184 1224 1212 G.
1242 1185 1269 1211 1.
1285 1184 1318 1212 0.
1333 1185 1369 1212 R.
1386 1184 1405 1212 f.
1421 1191 1448 1218 p.
1464 1187 1506 1213 M.
1521 1184 1771 1221 [J.vice1n.n1ea
1784 1185 1817 1213 in
1831 1192 1930 1219 marg.
1977 1183 2138 1221 locupleti

344 1234 379 1259 G.
402 1232 429 1260 1.
450 1231 484 1259 O.
504 1228 542 1257 D.
564 1233 591 1259 et
613 1231 649 1258 G.
664 1230 694 1257 ⁴2.
714 1236 785 1258 am.
808 1238 836 1263 p.
885 1228 1012 1257 ventris
1032 1230 1068 1258 P.
1118 1227 1229 1256 ventri
1246 1230 1283 1257 D.
1298 1232 1326 1257 et
1342 1230 1376 1257 G.
1397 1231 1427 1257 2.
1449 1237 1469 1257 a
1489 1238 1527 1258 ιιι.
1549 1238 1577 1263 p.
1625 1228 1890 1267 deterrimaeque
1904 1230 1939 1258 P.
1954 1232 1997 1259 M.
2012 1232 2049 1259 Z.
2064 1230 2097 1268 β.
2112 1230 2134 1259 f.

343 1274 543 1303 lmnelemees
558 1276 593 1304 G.
608 1277 637 1303 ¹2.
655 1273 690 1302 Ι).
717 1273 906 1302 alienantes
921 1276 956 1302 G.
972 1276 1000 1304 1.
1048 1274 1148 1302 iscam
1164 1281 1220 1308 pro
1233 1273 1354 1301 iterum
1368 1275 1403 1303 P.
1452 1272 1604 1311 Psychen
1618 1276 1692 1304 123.
1707 1276 1782 1304 G.1.
1797 1278 1825 1304 et
1840 1276 1909 1304 edd.
1922 1278 1996 1304 vett.
2011 1279 2136 1310 praeter

343 1322 457 1351 Venet.
471 1323 501 1349 4.
515 1328 597 1355 quae
610 1322 707 1349 habet
718 1317 895 1357 Psycham.
924 1322 961 1348 ln
975 1323 1046 1349 cett.
1061 1317 1233 1356 Psychem..

405 1431 491 1470 Cn».
523 1429 609 1468 XII.
658 1431 827 1470 nesciae.
878 1429 989 1468 Haec
1019 1428 1131 1469 lectio
1163 1442 1212 1466 ex

347 1488 501 1539 optimis
534 1486 647 1526 codd.
677 1486 877 1525 retinenda
902 1490 978 1532 est,
1011 1499 1125 1537 quum
1151 1499 1213 1524 ne-

348 1545 454 1584 sce‘us
484 1547 521 1581 et
552 1544 704 1583 inscius
728 1556 850 1593 saepe
875 1556 942 1594 pro
971 1544 1137 1595 iynotus
1165 1542 1214 1579 le·

347 1606 457 1651 gatnr
482 1599 529 1638 cf.
557 1599 653 1637 Met.
678 1598 781 1637 wll.
807 1613 842 1650 p.
870 1603 961 1639 543.
986 1601 1120 1637 neseio
1146 1599 1216 1636 do·

350 1658 447 1701 lore,
473 1656 522 1694 ad
550 1669 662 1707 quein
691 1655 816 1693 locum
843 1654 943 1693 Prie.
970 1660 1007 1692 et
1032 1654 1215 1693 Beroald.

348 1713 494 1764 aliquot
520 1712 699 1762 exempla
725 1711 951 1750 adtulerunt.
984 1711 1083 1749 Ond.
1111 1711 1210 1749 exci-

347 1774 404 1807 tat
430 1773 628 1820 praeterea
656 1767 864 1806 Comment.
881 1768 927 1805 ad
945 1767 1045 1806 Geli.
1064 1766 1129 1804 lX.
1151 1771 1210 1807 12.

351 1825 514 1876 [Mean.
541 1824 587 1862 ad
614 1825 757 1862 Arnol).
786 1823 851 1862 IV.
878 1828 912 1863 8.
941 1825 974 1861 in
1002 1823 1121 1861 Orell.
1149 1823 1209 1861 ed.

352 1880 395 1919 T.
412 1881 455 1919 ll.
482 1895 517 1932 p.
548 1884 636 1922 196.
663 1880 747 1918 lntt.
772 1880 821 1918 ad
848 1879 938 1918 Tac.
966 1880 1066 1918 Ann.
1092 1879 1119 1918 l.
1146 1883 1210 1919 59.

402 1938 617 2046 quinorum.
665 1992 775 2031 Male
810 1994 1118 2044 interpretantur,
1151 1993 1214 2042 qui

351 2051 399 2090 de
431 2051 681 2088 instrumento
710 2050 955 2101 punctulum
985 2049 1047 2087 hic
1077 2047 1214 2086 intelli-

352 2111 462 2158 gant.
499 2106 602 2158 quod
641 2108 770 2158 potius
800 2106 990 2144 actionem
1018 2104 1215 2156 Cupidinis

351 2164 550 2215 significet.
600 2161 673 2200 Est
709 2163 807 2200 enini
839 2163 1002 2212 exiguus
1032 2162 1097 2199 ille
1121 2161 1217 2199 uteri

353 2221 549 2263 circuitus,
588 2220 650 2269 qui
687 2232 771 2256 cum
803 2220 1004 2257 mensibus
1031 2218 1219 2256 continuis

353 2276 572 2321 crescebat,
599 2280 637 2312 et
656 2276 891 2313 mirationem
905 2274 1064 2326 Psyche
1079 2275 1217 2319 iniecit,

355 2334 498 2385 quippe
535 2345 634 2382 quae
669 2333 852 2377 nesciret,
890 2331 1083 2382 quomodo
1115 2330 1220 2382 qnod

354 2394 431 2428 tam
457 2401 612 2441 parvum
629 2401 723 2426 esse
736 2388 965 2439 apparebat,
991 2388 1044 2426 ita
1064 2387 1219 2425 extendi

355 2449 506 2498 posset.
556 2444 627 2497 [cf.
655 2443 737 2482 Intt.
771 2444 819 2482 ad
845 2444 950 2482 Fest.
978 2458 1009 2483 s.
1035 2458 1069 2483 v.
1095 2445 1220 2483 nocti-

355 2504 497 2555 lnyam
532 2505 802 2551 comparantes
844 2500 937 2539 illud
980 2501 1221 2539 Sotadicum:

356 2563 406 2606 εἰς
419 2558 486 2598 οὐκ
502 2557 605 2609 ὁσίην
625 2559 836 2611 Τρυμαλιήν
855 2555 1003 2609 κέντρον
1018 2555 1144 2604 ὠθεῖν,
1158 2557 1222 2594 ubi

357 2618 442 2655 sine
466 2614 545 2653 nlla
571 2616 806 2652 necessitate
826 2615 1055 2666 nocte‘puya
1080 2614 1223 2665 legunt,

358 2686 473 2723 quum
490 2671 727 2710 obscoenum
742 2684 825 2709 cum
841 2669 1026 2721 Scaliger.
1041 2684 1108 2722 pro
1124 2670 1225 2708 male

359 2730 538 2773 ominato,
565 2728 719 2766 sinistro
734 2726 988 2765 intellexerim
1016 2727 1062 2765 cl'.
1078 2726 1160 2765 lntt.
1176 2726 1225 2765 ad

358 2786 468 2837 Virg.
495 2784 637 2835 Georg.
665 2782 692 2823 I.
718 2788 798 2824 470
836 2784 935 2821 Aen.
951 2782 1018 2822 lv.
1043 2788 1135 2824 455.
1162 2782 1225 2821 Do

359 2842 577 2881 bubonibus
602 2839 706 2880 mala
720 2838 848 2878 omina
862 2839 1088 2878 canentibus
1114 2838 1160 2878 cf.
1177 2839 1227 2877 ad

358 2899 455 2937 Met.
471 2897 532 2936 ΠΙ.
548 2911 584 2949 p.
600 2901 692 2938 218.
720 2895 777 2935 Ita
791 2909 944 2948 quoque
958 2895 1065 2934 Fest.
1081 2911 1116 2947 p.
1136 2899 1226 2936 183.

358 2956 421 2992 nbi
442 2959 595 3005 torquet
620 2955 654 2992 in
681 2953 802 2991 altera
827 2952 964 3004 glossa
999 2953 1228 3004 interpretes

360 3012 567 3051 noc-timeo
677 3010 848 3049 medica.
879 3008 1069 3048 Fortasse
1094 3008 1155 3046 hic
1180 3009 1229 3046 (le

360 3068 495 3118 triplici
524 3061 672 3106 Hecate
698 3067 775 3117 agit
805 3068 840 3103 vi
866 3080 912 3103 ac
943 3069 1158 3116 potestate,
1190 3069 1231 3103 nt

362 3136 446 3160 eam
473 3123 534 3160 hie
558 3122 745 3173 significet
771 3122 970 3162 Lucirmm
994 3134 1027 3160 s,
1054 3121 1230 3159 obstetri-

363 3192 463 3224 cem,
490 3192 589 3230 quae
614 3182 675 3217 est
696 3180 864 3218 medica.
913 3177 960 3217 cf.
987 3177 1034 3217 ad
1061 3177 1154 3216 Met.
1180 3177 1229 3217 V.

1272 1443 1307 1482 p.
1353 1434 1443 1470 340.
1494 1431 1734 1475 Noctiluca,
1783 1431 1886 1481 qnod
1931 1430 1966 1468 in
2010 1431 2136 1482 priore

1274 1485 1411 1537 glossa
1465 1484 1529 1524 alii
1582 1487 1808 1533 emendant,
1863 1490 2018 1538 propter
2072 1488 2137 1526 ob·

1273 1556 1456 1582 scoenum
1490 1557 1563 1581 non
1598 1547 1728 1593 potest
1765 1543 1862 1581 ferri.
1922 1542 1969 1581 cf.
2003 1543 2138 1583 Gloss.

1274 1612 1309 1649 p.
1341 1603 1428 1638 144.
1462 1599 1595 1637 Gloss.
1622 1599 1732 1637 Ynle.
1767 1613 1801 1650 p.
1829 1603 1891 1639 95.
1928 1600 2139 1639 noctiluca

1270 1651 1406 1706 Ἑκάτη
1442 1657 1741 1705 νϊκτοᾳαίνουσα
1776 1655 1839 1693 vel
1876 1655 1978 1705 qnod
2015 1657 2138 1707 magis

1269 1712 1410 1762 probo,
1435 1713 1664 1757 nocticola,
1699 1726 1798 1761 qnae
1825 1712 1961 1750 eadem
1988 1716 2069 1757 est,
2099 1716 2140 1751 ut

1270 1769 1491 1820 nectit-aya
1539 1767 1588 1807 cl'.
1615 1768 1750 1806 Gloss.
1778 1768 1890 1806 Yulc.
1917 1782 1953 1820 p.
1981 1772 2044 1810 95.
2069 1783 2138 1808 ⁷10-

1272 1826 1456 1877 etit-aym
1471 1823 1698 1876 νυκτοπόρος
1722 1824 1768 1862 cl'.
1784 1824 1937 1862 Luci-et.
1954 1825 2000 1863 V.
2020 1830 2034 1864 1
2051 1828 2138 1865 190.

1273 1880 1379 1929 Vir-g.
1404 1881 1503 1918 Aen.
1531 1880 1578 1918 X.
1606 1885 1698 1921 2¹16.
1730 1882 1792 1918 vel
1827 1894 1992 1932 pernes:
2022 1880 2137 1920 Ovid.

1271 1936 1455 1974 Metxll.
1472 1940 1563 1977 268.
1582 1936 1635 1974 lta
1648 1938 1792 1975 variant
1806 1938 1906 1988 apud
1925 1937 2134 1988 Apuleium

1271 1991 1443 2031 Met.v{.
1465 2006 1499 2043 p.
1522 1997 1620 2033 400:
1637 1994 1821 2032 ruricula
1848 1997 1886 2031 et
1909 1993 2143 2047 rnrt‘colaJ,

1325 2053 1460 2100 pestes
1490 2049 1599 2088 illae.
1649 2048 1734 2100 [De
1765 2049 1986 2089 hominibus
2011 2052 2122 2101 perni

1275 2106 1393 2142 ciosis
1419 2104 1490 2143 dici
1515 2107 1656 2157 pestis,
1684 2105 1945 2144 demonstrant
1965 2106 2143 2158 exempla
2203 2146 2206 2149 ,

1277 2161 1353 2199 Cic.
1383 2161 1491 2199 Sext.
1516 2166 1577 2202 14.
1604 2161 1714 2200 verr.
1737 2162 1778 2200 ll.
1801 2166 1836 2202 3.
1859 2167 1922 2202 54.
1948 2161 2072 2214 Epist.
2093 2163 2142 2201 ad

1276 2218 1426 2256 Div.v.
1453 2222 1488 2258 8.
1515 2218 1634 2269 Apul.
1660 2218 1779 2270 Apol.
1804 2232 1841 2270 p.
1868 2222 1960 2259 589.
1987 2221 2044 2258 acl
2064 2233 2144 2272 pe-

1277 2279 1368 2314 stes
1396 2276 1494 2314 istas
1527 2276 1660 2313 oratio
1691 2275 1932 2314 revolvenda
1964 2280 2028 2314 est.

1279 2325 1440 2382 ὄλεθρος
1463 2331 1566 2381 apud
1593 2330 1768 2369 Graecos
1794 2330 1923 2369 Bremi
1953 2330 2054 2370 Phil.
2077 2329 2146 2370 III.

1278 2402 1314 2440 p.
1344 2390 1432 2428 119.
1465 2392 1553 2428 131.
1586 2383 1738 2439 φθόρος
1762 2387 1931 2426 Valken.
1954 2388 2144 2426 Adoniaz.
2200 2399 2202 2407 ¹

1279 2458 1314 2495 p.
1331 2447 1422 2484 313.
1451 2443 1667 2483 calamitas
1692 2442 1784 2482 Ter.
1799 2443 1897 2482 Eun.
1912 2442 1937 2482 Ῑ.
1957 2449 1990 2484 1.
2005 2443 2086 2496 34]

1337 2501 1572 2540 teterrimae.
1632 2499 1816 2538 Nonnulli
1855 2500 1966 2539 codd.
2004 2500 2147 2540 habent

1287 2557 1529 2596 deterrimae
1542 2556 1729 2608 probante
1743 2555 1892 2594 Ferrar.
1906 2555 2028 2595 Elect.
2040 2555 2066 2595 Ι.
2086 2559 2145 2597 19.

1284 2626 1382 2665 qnae
1396 2617 1579 2652 constans
1601 2616 1662 2650 est
1681 2612 1782 2651 Mss.
1798 2612 1990 2658 confusio,
2015 2612 2145 2651 ubiubi
2202 2644 2203 2651 ,

1284 2669 1502 2709 alterutrum
1529 2669 1665 2719 legitur
1689 2668 1757 2721 [cf.
1781 2668 1916 2707 Heins.
1943 2668 1990 2708 ad
2011 2668 2146 2708 Claud.
2201 2693 2204 2700 ·

1284 2728 1319 2764 in
1345 2725 1436 2764 lzuf.
1464 2725 1506 2764 ll.
1533 2729 1624 2765 385.
1651 2725 1778 2763 Burm.
1805 2725 1854 2764 ad
1879 2723 2007 2770 Quint.
2032 2724 2147 2763 Dect.

1284 2781 1327 2821 ll.
1354 2781 1407 2834 5.]
1457 2782 1511 2820 At
1549 2780 1639 2819 nihil
1671 2794 1744 2830 ego
1775 2780 1836 2820 hic
1866 2783 2001 2819 mutari
2032 2780 2148 2819 velim
2201 2778 2207 2797 ²

1285 2843 1416 2878 contra
1439 2838 1609 2890 reliquos
1635 2837 1766 2882 codd,
1792 2839 2018 2888 praesertim
2033 2850 2150 2889 quum
2204 2837 2205 2846 ¹

1286 2896 1405 2941 (licat,
1431 2908 1588 2933 sorores
1607 2893 1796 2933 anhelare
1816 2895 2018 2946 vipereum
2031 2895 2149 2934 virus.
2203 2932 2205 2938 ,

1285 2951 1385 2990 Nam
1400 2952 1553 3002 proprie
1568 2963 1754 2988 venenum
1769 2949 1902 2987 dicitnr
1921 2955 2075 2990 tetrum.
2102 2948 2150 2988 cf.

1287 3007 1457 3046 Bronkh.
1485 3007 1534 3046 ad
1560 3005 1677 3057 Prop.
1703 3005 1746 3043 ll.
1776 3009 1837 3045 13.
1865 3011 1928 3047 70.
1979 3007 2036 3044 Ac
2059 3019 2151 3058 pas·

1288 3065 1358 3102 sim
1390 3064 1440 3102 de
1468 3063 1685 3102 hominibus
1716 3063 1898 3111 pessimis
1930 3063 1966 3101 in
1992 3076 2064 3101 usu
2088 3065 2152 3100 est
2204 3091 2205 3096 ι

1289 3121 1335 3159 cf.
1363 3120 1503 3159 Graev.
1528 3119 1585 3158 ad*
1603 3117 1678 3156 Cic.
1706 3118 1814 3157 Verr.
1836 3117 1879 3157 ll.
1906 3123 1941 3160 3.
1969 3123 2033 3160 34.
2079 3118 2148 3157 Dr.

1289 3177 1337 3216 ad
1361 3177 1447 3216 Liv.
1471 3175 1536 3214 lv.
1566 3180 1588 3216 3
1627 3173 1657 3224 ξ.
1689 3179 1749 3215 17.

2089 2274 2145 2314 lta
2205 2320 2210 2333 ·.
