2221 3667
333 139 363 184 8
577 139 628 180 L.
658 139 880 181 APULEII
909 135 1312 181 MADAURENSIS
1340 138 1886 183 METAMORPHOSEON

252 257 273 291 7
333 252 502 295 Isthmos
527 251 739 309 Ephyraea
765 260 804 294 et
833 252 840 309 Ι
872 252 1078 295 Taenaros
1103 253 1332 309 Spartiaca,
1363 254 1500 308 glebae
1531 255 1665 295 felices
1690 262 1892 296 aeternum
1917 255 2027 297 libris
2052 257 2137 298 feli-

332 380 482 411 Isthmos
496 384 531 412 F.
547 385 577 413 3.
591 384 630 412 D.
657 381 827 412 Isthomos
840 383 965 421 epit-ea,
980 385 1061 419 quod
1075 391 1095 412 a
1107 392 1147 412 m.
1163 392 1190 412 s.
1210 383 1243 412 in
1256 385 1294 412 D.
1310 385 1524 418 permutatum
1537 384 1569 412 in
1584 382 1722 420 ephirea
1737 400 1778 405 ——
1791 383 2000 422 ihyslhomos
2013 393 2138 423 epyrea

333 431 368 458 G.
394 428 582 466 Hysscomos
601 430 637 458 P.
652 437 687 456 π.
709 437 793 464 quae
817 433 923 458 tamen
947 432 988 458 ab
1007 431 1089 458 Elm.
1109 433 1258 458 enotatur
1276 430 1311 457 F.
1337 431 1363 457 l.
1390 427 1535 465 Hytmos
1559 431 1654 458 lectio
1673 434 1739 459 tum
1763 433 1847 460 male
1864 434 1905 460 ab
1929 440 1966 460 eo
1989 433 2092 467 edita,
2117 439 2138 460 a

330 475 490 504 Lindenb.
511 482 574 503 non
594 475 787 510 consignata
805 478 865 504 est.
912 473 1068 512 Epirum
1087 478 1210 503 tantum
1228 474 1261 502 in
1280 474 1322 502 iis
1341 477 1441 503 extat.
1465 474 1546 502 Fere
1563 477 1699 503 eandem
1716 476 1897 510 scripturae
1915 477 2137 506 diversitatem

329 521 481 549 invenies
500 521 625 548 Lucan.
644 522 668 549 1.
692 521 748 549 101
772 523 802 548 et
820 521 874 549 vl.
890 522 943 549 17.

996 518 1172 547 Taenaros
1186 518 1223 547 F.
1244 519 1272 546 1.
1292 523 1323 546 et
1341 519 1379 547 D.
1399 518 1454 547 ubi
1475 526 1548 548 am.
1562 527 1589 548 s.
1604 524 1782 549 correctum
1801 519 1958 550 Teucros.
1989 519 2137 549 Tenedos

329 566 367 594 F.
382 564 411 593 3.
424 568 453 593 et
471 565 491 593 f.
521 563 689 594 Trenedos
704 566 740 594 G.
769 563 935 593 Treueros
950 567 985 594 P.
1015 562 1186 591 Thenedos
1200 566 1234 592 0.
1256 561 1420 600 Spartica
1445 564 1466 593 s.
1485 566 1519 593 Ο.
1542 563 1941 604 felices]111coiisiiierate
1954 567 2085 596 modius
2101 568 2136 595 in

330 611 478 645 margine
495 611 678 640 coniecerat
688 611 842 650 feraces.
892 612 953 639 Pro
966 612 1142 637 aeteruum
1156 611 1195 638 V.
1211 613 1243 637 et
1252 611 1290 638 D.
1312 611 1430 638 habent
1449 609 1552 637 etiam
1566 617 1643 637 num
1657 618 1677 639 a
1690 619 1730 640 m.
1744 621 1770 640 s.
1785 616 1963 641 correctum
1975 613 2010 643 in
2023 614 2136 640 aeter-

329 664 418 683 num.
442 654 557 684 liberis
572 656 593 685 f.
607 658 656 695 R.7
670 656 1004 692 quonBeer-ienlepisu.
1018 657 1071 685 65.
1086 657 1124 683 de
1137 655 1265 684 civibus
1278 659 1307 683 et
1323 656 1478 694 alumnis,
1493 656 1611 691 quibus
1623 656 1702 686 illae
1717 661 1820 686 terrae
1833 659 1896 687 sint
1912 657 2038 696 felices,
2052 659 2136 687 maie

328 702 471 737 exponit.

330 815 379 860 εἰς
397 809 582 865 ἀλλήλους
599 827 794 865 μεταμορᾳ
803 810 908 859 (13σῦιῦῚ
925 808 993 859 τάς
1010 827 1049 851 τε
1067 811 1105 859 ἐξ
1119 807 1206 850 ‹226-

328 885 401 922 γοῦν
424 872 474 916 εἰς
497 867 726 922 ἀνθρώπους
749 871 814 907 καὶ
838 865 990 908 (hand.
999 868 1101 921 lma]

379 929 528 979 paucis
553 928 708 978 (compe.
746 927 902 978 (κεῖρε,
924 926 1028 977 quod
1053 927 1087 964 in
1114 940 1204 963 non-

326 984 444 1023 nullis
458 983 558 1021 Mss.
585 986 725 1022 etvett.
745 983 850 1022 editt.
866 983 1020 1033 legitur,
1039 983 1087 1022 ab
1102 981 1204 1021 Elm.

325 1055 395 1094 pro
420 1040 663 1090 glossemate
688 1041 871 1078 reiectum
897 1044 975 1085 est,
1015 1053 1132 1090 quum
1159 1039 1202 1077 li-

325 1098 436 1136 brarii
474 1096 694 1147 elegantem
731 1097 831 1135 hanc
866 1097 1201 1148 interrogationem

324 1159 364 1193 et
388 1155 681 1205 responsionem
701 1155 884 1192 comicum
905 1167 979 1192 non
1007 1157 1200 1205 caperent.

323 1210 391 1263 [cf.
419 1209 505 1248 Ter.
528 1210 652 1248 Andr.
681 1209 707 1249 Ι.
736 1216 772 1250 1.
797 1216 836 1252 2.
865 1211 1015 1263 paucis
1046 1216 1083 1249 te
1110 1211 1200 1249 colo

322 1268 374 1306 V.
406 1270 443 1307 3.
477 1271 542 1308 22.
582 1267 726 1306 licetne
757 1282 920 1320 panca,
957 1269 1021 1306 ubi
1058 1266 1200 1306 Donat.

325 1322 552 1363 coniecerat
571 1325 625 1362 vir
647 1325 804 1374 quidam
829 1325 967 1364 doctus
992 1324 1201 1364 adnotante

322 1380 425 1420 Oud.
458 1381 529 1420 ille
553 1395 648 1433 (²90,
675 1382 738 1431 qui
764 1381 814 1420 (le
839 1381 914 1421 hac
938 1383 1103 1420 dictione
1129 1382 1197 1420 Sil.

321 1436 405 1476 Ital.
431 1436 498 1476 lX.
530 1441 620 1478 128.
647 1437 769 1483 affert,
796 1438 871 1489 [cui
897 1438 1040 1477 addas:
1066 1438 1197 1476 Bnnn.

321 1494 373 1533 ad
392 1493 507 1532 Ovid.
527 1493 621 1533 Met.
638 1493 666 1532 Ι.
683 1499 775 1534 757.
795 1495 844 1533 ad
867 1494 996 1541 Quint.
1017 1495 1195 1534 Declam.

322 1550 586 1589 CCCLXXH.
601 1551 649 1589 ad
664 1551 823 1590 Anthol.
839 1551 928 1591 Lat.
945 1550 1042 1591 Τ.ΙΙ.
1055 1565 1094 1605 p.
1105 1556 1197 1592 685.

321 1607 502 1647 etEckst.
518 1607 614 1646 adv
618 1621 698 1647 oss.
707 1609 827 1649 Arist.
843 1607 952 1649 Tom.
963 1607 1026 1648 ΙΙΙ.
1036 1623 1074 1661 p.
1084 1608 1195 1661 920.]

376 1665 588 1718 Hymettos
627 1664 780 1704 Attica.
826 1664 1054 1717 [Hymettos
1084 1679 1196 1705 mons

320 1725 402 1760 erat
420 1722 587 1761 Atticae
613 1722 743 1761 herbis
763 1723 957 1761 mellifluis
978 1727 1017 1761 et
1036 1736 1197 1762 marmo-

318 1779 442 1824 ribus,
481 1792 583 1829 q111e
613 1780 663 1817 ihi
699 1779 982 1819 effodiebantur
1017 1784 1056 1818 et
1082 1781 1196 1831 lignis

314 1837 554 1875 >notissimus
582 1836 629 1874 cf.
656 1836 796 1875 Strabo
821 1836 890 1875 lx.
915 1851 953 1889 p.
974 1841 1068 1878 399.
1094 1836 1195 1876 ΡΙίη.

317 1892 368 1933 H.
403 1892 453 1931 N.
477 1891 670 1931 XXXVI.
708 1897 731 1934 3
769 1897 808 1932 et
844 1897 881 1933 5.
931 1893 1079 1932 thetz.
1105 1894 1195 1934 hist.

319 1948 416 1988 Chil.
433 1953 469 1991 2.
494 1949 583 1987 hist.
610 1953 703 1991 370.
731 1950 871 1989 Galen.
897 1951 948 1989 de
971 1951 1145 1990 Antidot.
1168 1950 1194 1990 Ι.

314 2020 350 2047 c.
378 2011 442 2046 11.
479 2005 593 2045 Mart.
619 2006 707 2045 Lib.
733 2006 819 2046 ΥΙΙ.
852 2006 965 2059 Epig.
997 2012 1061 2049 88.
1098 2008 1192 2047 Hor.

315 2062 400 2103 Sat.
425 2062 469 2101 ΙΙ.
497 2067 535 2103 2.
571 2068 633 2103 15.
671 2065 801 2115 ibique
832 2064 972 2103 Heind.
1010 2064 1130 2104 Paus.
1163 2064 1192 2103 Ι.

315 2133 350 2159 c.
376 2123 445 2161 32.
473 2119 652 2158 Dioscor.
679 2120 724 2158 ΙΙ.
751 2135 784 2160 c.
815 2126 906 2161 101.
956 2121 1128 2167 Deinde,
1153 2127 1194 2161 ut

314 2178 351 2215 in
376 2177 555 2227 reliquis,
581 2176 792 2228 Hymettos
809 2179 935 2218 dictus
949 2183 1012 2218 est
1030 2194 1098 2232 pro
1112 2183 1195 2219 tota

315 2234 446 2273 Attica
469 2238 589 2279 terra,
616 2248 731 2285 quam
757 2240 910 2274 constat
934 2250 1004 2288 per
1027 2250 1074 2274 se
1099 2236 1192 2275 infe-

315 2291 447 2335 licem,
473 2294 514 2328 ut
527 2288 674 2343 Ἀττικὴ
689 2293 796 2331 πυία
810 2294 845 2331 in
865 2294 1107 2344 proverbium
1127 2295 1192 2333 ab·

314 2348 403 2393 iret,
428 2361 498 2399 per
523 2348 732 2387 incolarum
758 2350 981 2389 industriam
1012 2351 1062 2390 ad
1087 2364 1189 2390 sum-

313 2417 418 2444 mam
459 2404 692 2444 fertilitatem
729 2419 824 2444 esse
858 2411 1053 2452 evectam,
1089 2408 1193 2446 unde

314 2461 456 2501 Strabo
491 2459 559 2500 IX.
597 2476 635 2513 p.
673 2466 766 2503 393.
803 2465 880 2502 ἐστὶ
916 2462 938 2515 ἡ
977 2461 1082 2518 χώρα
1117 2468 1193 2504 τῶν

314 2520 520 2571 Μεγαρέων
554 2517 804 2572 παράλυπρος
844 2517 1029 2574 καθαπερ
1070 2537 1134 2560 και
1169 2538 1190 2573 η

308 2572 474 2625 Ἀττική
534 2575 636 2614 Nam
678 2577 712 2613 in
750 2578 906 2623 rarione
943 2581 1089 2617 tantum
1125 2579 1191 2617 ssu-

312 2633 427 2670 minis
451 2631 553 2670 llissi
578 2633 709 2672 Attica
740 2637 821 2672 erat
853 2634 1110 2681 feracissima,
1141 2635 1190 2674 cs.

313 2688 447 2728 Barth.
491 2691 589 2727 Stat.
627 2688 695 2727 lv.
740 2694 804 2731 52.
848 2695 1017 2729 ceterum
1060 2689 1191 2732 λεπτό-

313 2761 403 2797 γεως
427 2746 491 2784 καὶ
513 2742 608 2798 ξηρά
644 2748 859 2786 nominatur
894 2747 941 2786 cf.
967 2748 1089 2787 Wolf.
1115 2748 1190 2788 Le-

313 2803 405 2853 ptin.
431 2816 467 2854 p.
495 2807 588 2843 251.
615 2801 791 2855 Thucyd.
811 2805 928 2856 princ.
949 2805 1097 2856 Spanh.
1124 2806 1191 2846 Ju-

314 2858 403 2897 lian.
430 2858 456 2898 1.
485 2873 524 2911 p.
552 2863 616 2900 78.
659 2861 743 2899 Sed
773 2865 904 2901 notum
933 2865 997 2900 est
1027 2862 1189 2901 frumen-

313 2919 393 2953 tum
423 2916 471 2953 ibi
507 2916 734 2956 mortalibus
765 2933 788 2958 a
819 2917 958 2957 Cerere
992 2931 1087 2957 esse
1123 2920 1188 2958 do-

314 2976 460 3017 natum3
486 2977 526 3010 et
545 2974 713 3013 Atticam
730 2975 861 3021 melle,
888 2977 1001 3014 olivis
1026 2980 1067 3015 et
1088 2980 1190 3016 terra

314 3028 523 3076 argillacea
546 3031 797 3083 pulchrisque
820 3034 981 3072 vasibus
1010 3046 1106 3085 prae
1127 3047 1189 3072 ce-

312 3086 405 3123 teris
429 3086 686 3125 excelluisse.
717 3089 766 3129 cf.
796 3089 906 3131 Diss.
936 3088 1049 3130 Pind.
1073 3089 1187 3129 Nem.

312 3141 363 3181 Χ.
390 3144 455 3185 67.
479 3146 520 3182 et
542 3142 735 3197 Boeckh.]

1320 812 1489 851 Isthmos
1515 813 1748 866 Ephyraea.
1776 814 1840 866 [cf.
1856 813 1974 854 Rutil.
1998 818 2033 854 1.
2053 812 2136 852 ltin.

1263 871 1356 909 319.
1386 869 1532 914 Qualis
1547 883 1626 922 per
1643 873 1825 923 yeminos
1835 873 1984 924 fluctus
1997 869 2136 925 Ephy-

1262 926 1369 964 τείας
1399 925 1579 965 Isthmos.
1641 927 1904 981 Ephgsrawm
1939 929 2038 966 enim
2074 930 2136 965 est

1268 982 1537 1028 Corinthium,
1581 995 1697 1033 quum
1734 984 1938 1023 (¹0rinthus
1974 985 2136 1036 primum

1256 1033 1401 1091 ’Ἑᾳυρα
1432 1041 1705 1088 nominaretur3
1736 1041 1782 1079 ct.
1815 1040 1857 1080 ΙΙ.
1882 1039 1951 1080 Υ.Ι
1981 1045 2071 1082 152.
2097 1044 2137 1079 et

1262 1096 1394 1134 Schol.
1421 1096 1471 1134 ad
1495 1095 1539 1136 ll.
1563 1097 1612 1136 V.
1640 1100 1733 1138 301.
1782 1097 1879 1136 Plin.
1911 1097 2012 1137 Hist.
2043 1096 2135 1136 Nat.

1260 1152 1327 1191 IV.
1352 1158 1390 1193 4.
1405 1157 1441 1193 5.
1479 1153 1620 1205 Hygin.
1636 1154 1712 1193 sab.
1729 1153 1962 1194 (CLXXV.
1988 1169 2024 1207 p.
2038 1157 2134 1195 394.

1260 1210 1369 1249 Stav.
1406 1210 1583 1265 Ephyra
1624 1212 1802 1266 nympha
1846 1212 2005 1251 Oceani
2042 1210 2134 1264 filia

1263 1267 1459 1320 Ephyren
1491 1268 1699 1313 condidit,
1738 1283 1859 1320 qnam
1886 1275 2033 1322 postea
2061 1267 2134 1308 Co·

1258 1325 1438 1363 rinthnm
1473 1325 1755 1376 adpellarmzt.
1793 1325 1930 1365 Munk.
1967 1325 2018 1365 ad
2041 1325 2133 1364 h.1.

1258 1384 1297 1418 et
1321 1380 1371 1419 ad
1396 1380 1472 1419 fab.
1500 1380 1673 1420 CCXXI.
1700 1395 1737 1434 p.
1765 1386 1857 1423 339.
1883 1384 1946 1434 qui
1970 1382 2134 1435 plurima

1257 1436 1378 1476 affert.
1404 1437 1487 1475 Sed
1512 1439 1645 1477 mirum
1665 1452 1757 1477 esse
1776 1439 1914 1485 debet,
1939 1438 2134 1490 quomodo

1256 1496 1353 1532 inter
1373 1493 1632 1534 fertilissimas
1647 1495 1836 1545 Graeciae
1849 1498 2029 1547 regiones
2044 1508 2132 1535 eam

1254 1551 1397 1589 referre
1422 1553 1587 1604 potuerit
1609 1554 1789 1605 scriptor,
1827 1552 2007 1604 quoniam
2039 1567 2132 1592 con-

1254 1610 1408 1647 trarium
1450 1608 1570 1661 plane
1610 1609 1793 1649 docemur
1832 1625 1856 1649 a
1897 1610 2025 1650 Str-ab.
2061 1608 2131 1648 IX.

1253 1679 1293 1718 p.
1320 1669 1413 1707 382.
1462 1663 1609 1719 Χωραν
1644 1665 1748 1720 ἔσχε-ι*
1783 1665 1852 1707 οὐκ
1884 1662 2017 1720 εῗνγεων
2040 1662 2132 1731 σφό-

1256 1726 1346 1776 δρα,
1383 1721 1485 1777 ἀλλὰ
1508 1725 1665 1763 σκο2.ιάν
1694 1726 1758 1763 καὶ
1786 1733 1959 1778 τραχεῖαν
1988 1722 2051 1775 ἀφ’
2086 1715 2132 1763 οὗ

1254 1777 1390 1827 πάντες
1444 1776 1655 1832 dorm-oenoe
1701 1778 1902 1834 Κόρινθον
1952 1778 2131 1834 εἰρήκασι.

1255 1836 1373 1884 Quod
1405 1837 1586 1889 equidem
1611 1838 1720 1877 aliter
1745 1839 1940 1891 explicare
1964 1851 2130 1890 nequeo,

1253 1895 1327 1932 nisi
1345 1894 1486 1933 dictum
1505 1907 1600 1933 esse
1613 1895 1663 1933 de
1677 1895 1816 1934 divitiis
1836 1901 1877 1935 et
1888 1896 2130 1947 magnifice-n-

1249 1952 1318 1996 tia,
1338 1952 1478 2001 quibus
1494 1950 1698 1991 Corinthus
1711 1957 1866 2005 propter
1875 1956 2130 1992 mercaturam

1254 2008 1460 2054 fruebatur,
1484 2021 1635 2047 mecum
1653 2014 1822 2057 statuas3
1847 2009 1896 2050 cf.
1916 2008 2045 2049 Strab.
2059 2006 2129 2047 IX.

1250 2078 1288 2117 p.
1305 2069 1398 2107 382.
1425 2069 1466 2104 et
1491 2066 1580 2104 ibid.
1606 2080 1642 2118 p.
1659 2070 1752 2107 378.
1778 2067 1891 2106 Hom.
1912 2063 2128 2106 11.11.57o.

1253 2119 1406 2174 ἀᾳηέιὸν
1430 2137 1471 2161 ’τε
1489 2119 1701 2176 Κόρινθον.
1721 2122 1900 2175 Thucyd.
1926 2122 1954 2162 Ι.
1983 2123 2064 2175 13.]

1303 2181 1521 2219 Taenaros.
1532 2178 1607 2232 [lta
1616 2179 1710 2220 Oud.
1721 2194 1806 2219 cum
1816 2179 2128 2219 Theod.Gattak.

1252 2235 1301 2276 ad
1310 2235 1528 2276 Anton.VI.
1543 2237 1576 2288 ξ.
1593 2238 1781 2278 36.scribi
1797 2238 1918 2276 voluit
1929 2250 1999 2288 pro
2007 2239 2127 2277 Tene-

1252 2294 1338 2339 dos,
1348 2294 1456 2332 cuius
1466 2294 1774 2333 commutationis
1789 2294 2010 2347 exemplum
2024 2293 2129 2332 aliud

1250 2350 1376 2389 habes
1390 2364 1450 2401 ap.
1465 2350 1594 2390 Burm.
1610 2351 1769 2390 Anthol.
1787 2350 1895 2390 Tom.
1911 2350 1954 2390 ΙΙ.
1969 2365 2006 2403 p.
2020 2355 2127 2395 548„

1251 2408 1314 2446 ubi
1340 2407 1456 2459 longe
1481 2407 1632 2459 plurimi
1655 2406 1780 2449 ,Codd.
1811 2408 1919 2448 unde
1945 2408 2128 2448 Tenedos

1249 2478 1319 2517 pro
1332 2466 1470 2504 undae
1479 2466 1893 2518 Taenarospraebent,
1904 2463 2008 2516 quod
2021 2463 2127 2503 nullo

1249 2521 1366 2560 modo
1385 2525 1518 2574 potest
1530 2523 1781 2574 comprobari.
1808 2520 1995 2560 Tenedos
2014 2522 2127 2567 enim,

1250 2591 1327 2630 quo
1341 2579 1457 2631 longe
1470 2579 1620 2631 plurimi
1633 2579 1789 2618 codices
1804 2578 2003 2625 inclinant,
2024 2579 2127 2632 Spo-

1248 2635 1382 2674 radum
1397 2635 1523 2675 insula
1537 2640 1576 2675 et
1588 2637 1732 2675 sterilis
1746 2641 1785 2675 et
1798 2637 1905 2676 arida
1923 2641 2002 2682 est,
2023 2636 2127 2675 unde

1251 2692 1373 2731 Salm.
1400 2694 1434 2730 in
1467 2691 1570 2731 Prol.
1596 2694 1647 2732 ad
1679 2694 1760 2733 Sol.
1788 2694 1927 2734 frustra
1952 2695 2125 2735 coniece-

1248 2753 1306 2787 rat
1321 2749 1572 2802 Sporndica.
1600 2752 1819 2791 Taenaron
1832 2765 1922 2790 vero
1947 2766 2125 2804 promon-

1248 2807 1383 2844 torium
1402 2820 1472 2858 pro
1486 2809 1566 2845 tota
1580 2806 1775 2848 Laconica
1785 2809 1927 2848 dictum
1941 2811 2124 2863 accipias,

1244 2873 1350 2914 quae
1381 2863 1574 2902 fertilitate
1611 2866 1780 2917 inprimis
1817 2879 2051 2917 pascuorum
2081 2871 2126 2906 et

1245 2919 1416 2959 saltuum
1440 2921 1630 2969 inclaruit3
1655 2922 1704 2962 cs.
1733 2922 1856 2974 iulia]

1305 2977 1545 3029 Spartiaca.
1591 2978 1709 3031 [Quia
1733 2993 1868 3018 omnes
1895 2979 1975 3019 sere
2001 2979 2124 3022 Codd.

1247 3033 1477 3087 Spartiaca
1504 3036 1712 3087 praebent,
1739 3050 1812 3074 non
1839 3036 2008 3076 dubitavi
2034 3052 2121 3077 con-

1247 3094 1304 3129 tra
1340 3091 1462 3136 Oud.,
1499 3092 1564 3141 qui
1599 3105 1686 3130 cum
1719 3092 1842 3132 Salm.
1880 3094 1905 3133 l.
1940 3108 1974 3135 c.
2003 3097 2044 3133 et
2071 3094 2122 3134 N.

1247 3146 1385 3186 Heius.
1409 3148 1445 3185 in
1471 3146 1597 3199 Epist.
1625 3148 1726 3200 Syll.
1754 3150 1844 3188 Vol.
1870 3149 1936 3190 lV.
1963 3165 2000 3203 p.
2026 3155 2119 3193 250.
