2155 3590
563 134 752 174 LlBER
780 134 853 174 lv,
915 133 1040 173 CAP.
1071 131 1190 172 XIV.
1217 131 1313 170 XV.
1763 130 1850 172 253

60 247 296 302 disponimus
322 254 630 298 sacramentum,
659 255 702 288 ut
726 262 825 287 unus
852 261 873 288 e
898 260 1061 287 numero
1086 251 1245 294 nostro,
1273 257 1352 282 non
1378 241 1442 295 qui
1468 241 1643 295 corporis
1663 242 1760 282 adeo
1780 242 1849 282 sed

60 305 175 345 animi
204 305 346 345 robore
376 304 517 344 ceteris
549 304 778 354 antistaret,
812 310 926 356 atque
955 303 990 343 is
1014 300 1194 356 inprimis
1222 298 1470 340 voluntarius
1501 297 1598 351 pelle
1623 298 1690 337 illa
1715 305 1847 338 conte-

60 369 143 401 ctus
168 374 283 401 ursae
309 360 458 401 subiret.
482 360 661 414 effigiem,
691 360 921 413 domumque
945 357 1204 399 Democharis
1228 356 1360 396 illatus
1385 368 1455 408 per
1479 361 1697 408 opportuna
1722 354 1848 394 noctis

58 417 213 458 silentia
237 417 349 457 nobis
374 417 515 457 ianuae
541 416 676 457 faciles
701 423 921 470 praestaret
945 415 1089 455 aditus.

646 554 1062 602 CAPUT
1163 551 1289 599 XV.

167 675 254 718 Neo
275 690 419 731 paucos
440 676 645 718 fortissimi
671 675 827 729 collegii
853 675 979 715 solers
1005 674 1157 728 species
1181 674 1230 713 ad
1249 685 1392 713 munus
1416 670 1636 712 obeundum
1658 668 1665 726 Ι
1685 682 1849 711 arrexe-

57 740 132 774 rat.
182 732 358 786 Quorum
384 733 623 787 praeoeteris
648 732 899 787 Thrasyleon
931 731 1113 771 factionis
1147 730 1303 784 optione
1334 728 1528 777 delectus,
1563 726 1744 780 ancipitis
1770 739 1850 765 ina-

58 790 196 834 ehiuae
227 789 373 830 subivit
402 789 542 845 ΨΜ.
593 787 753 842 Iamque
791 788 910 828 habili
942 789 1050 827 corio
1083 793 1121 827 et
1145 786 1307 826 mollitie
1334 783 1671 825 tractabili'vultu
1709 796 1853 825 sereno

57 860 144 889 sese
169 846 361 887 recondit.
400 845 514 886 Tunc
537 845 646 886 tenui
670 845 880 885 sarcimine
906 857 1082 885 summas,
1104 856 1194 884 oras
1220 842 1305 883 eius
1329 842 1607 894 adaequamus,
1636 846 1676 880 et
1698 839 1852 880 iuuetu-

57 915 126 942 rae
156 902 294 942 rimam
326 902 418 942 licet
448 902 633 956 gracilem
660 908 768 944 setae
796 899 1102 941 circumfluentis
1123 899 1316 939 densitate
1336 897 1527 952 sepimusg
1557 897 1602 936 ad
1623 896 1752 950 ipsum
1763 909 1854 936 eon-

60 958 192 1002 finium
219 959 348 1012 gulae,
378 971 453 1012 qua
479 957 618 998 cervix
642 957 792 997 bestiae
817 958 949 997 fuerat
973 963 1152 1005 exsecta,
1180 954 1465 1009 Thrasyleonis
1490 959 1605 1007 eaput
1629 952 1762 995 subire
1788 966 1852 992 co-

60 1015 209 1068 ginnas,
242 1015 451 1069 parvisque
482 1014 695 1068 respiratui
725 1014 830 1053 cirea
860 1027 979 1053 nares
1005 1019 1044 1052 et.
1075 1011 1209 1052 oculos
1241 1011 1341 1052 datis
1373 1009 1654 1058 foraminibus,
1684 1008 1853 1049 fortissi-

57 1085 161 1111 mum
186 1072 331 1112 socium
358 1078 536 1111 nostrum
563 1084 724 1124 prorsus
745 1070 911 1110 bestiam
931 1070 1072 1109 factum
1094 1068 1339 1108 immittimus
1358 1080 1502 1107 caveae
1522 1066 1673 1106 modico
1693 1065 1855 1119 praede-

57 1127 226 1167 stinatae
250 1127 396 1181 pretio,
420 1126 425 1182 Ι
447 1140 561 1180 quam
587 1126 785 1167 constanti
807 1126 946 1179 vigore
973 1124 1139 1165 festinus
1163 1123 1324 1178 irrepsit
1347 1123 1442 1177 ipse.
1482 1122 1549 1162 Ad
1572 1122 1675 1162 hune
1699 1122 1853 1161 modum

57 1183 251 1237 prioribus
276 1183 469 1223 inchoatis
496 1183 551 1223 sic
578 1183 625 1222 ad
652 1182 802 1235 reliqua
827 1181 1006 1221 fallaciae
1037 1180 1251 1234 pergimus.

56 1299 253 1336 imponimus
273 1296 302 1327 δ.
322 1309 354 1333 φ.
403 1297 518 1326 acideo
532 1307 588 1333 pro
601 1297 684 1326 adeo
699 1295 727 1327 δ.
776 1300 906 1325 ceteros
920 1299 956 1325 G.
974 1299 1001 1325 1.
1017 1298 1051 1325 0.
1088 1299 1200 1324 cetero
1223 1296 1244 1324 f.
1293 1294 1553 1323 administraret
1566 1297 1604 1324 D.
1619 1302 1639 1324 a
1652 1304 1692 1324 m.
1707 1304 1736 1331 p.
1751 1297 1807 1324 sed
1822 1296 1855 1323 in

56 1352 156 1381 marg.
176 1349 355 1374 correctum
373 1345 407 1372 in
426 1345 615 1371 antistaret
629 1351 649 1372 a
662 1351 701 1372 m.
717 1351 744 1371 s.
781 1341 847 1370 hiis
861 1344 897 1371 G.
914 1344 942 1371 1.
968 1340 1021 1370 lais
1036 1343 1071 1370 G.
1087 1343 1116 1370 2.
1127 1364 1134 1376 ,
1161 1340 1180 1368 Ιι
1195 1341 1296 1370 minio
1309 1341 1450 1370 inducto.
1488 1343 1670 1368 conterens
1683 1342 1758 1370 αἱ).
1772 1341 1854 1368 D-.P.

57 1393 235 1426 conceptus
247 1397 284 1419 π.
321 1392 496 1417 contectus
515 1390 550 1417 G.
569 1390 596 1417 l.
615 1390 673 1418 sed
685 1390 817 1422 syllaba
839 1391 890 1415 tec
903 1391 985 1416 esta
998 1395 1038 1416 m.
1053 1395 1080 1415 s.
1128 1385 1332 1414 Democaris
1346 1388 1381 1415 G.
1400 1388 1427 1414 1.
1464 1384 1701 1420 democharip.
1749 1386 1859 1414 ianua

54 1437 138 1464 lunt.
155 1437 183 1463 1.
197 1437 229 1463 2.
241 1436 355 1464 Yenet.
369 1436 400 1463 2.
413 1436 489 1463 Ald.
528 1433 643 1474 facile
656 1435 692 1462 P.
734 1431 861 1469 p7atet
871 1435 910 1461 D.
925 1440 979 1468 pro
989 1434 1203 1468 praestaret.

138 1480 232 1519 sort.
247 1479 352 1517 legum
367 1478 501 1516 collegii
511 1481 549 1507 R.
564 1479 585 1507 f.
599 1476 628 1507 δ’.
664 1486 738 1515 spes
752 1486 808 1512 pro
822 1479 945 1515 species
972 1482 1023 1506 sex
1037 1478 1224 1512 compendio
1239 1471 1334 1513 spes]
1348 1478 1383 1505 B.
1398 1477 1432 1505 Ο.
1446 1485 1482 1505 π.
1497 1473 1526 1505 δ.
1541 1477 1640 1505 solita
1654 1475 1855 1504 confusione.

57 1523 267 1553 obediendum
280 1526 317 1553 F.
332 1525 362 1553 1.
376 1526 406 1553 3.
421 1526 457 1553 G.
474 1526 502 1553 1.
517 1525 552 1553 P.
566 1525 604 1553 R.
620 1524 640 1552 f.
655 1532 685 1559 p.
699 1525 733 1552 Ο.
749 1524 789 1558 (a
802 1523 902 1559 μω.)
926 1521 1159 1549 obhedientiam
1175 1523 1210 1551 G.
1224 1524 1255 1550 2.
1269 1524 1306 1550 D.
1328 1526 1358 1550 (a
1372 1530 1411 1550 m.
1427 1530 1455 1556 p.
1470 1523 1502 1550 in
1516 1529 1616 1557 marg.
1631 1525 1809 1549 correctum
1823 1521 1856 1549 in

57 1569 248 1602 obeundum)
273 1568 443 1597 obiendum
458 1567 487 1598 ὃ.
524 1572 703 1597 aresserae
717 1570 752 1597 G.
770 1570 797 1597 1.
835 1566 1063 1605 adrepserant
1073 1565 1102 1596 ὃ.
1129 1566 1334 1604 adrepserat
1351 1575 1388 1596 π,
1442 1565 1621 1594 Trasilenn
1635 1567 1670 1595 F.
1685 1567 1715 1594 3.
1731 1567 1766 1595 G.
1784 1568 1810 1594 1.
1826 1567 1856 1594 2.

55 1617 95 1646 Ι).
108 1617 145 1647 Β.
158 1617 288 1650 ubique.
307 1613 484 1643 Tarsileon
497 1615 534 1643 F.
550 1616 578 1644 1.
608 1614 770 1653 factione
784 1613 930 1650 optionis
943 1622 972 1648 p.
1023 1613 1144 1650 optime
1157 1621 1212 1647 pro
1227 1613 1360 1649 optione
1373 1614 1409 1642 P.
1456 1611 1584 1641 deletus
1599 1613 1634 1641 G.
1652 1613 1680 1641 1.
1716 1610 1859 1640 delectus

57 1663 127 1694 end.
140 1665 215 1690 vett.
230 1665 355 1696 praeter
366 1662 448 1690 Yen.
460 1662 491 1688 2.
507 1664 537 1689 et
549 1661 625 1689 Am.
673 1658 795 1688 subibit
807 1660 842 1688 F.
856 1661 887 1688 3.
923 1658 1047 1686 subivit
1068 1660 1103 1688 G.
1121 1660 1148 1687 1.
1162 1660 1193 1687 2.
1207 1659 1240 1686 Ο.
1256 1660 1293 1687 R.
1307 1659 1343 1686 P.
1392 1657 1491 1687 subiti
1512 1659 1551 1687 D.
1566 1665 1587 1686 a
1599 1665 1639 1686 m.
1653 1665 1682 1691 p.
1703 1657 1736 1685 in
1755 1664 1858 1692 marg.

57 1705 181 1735 subivit
199 1713 220 1735 a
237 1714 278 1735 m.
298 1715 325 1734 s.
361 1704 519 1734 subiciet.
546 1705 651 1734 Ceteri
672 1706 763 1734 codd.
783 1708 814 1733 et
832 1705 901 1733 edd.
923 1708 998 1732 vett.
1017 1703 1115 1731 subit.
1163 1703 1339 1740 ancipitiei
1349 1701 1428 1730 alea
1442 1712 1471 1738 p.
1519 1701 1634 1730 mobili
1644 1704 1679 1730 G.
1697 1703 1725 1730 1.
1739 1709 1760 1731 a
1773 1710 1811 1730 m.
1827 1710 1857 1736 p.

56 1750 172 1781 abilia
186 1759 226 1780 m.
240 1759 266 1780 S.
280 1759 378 1786 super
390 1751 508 1779 addito.
544 1758 627 1778 caco
643 1752 679 1779 G.
696 1752 723 1779 1.
739 1757 758 1778 a
771 1758 810 1778 m.
824 1758 852 1784 p.
879 1749 970 1776 corio
984 1749 1204 1783 superscripto
1218 1756 1237 1777 a
1250 1757 1290 1777 m.
1304 1757 1331 1777 s.
1368 1747 1535 1776 mulliciae
1546 1750 1661 1777 Venet.
1676 1749 1706 1775 2.
1736 1746 1857 1786 ferino

57 1797 315 1826 o.wow.Pric.
363 1796 516 1823 acumine
535 1804 592 1830 pro
613 1795 794 1823 sarcimine
812 1796 849 1823 B.
870 1803 900 1829 p.
920 1796 968 1823 ed.
989 1802 1034 1828 pr.
1048 1795 1164 1823 Venet.
1179 1795 1207 1822 2.
1226 1795 1311 1822 lunt.
1329 1795 1357 1822 1.
1377 1795 1452 1824 Ald.
1471 1794 1546 1823 Cod.
1567 1794 1605 1821 1).
1627 1795 1722 1821 habet
1741 1799 1813 1821 am.
1828 1800 1856 1826 p.

57 1841 255 1878 sarcimine,
280 1842 364 1876 quod
377 1841 410 1870 in
423 1845 514 1870 textu
525 1841 729 1871 obliteratum
743 1848 764 1869 a
775 1848 816 1870 m.
831 1849 858 1869 s.
872 1840 908 1868 in
920 1839 1066 1874 margine
1080 1839 1115 1868 in
1127 1838 1281 1868 acumine
1293 1843 1473 1868 correctum
1486 1842 1544 1867 est.
1569 1840 1622 1867 Ex
1640 1837 1794 1866 acumine
1806 1837 1858 1866 te-

57 1888 101 1916 cit
113 1888 192 1916 Oud.
217 1893 300 1914 acus
314 1885 470 1913 mim’mae
483 1886 666 1914 sarm'un'ne
678 1888 732 1914 vel
746 1892 828 1913 acus
841 1884 988 1921 spineae.
1036 1882 1142 1912 horas
1157 1886 1192 1912 G.
1208 1883 1237 1913 1.
1285 1882 1519 1922 adaequamus
1533 1884 1569 1913 F.
1584 1885 1614 1911 3.
1630 1884 1665 1911 G.
1683 1884 1711 1911 1.
1724 1884 1755 1910 2.
1769 1883 1807 1911 D.
1821 1883 1858 1911 Ο.

57 1933 94 1961 Ρ.
109 1932 130 1961 f.
154 1934 191 1961 111
204 1935 278 1960 cett.
291 1935 373 1960 MSS.
387 1935 417 1960 et
430 1933 500 1960 edd.
514 1935 590 1960 vett.
610 1935 658 1960 est
678 1929 909 1968 aequacmzus.
957 1930 1119 1957 iunturae
1137 1931 1173 1958 G.
1191 1931 1218 1957 1.
1255 1937 1355 1956 cerae
1367 1937 1423 1964 pro
1437 1931 1531 1956 setae
1544 1925 1572 1956 ὃ.
1611 1924 1861 1965 circumfluente·

57 1979 95 2007 P.
120 1973 390 2013 circumfluentes
403 1979 486 2005 [unt.
500 1978 530 2005 2².
567 1975 768 2012 dempsitale
781 1977 816 2004 G.
830 1977 856 2003 l.
872 1974 910 2003 D.
947 1973 1124 2011 sepit-imus
1136 1976 1220 2003 lunt.
1234 1975 1265 2003 ⁶2.
1279 1982 1332 2008 pro
1345 1982 1406 2008 quo
1420 1974 1585 2010 stipamus
1599 1974 1634 2002 Ο.
1658 1979 1858 2009 separamus

59 2024 94 2051 G.
113 2024 140 2050 1.
189 2029 326 2059 quaqua
340 2023 377 2050 G.
392 2023 422 2049 1.
436 2023 471 2049 0.
508 2029 608 2058 qnam
622 2023 699 2050 Bas.
717 2023 746 2049 1.
781 2019 891 2048 cernis
904 2021 942 2048 Ι).
958 2027 978 2048 a
992 2028 1032 2048 m.
1049 2029 1077 2054 p.
1093 2027 1148 2053 pro
1163 2018 1294 2053 cernar,
1310 2020 1393 2053 quod
1410 2020 1443 2048 in
1458 2019 1604 2054 margine
1618 2026 1638 2047 a
1651 2026 1690 2047 m.
1705 2026 1732 2047 s.
1748 2026 1857 2047 corre-

59 2072 145 2097 otum
163 2071 223 2096 est.
270 2065 399 2094 bestiae
418 2071 509 2095 extat
526 2067 560 2096 in
579 2068 615 2095 F.
635 2068 662 2094 1.
676 2068 707 2095 3.
729 2068 765 2095 G.
780 2067 810 2094 2.
825 2066 862 2094 D.
878 2066 914 2094 Ρ.
929 2065 951 2093 f.
970 2067 1054 2094 lunt.
1068 2066 1098 2093 2.
1115 2065 1198 2093 Cen.
1212 2065 1300 2094 codd.
1315 2069 1346 2093 et
1359 2065 1429 2094 edd.
1443 2068 1519 2094 vett.
1532 2064 1692 2093 omittunt.
1731 2067 1859 2099 exepta

60 2114 96 2144 G.
114 2114 141 2140 1.
155 2114 190 2142 0.
205 2120 232 2140 c.
246 2113 359 2147 glossa
370 2112 574 2140 interlineari
586 2114 717 2149 segata.
767 2113 898 2138 exacta
917 2111 965 2138 ed.
979 2118 1025 2144 pr.
1040 2111 1154 2139 Vener.
1168 2111 1199 2137 2.
1216 2111 1301 2138 lunt.
1318 2111 1346 2137 1.
1360 2110 1436 2138 Am.
1479 2107 1763 2146 praedestinatae
1776 2109 1812 2137 F.
1830 2110 1858 2137 1.

60 2159 96 2186 G.
112 2159 141 2186 1.
155 2159 185 2185 2.
199 2158 237 2185 D.
250 2158 288 2185 R.
302 2157 338 2184 B.
354 2165 382 2192 p.
398 2157 419 2185 f.
433 2153 462 2184 δ’.
477 2158 525 2186 ed.
540 2165 587 2191 pr.
600 2159 684 2185 lunt.
701 2158 729 2185 1.
743 2158 774 2184 2.
788 2156 916 2184 Vieent.
941 2155 1047 2184 Ceteri
1061 2156 1150 2184 codd.
1165 2159 1195 2183 et
1210 2156 1280 2184 edd.
1294 2158 1370 2183 velt.
1391 2153 1587 2182 destinavit.
1636 2163 1704 2191 qua
1717 2154 1861 2190 irrepsit

59 2202 125 2240 legi
138 2210 193 2237 pro
209 2209 309 2239 quam
320 2200 462 2238 irrepsit
474 2202 508 2230 in
522 2201 544 2230 f.
559 2205 587 2230 et
602 2203 641 2230 R.
654 2203 789 2230 adnotat
799 2201 877 2229 Oud.
903 2200 985 2236 Quid
998 2208 1074 2228 vero
1087 2202 1146 2228 hoc
1165 2200 1230 2228 sibi
1243 2200 1319 2228 velit
1330 2222 1337 2236 ‚
1366 2207 1431 2229 non
1450 2200 1613 2235 intelligo,
1639 2207 1737 2233 quum
1756 2207 1859 2236 quam

59 2247 93 2275 in
107 2251 195 2276 textu
209 2254 272 2275 non
292 2247 480 2281 reperiatur.
527 2245 679 2282 irrepsit.
704 2244 782 2283 Ipse
794 2246 831 2274 F.
844 2247 875 2274 3.
923 2242 1119 2272 inchoatum
1133 2253 1162 2280 p.
1188 2244 1335 2273 incoatis
1349 2247 1385 2274 G.
1399 2245 1429 2274 1.
1477 2244 1526 2273 sic
1540 2243 1713 2285 reliquas.
1722 2245 1858 2282 peregi-

58 2299 132 2322 mus
145 2293 181 2322 B.
194 2293 233 2322 R.
247 2293 297 2322 ed.
311 2300 357 2326 pr.
368 2293 452 2320 lunt.
468 2293 497 2320 1.
511 2292 623 2320 Aldin.

61 2391 277 2444 pronuntiat
301 2390 429 2436 Quint.
449 2389 478 2428 Ι.
495 2395 530 2431 7.
555 2389 585 2440 ὁ.
602 2394 666 2431 28.
692 2389 824 2441 ibique
843 2388 927 2427 lntt.
986 2403 1128 2429 nunnus
1161 2389 1326 2430 obedire
1356 2389 1406 2428 (le
1437 2403 1486 2428 eo
1517 2390 1661 2430 dictum
1691 2390 1760 2435 sit,
1793 2389 1858 2440 qui

61 2447 185 2487 Aliter
204 2448 339 2486 statuit
353 2447 487 2485 Scaur.
502 2459 562 2497 ap.
577 2445 739 2486 putsch.
754 2459 790 2497 p.
807 2449 928 2490 2253,
988 2459 1126 2488 munus
1156 2446 1377 2496 impositum
1409 2446 1482 2485 sibi
1515 2451 1554 2485 et
1583 2450 1810 2497 susceptum
1836 2459 1859 2483 e

62 2505 127 2554 qui
163 2508 329 2556 pacunt
358 2504 631 2554 pronuntiasse
666 2506 822 2541 veteres
857 2515 928 2554 pro
989 2501 1216 2540 condicione
1229 2503 1465 2554 exsequitur.
1515 2502 1599 2542 Sed
1612 2516 1729 2553 quum
1747 2503 1859 2542 obire

56 2565 224 2613 pagum
247 2559 418 2612 iudicat]
987 2572 1130 2599 mumts
1153 2557 1394 2610 frequentius
1419 2560 1486 2604 sit,
1512 2559 1551 2597 id
1574 2563 1702 2598 tamen
1729 2559 1862 2610 ipsum

120 2615 312 2656 cmxv.
340 2616 577 2659 obeundum.
629 2615 747 2667 [Mira
760 2618 822 2652 est
835 2618 930 2665 optt.
991 2614 1191 2654 offensioni
1217 2620 1297 2661 est,
1334 2616 1438 2667 quod
1463 2615 1619 2661 librarii,
1645 2629 1709 2654 cur
1739 2615 1858 2666 plane

65 2672 177 2715 codd.
196 2672 310 2714 lectio
332 2673 612 2717 obediendum,
632 2685 748 2722 quam
767 2671 830 2710 hic
842 2684 931 2710 eon·
989 2671 1212 2713 inusitatam
1238 2672 1406 2712 obedire
1431 2672 1719 2718 substituerint,
1751 2671 1859 2710 nulla

63 2731 209 2771 stanter
225 2729 402 2774 retinent,
421 2730 649 2779 praesertim
664 2741 781 2779 quum
793 2729 828 2767 iu
843 2726 937 2769 aliis
990 2740 1133 2771 caussa
1156 2731 1288 2779 potest
1305 2728 1442 2770 afferri.
1501 2727 1543 2769 ln
1561 2732 1713 2768 textum
1727 2732 1857 2767 tamen

63 2783 219 2836 Apuleii
241 2785 336 2824 locis
349 2785 489 2824 eadem
502 2786 553 2823 sit
576 2786 790 2835 scripturae
808 2783 931 2822 ‹liver-
988 2784 1165 2835 recipere
1186 2799 1261 2824 non
1286 2785 1431 2831 audeo,
1457 2785 1530 2823 nisi
1555 2784 1643 2824 aliis
1663 2784 1856 2836 exemplis

65 2840 174 2887 sitas,
193 2854 309 2893 quam
328 2841 420 2881 alibi
438 2845 592 2893 praeter
611 2840 737 2878 locum
756 2839 839 2878 Liv.
861 2838 928 2878 1·V.
988 2840 1185 2893 firmetur]

67 2899 104 2939 Ἰ.
122 2897 152 2948 ᾗ.
167 2901 203 2939 2.
228 2911 420 2948 nusquam
446 2898 655 2936 observare
679 2900 856 2947 poteram
881 2895 930 2934 cf.
1046 2897 1196 2937 subivit
1217 2897 1355 2938 aleam.
1417 2897 1481 2950 [cf.
1509 2897 1608 2937 Cort.
1634 2897 1686 2939 ad
1708 2897 1857 2938 Lucan.

66 2949 162 2994 Met.
189 2953 291 2992 Vni.
324 2968 361 3005 p.
393 2957 486 2994 527.
517 2953 567 2992 X.
599 2967 637 3004 p.
671 2957 763 2994 710.
801 2952 850 2990 de
880 2952 930 2991 D.
989 2951 1058 2991 Vl.
1085 2957 1121 2993 7.
1146 2955 1293 2993 subicit
1315 2954 1363 2992 ef.
1387 2968 1424 3006 p.
1452 2954 1565 3006 284]

69 3006 235 3060 Soet-sp.
254 3014 343 3053 136.
403 3009 573 3048 Desendi
597 3013 729 3060 potest
754 3009 931 3054 obedire,
1041 3011 1386 3061 praedestinatae.
1433 3009 1491 3048 lta
1510 3014 1639 3050 contra
1660 3011 1745 3050 cod.
1759 3010 1804 3050 F.
1819 3016 1856 3052 3.

69 3064 172 3112 quod
200 3067 248 3104 ab
278 3066 387 3105 Afris
412 3066 636 3105 accusativo
667 3065 851 3115 iungitur,
883 3065 933 3102 de
991 3065 1175 3116 optimum
1219 3080 1305 3105 cum
1353 3067 1492 3105 ceteris
1539 3064 1643 3106 Mss.
1686 3069 1856 3107 scriben-

68 3129 143 3169 qno
173 3134 247 3160 usu
275 3136 388 3174 agam
420 3123 470 3162 ad
493 3122 588 3161 Met.
613 3121 664 3161 X.
690 3135 727 3173 p.
755 3125 862 3167 710„
891 3125 935 3160 ut
990 3121 1084 3160 dum
1109 3136 1201 3161 esse
1228 3123 1317 3160 (luxi
1342 3123 1585 3174 suspicatus,
1609 3123 1708 3163 hanc
1727 3125 1856 3164 lectio-

1874 672 1893 704 {0

1898 671 1915 704 *1

1920 671 1939 703 w

1879 1135 1899 1169 (ὗ
