2155 3590
476 137 667 178 LIBER
694 137 767 179 XI.
828 137 956 178 CAP.
987 136 1172 178 Xxvll.
1200 135 1413 176 XXVIII.
1733 133 1842 176 1087

54 255 162 289 ratus
188 249 354 290 conveni
379 250 557 304 protinus
583 264 692 300 eum,
725 264 821 292 sane
852 264 924 291 nec
948 250 1074 305 ipsum
1099 248 1220 290 futuri
1245 247 1438 290 sermonis
1468 247 1669 301 ignarum:
1704 246 1842 300 quippe

53 305 273 345 iamdudum
298 306 492 347 consimili
516 314 722 362 praecepto
747 320 950 348 sacrorum
969 306 1314 347 ministrandorum
1335 304 1698 346 commonefactum.
1737 301 1842 343 Nam

53 360 129 400 sibi
152 361 261 402 visus
287 369 347 403 est
370 362 499 416 quiete
523 363 721 417 proxima,
749 364 837 403 dum
862 377 1005 416 magno
1031 363 1102 404 deo
1127 375 1294 402 coronas
1319 367 1502 415 exaptat,
1529 367 1569 400 et
1592 360 1639 400 de
1663 358 1748 400 eius
1773 372 1843 399 ore

53 431 130 470 quo
166 417 411 471 singulorum
446 419 528 458 fata
565 419 686 460 dictat
720 420 897 470 audisse,
936 419 1036 459 mitti
1066 418 1142 459 sibi
1169 417 1495 467 Madaurensem,
1534 417 1602 456 sed
1637 415 1842 456 admodum

53 486 283 527 pauperem,
311 474 374 515 cui
398 475 529 515 statim
555 489 626 516 sua
651 489 764 516 sacra
797 476 956 516 deberet
985 475 1232 515 ministrare:
1260 488 1349 514 nam
1374 481 1414 514 et
1435 473 1492 514 illi
1517 472 1733 514 studiorum
1760 472 1842 526 glo-

54 532 153 570 riam
177 536 218 571 et
238 530 314 585 ipsi
338 531 487 585 grande
513 532 780 587 compendium
806 546 877 573 sua
901 531 1121 587 comparari
1141 529 1149 587 Ι
1171 530 1431 586 providentia.

523 692 560 740 C
641 693 687 740 A
742 693 781 739 P
839 693 881 740 U
940 692 984 745 T
1086 691 1386 739 XXVIII.

167 800 230 840 Ad
254 800 372 840 istum
399 801 553 840 modum
580 802 796 856 desponsus
817 801 941 842 sacris
956 808 1177 855 sumptuum
1197 801 1388 842 tenuitate
1407 806 1545 841 contra
1564 807 1701 840 votum
1717 813 1843 839 meum

54 856 300 899 retardabar.
348 854 454 897 Nam
479 864 519 897 et
543 857 731 899 viriculas
757 858 981 913 patrimonii
1011 857 1343 912 peregrinationis
1368 856 1603 898 attriverant
1626 856 1841 911 impensae,

46 984 172 1025 futuri
185 992 219 1013 xe
232 985 396 1013 sermonis
409 986 446 1014 P.
493 984 596 1013 simili
609 995 637 1021 p.
687 986 797 1024 quiete
816 987 1035 1023 permaxima
1047 982 1076 1015 δ.
1091 994 1120 1021 p.
1170 984 1297 1024 magico
1317 984 1376 1013 deo
1395 987 1435 1015 R.
1455 985 1480 1015 f.
1525 987 1656 1022 exapta
1675 984 1697 1013 f.
1736 983 1845 1022 facta

54 1032 91 1060 F.
109 1032 135 1058 1.
150 1032 181 1059 3.
196 1032 232 1059 G.
245 1032 283 1060 D.
299 1029 332 1059 B.
347 1031 417 1059 edd.
437 1034 512 1059 vett.
533 1035 563 1059 et
582 1032 653 1060 sine
674 1033 770 1061 dubio
788 1040 899 1061 omnes
919 1033 1010 1060 codd.
1027 1031 1117 1068 fala
1137 1033 1326 1060 emendabat
1347 1030 1510 1067 uernam„
1535 1039 1630 1065 quem
1647 1029 1751 1058 secuti
1770 1033 1847 1058 sunt

54 1077 134 1105 Edd.
147 1077 232 1105 Iunt.
248 1077 276 1104 1.
291 1077 322 1104 2.
335 1076 411 1104 ΑΜ.
424 1076 520 1104 Vulc.
535 1077 565 1104 2.
583 1078 691 1105 u'ow.
705 1079 788 1106 Elm.
800 1076 1066 1106 scrivenFtorid.
1081 1077 1216 1111 Lipsius
1228 1077 1261 1105 in
1273 1084 1372 1112 marg.
1387 1076 1470 1105 idem
1481 1076 1629 1104 coniecit.
1664 1072 1756 1101 ditat
1764 1075 1845 1102 G.P.

55 1119 148 1148 dicta
168 1119 201 1147 Β.
248 1118 401 1149 audisset
417 1121 453 1150 F.
474 1122 503 1149 1.
526 1119 559 1149 B.
580 1123 650 1150 edd.
669 1126 745 1150 ante
765 1122 857 1150 Colv.
903 1122 980 1148 miti
991 1123 1026 1150 0.
1074 1119 1356 1149 Mandaurensem
1376 1121 1396 1150 f.
1415 1122 1464 1150 ed.
1478 1129 1526 1156 pr.
1539 1121 1667 1150 Vicent.
1680 1120 1794 1149 Venet.
1815 1120 1845 1147 2².

55 1164 313 1194 Mandorensem
325 1168 362 1195 L.
387 1164 646 1194 mandarem-em
661 1168 696 1195 G.
710 1169 748 1195 D.
796 1165 936 1194 admodo
951 1168 986 1196 0.
1034 1164 1118 1193 illud
1132 1169 1215 1196 lunt.
1233 1169 1260 1195 1.
1274 1169 1306 1196 2.
1318 1167 1393 1196 Ald.
1440 1173 1641 1203 comparare
1655 1165 1677 1193 f.

144 1209 364 1248 disponsusP.
389 1209 558 1247 desponsis
566 1213 602 1240 L.
611 1213 649 1240 D.
659 1216 686 1240 et
697 1214 732 1240 G.
743 1234 750 1247 ‚
765 1212 861 1240 cuius
873 1211 1030 1241 librarius
1043 1212 1133 1246 prius
1145 1212 1322 1246 scripserat
1335 1210 1528 1248 desponsus,
1541 1215 1654 1246 postea
1665 1217 1741 1238 vero
1755 1210 1811 1238 uni
1826 1217 1847 1236 u

54 1257 184 1285 litterae
195 1256 345 1292 virgulae
358 1257 528 1291 supposuit
544 1261 712 1295 punctum,
727 1265 789 1291 quo
802 1257 975 1292 indicatur.
989 1259 1073 1286 lianc
1086 1264 1159 1286 esse
1173 1258 1351 1286 delendam.
1383 1263 1564 1293 responsus
1577 1264 1607 1291 p.
1638 1254 1732 1283 m'rca
1743 1255 1791 1284 ed.
1802 1262 1847 1288 pr.

54 1302 183 1330 Vicent.
196 1302 310 1330 Venet.
323 1303 355 1330 2.
375 1303 459 1330 Iunt.
475 1303 503 1330 1.
517 1302 593 1330 ΑΜ.
613 1303 690 1330 Bas.
709 1304 748 1330 de
761 1310 865 1338 more3
889 1302 1073 1331 emendavit
1091 1302 1156 1331 iam
1169 1304 1360 1331 Beroaldus.
1407 1299 1616 1329 recordabar
1638 1309 1668 1336 p.
1715 1302 1748 1326 et
1773 1303 1849 1327 ante

56 1345 220 1374 viriculas
234 1354 297 1375 non
310 1350 473 1381 comparet
491 1347 525 1375 in
539 1348 613 1377 edd.
627 1351 703 1375 ante
716 1347 806 1375 Colv.
821 1344 849 1376 ὃ.
864 1355 894 1382 p.
942 1345 1107 1374 ruriculas
1122 1349 1159 1376 G.
1172 1348 1211 1375 D.
1225 1349 1273 1376 ed.
1288 1355 1334 1382 pr.
1348 1347 1474 1376 Vicent.
1486 1347 1600 1375 Venet.
1614 1347 1646 1376 2.
1680 1343 1849 1373 vt‘larulass

55 1393 99 1420 al.
135 1390 299 1419 viriculas
311 1392 347 1421 P.
384 1390 536 1419 vinculus
548 1392 583 1421 Ο.
627 1391 921 1429 peregrinationes
933 1392 970 1421 F.
983 1393 1015 1420 3.
1029 1394 1065 1421 G.
1079 1393 1117 1421 D.
1132 1393 1169 1422 L.
1194 1394 1231 1421 In
1250 1397 1323 1421 cett.
1339 1391 1639 1430 peregrinationis.
1686 1392 1849 1418 attenua-

55 1439 178 1464 verant
190 1437 228 1466 B.
271 1436 565 1474 peregrinationes
579 1436 717 1465 urbicae
736 1438 772 1466 B.

58 1547 247 1597 gaverim,
277 1546 439 1585 consilio
470 1546 546 1585 hoc
578 1561 715 1586 nomen
750 1547 925 1598 elegisse

57 1602 271 1653 Apuleium
286 1602 351 1640 vel
369 1603 404 1641 si
422 1604 547 1642 mavis
567 1604 681 1642 (leam
701 1603 862 1648 Isidem,
886 1607 928 1642 ut

58 1659 244 1710 pristinae
284 1659 513 1698 calamitatis
548 1658 714 1697 Lucium
744 1659 926 1697 admone-

59 1719 127 1753 ret.
163 1714 268 1754 Nam
293 1715 457 1755 Asinius
480 1714 629 1753 adludit
653 1715 703 1754 ad
728 1715 825 1754 asini
851 1714 927 1753 for-

58 1783 174 1818 mam,
199 1784 276 1822 qua
299 1776 414 1810 antea
436 1771 584 1810 Lucius
609 1771 764 1810 indutus
790 1771 928 1818 fuerat,

61 1827 304 1872 ῘΙΙανεεῖῖαε,
346 1827 621 1866 deminutivum
663 1828 803 1868 Marci
842 1827 866 1866 i.
892 1841 928 1866 e.

60 1885 189 1924 macri
217 1897 241 1922 a
269 1898 434 1924 marceo
465 1884 730 1923 condicionem
765 1885 929 1922 miserri-

60 1952 164 1978 mam
181 1940 323 1979 indicat
342 1954 456 1992 quam
477 1945 592 1979 antea
605 1954 822 1992 perpessus
836 1944 928 1979 erat.

62 1995 165 2034 Oud.
190 1996 379 2048 indigitari
405 1996 554 2035 videtur
584 1996 684 2035 fitius
722 1996 770 2043 Q.
797 1996 931 2036 Asinii

61 2052 277 2099 Marcelli,
308 2054 418 2092 cuius
451 2066 591 2091 nomen
617 2053 752 2092 crebro
777 2054 811 2090 in
838 2066 929 2104 ope-

62 2109 168 2147 ribus
182 2109 393 2148 doliaribus
408 2114 601 2154 occurrat,
628 2116 667 2147 et
681 2109 837 2160 quidem
855 2109 930 2147 sub

62 2164 227 2205 Paetino
253 2169 292 2204 et
315 2166 539 2216 Apromano
566 2164 680 2205 Coss.
710 2169 820 2212 123„
850 2164 930 2205 Ha-

64 2221 196 2260 driano
220 2222 451 2274 imperante3
491 2222 595 2273 apud
618 2221 805 2261 Murator.
836 2226 931 2267 321,

67 2282 131 2318 11.
167 2282 262 2325 498,
299 2283 336 2327 2.
374 2282 502 2325 2014,
539 2282 577 2319 9.
615 2278 706 2318 Gor.
742 2277 931 2330 Inscriptt.

63 2333 189 2373 Etrur.
215 2334 261 2374 T.
287 2335 315 2374 l.
340 2349 377 2387 p.
404 2335 515 2387 442]

121 2392 226 2430 mitti
255 2392 332 2431 siba·
362 2392 687 2431 Madaurensem.
736 2390 822 2443 [De
846 2390 883 2429 h.
908 2390 934 2429 l.

105 2477 115 2486 .
141 2447 178 2486 in
204 2446 359 2499 Proleg.
386 2447 487 2486 Oud.
514 2447 612 2486 haee
635 2447 809 2485 adnotat:
842 2446 934 2486 Tur-

66 2505 165 2555 piter
188 2503 251 2543 hic
274 2505 335 2542 sui
361 2504 503 2542 oblitus
529 2508 593 2542 est
616 2504 822 2555 Apuleius.
860 2502 936 2550 Qui

67 2560 169 2598 enim
199 2558 476 2600 Madaurensis
508 2564 586 2605 est,
620 2560 684 2611 qui
708 2563 790 2598 toto
817 2573 937 2612 opere

67 2630 114 2655 se
138 2616 245 2655 finxit
274 2630 369 2655 esse
392 2616 556 2655 Lucium
581 2616 773 2655 Graecum
803 2617 853 2656 ab
883 2617 935 2655 in-

68 2673 159 2712 clito
182 2671 395 2712 Plutarcho
421 2672 631 2711 oriundum.
702 2671 814 2711 Haec
838 2686 936 2711 sane

71 2742 145 2768 non
159 2730 399 2768 conveniunt.
425 2728 571 2767 Melius
586 2726 743 2767 fabulae
757 2733 936 2768 eventum

70 2789 195 2824 narrat
205 2785 402 2825 Lucianus
415 2786 500 2823 sive
513 2785 690 2836 quisquis
702 2784 814 2823 istius
827 2798 936 2836 grae-

70 2854 141 2880 cae
164 2841 215 2881 de
239 2843 355 2882 asino
380 2840 535 2881 fabulae
558 2844 691 2880 auctor
713 2840 812 2893 est]

127 2896 216 2938 Cn.
240 2896 427 2937 XXVIII.
477 2902 705 2949 sumptuum
734 2898 936 2938 tenuitate.

72 2953 286 3006 [Sumptus
311 2954 386 2994 hoc
411 2955 496 2994 loco
516 2967 584 3006 pro
604 2954 777 3005 pecuniis
796 2953 937 2993 dictum

71 3014 153 3057 est;
177 3023 293 3061 quam
316 3011 632 3063 significationem
655 3009 787 3048 multis
810 3023 938 3052 exem-

71 3066 150 3117 plis
184 3067 357 3107 muniunt
398 3068 518 3107 Salm.
562 3070 602 3105 et
637 3064 856 3106 Casaubon.
887 3067 938 3107 ad

73 3122 202 3175 Spart.
226 3122 346 3163 Hadr.
372 3137 403 3163 c.
430 3129 466 3165 7.
493 3122 538 3162 T.
563 3121 590 3162 I.
615 3136 655 3175 p.
680 3122 768 3176 69.]

1042 1546 1243 1587 viriculas.
1271 1546 1410 1600 [Vires
1436 1560 1522 1585 cum
1547 1546 1597 1584 de
1623 1545 1849 1597 patrimonio

984 1607 1064 1643 tum
1094 1603 1143 1641 de
1179 1605 1343 1654 pecunia
1376 1604 1552 1654 usurpari
1587 1602 1852 1641 demonstrant

985 1660 1072 1699 Intt.
1096 1660 1144 1697 ad
1169 1658 1476 1698 Ovid.1l1et.lX.
1493 1663 1585 1700 677.
1609 1656 1708 1697 Plin.
1725 1657 1849 1709 Epist.

985 1714 1036 1754 X.
1062 1719 1127 1756 92.
1175 1716 1294 1767 Apul.
1326 1715 1422 1754 Met.
1447 1715 1514 1753 IV.
1539 1729 1578 1767 p.
1603 1718 1698 1756 269.
1717 1715 1849 1767 patri-

985 1773 1111 1810 monii
1134 1771 1356 1824 viribus]

1038 1828 1390 1880 pereyrinationis
1426 1828 1666 1867 attriverant
1699 1828 1851 1879 impen-

986 1898 1066 1924 sae.
1097 1883 1283 1936 [Primum
1308 1888 1438 1923 contra
1463 1883 1576 1923 codd.
1601 1883 1770 1936 optimos
1793 1895 1852 1920 re-

986 1941 1077 1979 tinui
1104 1940 1310 1980 lectionem
1330 1941 1680 1993 pereyrinationis
1698 1941 1851 1991 impen—

988 2011 1065 2037 sae.
1104 1995 1350 2048 Quamquam
1376 1998 1473 2035 enim
1493 1997 1853 2049 peregrinationes

988 2053 1089 2092 sumi
1137 2057 1270 2104 potest
1309 2053 1359 2091 de
1399 2067 1499 2098 una,
1552 2065 1669 2103 quam
1705 2051 1853 2103 Apule-

988 2111 1048 2148 ius
1084 2122 1135 2148 ex
1169 2109 1305 2148 Africa
1339 2110 1375 2147 in
1407 2108 1555 2148 Italiam
1594 2108 1702 2153 fecit,
1738 2121 1854 2159 quum

991 2166 1053 2205 hic
1087 2180 1162 2204 non
1198 2165 1310 2204 Lucii
1346 2164 1513 2217 amplius
1552 2165 1626 2204 sed
1661 2178 1755 2203 suas
1789 2177 1855 2202 res

991 2226 1159 2268 enarret,
1184 2226 1225 2260 ut
1248 2223 1283 2260 in
1309 2221 1605 2274 prolegomenis
1629 2224 1856 2273 exponetur,

992 2284 1119 2318 tamen
1135 2279 1281 2324 dubito,
1289 2279 1647 2331 pereyrinatimzes
1658 2279 1856 2329 impensas

993 2336 1066 2374 dici
1094 2349 1217 2386 posse
1246 2349 1316 2386 pro
1345 2335 1497 2386 magnis
1531 2338 1571 2373 et
1605 2333 1855 2385 sumptuosis.

994 2391 1160 2438 Quoties
1183 2395 1345 2443 utraque
1368 2405 1407 2431 es
1432 2395 1472 2430 et
1488 2392 1522 2430 is
1539 2390 1752 2429 terminatio
1768 2403 1854 2428 con-

994 2448 1194 2493 fundatur,
1220 2448 1387 2499 quisque
1411 2448 1605 2499 cognitum
1629 2446 1765 2492 habet,
1791 2446 1854 2496 qui

995 2506 1032 2543 in
1056 2505 1168 2544 codd.
1195 2508 1373 2543 versatus
1398 2508 1478 2551 est,
1515 2505 1573 2542 cui
1604 2503 1658 2542 rei
1683 2514 1855 2553 sequens

996 2562 1255 2613 erogationes
1289 2564 1514 2612 argumento
1551 2564 1631 2605 est,
1675 2572 1742 2610 pro
1779 2571 1855 2609 quo

994 2616 1098 2656 Pith.
1123 2617 1245 2656 habet
1267 2618 1530 2670 eroyatio‘nis.
1561 2615 1660 2654 Tum
1678 2620 1856 2655 attenua-²

996 2678 1137 2713 verant
1158 2687 1227 2724 pro
1254 2673 1495 2724 glossemate
1519 2673 1647 2712 habeo
1671 2671 1781 2710 vocis
1800 2675 1857 2710 at·

994 2732 1206 2776 triverant,
1243 2729 1347 2781 quod
1381 2729 1611 2768 vocabulum
1642 2728 1716 2766 hae
1744 2729 1779 2766 in
1816 2740 1859 2764 re

995 2787 1157 2837 saepius
1171 2785 1309 2836 legitur
1318 2800 1327 2832 ;
1341 2785 1389 2824 cf.
1400 2785 1483 2824 Intt.
1497 2785 1546 2824 ad
1555 2784 1710 2824 Petron.
1721 2797 1753 2822 c.
1765 2789 1782 2824 1
1793 2788 1811 2823 1
1820 2786 1856 2824 6.

997 2842 1066 2881 Sil.
1081 2841 1149 2881 Vl.
1173 2846 1266 2883 301.
1293 2841 1489 2881 Claudian.
1515 2841 1644 2892 Epigr.
1672 2842 1734 2880 16.
1759 2839 1859 2879 Plin.

998 2898 1126 2950 Epist.
1139 2897 1208 2938 IX.
1221 2901 1287 2938 33.
1301 2898 1380 2945 fin.;
1405 2898 1625 2948 neutiquam
1645 2910 1736 2935 vero
1755 2909 1860 2935 com-

996 2954 1144 2994 moveri
1157 2967 1338 3005 possum,
1362 2957 1404 2991 ut
1416 2967 1502 2993 cum
1515 2952 1617 2992 Oud.
1631 2953 1718 2991 hinc
1732 2951 1858 3003 legam

997 3015 1266 3055 atteruerant,
1290 3014 1333 3048 ut
1355 3008 1453 3048 Met.
1466 3008 1569 3047 VIII.
1594 3023 1631 3060 p.
1647 3012 1740 3050 56⁹.
1767 3022 1859 3048 cou-

997 3067 1119 3112 terui,
1145 3079 1259 3116 quam
1273 3065 1531 3104 coniecturam
1543 3064 1648 3105 Oud.
1666 3065 1739 3103 iam
1752 3065 1860 3115 prius

997 3122 1200 3176 proposuit
1216 3123 1252 3160 in
1271 3120 1386 3161 Misc.
1405 3120 1572 3161 observ.
1585 3120 1676 3160 Vol.
1690 3119 1756 3160 IV.
1771 3119 1816 3162 T.
1830 3119 1858 3162 l.

1866 531 1930 564 813
