2155 3590
727 128 755 167 C
780 129 818 167 A
843 127 876 166 P
902 127 938 166 U
964 126 996 165 T
1079 124 1155 165 ΙΙΙ.
1706 135 1838 160 Lxxrx

42 243 174 285 MCC
179 242 214 284 C
219 241 254 283 C
260 242 323 283 CI
326 244 368 283 V.
395 244 463 283 die
500 240 576 282 XI.
607 243 749 281 mensis
780 241 1027 281 Novembris.
1070 238 1118 277 ef.
1149 239 1245 276 inter
1282 236 1458 275 incunab.
1490 236 1582 274 artis
1612 239 1768 288 typogr.
1802 248 1839 272 n.

46 300 258 341 CCXXVI.
278 302 314 339 in
333 300 435 339 Bibl.
460 297 692 338 Uffenbaeh.
718 298 764 336 T.
790 298 835 337 Il.
861 298 965 350 App.
990 311 1028 349 p.
1042 299 1107 337 79.

159 373 276 410 1510.
333 368 488 406 Veneta
512 366 580 413 V.,
608 365 673 404 sol.
699 366 837 404 eadem
863 379 946 404 cum
972 364 1102 416 figuris
1125 363 1274 402 noviter
1298 361 1440 400 additis
1465 360 1647 399 exstabat
1675 361 1710 398 in
1736 357 1839 398 Bibl.

44 426 254 466 Schwarzii
278 423 381 464 Prof.
406 422 547 463 Altorf.
573 422 618 462 P.
643 422 670 461 l.
696 437 735 475 p.
763 427 871 469 107..
896 437 930 460 n.
963 425 1080 462 1778.

157 497 276 535 1510.
335 491 510 530 Parisina
534 490 581 535 l.,
608 495 645 530 4.
673 490 849 529 eiusdem
874 490 1064 542 repetitio.

157 565 278 602 1512.
337 559 514 599 Parisina
538 558 602 603 IL,
629 557 696 597 fol.
716 558 962 596 nitidissima:
988 555 1334 608 Metamorphoses
1355 567 1439 592 cum
1465 552 1635 605 Philippi
1654 550 1841 591 Beroaldi

42 618 327 658 commentariis
353 621 426 655 etc.
451 629 514 667 ap.
540 614 594 653 lo.
619 614 844 667 Philippum
868 614 1111 666 Magistrum.

154 700 185 725 s.
212 700 245 724 a.
305 684 428 724 Paris.
454 688 490 724 4.
517 697 601 722 cum
627 682 812 721 Beroaldi
838 682 1085 734 argumentis.

157 758 275 795 1512.
333 752 483 791 Iuntina
513 751 539 789 Ι.
574 756 636 792 12.
667 750 731 788 vel
762 764 880 801 parvo
913 754 950 791 8.
1010 748 1059 788 L.
1089 747 1271 801 Apuleio
1303 748 1354 787 de
1378 744 1511 785 Asino
1542 759 1666 785 aureo
1691 742 1842 784 Libelli

45 810 120 852 XI.
147 810 411 850 Floridoram
435 807 485 847 L.
513 807 587 847 IV.
621 808 685 846 De
712 808 916 859 Dofflnate
941 805 1124 846 Platonis
1149 804 1275 844 Liber
1300 805 1451 845 unicus.
1488 803 1553 842 De
1573 801 1843 854 philosophia

41 870 133 907 item
157 865 282 907 Liber
306 869 459 907 unicus.
519 864 708 916 Asclepii
731 862 936 904 illei-curii
961 864 1211 916 Trismeyisti
1236 861 1444 913 Dialoyus
1468 860 1520 899 cle
1550 859 1754 898 voluntate
1779 857 1843 896 cli-

42 927 153 970 rina,
185 926 406 975 interprete
438 920 485 961 L.
512 921 706 973 Apuleio.
767 919 962 960 Eiusdem
986 920 1236 972 Trismeyisti
1262 917 1470 970 Dialoyus
1500 916 1552 955 (Ie
1580 919 1783 967 potestate
1808 919 1846 953 et

42 981 246 1033 sapientia
277 980 374 1026 Dei,
406 980 625 1031 interprete
654 976 848 1017 Marsilio
879 978 1038 1016 Ficino.
1104 975 1278 1027 Apaleii
1310 975 1527 1014 Orationes
1559 972 1666 1013 duae
1691 985 1774 1024 pro
1805 984 1845 1009 se

43 1040 146 1090 ipso,
204 1035 252 1076 L.
275 1034 448 1088 Apuleii
465 1033 795 1088 Cosmoyraphia
821 1036 900 1074 sire
925 1035 975 1073 de
1001 1033 1154 1072 mundo
1173 1030 1309 1071 Liber.
1328 1031 1579 1074 Florentiae,
1605 1029 1723 1081 apud
1739 1025 1843 1066 Phil.

43 1094 204 1134 Iuniam
232 1093 348 1141 (Phil.
375 1093 424 1131 de
451 1093 606 1135 Giunta)
640 1096 757 1132 1512.
817 1090 874 1128 Ita
898 1090 1031 1129 titulus
1058 1089 1235 1128 scribitur
1259 1088 1362 1139 apud
1389 1087 1575 1126 Clement.
1602 1099 1637 1137 p.
1665 1089 1756 1126 438.
1795 1083 1844 1123 cf.

44 1152 167 1191 Catal.
193 1151 242 1189 de
267 1149 466 1189 Crevenna
493 1164 524 1187 n.
552 1152 672 1189 5367.

159 1222 275 1260 1516.
336 1217 600 1268 Argentorati‚
628 1220 665 1255 4.
725 1212 772 1254 L.
799 1213 974 1266 Apuleii
995 1214 1259 1253 Floridorum
1291 1210 1410 1251 Libri
1440 1211 1532 1257 IV„
1559 1211 1610 1250 (le
1642 1210 1847 1262 Doymate

44 1274 230 1315 Platonis
256 1275 357 1314 lt'ber
381 1287 500 1318 unus,
526 1274 578 1311 de
602 1270 875 1323 Philosophia
901 1272 1136 1314 liberantis,
1162 1271 1202 1307 in
1227 1269 1371 1321 quibus
1384 1270 1569 1308 restituta
1592 1267 1848 1307 Graecanica

46 1333 265 1386 quaedam,
299 1344 403 1383 quae
433 1332 475 1368 in
507 1329 676 1382 reliquis
704 1331 795 1380 fere
829 1328 1010 1367 omnibus
1041 1326 1343 1378 exemplaribus
1367 1325 1657 1363 desiderantur
1684 1323 1849 1370 (editore

43 1389 129 1429 Nic.
157 1387 362 1438 Gerbelio)
388 1385 613 1439 Aryentor.
638 1386 681 1423 in
706 1385 798 1424 aed.
826 1384 1015 1425 Schurer.
1046 1408 1093 1413 —
1123 1383 1211 1421 Vid.
1229 1382 1309 1421 Cat.
1325 1381 1420 1420 Bibl.
1443 1381 1542 1419 Bun.
1564 1379 1610 1421 T.
1630 1379 1658 1420 l.
1678 1378 1847 1419 VoLIll.

42 1460 79 1498 p.
105 1449 228 1487 2134.
255 1448 294 1483 et
318 1444 571 1495 Hamberger.
598 1442 620 1481 Ι.
647 1442 670 1481 l.
696 1457 734 1494 p.
761 1445 855 1482 348.

162 1517 278 1555 1516.
338 1512 492 1550 Veneta
519 1510 603 1557 Vl„
630 1511 695 1549 sol.
730 1524 815 1549 cum
848 1509 1031 1548 Beroaldi
1066 1507 1210 1547 Comm.
1237 1511 1275 1546 et
1301 1507 1362 1558 fig.
1390 1504 1554 1544 Venalis
1581 1509 1663 1544 erat
1686 1506 1721 1543 in
1747 1504 1848 1543 Bibl.

43 1570 329 1610 Harscheriana
352 1569 476 1608 Basil.
502 1582 561 1607 an.
593 1571 717 1614 1769,
742 1581 780 1619 p.
806 1571 899 1607 218.

161 1643 280 1680 1518.
341 1636 522 1676 Parisiis.
550 1641 585 1677 4.
613 1635 787 1682 Florida,
815 1648 863 1674 ex
889 1635 1144 1687 castigatione
1168 1631 1230 1672 Io.
1258 1631 1414 1687 Pyrrhi
1437 1629 1768 1684 Enylebermaei,
1802 1641 1852 1667 ex

44 1696 197 1735 officina
220 1696 416 1735 Ascensii.

89 1854 276 1896 AETAS
306 1853 352 1895 II.
410 1851 887 1894 ALDINo-IUNTINA
923 1854 1221 1893 1521—1533.
1288 1845 1807 1887 HENRlco-PETRINA

565 1923 605 1961 S.
637 1919 1001 1961 BASILEENSlS
1036 1920 1334 1960 1533—1585.

161 2038 320 2078 Scilicet
345 2051 407 2077 an.
440 2040 541 2078 1521
572 2034 711 2076 Aldus
736 2035 946 2087 Apuleium
972 2033 1247 2073 accuratiorem
1273 2031 1396 2076 dedit,
1422 2029 1554 2069 addito
1575 2028 1730 2068 Alcinoi
1756 2027 1851 2066 libro

49 2095 212 2135 Graece.
273 2094 354 2133 Sed
380 2091 766 2132 BERNARDUS
792 2088 1267 2134 PHILOMATHES,
1299 2087 1472 2127 luntinae
1496 2085 1543 2126 ll.
1568 2089 1736 2131 curator,
1766 2098 1854 2123 eam

48 2153 98 2191 ad
123 2151 377 2190 vetustissimi
404 2149 560 2188 Codicis
585 2149 700 2187 fidem
727 2149 855 2187 denuo
881 2162 927 2186 se
952 2147 1138 2197 exegisse
1162 2146 1370 2197 profitetur.
1431 2145 1603 2183 Secutus
1628 2143 1716 2181 inde
1742 2148 1853 2194 typo-

49 2207 221 2261 graphus
252 2207 419 2246 celebris
456 2206 701 2245 Basileensis
735 2206 940 2245 Henricus
963 2202 1105 2243 Petrus
1137 2202 1242 2241 dedit
1272 2203 1431 2254 primam
1465 2204 1589 2242 1533:
1627 2212 1728 2251 quae
1765 2213 1855 2237 cura

48 2266 187 2305 Illarci
213 2265 411 2317 Hopperi
445 2263 581 2302 melior
618 2267 656 2301 et
691 2262 875 2300 Beroaldi
913 2260 1059 2300 Comm.
1096 2264 1210 2298 aucta
1245 2273 1304 2298 an.
1343 2262 1448 2299 1560
1479 2257 1629 2310 prodiit.
1690 2256 1853 2295 Parisiis

49 2335 205 2373 quoque
243 2325 335 2372 post
371 2320 476 2360 illam
515 2320 610 2359 Sim.
648 2316 835 2358 Colinaei
870 2317 993 2365 1536,
1031 2317 1173 2369 prodiit
1202 2316 1461 2368 praestantior
1494 2316 1619 2354 Henr.
1652 2313 1854 2365 Stephani

52 2383 169 2419 1585.
230 2377 290 2416 Ex
328 2390 404 2428 quo
442 2381 569 2415 autem
608 2375 854 2414 Stewechius
892 2390 952 2415 an.
994 2378 1099 2415 1586
1136 2373 1404 2426 publicaverat
1439 2386 1533 2410 suas
1570 2372 1605 2409 in
1643 2370 1853 2422 Apuleium

50 2435 314 2482 Quaestiones
353 2438 392 2472 et
430 2433 699 2477 coniecturas,
737 2436 856 2483 atque
892 2431 1077 2470 adhibere
1115 2433 1230 2470 etiam
1267 2430 1329 2469 alii
1368 2429 1496 2467 lumen
1529 2427 1698 2479 Apuleio
1736 2439 1852 2478 quum

49 2493 293 2543 coepissent,
319 2492 481 2530 suborta
506 2496 568 2529 est
593 2503 693 2528 nova
719 2493 831 2528 aetas
856 2502 982 2540 eaque
1008 2489 1128 2527 tertia.

165 2564 283 2600 1521.
343 2559 540 2604 venetiis,
573 2563 610 2599 8.
653 2555 702 2596 L.
734 2555 907 2609 Apuleii
938 2554 1334 2608 illetamorphoseos,
1367 2555 1446 2593 sice
1479 2553 1586 2593 lusus
1612 2549 1734 2590 Asini
1759 2550 1854 2589 libri

51 2615 129 2656 XI.
159 2616 422 2656 Floridorunz
449 2616 544 2655 libri
568 2614 642 2654 IV.
676 2614 741 2653 De
766 2613 856 2652 Deo
884 2614 1068 2653 Socratis
1092 2611 1125 2652 Ι.
1173 2612 1237 2651 De
1261 2609 1531 2662 Philosophia
1557 2606 1589 2647 I.
1634 2607 1854 2660 Asclepius

50 2674 301 2726 Trismeyisti
333 2673 528 2724 «Halo-qus
558 2672 695 2711 eodem
727 2668 911 2723 Apuleio
942 2671 1172 2721 interprete.
1245 2667 1438 2708 Eiusdem
1468 2665 1641 2718 Apuleii
1672 2664 1773 2703 liber
1804 2664 1855 2703 tle

51 2730 272 2783 Doqmatis
302 2727 541 2769 Platonicis.
601 2726 797 2768 Eiusdem
829 2727 930 2766 liber
961 2727 1012 2766 cle
1035 2725 1219 2771 Mundo,
1251 2726 1309 2764 acl
1330 2725 1453 2777 fidem
1478 2722 1746 2775 antiquissimi
1775 2717 1854 2760 Co·-

53 2787 158 2826 dicis
182 2788 388 2826 restitutus
412 2784 655 2837 Apoloyiae
679 2783 737 2823 Il.
796 2782 1045 2837 Isayoyicus
1071 2783 1171 2822 liber
1197 2781 1444 2822 Platonicae
1465 2779 1757 2832 philosophiae
1777 2791 1856 2830 per

52 2841 273 2883 Alcinoum
306 2843 609 2895 philosophum.
678 2841 835 2881 Graece
870 2841 1092 2892 impressus.
1166 2839 1356 2883 Venetiis,
1392 2838 1433 2876 in
1468 2835 1637 2875 aedibus
1672 2833 1780 2874 Alcli
1819 2838 1857 2873 et

51 2898 250 2939 Andreae
276 2899 438 2945 Soceri,
464 2912 593 2938 mense
617 2895 749 2937 Maio.
809 2896 938 2936 Editio
963 2910 1060 2935 rara.
1121 2896 1209 2934 vid.
1237 2895 1424 2934 Clement.
1450 2906 1485 2944 p.
1513 2896 1606 2933 438.

167 2972 286 3008 1522.
345 2967 494 3005 Iuntina
519 2965 584 3013 ΙΙ.,
609 2970 645 3006 8.
678 2962 726 3004 L.
754 2963 929 3017 Apuleii
951 2962 1262 3008 Madaurensis,
1286 2960 1674 3012 ilIetamorphoseon
1698 2960 1779 2998 sive
1803 2959 1856 2997 de

52 3021 186 3063 Asino
210 3038 336 3064 aureo
350 3024 471 3063 Libri
483 3022 563 3062 ΙΧ.
580 3022 844 3062 Floridorum
860 3021 977 3060 Libri
989 3019 1095 3060 IIII.
1122 3020 1186 3059 De
1206 3020 1295 3058 Deo
1316 3019 1500 3058 Socratis
1521 3017 1712 3056 Libellus.
1738 3013 1855 3067 Apo-

55 3081 192 3133 loyiae
221 3079 348 3120 Liber
379 3081 432 3119 ΙΙ.
473 3079 725 3132 'l'rismeyisti
760 3079 966 3131 dialoyus.
1028 3078 1092 3116 De
1122 3075 1289 3116 illunclo
1324 3077 1403 3114 sire
1439 3075 1490 3113 (Ie
1525 3072 1856 3124 Cosmoyraphia

53 3135 178 3178 Liber
197 3137 229 3178 I.
262 3138 405 3177 Omnes
431 3141 524 3177 ante
549 3141 724 3175 nostram
750 3136 1049 3187 impressionem
1074 3133 1266 3178 mutilatI,
1292 3146 1401 3172 nunc
1426 3135 1554 3171 autem
1581 3131 1637 3169 ad
1653 3130 1774 3184 fidem
1794 3143 1853 3169 ve-
