2155 3590
657 119 847 162 LIBER
876 119 927 160 11.
988 118 1103 158 CAP
1144 117 1273 158 XXII.

1797 119 1878 163 127

79 245 127 271 ne
158 231 389 284 obliquanda
419 231 587 285 quidem.
650 230 803 286 Quippe
833 247 920 272 cum
952 231 1188 273 deterrimae
1216 230 1446 284 versipelles
1477 230 1518 269 in
1544 230 1707 283 quodvis
1733 230 1879 271 animal

79 301 147 327 ore
172 300 365 328 converso
396 288 567 329 latenter
590 288 802 342 adrcpant‚
838 296 880 329 ut
909 289 1015 343 ipsos
1040 288 1157 329 etiam
1178 286 1184 343 Ι
1206 287 1340 327 oculos
1366 285 1471 327 Solis
1497 293 1537 326 et
1560 285 1739 327 Iustitiae
1765 287 1879 328 facile
1905 318 1908 322 -

395 345 496 384 Nam
521 351 562 384 et
584 357 679 385 aves
705 351 744 385 et
767 359 923 385 rursum
950 359 1068 386 canes
1094 351 1133 385 et
1157 357 1291 384 mures
1316 343 1433 383 immo
1459 356 1555 383 vero
1581 343 1698 383 etiam
1724 357 1879 384 muscas
1916 362 1918 365 ’

79 343 334 384 frustrentur.

78 399 256 440 induunt.
318 399 432 441 Tunc
465 401 560 441 diris
592 401 880 442 cantaminibus
912 416 1050 441 somno
1083 401 1264 442 custodes
1290 399 1476 440 obruunt.
1537 397 1625 440 Nec
1650 400 1746 440 satis
1774 400 1879 454 quis-

79 456 194 509 quam
224 456 386 497 definire
416 457 579 511 poterit,
613 464 780 511 quantas
812 458 985 498 latebras
1017 457 1279 511 nequissimae
1311 455 1498 497 mulieres
1529 470 1598 510 pro
1624 456 1783 497 libidine
1808 471 1879 497 sua

79 511 438 554 comminiscuntur.
507 512 595 554 Nec
638 521 768 554 tamen
811 514 924 554 huius
967 522 1046 554 tun
1089 513 1304 554 exitiabilis
1347 526 1490 567 operae
1526 526 1678 553 merces
1716 513 1881 567 amplior

77 583 190 622 quam
223 570 405 633 quaterni
435 570 499 611 vel
523 569 610 610 seni
635 570 758 611 ferme
784 570 1004 611 offeruntur
1028 571 1153 611 aurei.
1215 569 1340 610 Ehem
1366 576 1406 610 et
1429 569 1532 623 quod
1556 582 1680 622 paene
1704 577 1880 623 praeter-

77 625 222 675 ieram,
255 625 289 666 si
315 625 380 679 qui
405 640 484 666 non
508 627 707 681 integrum
733 641 874 680 corpus
900 641 1015 667 mane
1046 627 1286 677 restituerit,
1321 625 1505 680 quidquid
1535 625 1625 665 inde
1656 626 1881 680 decerptum

78 657 386 736 dimimitumque
412 683 546 734 fuerit,
574 684 612 723 id
637 697 752 724 omne
777 684 823 723 de
850 684 949 724 svuie
974 698 1046 724 sua
1072 685 1229 724 desecto
1254 683 1403 723 sarcire
1428 682 1686 736 compellitur.

79 775 279 814 obliquando
292 779 331 806 D.
346 777 397 812 [in
409 778 556 814 margine
569 779 704 807 adlitum
718 782 784 807 est:
804 777 1074 816 ule'z'obl1‘quzmt.]
1104 777 1285 805 deterrime
1297 779 1547 807 Vicent.Venet.
1556 779 1585 806 4.
1599 778 1706 806 Paris.
1720 780 1749 806 et
1765 779 1842 806 Bas.
1853 779 1867 806 1
1876 800 1883 807 .

77 822 264 850 Burmanno
277 823 330 851 hic
344 830 470 857 quoque
482 826 634 857 placebat
649 823 856 851 teterrimae.
905 822 1074 860 tub-epam
1090 825 1125 852 F.
1142 826 1171 852 1.
1185 825 1216 853 3.
1231 826 1267 852 G.
1283 826 1312 852 1.
1327 825 1358 852 2².
1373 825 1409 852 Ρ.
1423 824 1460 852 B·
1477 823 1498 852 Γ.
1513 820 1542 851 δ.
1555 831 1592 850 π.
1617 825 1767 859 erepant
1778 832 1810 857 p.
1824 830 1883 850 or-

77 869 199 903 repant
214 868 250 896 Ο.
275 867 441 904 obrepant
458 870 496 897 R.
510 870 546 897 L.
567 872 597 898 et
616 877 727 898 omnes
741 871 810 898 edd.
826 873 902 898 vett.
951 868 1003 896 ῖιη
1017 868 1107 905 {usos
1126 870 1164 898 D.
1212 872 1244 896 et
1259 873 1335 898 ante
1349 867 1433 896 I-ust.
1448 871 1538 897 abest
1552 868 1587 897 in
1600 869 1638 896 D.
1676 867 1885 907 frustentnr

78 913 114 940 G.
129 913 160 941 1.
173 913 221 941 ed.
235 920 281 947 pr.
307 915 520 942 sustentetur
533 915 570 942 P.
584 915 618 942 in
631 915 795 949 excerptis
810 916 898 943 Grut.
912 916 947 943 In
955 916 1038 943 Elin.
1052 916 1236 942 sustentem
1246 937 1253 950 7
1280 915 1362 948 quod
1377 917 1482 943 tamen
1496 913 1746 948 improbaverim
1757 935 1766 951 ,
1786 921 1884 947 quum

78 958 112 985 in
125 959 161 987 G.
175 959 280 986 1.2.et
294 960 333 987 D.
349 966 455 994 apuu.
470 961 597 995 legatur
608 958 1188 998 substententur-frustrarentur
1199 953 1321 997 Innhfss.
1338 959 1687 998 frustranterVenel.
1700 960 1732 988 2.
1757 961 1790 986 et
1803 966 1885 986 rur-

78 1009 150 1030 sum
165 1011 239 1031 can.
264 1004 299 1033 F.
314 1000 343 1033 3.
358 1006 394 1032 G.
408 1006 438 1032 2.
454 1005 490 1033 P.
501 1001 574 1033 Oxi.
588 1005 805 1034 rt.D.Vicent.
818 1005 930 1034 Aldin.
944 1006 1059 1034 Venet.
1074 1007 1104 1033 4.
1129 1007 1213 1033 lunt.
1231 1007 1259 1033 1.
1285 1007 1319 1031 et
1332 1012 1448 1032 ursum
1460 1005 1496 1033 F.
1514 1006 1542 1033 1.
1556 1006 1592 1033 1..
1618 1006 1651 1031 et
1664 1003 1769 1031 etiam
1782 1011 1885 1032 canes

78 1048 207 1077 videtur
219 1057 293 1077 esse
307 1049 340 1077 in
354 1049 376 1077 Γ.
391 1052 423 1076 et
439 1057 574 1077 cursum
588 1057 689 1078 canes
702 1052 739 1078 B.
776 1049 1004 1077 cantaminibus
1018 1051 1131 1078 Venet.
1146 1051 1178 1077 2.
1204 1049 1394 1077 catamibus
1414 1051 1462 1079 ed.
1483 1050 1590 1078 Paris.
1627 1057 1687 1076 nee
1705 1049 1885 1087 quisquam

78 1093 167 1121 satis
179 1095 216 1122 L.
236 1094 326 1122 satis
339 1097 431 1123 abest
451 1097 491 1123 ab
511 1097 582 1123 edd.
596 1098 673 1123 velt.
694 1099 822 1129 praeter
839 1097 922 1123 lunt.
938 1097 967 1124 2².
994 1093 1167 1133 desumere
1181 1095 1219 1123 D.
1235 1103 1310 1124 am.
1326 1103 1353 1129 p.
1371 1094 1406 1129 [a
1419 1104 1446 1123 s.
1461 1098 1508 1123 est
1525 1096 1557 1123 in
1572 1102 1673 1130 marg.
1688 1092 1838 1131 diffinire
1851 1100 1886 1123 ut

78 1139 113 1166 in
126 1139 162 1167 G.
178 1140 192 1166 1
200 1137 224 1174 .]
271 1138 573 1168 comminiscantur
587 1142 622 1168 R.
637 1140 657 1169 f.
684 1139 725 1168 cf.
740 1141 780 1168 ad
795 1143 872 1168 Met.
885 1142 909 1168 Ι.
926 1148 954 1174 ρ.
969 1141 1023 1168 78.
1070 1139 1142 1167 eius
1158 1142 1227 1167 tam
1242 1141 1277 1168 P.
1328 1142 1398 1166 lam
1411 1143 1500 1169 ‘abest
1516 1147 1537 1168 a
1550 1141 1651 1168 BasA
1716 1140 1885 1168 inexitia-

78 1182 153 1211 biles
172 1185 209 1212 R.
258 1183 404 1220 amplior
424 1187 514 1213 abest
534 1192 554 1213 a
574 1187 610 1212 I.
636 1183 796 1220 amphori
814 1184 835 1213 Γ.
882 1186 940 1220 set
942 1191 992 1210 me
1012 1192 1073 1212 non
1094 1189 1256 1219 comparet
1277 1185 1310 1212 in
1325 1186 1360 1213 P.
1376 1186 1460 1213 unde
1473 1185 1568 1213 bern
1571 1193 1614 1213 er
1631 1185 1724 1214 uncis
1738 1186 1885 1214 inclusit.

77 1226 152 1255 hem
171 1231 206 1255 et
224 1227 314 1266 quod
329 1232 412 1258 lunt.
436 1231 462 1258 1.

78 1272 117 1300 de
131 1276 260 1301 certum
272 1275 310 1303 D.
359 1272 562 1302 deminutum
577 1271 605 1302 δ.
618 1276 701 1303 lunt.
717 1276 747 1302 2.

78 1363 208 1391 sartire
219 1363 347 1393 Vicent.
360 1365 476 1393 Venet.
490 1366 521 1393 2.
569 1363 724 1401 compelli
734 1373 763 1399 p.

134 1453 185 1479 ne
273 1440 448 1492 quidem.
485 1441 573 1480 Nee
613 1471 641 1480 ..
663 1441 839 1493 quidem,
866 1440 954 1478 Flo-

78 1496 146 1534 rid.
173 1496 293 1534 edidit
306 1500 438 1535 contra
452 1496 554 1536 Mss.
571 1501 751 1535 metuens
761 1528 771 1543 ,
796 1501 838 1535 ut
851 1495 954 1536 Oud.

80 1553 219 1599 credit,
240 1567 472 1592 concursum
486 1552 696 1601 vocalinm3
720 1567 955 1605 quamquam

78 1624 129 1648 ve
154 1609 317 1662 quidem
342 1610 497 1656 dicitnr,
525 1609 615 1649 licet
641 1610 788 1650 vocalis
814 1624 955 1661 sequa-

79 1670 157 1713 tur3
194 1665 242 1705 cs.
274 1666 392 1717 Apul.
430 1666 527 1706 Met.
558 1666 625 1705 lV.
664 1681 701 1719 p.
734 1671 827 1707 283.
868 1666 953 1705 VH.

79 1736 117 1774 p.
133 1727 227 1763 474.
253 1721 383 1761 Burm.
407 1727 445 1762 et
463 1724 580 1763 Gron.
597 1724 646 1762 ad
662 1726 769 1762 Suet.
786 1723 872 1762 Tib.
893 1728 953 1763 15.

79 1779 131 1818 ad
153 1779 298 1818 Donat.
323 1779 374 1818 de
398 1780 476 1818 vita
496 1781 649 1831 vingit:
681 1781 746 1820 Ne
772 1782 956 1819 Homero

83 1836 255 1888 quidem.
306 1835 473 1887 [Neque
500 1851 590 1875 vero
621 1841 770 1876 temere
800 1837 875 1875 sed
906 1851 956 1875 ex

79 1891 183 1930 Mss.
213 1892 289 1931 hoc
319 1907 343 1931 a
373 1892 531 1931 Florido
566 1894 706 1933 sactum
734 1908 846 1940 esse,
878 1895 940 1932 vin

81 1949 184 1988 dicat
207 1963 307 1987 unus
333 1949 381 1988 G.
411 1955 445 1989 1.
471 1951 506 1988 in
534 1964 610 2001 quo
636 1965 711 1990 nec
737 1950 952 1989 exhibetur.

81 2005 165 2044 Sed
190 2019 254 2044 res
281 2010 345 2044 est
369 2006 599 2060 tritissima]

136 2062 374 2115 versipellis.
432 2062 618 2114 [Proprie
651 2064 704 2102 ita
737 2064 953 2102 nominatur

81 2118 356 2164 chamaeleon,
383 2119 474 2169 quia
499 2119 671 2158 colorem
697 2124 848 2159 mutare
873 2133 952 2159 cre-

81 2175 198 2222 ditur3
224 2174 271 2214 cs.
298 2174 434 2213 Gloss
460 2174 616 2215 Philox.
642 2177 867 2228 versipellis
889 2192 952 2229 χα-

79 2232 255 2283 μαιλέων,
270 2231 410 2270 deinde
423 2231 554 2278 homo,
569 2233 632 2284 qui
647 2233 696 2271 de
710 2233 864 2271 homine
878 2233 956 2271 fieri

80 2288 184 2326 solet
198 2287 327 2339 lupus,
342 2288 390 2327 cf.
401 2286 537 2328 Gloss.
551 2288 652 2328 Phil.
668 2290 957 2341 versipellis

79 2346 366 2397 χαμαιλέωνκαὶ
379 2341 676 2399 λυκάνθρωποςς
691 2345 738 2384 cf.
746 2345 845 2385 Plin.
855 2345 955 2384 Hist.

80 2400 131 2441 N.
146 2400 250 2440 Vlll.
270 2415 301 2440 c.
319 2405 383 2442 22.
399 2405 465 2442 34.
490 2402 580 2453 ibiq.
607 2402 726 2441 Hard.
754 2401 853 2440 'l'nm
868 2416 956 2441 eum

81 2456 290 2508 significat,
323 2458 387 2510 qui
412 2459 563 2510 pellem
594 2460 614 2498 i.
643 2473 676 2497 e.
708 2461 888 2511 formam
919 2463 959 2497 et

80 2519 272 2554 naturam
296 2528 410 2554 suam
429 2529 513 2567 pro
545 2517 722 2555 arbitrio
752 2516 958 2555 immutat:

79 2570 185 2609 unde
215 2570 277 2610 hic
309 2571 358 2609 de
388 2572 522 2621 strigis
553 2572 783 2610 mulieribus
808 2572 955 2619 dicitnr,

82 2640 184 2679 quae
215 2628 429 2680 quamlibet
460 2628 622 2668 sormam
656 2628 862 2667 induentes
894 2643 955 2668 cu-

81 2684 237 2722 stodem
262 2683 399 2724 fallere
424 2688 585 2725 tentant.
647 2685 704 2723 lta
734 2685 956 2736 appellatur

80 2740 304 2793 versipellis
338 2741 455 2782 Circe
485 2743 591 2793 apud
622 2742 769 2780 Arnob.
796 2740 863 2780 lv.
893 2747 954 2783 14.

81 2800 121 2834 et
145 2796 194 2836 V.
222 2800 286 2838 35.
312 2798 595 2851 versipellibus
618 2799 798 2850 scriptas
822 2799 955 2838 modis

82 2852 129 2891 cs.
146 2852 279 2892 Creuz.
294 2854 345 2892 ad
359 2854 439 2894 Cic.
453 2855 502 2893 de
516 2854 698 2894 N.D.lll.
715 2858 780 2895 22.
796 2855 954 2907 p.598.]

138 2916 348 2962 arrepunt.
385 2911 554 2950 Defendi
582 2915 716 2963 potest
742 2912 955 2964 obrepant,

83 2966 189 3017 quod
213 2966 263 3005 de
287 2980 427 3006 somno
452 2969 600 3007 sensim
628 2972 668 3006 ct
693 2967 869 3006 clanculo
890 2969 955 3007 ad-

81 3023 262 3061 veniente
287 3026 463 3077 usurpari
490 3025 605 3063 docet
630 3024 735 3064 Oud.
760 3037 812 3062 ex
836 3024 956 3064 Rutil.

82 3077 164 3117 ltin.
184 3078 211 3118 1.
238 3084 331 3120 305.
357 3081 487 3132 ibique
512 3081 646 3121 Barth.
673 3080 719 3119 cs.
746 3080 880 3120 Heius.
907 3081 958 3120 ad

83 3134 198 3174 Ovid.
224 3136 319 3176 Met.
340 3137 425 3178 VH.
456 3143 545 3179 155.
585 3138 667 3177 Sed
696 3137 784 3176 nihil
810 3142 957 3177 mutan-

506 1231 608 1258 ..Am
635 1232 669 1257 et
686 1227 827 1258 ltemG.
826 1232 855 1257 ².
876 1230 913 1256 D.
928 1230 963 1258 P.
979 1226 1007 1256 δ.
1034 1227 1119 1256 laem
1135 1230 1169 1257 Ο.
1213 1237 1300 1265 pene
1314 1231 1491 1258 abestass.
1507 1230 1528 1259 f.
1576 1230 1608 1257 si
1620 1237 1743 1266 quesn.
1755 1232 1839 1260 lunt.
1854 1232 1885 1259 2.

773 1274 814 1302 cf.
831 1275 912 1303 Oud.
927 1275 967 1302 ad
980 1276 1067 1302 Suet.
1084 1274 1178 1303 Caes.
1194 1276 1223 1302 5.

79 1317 194 1354 secta]
218 1320 303 1347 lum.
318 1321 347 1347 ¹2.
385 1318 516 1347 desecto
532 1320 567 1348 G.
583 1322 612 1348 2.
650 1317 804 1355 desceptu
818 1326 854 1347 π.
893 1317 1064 1347 desei-reto
1079 1327 1107 1354 p.
1145 1321 1183 1348 In
1196 1323 1269 1348 cett.
1283 1324 1331 1348 est
1346 1318 1524 1350 desectum,

1273 1273 1405 1302 desecto
1422 1275 1457 1303 F
1466 1276 1496 1302 3.
1512 1276 1548 1304 P.
1562 1275 1600 1304 D.
1622 1274 1712 1310 [am.
1727 1284 1752 1305 3.
1767 1274 1887 1305 estde-

1585 1328 1698 1348 surore
1716 1322 1755 1350 D.
1769 1328 1790 1349 a
1802 1329 1843 1350 m.
1857 1329 1887 1356 p.

1016 1440 1105 1478 dum
1137 1454 1232 1478 esse
1263 1454 1348 1479 cnm
1390 1441 1531 1479 eodem
1569 1455 1733 1487 censeo,
1772 1455 1888 1493 quum

1016 1510 1210 1548 arrepere
1246 1511 1406 1548 semper
1437 1497 1670 1536 clandestini
1708 1499 1799 1549 qnid
1838 1499 1890 1537 in-

1016 1553 1159 1599 cludat,
1185 1554 1290 1604 quod
1315 1554 1482 1605 simplici
1508 1554 1583 1592 iam
1608 1554 1814 1603 indicatur;
1840 1555 1888 1594 cf.

1017 1609 1159 1649 Graev.
1187 1610 1237 1648 ad
1265 1610 1341 1648 Cic.
1368 1611 1480 1649 Vel-r.
1504 1610 1549 1648 11.
1577 1615 1613 1651 3.
1641 1615 1705 1652 68.
1739 1612 1769 1663 §.
1798 1616 1888 1652 158.

1074 1667 1215 1707 oeulos
1240 1666 1350 1706 Solis
1376 1672 1414 1706 et
1438 1668 1638 1707 Iustitiae.
1675 1667 1740 1706 De
1765 1668 1889 1707 oeulis

1014 1724 1161 1774 apertis
1176 1723 1367 1770 Iustitiae,
1394 1724 1536 1775 quibus
1556 1737 1682 1776 saepe
1701 1725 1806 1776 apud
1827 1738 1890 1763 ve-

1015 1785 1122 1819 teres
1148 1794 1196 1818 ea
1221 1781 1461 1833 depingitur,
1487 1779 1589 1819 Oud.
1606 1781 1769 1820 conferri
1784 1782 1891 1820 iubet

1014 1836 1133 1888 Apul.
1160 1836 1257 1875 Met.
1282 1836 1344 1875 lll.
1371 1842 1516 1888 p.184.
1545 1838 1653 1877 Suid.
1680 1852 1713 1877 3.
1730 1852 1762 1876 V.
1790 1843 1889 1878 καθ·

1016 1902 1115 1932 εῖσαι
1140 1898 1179 1932 et
1197 1896 1314 1944 Δίκης
1338 1889 1548 1944 ὀφθαλμός
1572 1894 1704 1945 ibique
1728 1893 1889 1934 Kiister.

1014 1951 1205 1989 Ammian.
1237 1950 1362 1989 Marc.
1394 1949 1547 1989 XXIX.
1588 1954 1624 1991 2.
1658 1951 1806 2004 Spanh.
1839 1951 1890 1990 de

1011 2006 1165 2045 Praest.
1209 2006 1258 2045 N.
1292 2006 1401 2045 Diss.
1434 2006 1538 2046 Vlli.
1579 2006 1690 2046 Tom.
1721 2007 1749 2047 l.
1794 2012 1889 2050 466.

1011 2062 1227 2102 Montfauc.
1259 2063 1392 2114 Antiq.
1426 2062 1540 2115 Expl.
1573 2063 1637 2102 Ill.
1676 2079 1707 2103 c.
1741 2068 1776 2105 9.
1815 2064 1890 2117 [de

1014 2119 1111 2157 Sole
1137 2119 1184 2158 cf.
1211 2119 1345 2158 Burin.
1374 2119 1425 2158 ad
1450 2118 1565 2158 Ovid.
1585 2119 1684 2159 Met.
1699 2120 1765 2161 IV.
1793 2125 1888 2167 227,

1013 2180 1104 2217 228.
1145 2175 1265 2214 Plura
1284 2177 1408 2215 dicam
1428 2176 1478 2215 ad
1499 2176 1618 2228 Apul.
1638 2176 1737 2218 Met.
1757 2177 1820 2217 ΙΙΙ.
1849 2192 1886 2230 p.

1072 2304 1243 2330 rursum.
1282 2289 1392 2328 Bene
1416 2294 1573 2329 revocat
1596 2290 1698 2330 Oud.
1725 2292 1888 2343 scriptu-

1015 2360 1096 2384 ram
1115 2361 1292 2393 rursum,
1319 2347 1424 2398 quod
1450 2361 1683 2399 quamquam
1703 2362 1819 2387 ursus
1837 2348 1889 2386 de

1016 2404 1155 2454 quavis
1165 2403 1245 2441 sera
1254 2404 1398 2442 maiore
1406 2404 1571 2452 dicatur3
1586 2403 1741 2443 cf.0ud.
1751 2405 1800 2442 ad
1810 2404 1887 2441 Ve-

1016 2463 1094 2509 get.
1109 2459 1153 2498 11.
1174 2463 1236 2501 16.
1265 2459 1453 2512 [Miscell.
1467 2460 1664 2500 Observv.
1678 2460 1767 2499 Vol.
1785 2459 1886 2499 Vlll.

1018 2515 1177 2568 T.11.p.
1194 2517 1310 2569 244]
1333 2521 1412 2556 tum
1428 2531 1502 2556 non
1524 2531 1660 2557 ursum
1678 2517 1751 2555 scd
1773 2530 1888 2556 ursos

1016 2573 1106 2624 poni
1122 2573 1312 2619 debuerit,
1335 2574 1488 2625 locique
1507 2574 1703 2612 sententia
1723 2573 1886 2612 alterum

1016 2631 1238 2668 necessario
1276 2631 1498 2681 requiratur.
1559 2629 1661 2668 Nam
1697 2630 1732 2668 si
1762 2643 1887 2680 sagae

1014 2684 1153 2725 fallere
1179 2691 1348 2725 attentos
1374 2686 1553 2726 homines
1572 2687 1785 2732 tentabant,
1811 2700 1886 2724 non

1014 2743 1050 2781 in
1084 2742 1189 2782 seras
1223 2743 1312 2782 illas
1337 2757 1383 2782 se
1409 2743 1684 2782 transformant
1707 2756 1886 2794 magnas-

1015 2813 1090 2851 que
1105 2801 1254 2839 bestias
1268 2800 1343 2838 sed
1357 2801 1526 2838 minores
1540 2800 1781 2839 domesticas
1795 2799 1886 2838 illas

1014 2870 1060 2895 ac
1085 2856 1368 2895 velocis-simas.

1072 2914 1323 2953 diminutiva.
1368 2913 1533 2952 Rectius
1565 2913 1638 2951 dici
1670 2913 1733 2952 hic
1763 2913 1870 2952 demi

1014 2975 1155 3010 nutum
1179 2984 1294 3020 quam
1319 2970 1558 3010 diminutum
1583 2969 1685 3008 Oud.
1711 2983 1869 3021 compro

1015 3027 1084 3065 bat
1107 3040 1157 3065 ex
1180 3027 1311 3065 adnot.
1336 3039 1410 3065 sua
1435 3026 1485 3064 ad
1511 3027 1618 3065 Suet.
1645 3025 1760 3066 Caes.
1787 3040 1818 3065 c.
1845 3030 1885 3066 5.

1017 3082 1184 3135 [Magna
1202 3083 1330 3121 adime
1350 3087 1412 3121 est.
1430 3082 1480 3122 V.
1499 3082 1549 3121 D.
1570 3083 1620 3121 de
1645 3083 1707 3122 his
1728 3096 1882 3134 compp.

1017 3140 1262 3192 disceptatio.
1312 3139 1416 3180 Oud.
1442 3140 1542 3179 onim
1568 3139 1604 3179 d.
1620 3138 1644 3182 1.
1670 3144 1710 3180 et
1733 3139 1882 3180 ochsn.

1927 309 1947 364 ..px

1950 311 1969 342 27!
