2221 3667
267 877 309 910 69
334 869 475 923 pignus
502 868 723 907 admittere.

333 150 389 193 64
589 151 633 190 L.
663 151 886 192 APULEII
916 152 1318 193 MADAURENSIS
1349 151 1895 194 METAMORPHOSEON

334 262 540 327 prospicue
570 262 743 306 Demeas
775 279 884 307 meus
923 267 964 306 in
996 280 1057 306 me
1095 264 1312 314 consuluit,
1357 265 1430 322 qui
1460 266 1800 320 peregrinatorem
1831 266 1899 307 tali
1930 266 2017 307 viro
2050 281 2141 307 con-

334 319 498 372 ciliavit,
525 319 566 360 in
592 321 702 362 cuius
729 322 897 377 hospitio
924 337 995 363 nec
1021 322 1116 362 fumi
1143 335 1214 361 nec
1240 321 1390 362 nidoris
1416 317 1595 363 nebulam
1622 338 1801 365 tererer.

869 494 1309 543 CAPUT
1412 497 1619 544 XXII.

447 641 500 682 Et
530 656 617 683 cum
650 642 752 681 dicto
784 640 935 680 modico
968 652 1083 678 secus
1115 651 1353 702 progressus
1379 639 1523 679 ostium
1555 641 1721 691 accedo,
1767 648 1806 681 et
1836 641 1994 681 ianuam
2026 641 2144 682 firmi-

333 705 396 739 ter
431 699 719 760 oppessulatam
756 697 913 750 pulsare
950 694 1143 735 vocaliter
1178 694 1337 748 incipio.
1406 694 1586 735 Tandem
1625 698 1917 738 adolescentula
1955 698 2143 751 quaedam

333 757 568 810 procedens:
607 753 715 794 Heus
749 760 811 803 tu,
846 752 993 806 inquit,
1029 751 1095 804 qui
1120 758 1198 791 tam
1226 751 1384 791 fortiter
1410 752 1516 791 fores
1541 753 1784 805 verberasti,
1819 753 1890 794 sub
1917 767 1992 807 qua
2017 754 2145 808 specie

334 812 505 852 mutuari
539 811 671 864 cupis?
706 810 772 849 An
806 816 847 849 tu
879 808 987 849 solus
1020 808 1198 862 ignoras,
1227 814 1386 872 praeter
1411 812 1550 848 aurum
1576 786 1861 864 argentumque
1887 811 2035 851 nullum
2073 825 2144 851 nos

784 864 972 916 Meliora,
1014 865 1052 905 in
1073 863 1081 922 Ι
1103 879 1239 918 quain,
1281 865 1458 905 ominare
1485 872 1523 905 et
1550 866 1677 919 potius
1703 868 1919 921 responde,
1960 881 2011 908 an
2041 866 2145 908 intra

334 926 450 966 aedes
487 925 624 964 herum
661 929 771 963 tuum
809 922 1065 963 offenderim?
1100 921 1245 973 Plane,
1296 921 1438 976 inquit:
1483 923 1550 962 sed
1588 936 1687 976 quae
1724 937 1867 964 caussa
1903 924 2145 978 quaestionis

327 1065 509 1102 prospicue
539 1065 574 1093 F.
595 1066 626 1094 3.
659 1066 694 1093 G.
724 1065 763 1092 D.
790 1072 820 1098 p.
847 1064 867 1092 f.
892 1065 929 1092 B.
956 1065 990 1092 Ο.
1017 1067 1046 1092 et
1072 1064 1142 1092 edd.
1169 1066 1244 1092 ante
1272 1063 1373 1101 Coun,
1401 1063 1457 1098 qui
1475 1064 1656 1100 perspicae
1681 1064 1813 1093 intrusit
1837 1066 1921 1099 quod
1946 1065 2147 1101 negligentia

332 1112 472 1145 quadam
489 1110 649 1139 Lindenh.
675 1110 709 1138 in
730 1111 838 1138 collat.
859 1111 929 1138 cod.
955 1110 991 1137 F.
1012 1117 1077 1138 non
1098 1112 1276 1138 correctum
1296 1113 1354 1138 est.
1410 1108 1538 1136 Demus
1563 1111 1601 1138 D.
1629 1117 1649 1138 a
1668 1118 1708 1138 ιιι.
1730 1119 1758 1145 p.
1807 1109 2054 1148 peregrinatur
2073 1119 2146 1139 cum

334 1155 400 1183 tali
417 1156 452 1185 F.
474 1157 504 1184 3.
525 1154 828 1193 peregrinaturum
849 1153 916 1182 tali
932 1156 1002 1183 edd.
1022 1157 1099 1182 vett.
1113 1153 1415 1192 peregrinaturum
1436 1163 1509 1182 cum
1530 1156 1565 1183 B.
1587 1163 1615 1189 p.
1671 1156 1948 1193 peregrinantem
1967 1164 2040 1184 eum
2059 1157 2096 1185 F.
2117 1158 2145 1185 1.

333 1203 368 1231 G.
394 1202 430 1230 P.
450 1202 484 1230 Ο.
506 1203 544 1230 L.
562 1203 601 1230 D.
616 1202 713 1230 Vulc.
734 1202 822 1230 Scal.
842 1202 953 1229 VVow.
971 1199 1248 1237 peregrinantem
1268 1203 1360 1227 certe
1378 1202 1416 1229 R.
1438 1200 1458 1228 s.
1506 1200 1691 1239 nec-funus
1710 1203 1745 1230 0.
1793 1200 1915 1229 nebula
1934 1203 1970 1231 F.
1985 1203 2016 1230 3.
2036 1203 2095 1230 sed
2107 1210 2147 1230 ex

331 1247 541 1276 correctione.

423 1290 551 1320 modico
564 1294 727 1322 abestaL.
759 1290 972 1328 pessulatam
983 1293 1019 1320 R.
1031 1291 1050 1319 s.
1061 1290 1417 1328 oppresszdnl(mel‹'.3.
1428 1294 1463 1320 G.
1474 1293 1603 1321 C011.v.
1643 1291 1804 1320 velociter
1819 1301 1874 1327 pro
1889 1291 2057 1321 vocaliter
2065 1294 2099 1321 Ο.
2111 1300 2147 1321 π.

335 1335 562 1375 tmnfirmz'ter
569 1339 604 1367 F.
614 1339 645 1367 3.
653 1346 694 1367 ex
702 1338 840 1371 antiqua
847 1338 1048 1366 correctione
1057 1340 1085 1365 et
1094 1339 1182 1371 vulg.
1217 1336 1321 1376 fores
1329 1340 1469 1366 exulata
1477 1339 1512 1366 P.
1524 1339 1559 1366 G.
1606 1337 1743 1375 inquam
1753 1341 1844 1368 abest
1853 1338 1915 1377 af.
1925 1338 2146 1376 .2·nqm·textat

333 1384 398 1413 inf.
445 1380 1498 1421 nmm’nareF.3.p.ss.n07112·na3.etpostrespondeF.1.v1110.2.
1547 1382 1600 1411 dic
1609 1391 1668 1410 oro
1677 1386 2146 1419 quaeverbawreceperuntpost

334 1429 486 1458 ominare
500 1429 591 1458 Colv.
606 1433 634 1457 et
644 1428 1006 1458 Vulc.confir1nantura
1016 1429 1053 1456 R.
1066 1428 1222 1456 f.G.D.1‹‘.
1233 1429 1262 1456 1.
1273 1428 1439 1457 (nisihaec
1449 1429 1898 1462 quoque‹aLindeni›.minus
1908 1431 2148 1458 benesuntcol-

333 1478 425 1507 lata.)
444 1491 489 1496 -
507 1476 617 1504 Verba
630 1473 773 1502 meliora
789 1482 893 1507 usque
906 1475 947 1503 ad
961 1472 1123 1509 responde
1136 1476 1253 1502 absunt
1263 1475 1325 1501 aG.
1335 1475 1411 1502 etl).
1461 1472 1671 1510 offenderam
1680 1475 1715 1502 P.
1725 1476 1761 1503 G.
1771 1477 1809 1504 D.
1820 1473 2109 1512 off'endmnu'ow.
2119 1477 2148 1502 et

333 1529 422 1555 seqq.
433 1522 503 1549 edd.
513 1518 552 1547 de
564 1518 740 1548 Corinthio
750 1521 786 1548 G.
798 1517 976 1547 Corinthio
986 1517 1114 1546 Demea
1123 1518 1195 1546 viro
1204 1520 1239 1547 L.
1251 1520 1286 1547 G.
1296 1520 1331 1548 P.
1341 1520 1639 1548 undecuniecerunt
1649 1518 1825 1548 decuma-iro
1841 1521 1925 1555 quod
1939 1521 1972 1549 in
1980 1520 2149 1549 nonnullis

333 1568 404 1595 edd.
416 1567 603 1596 recentibus
621 1566 750 1602 legitur.
769 1563 841 1592 (lem
854 1573 871 1592 e
884 1573 907 1593 a
926 1565 1076 1601 scriptas
1095 1565 1130 1593 F.
1143 1566 1172 1592 3.
1193 1565 1232 1593 D.
1254 1572 1273 1593 a
1286 1572 1327 1593 m.
1349 1572 1378 1599 p.
1399 1571 1427 1594 et
1449 1566 1481 1593 in
1500 1572 1601 1601 marg.
1622 1566 1769 1595 additum
1787 1570 1834 1595 est
1855 1565 1928 1593 viro
1948 1573 1969 1595 a
1986 1574 2027 1595 ιιι.
2041 1574 2068 1595 s.

333 1688 464 1728 Burni.
513 1689 563 1728 ad
613 1687 727 1727 Ovid.
776 1688 910 1727 Amor.
953 1686 979 1726 l.
1033 1692 1094 1727 15.
1144 1691 1209 1728 34.

335 1746 522 1785 Schmidt.
561 1745 611 1783 ad
646 1745 781 1784 Horat.
819 1744 944 1797 Epist.
972 1744 998 1783 Ι.
1042 1749 1104 1784 17.
1146 1749 1208 1784 11.

336 1803 575 1842 Contrarium
607 1806 669 1841 est
699 1803 906 1855 malifflms
932 1801 979 1840 cs.
1006 1801 1111 1852 Virg.
1134 1801 1210 1840 Ge-

335 1874 415 1911 org.
439 1859 484 1897 ll.
521 1862 610 1900 179.
637 1859 825 1898 Schmidt.
853 1859 875 1898 l.
908 1873 940 1898 c.
965 1857 1011 1897 ΙΙ.
1042 1863 1076 1898 1.
1103 1862 1210 1903 209..

336 1918 399 1969 qui
423 1917 535 1969 plura
559 1917 714 1955 excitat.
746 1916 810 1954 De
830 1917 1060 1969 prospicue
1086 1914 1132 1954 ct.
1160 1915 1210 1954 ad

334 1973 432 2013 Met.
458 1987 495 2025 p.
522 1974 634 2027 420]

391 2044 467 2070 nee
511 2032 618 2083 fumi
664 2045 738 2070 nec
793 2031 955 2069 nidoris
1009 2029 1209 2069 nebulam.

337 2087 564 2140 [Veteribus
586 2101 704 2138 quum
723 2088 860 2126 camini
881 2101 957 2126 non
985 2090 1134 2132 essent,
1161 2100 1210 2125 ex

336 2145 477 2195 quibus
511 2145 639 2184 fumus
671 2146 921 2189 emitteretur.
949 2158 1018 2196 per
1041 2144 1146 2182 sores
1173 2148 1211 2181 et

337 2202 530 2240 fenestras
556 2206 714 2254 apertas
738 2202 776 2240 id
802 2202 935 2247 fiebatg
967 2201 1015 2239 cf.
1042 2200 1211 2239 Iuvenal.

337 2260 419 2298 Sat.
456 2258 524 2297 XI.
573 2263 638 2299 82.
682 2263 721 2297 et
770 2272 869 2311 quos
914 2259 963 2296 ibi
1013 2261 1214 2296 enumerat

334 2315 498 2367 Rupert.
525 2314 635 2354 Toni.
661 2315 704 2354 ΙΙ.
731 2330 769 2368 p.
798 2319 890 2357 612.
916 2314 1004 2354 lntt.
1030 2315 1079 2354 ad
1106 2315 1211 2366 Virg.

336 2371 520 2411 Eetwl.
547 2376 612 2413 50.
639 2376 677 2410 et
696 2372 820 2411 voss.
846 2373 896 2411 ad
922 2372 1047 2411 eiusd.
1068 2371 1211 2423 Georg.

335 2428 380 2469 ΙΙ.
408 2429 526 2481 242]

386 2487 755 2539 pereyrinatorem.
785 2486 855 2537 [lta
878 2487 1026 2524 restitui
1046 2499 1095 2524 ex
1109 2485 1210 2524 Mss.

336 2544 525 2594 vestigiis.
584 2543 886 2595 Pereqrinator
910 2556 1047 2581 vocem
1073 2544 1212 2594 probat

335 2599 447 2639 loeus
480 2599 557 2639 Cic.
589 2600 638 2638 ad
664 2599 753 2638 Dix.
779 2599 846 2638 XI.
879 2604 937 2639 18.
964 2600 1048 2650 6.5
1024 2616 1060 2639 5.
1114 2599 1211 2639 Cum

334 2658 435 2696 enim
484 2658 721 2709 praepositio
770 2656 874 2695 nullo
919 2657 1034 2694 modo
1077 2659 1211 2707 potest

334 2714 440 2759 ferri,
468 2714 573 2765 quod
599 2714 838 2759 concilium,
864 2713 897 2751 si
924 2714 1210 2753 commendare

332 2772 540 2823 significat,
571 2771 741 2810 dativum
766 2771 908 2822 ubique
934 2770 1137 2818 adsciscit;
1163 2770 1210 2809 cf.

332 2827 359 2867 I.
385 2842 423 2880 p.
451 2832 566 2879 70.p
541 2842 580 2879 p.
607 2828 691 2881 73]

393 2884 491 2923 Cn.
523 2884 650 2923 XXII.
701 2885 1008 2938 oppessulatam
1058 2883 1208 2936 [Voca-

331 2942 481 2988 bulum,
519 2943 625 2993 quod
663 2942 854 2993 Apuleius
891 2945 1075 2993 quantum
1113 2943 1207 2987 scio,

330 2999 477 3049 primus
492 2998 680 3037 latinitate
695 2999 941 3044 condonavit,
956 2998 1060 3049 ipud
1074 2998 1203 3037 Amm.

330 3054 508 3093 Marcell.
536 3054 687 3094 XXXI.
719 3060 780 3096 13.
807 3055 906 3095 med.
934 3061 974 3093 et
1000 3055 1103 3106 apud
1130 3054 1203 3093 Pe-

332 3117 426 3150 tron.
481 3126 513 3149 ‹·.
564 3116 627 3152 97.
671 3118 875 3164 praeterea
928 3113 1076 3162 legitur.
1150 3111 1203 3148 a..

331 3169 606 3208 restituendam
659 3174 750 3220 puto
802 3170 990 3209 Glossam
1035 3168 1123 3206 Md.
1168 3183 1203 3219 p.

1271 1691 1364 1728 688.
1393 1688 1662 1740 opersolatz'o,
1690 1689 1812 1728 elusis
1837 1703 1862 1728 a
1883 1688 2061 1741 persolt's
2087 1688 2146 1726 di-

1270 1750 1394 1784 etum:
1430 1745 1729 1797 ομρεεειιίαίίο,
1757 1746 1900 1792 clusio,
1927 1761 1953 1785 a
1971 1744 2148 1798 pessulis

1270 1802 1442 1847 dietum3
1480 1802 1530 1839 (le
1560 1815 1602 1839 re
1631 1802 1677 1841 cf.
1712 1802 1894 1853 Sagittar.
1931 1802 1982 1840 (le
2007 1800 2146 1839 ianuis

1270 1872 1301 1897 c.
1331 1863 1392 1898 14.
1424 1860 1458 1896 in
1486 1858 1625 1897 Graev.
1654 1857 1775 1898 Thes.
1802 1858 1869 1897 Vl.
1901 1873 1938 1911 p.
1967 1858 2077 1911 455]

1329 1916 1524 1954 vocaliter
1559 1916 1741 1968 pulsare.
1801 1915 1867 1954 De
1909 1928 2016 1954 more
2053 1915 2146 1953 anti-

1271 1986 1451 2023 quorum,
1494 1973 1557 2023 qui
1599 1973 1738 2010 ostium
1782 1972 1989 2024 pulsantes
2032 1973 2146 2010 etiam

1273 2029 1488 2067 forinsecus
1526 2025 1691 2067 clamare
1728 2030 1928 2074 solebant,
1965 2028 2146 2067 Elmenh.

1271 2090 1469 2137 comparat
1516 2085 1654 2125 Liban.
1699 2087 1734 2124 in
1778 2086 1898 2125 Invid.
1948 2085 2012 2125 sol.
2053 2088 2145 2126 329.

1270 2140 1436 2191 ἐξελθὼν
1474 2141 1595 2182 ἔωθεν
1631 2144 1695 2182 καὶ
1744 2145 2005 2194 κεκλεισμένας
2059 2140 2147 2207 &Your

1271 2199 1338 2247 τὰς
1368 2203 1435 2239 τοῦ
1472 2201 1633 2251 γ”ειτοιος
1662 2196 1789 2253 θυρας
1825 2216 1894 2240 ουκ
1926 2196 2064 2246 εἰωθὸς
2093 2194 2146 2243 ὂι,

1271 2255 1499 2309 προσελθων
1513 2255 1685 2323 κροίσας
1709 2255 1878 2297 exulem.
1905 2254 1955 2304 ὡς
1974 2256 2015 2295 δὲ
2027 2253 2148 2302 οὐδεὶς

1272 2311 1438 2379 baignous
1469 2310 1567 2353 πάνυ
1600 2310 1754 2367 σφόδρα
1785 2311 1937 2353 κόπτων
1960 2315 2024 2352 καὶ
2045 2314 2146 2365 βοῶ)

1271 2368 1380 2422 μόλις
1410 2387 1568 2422 ηκουσα.
1598 2370 1696 2409 Met.
1722 2370 1790 2410 IX.
1816 2385 1853 2423 p.
1881 2374 1974 2412 600.
2000 2383 2036 2421 p.
2064 2372 2144 2410 630

1273 2432 1312 2466 et
1345 2433 1438 2469 651.
1473 2428 1677 2479 [Sagittar.
1711 2428 1761 2466 (le
1792 2427 1933 2466 Ianuis.
1959 2441 1991 2465 c.
2021 2429 2082 2466 16.
2110 2441 2143 2464 ιι.

1272 2489 1336 2525 35.
1366 2485 1387 2524 Ι.
1414 2500 1445 2523 c.
1473 2498 1509 2535 p.
1537 2485 1648 2536 467]

1324 2543 1494 2595 fortiter
1520 2541 1724 2595 [sirmitem
1758 2541 1861 2593 quod
1887 2541 1922 2579 in
1950 2539 2143 2579 nonnullis

1270 2599 1382 2638 codd.
1416 2599 1570 2649 legitur,
1595 2600 1809 2649 scripturae
1835 2601 1897 2635 est
1921 2597 2142 2648 discrepan-

1269 2657 1339 2701 tia,
1379 2669 1455 2706 qua
1479 2655 1569 2693 nihil
1600 2656 1756 2693 inveniri
1788 2658 1921 2706 potest
1950 2654 2141 2693 usitatius.

1269 2712 1317 2751 cf.
1361 2712 1496 2751 Heins.
1541 2712 1591 2750 ad
1633 2711 1747 2750 Ovid.
1793 2710 1903 2749 Fast.
1942 2710 2004 2749 ΙΙΙ.
2048 2713 2140 2751 279.

1272 2768 1373 2808 Cort.
1398 2769 1447 2807 ad
1471 2767 1619 2807 Lucan.
1645 2767 1690 2806 ΙΙ.
1717 2771 1810 2808 473.
1837 2767 1943 2818 Virg.
1969 2767 2070 2806 Aen.
2096 2765 2140 2806 ΙΙ.

1270 2830 1364 2867 282.
1390 2825 1519 2864 Doed.
1547 2826 1642 2877 Syn.
1668 2824 1735 2863 IV.
1761 2837 1797 2875 p.
1828 2824 1935 2877 167]

1326 2883 1507 2922 IlIeliora
1543 2884 1628 2935 inq.
1668 2882 1860 2920 ominare.
1915 2880 1974 2920 lta
2010 2881 2139 2932 legen-

1267 2940 1358 2979 (lum
1396 2953 1489 2978 esse
1520 2938 1622 2977 Oud.
1654 2939 1727 2976 iam
1759 2938 1954 2988 probavit,
1992 2937 2141 2990 [nomi-

1263 3011 1376 3043 nare,
1404 2996 1510 3047 quod
1535 2994 1704 3034 nonnulli
1732 2994 1844 3033 codd.
1864 2995 2064 3046 praebent,
2091 3006 2138 3030 ex

1263 3067 1496 3105 praegressa
1542 3052 1662 3090 littera
1703 3066 1737 3089 m
1774 3051 2028 3102 depravatum
2066 3053 2138 3087 est.

1264 3111 1326 3147 De

1264 3168 1393 3206 Burin.
1421 3167 1467 3205 :nl
1495 3165 1650 3204 Pon-on.
1678 3179 1708 3203 c.
1736 3165 1824 3216 454

1370 3111 1444 3149 hac
1481 3108 1677 3147 avem-emti
1716 3109 1852 3146 ominis
1892 3107 2052 3146 formula
2091 3106 2138 3144 ‹·1'.
