2221 3667
245 724 285 757 71

312 149 367 192 66
561 151 608 191 L.
638 151 860 192 APULEII
891 145 1292 192 M'ADAURENSIS
1322 148 1866 189 METAMORPHOSEON

310 263 415 304 illico
441 263 477 304 ei
501 263 654 306 litteras
679 264 853 307 Demeae
879 266 1006 306 trado.
1070 263 1222 316 Quibus
1248 261 1468 316 properiter
1491 262 1620 302 lectis:
1659 261 1786 311 Amo,
1813 260 1960 314 inquit,
1987 272 2115 299 meum

310 319 505 372 Demean,
534 322 600 375 qui
624 322 718 363 mihi
744 330 893 363 tantum
919 320 1145 362 conciliavit
1168 318 1374 372 hospitem.

822 472 858 520 C
917 472 963 517 A
1019 470 1057 515 P
1116 468 1160 515 U
1220 467 1264 514 T
1370 467 1614 514 XXIII.

426 603 478 645 Et
513 620 599 646 cum
626 605 729 645 dicto
755 604 863 644 iubet
888 615 1056 642 uxorem
1083 601 1289 652 decedere,
1318 607 1437 654 utque
1463 600 1503 640 in
1529 600 1614 640 eius
1639 599 1767 640 locum
1793 598 1961 640 assidam
1993 598 2119 650 iubet3

314 675 451 715 meque
489 663 605 703 etiam
639 675 742 701 nunc
772 658 1014 701 verecundia
1045 665 1271 698 comantem
1303 664 1463 711 arrepta
1495 656 1639 697 lacinia
1671 656 1901 697 detrahens:
1956 656 2121 707 Adside,

314 718 461 772 inquit,
500 719 601 759 istic.
660 716 765 758 Nam
803 728 897 770 prae
934 722 1041 755 metu
1076 715 1273 755 latronum
1306 714 1413 754 nulla
1444 713 1638 754 sessibula
1670 726 1715 753 ac
1747 727 1795 753 ne
1821 713 2080 753 sufficientem
2112 712 2119 769 Ι

312 776 592 830 supellectilem
624 786 766 827 parare
800 772 913 811 nobis
938 772 1045 811 licet.
1108 769 1218 811 Feci.
1281 770 1336 811 Et
1361 771 1435 811 sic:
1468 769 1557 824 Ego
1585 777 1637 821 te,
1664 770 1807 823 inquit,
1836 769 1954 809 etiam
1980 770 2026 809 de
2050 769 2126 810 ista

313 832 490 886 corporis
522 830 701 884 speciosa
732 828 961 869 habitudine
993 829 1116 882 deque
1148 828 1221 868 hac
1252 827 1439 882 virginali
1471 841 1634 881 prorsus
1666 826 1905 867 verecundia
1932 839 2127 881 generosa

313 889 435 942 stirpe
460 887 653 941 proditum
686 893 725 926 et
754 892 862 925 recte
889 884 1140 925 coniicerem.
1204 883 1281 925 Sed
1314 892 1353 924 et
1378 897 1487 924 meus
1513 882 1684 924 Demeas
1711 884 1846 924 eadem
1871 882 2014 923 litteris
2040 897 2127 937 pro-

314 945 480 984 nuntiat.
539 942 651 997 Ergo
682 942 917 983 brevitatem
950 941 1189 996 gurgustioli
1221 941 1348 981 nostri
1381 954 1429 981 ne
1456 954 1620 995 spernas
1647 948 1751 994 peto.
1812 939 1904 980 Erit
1928 939 1998 980 tibi
2023 939 2129 979 adia·-

314 1074 361 1100 εἰς
375 1081 404 1107 p.
415 1072 666 1101 Vicent.Venet.
677 1071 806 1101 ez‘ahest
817 1079 836 1100 a
847 1072 885 1100 R.
897 1071 917 1100 f.
968 1069 1107 1098 litteras
1121 1071 1201 1099 ez‘G.
1214 1073 1254 1100 D.
1298 1070 1495 1107 properiter
1508 1071 1543 1099 F.
1557 1070 1847 1107 l.3.pr0sper1'ler
1863 1078 1890 1105 p.
1901 1069 2069 1100 f.o.D.eu.
2083 1077 2130 1104 pr.

313 1119 440 1147 Vicent.
455 1120 538 1146 lunt.
555 1120 583 1146 1.
600 1119 749 1147 Veneta).
796 1120 833 1146 In
854 1118 1036 1145 textulum.
1052 1119 1082 1145 2.
1103 1117 1186 1145 idem
1207 1119 1307 1150 extat.
1332 1118 1388 1144 sed
1404 1117 1487 1144 inter
1501 1125 1626 1144 errores
1641 1124 1811 1151 operarum
1825 1115 1940 1144 deinde
1954 1117 2131 1144 correctum

314 1167 373 1192 est.
394 1163 604 1200 prospiciter
617 1164 652 1191 P.
662 1162 869 1200 perspicicer
883 1164 918 1191 G.
928 1162 1105 1199 prospicer
1118 1169 1155 1190 π.
1204 1161 1398 1190 consiliavit
1416 1162 1437 1190 f.
1488 1159 1645 1189 Dameam
1666 1163 1740 1190 1«“.3.
1759 1163 1797 1190 In
1817 1161 1952 1196 reliquis
1967 1159 2132 1187 Dameam

315 1207 508 1236 Damaeam
521 1211 637 1237 venet.
652 1211 683 1237 2.

407 1257 477 1282 mm
497 1253 586 1282 dicto
606 1255 721 1283 Venet.
735 1256 765 1282 2.
814 1252 985 1281 discedere
1005 1253 1026 1282 f.
1046 1254 1167 1282 Florid.
1188 1255 1237 1281 ed.
1286 1252 1394 1281 lectus
1413 1260 1470 1288 pro
1491 1252 1598 1280 locum
1617 1253 1733 1281 Venet.
1748 1254 1777 1281 4.
1826 1250 1977 1280 assidam
1995 1251 2031 1280 F.
2045 1253 2075 1280 3.
2097 1252 2133 1279 G.

315 1301 351 1328 P.
372 1301 407 1328 0.
428 1302 465 1329 Ι..
485 1303 514 1328 et
534 1300 605 1329 edd.
625 1304 701 1328 vett.
722 1297 889 1327 resideam
904 1301 942 1328 D.
967 1301 1003 1327 In
1018 1302 1091 1327 cett.
1113 1297 1282 1326 assideant
1299 1303 1327 1327 et
1342 1300 1391 1327 ed.
1408 1307 1453 1332 pr.
1467 1299 1691 1328 Vicem.1unt.
1706 1300 1738 1326 2.
1786 1300 1821 1325 et
1833 1305 1949 1335 meque
1962 1298 2000 1326 D.
2015 1304 2088 1326 am.
2103 1305 2134 1332 p.

315 1353 390 1372 eam
409 1353 498 1373 nunc
516 1347 553 1375 Ι..
575 1346 625 1373 ed.
645 1353 692 1380 pr.
705 1346 834 1374 Vicent.
851 1346 966 1373 Venet.
981 1346 1011 1372 2.
1061 1346 1092 1371 et
1108 1344 1255 1371 sumnum
1270 1346 1347 1372 Bas.
1365 1346 1393 1372 1.
1409 1346 1524 1372 Venet.
1540 1346 1569 1371 4.
1585 1344 1688 1371 eliam
1703 1351 1790 1371 nunc
1803 1346 1895 1372 abest
1911 1350 1931 1371 a
1943 1344 1979 1371 G.
1994 1343 2030 1370 P.
2043 1344 2080 1371 D.
2095 1343 2133 1370 R.

317 1391 338 1420 f.
353 1392 388 1420 0.
437 1399 460 1418 a
476 1393 621 1428 praepea
634 1392 670 1419 F.
685 1392 715 1419 3.
731 1389 878 1427 abrepta
892 1391 961 1418 edd.
977 1393 1054 1418 vett.
1105 1388 1246 1417 trahens
1268 1390 1381 1418 maluit
1398 1390 1483 1418 Prie.
1499 1387 1763 1438 „vett-ahena
1811 1389 1890 1416 istic
1904 1389 1937 1416 in
1951 1390 1989 1416 D.
2004 1387 2137 1416 nonnisi

315 1440 452 1465 estam.
467 1445 494 1466 s.
541 1434 638 1463 nulla
651 1434 817 1464 sessibula
829 1437 865 1464 F.
881 1437 911 1464 3.
926 1434 1022 1463 mella
1035 1434 1184 1462 escilmla
1198 1436 1233 1463 F.
1246 1436 1274 1464 1.
1289 1437 1325 1463 G.
1340 1436 1375 1463 P.
1390 1436 1428 1463 D.
1443 1436 1479 1463 Ι..
1494 1436 1531 1463 Ζ.
1547 1433 1677 1462 esz'lmla
1691 1436 1725 1463 Ο.
1740 1433 1835 1462 nulla
1849 1433 1982 1461 esibilia
1994 1433 2027 1471 β.
2041 1431 2137 1461 nulla

316 1480 439 1509 sellula
454 1484 507 1510 vel
525 1481 688 1509 sessibula
702 1483 852 1509 Beroald.
867 1480 962 1508 nulla
976 1483 1029 1508 est
1041 1479 1156 1508 sesula
1169 1481 1244 1509 Ald.
1258 1479 1354 1508 nulla
1368 1478 1539 1516 estfibula
1554 1481 1589 1509 F.
1606 1482 1634 1508 ⁸2.
1650 1489 1679 1515 p.
1694 1482 1730 1508 P.
1746 1481 1780 1508 in
1794 1479 1959 1514 excerptis
1973 1479 2052 1507 Oud.
2066 1480 2137 1507 edd.

318 1530 395 1555 von.
415 1536 517 1561 usque
539 1528 579 1555 ad
598 1528 693 1555 Vulc.
709 1529 739 1555 2.
759 1525 856 1554 malla
866 1525 997 1565 sabula
1020 1526 1038 1553 s.
1089 1534 1134 1552 an
1155 1533 1195 1552 ue
1215 1527 1250 1554 F.
1268 1527 1296 1554 1.
1311 1527 1342 1554 3.
1364 1527 1399 1554 G.
1421 1527 1456 1554 P.
1472 1527 1509 1553 D.
1525 1527 1573 1555 ed.
1595 1534 1640 1560 pr.
1660 1526 1790 1554 Vicent.
1808 1526 1924 1566 Yenet.
1939 1526 1970 1553 2.
1986 1526 2016 1553 4.
2032 1524 2136 1554 Paris.

318 1575 379 1600 aul
405 1580 446 1600 ne
472 1575 507 1602 Ο.
535 1580 574 1599 uc
593 1580 632 1599 ne
646 1573 681 1601 F.
696 1574 726 1600 2.
742 1580 787 1599 an
800 1573 884 1600 lunt.
903 1573 929 1600 1.
944 1572 1065 1600 2.A1d.
1113 1570 1207 1598 nobis
1222 1572 1310 1599 deest
1327 1572 1358 1599 in
1373 1572 1411 1599 D.
1427 1578 1448 1599 a
1463 1579 1502 1599 m.
1519 1579 1548 1605 p.
1598 1570 1948 1610 ecce'profecoe'Venet.
1962 1571 2091 1599 2.1unt.
2108 1571 2137 1598 1.

309 1618 388 1658 sesi
405 1619 501 1647 Paris
515 1633 560 1637 —-
573 1614 641 1645 etsi
664 1626 721 1652 pro
747 1617 832 1645 e-lsv'c
858 1618 947 1645 (folv.
969 1619 1001 1643 e!
1023 1615 1079 1643 hic
1098 1617 1208 1644 Burni.
1230 1617 1380 1645 coniecit.
1395 1618 1427 1643 el
1443 1616 1491 1643 sic
1506 1624 1568 1645 non
1584 1619 1746 1651 ‹toinparet
1761 1617 1794 1644 in
1809 1617 1844 1644 G.
1860 1617 1896 1644 P.
1910 1617 1948 1644 D.
1962 1616 1996 1644 0.
2012 1615 2034 1643 f.
2050 1622 2085 1643 π.
2099 1617 2138 1644 l).

319 1671 340 1691 a
357 1672 397 1692 m.
418 1673 444 1692 s.
465 1666 559 1692 habet
584 1664 615 1691 in
636 1670 737 1699 marg.
760 1660 832 1690 sedi
849 1670 918 1700 egr).
967 1661 1072 1689 eliam
1092 1665 1186 1690 abest
1206 1669 1226 1690 a
1245 1661 1267 1689 f.
1281 1663 1317 1690 P.
1332 1669 1368 1690 π.
1417 1670 1457 1689 ne
1471 1661 1543 1689 ista
1557 1663 1671 1690 Venet.
1685 1664 1715 1690 ἱ).
1729 1664 1813 1689 lunt.
1827 1663 1853 1690 1.
1902 1659 1980 1688 lu'nc
1994 1659 2069 1688 inde
2082 1668 2140 1696 pro

319 1707 517 1736 habitudine
539 1711 623 1737 lunt.
639 1710 667 1736 1.
715 1715 842 1745 sponsa
867 1716 923 1743 pro
948 1707 1102 1744 speciosa
1121 1716 1150 1742 p.
1199 1705 1238 1733 (le
1258 1715 1326 1744 qua
1347 1705 1412 1734 ltac
1431 1709 1468 1735 L.
1517 1710 1552 1734 et
1569 1711 1645 1735 ante
1665 1709 1756 1734 reete
1776 1709 1890 1735 exulat
1909 1714 1929 1735 a
1948 1708 1984 1735 G.
2004 1708 2040 1735 P.
2060 1707 2096 1735 0.
2118 1705 2139 1734 f.

320 1754 423 1781 vicem
444 1763 498 1789 pro
517 1754 716 1781 com'lcerem
735 1755 772 1782 L.
792 1754 998 1781 coum'eerem
1015 1753 1035 1781 f.
1050 1754 1165 1782 Vellet.
1180 1754 1211 1781 2.
1226 1760 1268 1780 ea
1281 1751 1320 1780 (le
1334 1751 1464 1781 litteris
1476 1753 1513 1781 F.
1528 1754 1558 1782 3.
1574 1751 1704 1780 litteris
1719 1760 1865 1790 quarum
1882 1754 1917 1779 ιιι
1932 1750 2026 1780 lator
2030 1751 2143 1792 fuisti

314 1800 526 1837 pronunciat
545 1809 562 1828 e
583 1802 697 1837 glossa
716 1799 749 1838 β.
795 1797 994 1837 gurguslulz'
1012 1801 1050 1828 R.
1071 1798 1092 1828 f.

374 1912 615 1964 properiter
641 1909 721 1963 [Ex
741 1914 847 1963 oppt.
870 1910 983 1949 codd.
998 1910 1050 1949 ita
1062 1911 1206 1961 recepi,

323 1982 558 2021 quamquam
589 1982 664 2006 non
691 1967 913 2019 negandum
938 1971 1018 2012 est.
1042 1968 1205 2019 prospi-

323 2027 426 2065 ct‘ler
477 2025 605 2076 magis
655 2024 910 2075 comprobari.
981 2023 1057 2062 Est
1104 2024 1207 2062 enim

323 2083 439 2128 avari,
465 2081 629 2133 provide
665 2082 794 2120 omnia
823 2095 869 2120 ac
899 2081 1109 2132 prudenter
1140 2081 1207 2118 cir-

324 2139 580 2190 cumspicere,
611 2141 652 2176 ut
677 2151 749 2177 eos
777 2151 892 2190 quam
913 2138 1207 2177 accuratissime

324 2199 557 2247 cognoscat,
596 2195 826 2247 quibuscum
869 2196 965 2233 ratio
1010 2194 1206 2247 quaedam

324 2257 363 2291 et
412 2252 571 2303 hospitii
621 2255 660 2289 et
702 2251 995 2290 consuetudinis
1038 2251 1206 2290 ineunda

324 2313 397 2348 est.
441 2309 479 2346 A
500 2309 725 2360 prospicus
750 2309 851 2346 enim
876 2309 916 2346 fit
936 2309 1204 2361 prospiciter,

324 2370 365 2404 ut
391 2379 413 2402 a
433 2367 572 2418 firmas
594 2365 794 2418 firmiter]

383 2421 482 2460 CAr.
497 2420 642 2459 XXIII.
668 2422 787 2461 nulla
800 2422 1003 2461 sessibula.
1024 2420 1082 2459 Ita
1096 2435 1204 2474 prae-

324 2481 392 2519 bet
407 2479 576 2530 optimus
592 2477 677 2516 cod.
692 2477 864 2517 Florent.
880 2482 930 2523 3.,
947 2491 1063 2530 quem
1079 2477 1205 2516 locum

325 2537 429 2575 varie
450 2538 658 2573 tractarunt
671 2534 757 2573 Intt.
778 2534 880 2574 Oud.
902 2535 1068 2573 coniecit
1088 2535 1206 2574 nulla

326 2598 383 2632 est
402 2592 595 2631 sedecula
615 2590 677 2628 vel
697 2591 884 2631 seclicula
904 2604 952 2629 ex
967 2590 1043 2630 Cic.
1059 2592 1108 2630 ad
1122 2591 1203 2630 Att.

325 2648 392 2688 IV.
414 2653 449 2689 9.
473 2648 536 2700 [ut
555 2648 765 2699 legendum
785 2651 848 2686 est
872 2647 975 2699 apud
994 2648 1141 2687 Arnob.
1158 2647 1203 2686 II.

325 2710 392 2747 26.
418 2706 594 2744 (mimam
625 2705 813 2744 scientem
835 2704 914 2744 lucc
936 2705 1070 2743 omnia.
1088 2718 1204 2757 supe-

323 2763 502 2801 rioribas
521 2762 743 2800 adventare
755 2761 957 2800 sedeculis
970 2761 1033 2799 cel
1043 2761 1205 2801 sedibus

324 2818 402 2858 Ms.
424 2819 544 2857 habet
557 2817 720 2870 seculis]
739 2817 799 2856 vel
814 2817 932 2857 mella,
946 2817 1019 2856 en!
1041 2818 1201 2857 sedilia.

383 2890 433 2914 ac
465 2888 514 2914 we
545 2875 646 2913 bene
683 2874 786 2914 Oud.
819 2874 1058 2915 emendavit,
1086 2888 1203 2925 quum

324 2946 377 2971 ote
421 2930 649 2982 simpliciter
690 2945 758 2983 pro
800 2945 850 2970 ne
895 2930 1058 2984 quidem.
1100 2931 1203 2981 posi-

325 2992 405 3026 tum
448 2989 610 3038 saepius
658 2988 889 3035 inveniann-3
934 2986 981 3026 cf.
1033 2986 1136 3025 Gell.
1176 2986 1202 3025 Ι.

325 3049 363 3086 2.
404 3049 467 3084 17.
505 3048 540 3085 2.
580 3044 699 3095 Apul.
732 3044 828 3082 Met.
866 3043 931 3082 III.
969 3057 1005 3095 p.
1041 3043 1133 3083 184.
1166 3056 1201 3093 p.

328 3104 419 3142 192,
449 3100 515 3138 IV.
554 3114 589 3151 p.
618 3105 710 3141 245.
749 3100 855 3138 VIII.
894 3113 931 3151 p.
959 3102 1052 3140 553.
1085 3099 1136 3138 X.
1164 3113 1202 3149 p.

326 3162 420 3199 704.
447 3156 573 3209 [Ded.
600 3157 650 3196 ad
675 3157 775 3196 Dict.
804 3155 903 3196 Cret.
930 3155 991 3195 III.
1020 3158 1056 3196 9.
1084 3155 1201 3193 Fron-

1265 1909 1332 1948 tin.
1362 1908 1488 1960 Epist.
1521 1909 1571 1949 ad
1603 1908 1716 1948 Caes.
1743 1907 1770 1948 I.
1798 1913 1834 1950 2.
1861 1922 1896 1960 p.
1913 1912 1950 1950 3.
1975 1908 2040 1947 ubi
2064 1921 2142 1947 me.-

1267 1980 1352 2005 cum
1394 1968 1447 2005 ita
1486 1966 1646 2013 lacunae
1682 1965 1955 2018 suppleantur:
2008 1965 2044 2004 O
2083 1979 2144 2004 me

1267 2023 1425 2062 beatum
1464 2029 1556 2062 ortu
1593 2023 1667 2062 tibi
1698 2037 1778 2061 non
1810 2022 2141 2062 conmzcmlatum.

1266 2080 1391 2126 Puta,
1423 2094 1472 2119 ne
1501 2080 1612 2119 ullas
1644 2080 1768 2119 dolor
1795 2084 2015 2132 penetrare
2039 2080 2143 2118 sciat

1267 2151 1418 2189 corpus
1443 2141 1517 2176 aut
1539 2137 1715 2176 animum
1741 2150 1879 2182 meum,
1901 2149 2007 2189 prae
2028 2140 2143 2175 tanto

1263 2194 1427 2247 yavlclio
1449 2193 1759 2246 prosilientem]

1322 2255 1359 2289 et
1383 2255 1504 2290 recte.
1554 2250 1611 2289 Et
1632 2251 1733 2289 bene
1758 2251 1911 2288 retinuit
1935 2248 2040 2289 Oud.
2064 2248 2143 2287 Va-

1265 2306 1319 2345 let
1368 2308 1471 2345 enim
1515 2312 1553 2346 et
1595 2308 1759 2359 quidem
1797 2306 1862 2359 [cs.
1901 2306 2056 2345 Ruhnk.
2094 2305 2144 2345 ad

1264 2363 1379 2402 Ovid.
1424 2362 1582 2402 Heroid.
1623 2363 1707 2402 Vll.
1750 2368 1839 2404 121.
1878 2362 2057 2402 Schmidt
2093 2362 2143 2399 ad

1263 2420 1358 2459 Hor.
1402 2419 1529 2471 Epist.
1568 2419 1595 2458 Ι.
1644 2424 1705 2460 18.
1745 2425 1808 2460 55.
1853 2424 1892 2459 et
1927 2419 2056 2459 Hand.
2093 2418 2143 2456 ad

1265 2476 1435 2515 Tursell.
1473 2475 1517 2515 II.
1561 2490 1597 2527 p.
1637 2481 1730 2517 477.
1769 2481 1808 2515 et
1843 2489 1944 2528 quos
1980 2480 2143 2526 uterque

1265 2535 1418 2574 excitat.
1467 2532 1525 2571 Ita
1550 2532 1827 2584 intelligendus
1859 2538 1970 2572 locus
1995 2532 2143 2571 Arnob.

1265 2590 1311 2629 Il.
1356 2594 1424 2631 62-
1463 2590 1577 2642 quod
1613 2604 1639 2629 a
1673 2591 1825 2630 schol1‘s
1860 2590 2069 2630 nonnullis
2105 2593 2145 2627 et

1259 2647 1486 2700 plurimum
1529 2647 1606 2685 sibi
1642 2647 1938 2699 arroyanlibus
1975 2647 2141 2690 dicitur,

1264 2705 1327 2742 ubi
1364 2704 1468 2742 male
1504 2718 1529 2742 a
1553 2704 1691 2743 sciolis
1721 2705 1922 2754 corrigunt.
1982 2703 2142 2753 Optime

1264 2760 1365 2799 enim
1391 2760 1465 2799 sibi
1491 2765 1736 2811 opponuntur
1760 2764 1799 2799 et
1819 2759 2142 2811 philosophorum

1258 2816 1427 2864 ,scholae
1458 2819 1498 2854 et
1529 2830 1727 2867 magorum
1752 2816 2052 2868 aruspicumque
2077 2828 2141 2867 ge-

1264 2887 1369 2913 nera.
1406 2873 1543 2912 Minut.
1582 2872 1666 2912 Fel.
1706 2886 1736 2911 c.
1769 2873 1818 2912 V.
1852 2873 1883 2924 ξ.
1916 2877 1953 2912 4.
1987 2872 2142 2912 audere

1266 2931 1465 2984 quosdam
1513 2935 1551 2969 ec
1598 2930 1677 2969 leoc-
1723 2930 1953 2968 studiorum
1999 2929 2140 2974 rudes,

1264 3001 1365 3039 quae
1405 2987 1518 3025 lectio
1557 3000 1631 3024 non
1670 2985 1860 3024 turbanda
1896 2989 1977 3033 est3
2023 2985 2141 3025 rudis

1263 3044 1364 3082 enim
1401 3044 1464 3082 hic
1504 3043 1673 3081 iunctum
1707 3046 1769 3080 est
1798 3056 1884 3081 cum
1916 3041 2053 3090 ablat.;
2090 3040 2138 3080 cs.

1260 3099 1367 3138 ven.
1393 3099 1437 3138 II.
1465 3099 1547 3151 73.]

1319 3156 1493 3195 brevitas
1519 3155 1685 3207 [Brevis
1710 3159 1772 3194 est
1791 3168 1969 3208 paren&
1999 3154 2049 3197 cs.
2075 3152 2137 3192 Ti-
