2155 3590
628 126 813 168 LlBER
845 127 898 168 ll.
957 126 1086 169 CAP.
1122 92 1288 166 XXIV.
1794 125 1868 167 131

67 241 237 281 revelat:
266 247 303 280 el
323 239 473 280 diutino
494 253 565 280 usu
578 240 811 303 panstadel,
842 241 1038 281 obtestata
1056 240 1130 281 fide
1150 238 1416 295 praesentium
1443 237 1601 292 singula
1628 238 1872 278 demonstr-it
1902 243 1937 275 ll.
1947 246 1963 274 J

66 297 208 346 anxie,
235 296 359 336 verba
383 303 574 351 concepta
598 297 644 336 de
668 296 862 337 industria
889 299 1056 351 quodam
1081 296 1225 338 tabulis
1250 301 1525 351 praenotante.
1576 293 1699 345 Ecce,
1728 295 1871 348 inquit,

66 365 186 392 nasus
204 353 380 406 integer,
407 352 625 393 incolumes
645 353 769 402 oculi.
798 354 933 395 salvae
954 367 1093 404 aures,
1120 353 1295 394 illibatae
1314 351 1465 402 labiae,
1494 357 1667 391 mentum
1687 351 1869 391 solidum.

64 408 148 450 Vos
173 409 214 448 in
239 409 340 449 hanc
365 423 465 460 rem,
492 409 586 449 boni
615 407 811 463 QuiriteS,
840 411 1108 451 testimonium
1133 410 1395 464 perhibetote.
1457 407 1513 448 Et
1536 421 1624 448 cum
1650 408 1754 448 dicto
1780 422 1872 448 oon-

64 465 232 519 signatis
262 465 339 506 illis
370 465 514 506 tabulis
546 466 722 506 facessit.
786 468 843 507 At
875 481 967 521 ego:
1006 465 1124 519 Iube,
1148 467 1340 531 inquam,
1381 465 1560 515 domina,
1601 473 1742 505 cuncta
1774 478 1873 528 quae.

63 529 156 568 sunt
179 522 267 562 usui
293 523 520 563 necessaria
546 523 658 563 nobis
684 523 880 564 exhiberi.
899 500 977 564 1³At
996 538 1118 578 quae,
1145 523 1293 577 inquit,
1321 522 1398 563 ista
1423 524 1541 563 sunt?
1564 520 1768 571 Lucerna,
1792 521 1871 571 aio,

64 579 321 633 praegrandis
347 585 385 619 et
411 579 540 620 oleum
566 579 612 619 ad
639 580 765 620 lucem
791 580 868 632 luci
895 581 1114 636 suffilciens
1140 587 1179 621 et
1203 580 1328 620 calida
1355 593 1442 620 cum
1475 578 1712 633 oenophoris
1745 585 1783 618 et
1810 592 1873 617 ca-

63 669 280 711 ueuperflelo
295 674 330 703 F.
349 675 375 702 1.
391 675 421 703 3.
438 675 473 703 G.
494 675 519 703 1.
534 676 565 703 2.
580 676 618 703 D.
635 676 669 703 P.
683 676 720 704 R.
737 675 756 703 t'.
773 677 821 704 ed.
837 677 1200 710 1›r.Vicen1.Venet.2.
1225 677 1260 704 In
1276 679 1348 704 cett.
1363 679 1413 704 est
1427 674 1500 702 risu
1527 669 1585 713 [cs.
1599 673 1872 707 1.iv.1.20.§.7.

60 720 160 753 Apul.
173 721 250 747 Mel.
264 721 304 748 11.
318 728 346 754 ρ.
365 719 454 755 149.]
498 717 670 757 praestem
684 721 720 749 0.
736 717 765 749 δ’.
780 722 816 749 L.
831 721 945 750 Venet.
961 723 989 750 4.
1005 722 1082 750 Bas.
1101 723 1127 750 1.
1142 722 1233 750 Colv.
1258 717 1380 758 defleto
1393 721 1441 749 ed.
1456 719 1561 748 scriv.
1586 721 1623 748 Iu
1637 723 1711 748 ceu.
1725 719 1876 747 omnibus

56 760 213 801 perstem.
252 762 327 800 fide
341 766 375 794 1·'.
391 767 421 794 3.
437 766 472 793 G.
493 767 518 794 1.
534 767 564 794 ⁸2.
586 766 620 794 P.
636 767 672 794 Z.
698 768 734 794 ln
753 771 826 794 ceu.
841 764 1012 802 estfidem.
1050 764 1163 794 Verba
1176 769 1340 802 concepta
1353 767 1388 794 F.
1401 766 1514 794 1.:3.B.
1530 768 1559 794 er
1574 765 1645 794 edd.
1659 768 1736 793 vett.
1752 772 1874 793 omnes.

60 808 181 836 umbra
193 812 352 838 contecta
367 812 403 839 G.
421 812 447 839 1.
463 812 492 839 ⁸2.
508 812 546 839 D.
560 819 597 838 π.
623 810 772 839 membra
786 814 945 839 contecta
958 814 996 840 R.
1012 812 1033 840 f.
1048 809 1076 840 δ’.
1092 813 1126 841 Ο.
1142 812 1229 840 Mira
1242 815 1290 840 est
1305 811 1465 840 confusio.
1514 808 1662 847 quadum
1678 809 1699 838 f.
1714 811 1791 839 Bas.
1803 810 1830 838 1.
1847 814 1876 838 et

62 855 165 884 Colin.
212 862 258 882 e.r
278 858 421 883 notante
441 857 522 889 quod
543 856 577 885 ln
603 857 675 885 suis
690 857 855 892 excerptis
871 859 906 886 G.
926 859 952 886 1.
979 858 1060 886 Oud.
1075 858 1219 890 invenit,
1245 857 1291 886 ibi
1312 865 1373 886 non
1387 860 1551 891 comparet
1564 857 1622 884 sed
1632 857 1874 892 praenatante.

60 898 208 927 illabata
221 899 314 928 labia
326 902 362 930 F.
382 903 407 929 1.
423 902 458 929 B.
501 899 680 938 prohibete
695 903 730 929 G.
743 904 774 930 2.
788 903 826 931 D.
842 903 878 931 P.
928 911 1000 930 cum
1014 900 1120 939 digito
1135 901 1282 939 signatis
1297 904 1331 931 Ο.
1380 910 1422 929 ac
1437 909 1494 939 ego
1515 899 1543 930 δ.
1565 909 1621 936 pro
1642 908 1739 930 more.
1788 898 1877 927 d‘ma'

61 953 117 979 pro
130 943 265 974 domina
279 946 300 975 f.
350 945 485 975 risuil..
506 952 533 975 et
552 947 604 975 vir
625 948 740 976 doctus
763 948 795 976 iu
810 956 911 984 marg.
926 948 1055 977 Vicent.
1069 956 1166 982 quam
1180 948 1293 976 habuit
1308 948 1387 975 Oud.
1414 944 1676 974 exhiberinobis
1690 947 1726 975 G.
1741 948 1771 974 2.
1786 947 1824 974 1).
1840 946 1877 974 P.

59 992 164 1028 alque
177 990 286 1029 inquil
300 992 428 1021 Via-ent.
441 993 557 1021 Tenet.
573 993 602 1021 2.
617 994 700 1021 lunt.
720 994 746 1021 1.
795 991 857 1020 illa
872 1001 928 1027 pro
943 992 1014 1020 ista
1027 995 1065 1021 R.
1082 993 1102 1021 f.
1152 991 1326 1020 lucernam
1340 993 1377 1021 P.
1426 991 1482 1019 uio
1497 993 1585 1020 deest
1601 992 1634 1020 in
1649 991 1670 1020 f.
1719 989 1876 1030 Incisus-

49 1033 176 1072 siciens
190 1039 309 1065 absunt
326 1045 345 1065 a
358 1037 391 1075 ῥ’.
406 1041 435 1065 et
451 1038 486 1065 P.
502 1038 607 1066 Faber
619 1039 785 1073 glossema
801 1042 889 1072 putat
905 1048 980 1067 esse
998 1041 1167 1067 verborum
1183 1035 1230 1064 ml
1241 1036 1357 1065 lucem.
1385 1038 1496 1066 Heius.
1515 1037 1622 1071 notius
1636 1037 1819 1065 coniecerat
1834 1034 1881 1063 ad

59 1079 241 1109 diluculum
260 1079 342 1119 ⁸'ff
363 1085 416 1111 vel
436 1080 483 1109 ad
499 1080 583 1109 diem
604 1085 655 1111 vel
675 1082 782 1110 lucem
801 1082 886 1111 usui.
935 1081 1084 1110 calidum
1104 1085 1140 1111 G.
1160 1085 1186 1111 1.
1214 1091 1308 1120 aqua
1328 1091 1384 1117 pro
1401 1081 1516 1110 calida
1529 1082 1657 1111 Vicent.
1672 1086 1701 1111 et
1716 1083 1832 1111 Venet.
1846 1083 1876 1109 2.

58 1125 241 1164 amplioris
256 1129 292 1156 G.
312 1129 337 1156 1.
363 1126 526 1164 onuphre‘s
540 1126 568 1155 ὸ.
607 1126 803 1164 cistophoris
823 1130 858 1157 Ο.
895 1126 1131 1164 estmmplmris
1153 1128 1172 1156 f.
1222 1126 1453 1164 essennphvm's
1478 1129 1516 1156 D.
1539 1135 1556 1155 a
1573 1136 1612 1156 m.
1628 1136 1657 1162 p.
1678 1124 1878 1164 cenophoris

59 1173 108 1200 ed.
124 1169 171 1207 pr.
185 1173 258 1201 Vic.
273 1177 312 1201 et.
327 1174 442 1202 Venel.
457 1175 486 1201 ¹2.
512 1171 717 1209 oenophoris
731 1175 845 1202 Venet.
861 1176 891 1202 4.
907 1175 980 1202 Par.

117 1250 383 1302 usupcrfleta.
435 1248 507 1301 [lta
522 1249 688 1287 emendo
704 1248 933 1287 Coddffilo-
994 1249 1096 1287 Mss.
1124 1249 1308 1299 recipias,
1347 1249 1453 1299 quod
1490 1254 1647 1301 propter
1671 1249 1876 1300 sequentis

57 1308 167 1343 rentt.
193 1308 367 1350 secutus,
393 1306 467 1343 etsi
493 1305 595 1343 Oud.
624 1306 708 1345 cae'su
728 1307 935 1358 praeficta
993 1305 1173 1344 vocabuli
1204 1305 1354 1344 litteras
1386 1309 1424 1343 et
1455 1320 1596 1344 sonum
1633 1305 1785 1344 similes
1824 1306 1876 1344 sa-

57 1361 262 1414 praeserat.
311 1360 415 1407 Quid
440 1363 543 1400 euim
568 1362 642 1400 sibi
669 1362 762 1399 velit
784 1361 932 1401 vultum

51 1419 270 1471 praester-e,
285 1418 466 1469 equidem
481 1432 555 1456 non
570 1419 669 1457 satis
684 1419 816 1469 capio:
843 1418 933 1455 licet

56 1474 214 1513 defendi
225 1476 365 1526 possit,
384 1479 514 1513 tamen
530 1479 686 1526 propter
699 1475 932 1513 sententiam

0 1521 1 1544 ¹
56 1531 250 1583 displicet.
294 1531 376 1571 Usu
401 1531 463 1570 hic
489 1532 592 1570 idem
619 1536 679 1569 cst
705 1531 808 1582 quod
836 1532 932 1575 ritu,

56 1602 183 1634 more,
211 1588 263 1626 uti
288 1587 482 1640 (forippus
508 1588 600 1627 (licit
625 1587 673 1627 1..
698 1587 761 1626 111.
791 1592 855 1628 44.
883 1587 933 1625 de

57 1644 136 1684 fun.
169 1643 302 1683 lustin.
337 1645 575 1697 funduntur
612 1645 819 1700 lacrymae.
850 1645 933 1684 ritu

56 1702 157 1741 uiris
173 1725 221 1730 —
234 1703 411 1754 perfleta
436 1715 527 1740 vero
554 1702 697 1741 (lictum
724 1706 786 1740 est
810 1714 933 1739 sensu

55 1759 179 1798 activo
192 1762 234 1797 ut
244 1760 341 1811 fleta
356 1757 542 1797 Metxll.
558 1773 594 1810 p.
612 1762 704 1800 498.
719 1772 788 1810 pro
800 1760 934 1811 flente,

55 1816 345 1867 praepositione
361 1829 442 1866 per
464 1816 569 1853 verbi
595 1816 673 1853 vim
693 1816 929 1866 adaugente.

56 1871 231 1911 Diutino
244 1885 339 1910 vero
354 1876 417 1909 est
429 1871 657 1911 adverbium
674 1885 743 1923 pro
760 1873 931 1915 diutine.

55 1928 164 1967 cuius
179 1927 341 1968 formam
357 1929 393 1966 in
408 1929 541 1967 multis
562 1928 768 1967 adiectis-is
783 1928 932 1980 Apule-

23 2000 26 2001 ’
55 1985 115 2023 ius
128 1984 366 2037 praetulisse
381 1985 549 2033 videtur:
576 1984 625 2024 cs.
639 1982 736 2024 Met.
752 1985 777 2023 L
797 1999 832 2036 p.
850 1985 934 2036 69.J

113 2054 311 2092 obtestata
327 2053 421 2106 fide.
451 2052 624 2105 widem,
652 2053 757 2104 quod
783 2053 818 2091 in
846 2067 937 2091 non-

56 2109 148 2148 null.
168 2109 281 2148 codd.
309 2109 510 2155 invenitur,
535 2110 751 2161 imperitiae
777 2109 940 2147 debetur

56 2167 304 2211 librariorum,
319 2167 382 2217 qui
399 2166 592 2205 obtestari
604 2167 764 2218 passive
778 2166 938 2216 proferri

54 2223 294 2262 nesciebant.
355 2222 403 2261 cf.
431 2222 565 2261 Eckst.
592 2222 641 2260 ad
667 2222 789 2260 Voss.
815 2223 936 2261 Arist.

56 2279 100 2318 T.
128 2279 173 2317 11.
199 2293 236 2330 p.
263 2282 357 2319 753.
421 2279 625 2318 Detestari
650 2279 792 2317 eodem
818 2279 934 2317 modo

57 2336 196 2387 legitur
219 2335 339 2387 Apul.
365 2335 484 2388 Apol.
510 2349 547 2386 p.
574 2335 685 2387 512]

112 2392 281 2445 u'nyula
295 2394 422 2432 ana-[e
430 2393 694 2437 demonstrat,
712 2392 932 2431 rerbacon-

57 2455 192 2502 cepta.
219 2448 349 2501 [Hanc
374 2462 423 2487 ex
437 2448 541 2487 Mss.
556 2449 687 2499 recepi
714 2447 932 2488 lectionem.

55 2505 158 2545 Oud.
189 2506 371 2544 librorum
403 2506 691 2544 dissensionem
717 2506 769 2543 ita
793 2504 932 2543 contla-

55 2564 120 2607 vit,
145 2565 187 2601 ut
211 2563 463 2602 demonstrat
487 2563 615 2601 anxie
639 2561 815 2601 membra
840 2575 932 2600 con-

56 2624 234 2659 trectata
264 2618 304 2671 [v
309 2619 346 2657 el
378 2618 654 2670 contrectans]
689 2619 808 2657 rerba
841 2632 934 2657 con

56 2681 178 2728 cepta
213 2677 409 2715 scriberet.
483 2675 566 2713 sed
603 2675 801 2726 quomodo
839 2674 933 2713 illud

54 2733 230 2772 membra
243 2733 521 2772 contrectala'
513 2746 547 2771 in
563 2736 710 2770 textum
724 2732 933 2784 subrepse

55 2790 114 2835 rit,
133 2790 199 2828 vix
216 2793 351 2841 potest
371 2788 546 2839 intelligi,
566 2789 796 2840 praesertim
816 2801 934 2838 quum

1 2843 6 2886 J
55 2845 131 2885 hoe
147 2846 451 2885 additamentum
472 2860 546 2884 non
568 2845 794 2883 necessario
809 2846 933 2896 requi·

55 2905 173 2948 ratur,
210 2904 391 2953 quoniam
430 2903 598 2953 quisque
627 2902 675 2939 ab
714 2901 818 2939 initio
857 2902 931 2939 iam

55 2959 223 3006 divinet,
273 2960 364 3011 quid
409 2960 444 2997 iu
482 2963 612 2997 mente
657 2959 710 2996 sit
754 2957 933 3004 feminae,

56 3016 212 3054 testium
243 3029 318 3053 usu
349 3020 538 3064 „nemum
570 3020 609 3053 et
634 3014 827 3053 incolume
854 3028 933 3052 cor-

58 3085 130 3122 pus
143 3072 324 3111 traditum
337 3073 379 3110 iri
393 3072 547 3110 custodi
562 3072 805 3123 probaturae.
858 3070 931 3108 Vel

55 3129 87 3164 si
122 3129 195 3167 boc
220 3143 294 3167 non
320 3129 468 3181 placet.
500 3129 673 3166 membra
701 3141 746 3165 cx
775 3127 933 3178 reliquis

994 1362 1068 1399 vile
1089 1361 1263 1412 effugere
1286 1361 1522 1400 librariorum
1543 1362 1679 1401 oculos
1696 1362 1874 1414 poterat]

1050 1418 1237 1457 illibatae
1261 1418 1411 1457 labiae.
1464 1418 1523 1457 Ex
1548 1418 1718 1457 florent.
1746 1422 1782 1459 3.
1810 1432 1876 1470 op-

995 1479 1085 1513 tmo
1131 1475 1301 1525 aliisque
1334 1475 1436 1513 Mss.
1482 1475 1703 1514 femininum
1742 1475 1878 1514 labiae

994 1531 1158 1583 praetuli
1180 1532 1401 1582 eademque
1423 1531 1546 1570 sorma
1566 1532 1685 1584 Apul.
1703 1531 1796 1570 Met.
1813 1530 1877 1570 111.

996 1602 1032 1640 p.
1049 1592 1144 1629 220.
1164 1587 1249 1627 Vll.
1273 1602 1308 1639 p.
1325 1593 1418 1628 451.
1441 1588 1489 1628 X.
1511 1603 1547 1640 p.
1565 1592 1657 1630 709.
1675 1592 1767 1629 719.
1784 1591 1877 1628 732.

998 1645 1135 1695 legitur
1166 1646 1229 1683 ubi
1261 1644 1364 1683 Mss.
1397 1647 1558 1697 saepius
1592 1647 1749 1684 variant.
1816 1644 1881 1683 De

995 1702 1234 1747 discrimine,
1262 1702 1366 1752 qnod
1394 1701 1568 1741 nommlli
1593 1707 1634 1740 ut
1659 1701 1803 1741 Donat.
1829 1701 1880 1740 ad

997 1757 1085 1797 Ter.
1112 1757 1210 1798 Eun.
1237 1758 1283 1798 11.
1305 1763 1340 1799 3.
1366 1764 1428 1799 44.
1455 1761 1553 1797 inter
1579 1764 1782 1810 utramque
1807 1758 1880 1796 sor—

996 1829 1098 1854 mam
1129 1820 1306 1854 statuunt
1337 1820 1376 1853 et
1407 1817 1456 1854 ab
1489 1816 1591 1854 Oud.
1630 1816 1880 1866 improbatur,

994 1871 1043 1911 cf.
1075 1871 1143 1910 Dr.
1176 1872 1227 1910 ad
1259 1872 1330 1910 Sil.
1358 1871 1441 1910 ltal.
1469 1871 1572 1911 UH.
1608 1876 1700 1912 115.
1733 1871 1880 1923 {Doed.

996 1930 1092 1979 Syn.
1116 1929 1161 1966 V.
1183 1942 1221 1979 p.
1242 1933 1330 1969 154.
1352 1928 1400 1967 cf.
1422 1928 1526 1968 Mos.
1547 1928 1597 1967 ad
1619 1927 1697 1967 Cic.
1718 1928 1768 1978 de
1786 1927 1878 1967 Nat.

998 1985 1116 2023 Deor.
1144 1984 1170 2023 l.
1198 1989 1234 2025 8.
1262 1999 1298 2037 p.
1326 1985 1409 2037 35]

1056 2056 1147 2081 cum
1183 2042 1299 2080 (licto
1336 2043 1604 2095 cmcsiynatiS.
1666 2041 1805 2095 [Quod
1843 2043 1880 2080 in

999 2097 1174 2136 ‹sm-vill.
1198 2098 1284 2137 cod.
1307 2098 1448 2149 legitur
1473 2113 1565 2137 cum
1584 2100 1722 2152 ‹liyito
1748 2112 1879 2150 quam·

999 2169 1114 2204 qnam
1148 2156 1319 2206 ineptum
1352 2159 1431 2193 est.
1469 2155 1560 2193 inde
1591 2159 1721 2194 tamen
1754 2159 1879 2193 ortum

997 2211 1194 2255 videmus.
1229 2211 1333 2263 quod
1368 2212 1523 2251 dictum
1548 2213 1583 2250 iu
1611 2213 1773 2266 cliytmn
1797 2225 1877 2250 mu-

995 2268 1160 2307 tabatur.
1207 2266 1319 2307 Haec
1339 2269 1441 2306 enim
1460 2282 1641 2320 syncope
1660 2269 1766 2320 apud
1786 2282 1877 2320 poe-

993 2328 1056 2363 tas
1089 2325 1333 2375 potissinunn
1366 2327 1616 2364 occasionem
1649 2325 1758 2364 dedit
1793 2340 1879 2364 cor·

993 2381 1167 2432 ruptelis,
1181 2386 1222 2419 ut
1235 2383 1339 2433 apud
1354 2381 1480 2420 Lucil.
1496 2383 1612 2421 Aetn.
1628 2396 1661 2422 c.
1680 2386 1770 2423 189.
1785 2395 1875 2433 sqq.

991 2438 1224 2476 mendosum
1258 2438 1383 2477 locum
1411 2452 1459 2477 cx
1485 2439 1588 2478 Mss.
1615 2439 1668 2477 ita
1693 2440 1875 2477 restituo:

1038 2510 1130 2538 Nunc
1155 2517 1239 2544 opus
1259 2510 1417 2539 artificem
1436 2511 1582 2539 incendit
1603 2517 1804 2544 causamque
1825 2518 1877 2538 re-

1348 2556 1450 2590 poscit

1039 2602 1107 2628 Non
1123 2601 1215 2629 illam
1223 2601 1333 2638 parci
1342 2604 1408 2628 aut
1422 2602 1530 2629 tenuis
1543 2599 1751 2629 discriminis
1763 2600 1851 2638 ignis
1862 2608 1875 2635 ,·

1039 2646 1132 2674 Mille
1158 2648 1218 2674 sub
1244 2646 1368 2683 &rigna
1395 2646 1459 2682 με.
1487 2647 1644 2683 tempore]
1661 2648 1794 2683 ponunt
1816 2646 1874 2675 tibi

1349 2692 1485 2727 pignera
1499 2700 1587 2725 vero,

1043 2734 1107 2764 Res
1122 2735 1277 2774 oculique
1290 2735 1422 2772 doceat,
1440 2745 1491 2765 res
1500 2738 1730 2772 ipsaecredere
1740 2740 1875 2774 cogunt.

1038 2782 1122 2817 Quin
1135 2783 1234 2812 etiam
1250 2787 1337 2811 tac-tu
1351 2790 1501 2811 moneam
1515 2783 1715 2818 concingere,
1731 2785 1828 2810 tacto

1039 2828 1074 2855 si
1087 2828 1196 2861 liceat,
1212 2828 1380 2862 prohibent
1396 2828 1544 2856 flammae
1552 2828 1768 2862 custodiaque
1780 2827 1854 2865 igni

1034 2873 1090 2901 llli
1104 2879 1240 2908 operum
1255 2875 1318 2906 est,
1333 2879 1456 2900 arcens
1470 2870 1573 2909 digus
1582 2871 1681 2908 [mss.
1695 2871 1814 2910 dictis]
1823 2873 1874 2904 di-

1346 2918 1489 2952 vinaque
1504 2926 1610 2946 rerum

1038 2963 1126 2992 Cura
1139 2964 1213 2992 sine
1227 2963 1363 2992 arbitrio
1377 2968 1438 2992 est.

1050 3015 1256 3069 Impedire
1287 3032 1320 3056 c.
1354 3017 1431 3056 dat.
1465 3016 1605 3069 legitur
1629 3018 1735 3069 apud
1761 3018 1872 3057 Varr.

992 3071 1060 3112 lX.
1090 3072 1121 3122 δ.
1149 3073 1213 3114 14.
1247 3087 1284 3125 p.
1311 3073 1405 3114 203.
1439 3072 1553 3112 Muli.
1587 3074 1691 3112 unde
1728 3088 1874 3114 arcens

993 3129 1123 3182 ‹liytis
1143 3129 1301 3168 defendi
1322 3131 1453 3183 possit
1471 3130 1536 3168 vel
1557 3131 1591 3169 si
1605 3132 1730 3170 mavis
1744 3133 1874 3171 scribe

1549 3186 1609 3229 9.

1906 578 1966 610 150
