2155 3590
668 174 856 216 LIBER
885 174 938 215 X.
986 174 1111 216 CAP.
1139 173 1306 214 XX111.

110 286 283 338 addicta,
316 298 415 340 quae
446 299 594 326 mecum
618 286 832 340 sinceram*
862 285 1052 342 publicam
1083 285 1213 341 populi
1244 298 1405 327 caveam
1435 285 1719 340 frequentaret.
1753 283 1763 341 Ι
1792 283 1890 327 Eius
1914 282 1977 319 7¹22

1809 174 1887 216 941

108 412 228 442 addita
248 415 284 444 G.
305 415 334 443 1.
353 413 390 443 Ο.
403 420 476 442 am.
491 421 520 448 p.
556 411 691 441 adiecta
710 410 739 443 δ.
764 414 806 444 cf.
824 415 865 443 ad
885 417 961 443 Met.
974 415 1014 444 11.
1032 421 1064 449 p.
1079 414 1153 442 163.
1176 413 1262 443 vm.
1275 421 1306 447 p.
1321 413 1396 442 608.
1443 411 1538 441 euius
1551 419 1662 450 paene
1673 413 1710 442 G.
1726 413 1755 442 1.
1773 413 1809 442 Ο.
1833 414 1892 442 Est

110 511 297 563 corrumpi
315 512 568 563 permitteret,
594 525 668 549 non
688 512 762 549 iam
782 513 973 563 quaeritur

107 568 171 605 vel
196 568 460 618 investigatur,
486 567 558 605 sed
578 567 692 605 facile
712 568 915 618 acquiritur
935 571 973 606 et

108 627 347 675 comparatur
370 623 459 662 vilis
482 623 628 674 aliqua,
659 624 796 662 bestiis
820 624 973 662 addicta

106 693 176 731 per
214 680 444 718 sententiam
479 679 689 730 praesidis,
725 679 789 730 qui
824 679 974 717 scilicet

106 738 264 786 rogatus
290 739 514 786 gratamque
532 748 613 773 rem
632 736 872 786 magistratui
889 748 970 773 mu-

108 805 181 828 nus
200 791 347 829 edituro
368 791 497 829 facere
510 791 649 829 volens
663 804 749 829 eam
763 791 969 829 concessit.

107 847 189 899 [De
212 860 256 886 re
294 847 341 885 cf.
375 860 475 897 quae
503 849 662 899 exponit
691 847 886 885 Stewecb.
919 846 969 884 ad

106 902 608 955 Arnob.11.53.T.11.p.70.
627 902 748 942 Orell.
774 902 822 942 cf.
833 902 969 942 Schol.

108 959 237 997 iuven.
263 958 308 998 ΙΙ.
338 963 399 1000 16.
424 958 537 1011 Lips.
562 958 688 998 Elect.
711 958 737 997 I.
764 973 795 997 c.
823 963 885 999 11.
917 958 967 996 de

106 1015 306 1066 Amphith.
343 1029 375 1054 c.
413 1019 477 1056 23.
525 1014 613 1056 Intt.
652 1015 703 1054 ad
737 1013 895 1055 Petron.
931 1019 969 1055 9.

105 1085 144 1123 p.
169 1076 234 1111 54.
258 1071 408 1123 Burm.]

161 1129 346 1166 incoram
376 1127 589 1178 publicam
620 1126 775 1179 populi
809 1139 968 1166 caveam

102 1185 394 1235 frequentaret.
433 1182 534 1229 Quia
546 1185 728 1223 incoram
743 1182 847 1234 apud
861 1182 967 1234 Apu-

107 1239 222 1277 leium
242 1252 328 1277 cum
348 1240 514 1289 genitivo
542 1238 621 1276 fere
641 1252 798 1290 semper
816 1239 966 1276 coniun-

107 1299 208 1332 ctum
233 1294 398 1345 legatur,
417 1294 542 1332 semel
567 1298 712 1332 tantum
739 1294 967 1332 adverbiali-

105 1355 183 1395 ter,
207 1349 309 1388 hune
334 1348 459 1388 locum
481 1354 696 1400 corruptum
717 1363 809 1387 esse
830 1362 965 1387 omnes

106 1406 258 1444 omnino
293 1405 394 1445 Edd.
422 1406 729 1458 pronuntiabant.
784 1405 964 1444 Roaldus

105 1462 288 1500 emendat
309 1475 415 1514 quae
432 1476 582 1501 mecum
601 1463 784 1500 incoram
804 1461 962 1512 populi

100 1518 312 1570 publicam
330 1532 490 1557 caveam
511 1521 815 1570 frequentaret3
848 1517 964 1555 VVas-

106 1587 200 1611 seus
212 1576 494 1626 frequentaret
506 1574 676 1624 explicat
689 1575 827 1620 coiret,
842 1571 962 1611 Pric.:

103 1632 356 1682 frequentem
368 1630 561 1668 redderet
569 1630 724 1681 plenam
737 1629 963 1681 spectatori-

108 1688 193 1731 bus,
208 1685 479 1724 es.Gell.XVI.
492 1689 555 1726 10.
568 1686 718 1725 sobolis
731 1716 740 1724 .
750 1716 758 1724 .
768 1716 776 1724 .
791 1686 964 1738 yiynen-

108 1743 163 1781 cla
179 1742 303 1793 copia
323 1743 522 1781 civitatem
534 1743 820 1793 frequentare‚·
843 1740 886 1779 ll.
900 1745 962 1781 15.

103 1797 261 1849 prolem
271 1798 423 1849 populi
433 1801 717 1850 frequentare,
743 1805 783 1836 et
806 1799 858 1836 ita
881 1810 967 1834 sae-

106 1855 204 1905 pius.
250 1853 306 1891 At
329 1858 433 1891 recte
456 1857 586 1891 monet
605 1852 727 1899 Oud.,
751 1852 854 1891 aliud
873 1866 967 1890 esse

104 1913 381 1961 frequentare,
405 1909 510 1948 aliud
532 1913 796 1961 frequentare
819 1923 968 1948 mecum

107 1966 306 2010 incoram,
332 1967 384 2004 ita
407 1970 448 2003 ut
472 1967 586 2003 etiam
602 1965 761 2003 VVassei
787 1966 969 2015 interpre-

108 2021 200 2059 tatio
225 2021 357 2060 coz'ret
379 2020 502 2059 locum
522 2021 667 2059 habere
686 2025 868 2072 nequeat3
894 2034 971 2071 qua

107 2081 312 2128 praeterea
335 2077 614 2127 significatione
644 2077 717 2115 hoc
740 2077 969 2116 vocabulum

108 2145 296 2183 nusquam
312 2132 460 2184 legitur,
473 2133 546 2171 sed
558 2133 686 2184 potius
701 2146 969 2173 consuescere.

108 2189 370 2227 Accusativus
406 2203 523 2240 quum
558 2188 662 2228 Oud.
697 2189 796 2228 satis
826 2189 968 2227 docere

108 2245 298 2289 videatur,
332 2246 615 2297 frequentaret
643 2259 717 2283 non
745 2257 838 2283 esse
862 2243 968 2283 solli-

110 2301 322 2346 citandum,
352 2301 439 2352 ipse
475 2302 641 2350 corrigit:
681 2315 784 2353 quae
817 2314 968 2340 mecum

109 2357 271 2396 coitura
294 2358 476 2396 incoram
494 2357 706 2408 publicam
724 2357 878 2409 populi
903 2371 968 2395 ca-

108 2426 218 2451 veam
228 2415 521 2464 frequentaret.
549 2411 715 2464 [Eadem
732 2413 812 2451 fere
826 2412 968 2451 Handii

108 2470 384 2519 argumentatio
398 2470 508 2507 estin
524 2468 691 2507 Turseli.
701 2468 800 2508 T.11.
814 2481 850 2519 p.
865 2472 937 2509 131
947 2499 969 2514 .,

109 2526 174 2574 qui
203 2528 329 2563 tamen
361 2524 463 2563 Oud.
489 2525 744 2563 coniecturam
769 2525 970 2575 improbat,

109 2581 199 2630 quia
221 2582 257 2619 si
286 2594 372 2619 cum
401 2580 505 2619 Oud.
535 2580 697 2619 addatur
725 2582 877 2625 citura,
911 2581 970 2619 in-

109 2649 249 2676 coram
272 2651 348 2675 non
372 2637 584 2676 conveniat.
613 2637 712 2676 Hinc
736 2636 911 2675 videntur
934 2636 971 2674 ei

109 2690 220 2742 plura
254 2694 373 2732 verba
408 2693 604 2731 excidisse
644 2697 735 2745 post
773 2693 969 2732 incoram.

110 2746 236 2786 Aliter
259 2749 438 2800 equidem
461 2750 601 2787 sentio.
653 2748 752 2787 Loci
777 2752 969 2799 corrupte-

109 2803 186 2842 lam
210 2803 333 2844 latere
363 2806 541 2857 suspicor
567 2806 602 2843 in
627 2818 725 2842 voce
745 2804 968 2856 publicam,

107 2871 211 2909 quae
235 2860 351 2911 plane
375 2861 501 2900 ieiuna
525 2866 563 2899 et
580 2861 841 2899 additamento
859 2860 969 2898 vocis

106 2917 260 2967 populi
271 2930 433 2968 prorsus
447 2930 737 2968 supervacanea
750 2920 822 2954 est.
842 2916 971 2955 Cavea

105 2971 210 3009 enim
235 2973 310 3011 iam
333 2974 522 3024 significat
542 2973 680 3017 locum,
705 2974 740 3010 in
762 2985 838 3024 quo
857 2971 972 3009 sedet

110 3028 279 3077 populus
292 3030 326 3066 in
340 3030 514 3075 theatris,
539 3034 618 3067 tum
631 3028 818 3067 theatrum
834 3029 970 3078 ipsum.

111 3080 214 3127 Quid
243 3085 354 3135 igitur
380 3086 561 3137 populi
584 3098 706 3124 cavea
736 3084 881 3122 dicatur
905 3097 972 3121 ne-

104 3140 319 3180 cessarium
344 3146 422 3186 cst,
455 3141 556 3191 quod
583 3154 702 3179 cavea
724 3154 794 3192 per
822 3152 868 3178 se
898 3140 972 3178 iam

1028 509 1267 561 intelligitur,
1299 522 1399 560 quae
1433 509 1587 561 quidem
1616 508 1813 555 molestia,
1842 523 1892 548 ne

1030 567 1155 606 dicam
1178 565 1389 617 ineptitudo
1414 569 1593 616 augetur,
1628 567 1662 604 si
1682 566 1892 618 publicam

1029 621 1244 661 defendere
1267 620 1384 666 velis,
1408 624 1451 659 ut
1473 634 1522 659 ne
1548 621 1599 659 ad
1622 621 1892 660 abundantiam

1030 678 1185 729 quidem
1208 690 1323 728 quam
1342 678 1571 727 interpretes
1583 690 1739 728 semper
1751 678 1894 716 iactant

1026 734 1208 774 Afrorum
1242 732 1452 784 confugere
1480 733 1630 784 possis.
1676 731 1789 771 Unde
1815 747 1892 784 pu-

1028 790 1176 829 blicam
1211 801 1266 827 ex
1301 788 1442 839 glossa
1478 788 1617 826 librarii
1662 789 1893 827 interlineari

1026 845 1196 884 additum
1234 857 1329 882 esse
1365 844 1562 889 existimo,
1598 847 1637 882 et
1667 843 1891 894 legendum:

1029 915 1133 954 quae
1161 914 1311 940 mecum
1340 902 1523 939 incoram
1547 900 1703 952 populi
1732 913 1893 939 caveam

1023 959 1323 1009 frequentaret,
1360 959 1400 994 et
1435 957 1488 994 ita
1522 955 1815 1008 explicandum,
1851 959 1892 994 ut

1027 1026 1192 1052 caveam
1212 1014 1478 1064 frequentare
1496 1025 1589 1050 esse
1607 1025 1732 1062 ponas
1752 1013 1794 1050 in
1813 1025 1892 1050 sce-

1025 1083 1118 1108 nam
1128 1069 1324 1120 prodire,
1349 1067 1629 1119 frequentativo
1643 1081 1713 1118 pro
1726 1067 1892 1119 simplici

1026 1125 1168 1176 posito.
1227 1123 1286 1163 Ita
1316 1137 1417 1175 quae
1447 1124 1552 1175 apud
1574 1122 1786 1176 Apuleium
1815 1137 1891 1162 uno

1027 1181 1114 1219 loco
1140 1183 1308 1231 excepto
1341 1181 1540 1218 observari
1563 1183 1696 1231 potest
1719 1183 1892 1217 constru—

1026 1237 1101 1275 ctio
1126 1237 1426 1287 praepositionis
1452 1238 1637 1275 incoram
1667 1235 1892 1274 vindicatur.

1025 1292 1202 1330 Forsitan
1231 1295 1500 1344 frequentare
1530 1305 1578 1329 eo
1610 1293 1734 1342 magis
1765 1292 1890 1330 locum

1023 1348 1161 1393 habet,
1187 1348 1291 1399 quod
1315 1348 1477 1399 saepius
1502 1349 1657 1399 nuptias
1681 1351 1723 1386 ut
1747 1347 1893 1386 faceret

1021 1404 1156 1442 asinus
1181 1404 1426 1441 constitutum
1450 1406 1545 1442 erat.
1592 1403 1648 1442 At
1673 1404 1890 1454 negandum

1021 1473 1097 1498 non
1133 1462 1213 1505 est,
1254 1458 1440 1510 praeferri
1479 1459 1711 1498 sententiam
1747 1472 1890 1498 eorum.

1022 1516 1087 1566 qui
1125 1514 1359 1553 vocabulum
1394 1515 1591 1553 excidisse
1625 1515 1777 1561 volunt,
1814 1527 1890 1564 quo

1020 1571 1119 1610 asini
1132 1584 1217 1610 cum
1231 1570 1392 1608 muliere
1405 1571 1632 1609 concubitus
1646 1572 1890 1622 exprimatur.

1021 1628 1121 1668 Hinc
1144 1628 1257 1678 igitur
1279 1626 1490 1665 verisimile
1514 1630 1595 1673 est,
1619 1627 1718 1666 inter
1740 1641 1891 1666 mecum

1022 1688 1062 1723 et
1093 1685 1276 1724 incoram
1298 1684 1470 1735 positum
1494 1682 1620 1722 fuisse
1643 1683 1888 1728 vocabulum,

1023 1740 1128 1792 quod
1158 1740 1207 1778 ob
1240 1740 1448 1778 litterarum
1478 1742 1517 1776 et
1547 1740 1632 1777 soni
1657 1739 1890 1777 vicinitatem

1024 1811 1048 1835 a
1061 1796 1222 1834 librariis
1236 1799 1377 1846 postea
1388 1795 1609 1845 neglectum
1623 1800 1698 1834 est.
1738 1795 1778 1834 A
1793 1794 1890 1834 litte-

1022 1866 1148 1891 rarum
1174 1852 1348 1902 vestigiis
1380 1865 1452 1889 non
1478 1852 1530 1889 ita
1553 1851 1714 1890 multum
1742 1850 1891 1889 recedit

1024 1921 1110 1946 voc.
1148 1908 1337 1947 cubitura
1383 1906 1433 1946 cf.
1464 1906 1602 1946 Catull.
1630 1911 1693 1948 68.
1726 1908 1890 1960 quicum

1028 1963 1133 2003 bella
1154 1963 1298 2015 puella
1323 1964 1463 2003 cubet
1485 1963 1547 2001 vel
1572 1964 1755 2010 coitura,
1786 1962 1890 2014 quod

1026 2022 1102 2059 iam
1121 2019 1222 2057 Oud.
1244 2023 1334 2058 ante
1352 2032 1415 2057 me
1428 2019 1587 2058 viderat.
1613 2020 1891 2072 Frequentare

1027 2090 1189 2116 caveam
1212 2079 1291 2114 tum
1316 2078 1379 2113 est
1403 2088 1488 2113 earn
1513 2074 1753 2126 frequentem
1775 2079 1814 2113 et
1827 2088 1888 2112 co-

1026 2133 1179 2184 piosam
1201 2131 1368 2170 reddere
1391 2144 1485 2183 prae
1503 2132 1632 2171 studio
1650 2131 1813 2177 visendi,
1839 2130 1889 2170 cf.

1026 2188 1127 2227 Hist.
1163 2187 1210 2226 B.
1246 2187 1330 2226 Afr.
1368 2201 1400 2226 c.
1433 2192 1498 2228 20.
1531 2187 1889 2240 frequentabat

1025 2259 1117 2284 suas
1141 2245 1304 2295 copias,
1328 2244 1393 2282 ubi
1416 2243 1505 2282 vide
1524 2244 1679 2291 Davis.;
1706 2243 1809 2294 quod
1824 2257 1889 2280 vo-

1026 2299 1204 2338 cabulum
1216 2299 1494 2339 restituendum
1508 2304 1600 2352 puto
1614 2300 1714 2339 Dict.
1730 2299 1828 2339 Cret.
1843 2298 1888 2337 ll.

1026 2360 1091 2397 51.
1135 2356 1298 2395 militem
1336 2360 1730 2409 frequentantem
1776 2369 1888 2395 arma

1022 2414 1184 2464 frustra
1220 2412 1416 2458 habuere,
1451 2412 1515 2450 vel
1549 2415 1803 2465 frequentem
1827 2411 1889 2450 acl

1026 2482 1141 2508 arma
1156 2468 1219 2518 (cf.
1234 2467 1318 2507 Liv.
1333 2467 1395 2506 Ill.
1406 2471 1487 2518 24.)
1504 2468 1722 2519 legendum.
1749 2467 1889 2513 Quam-

1027 2537 1141 2574 quam
1152 2526 1438 2576 frequentaret
1449 2525 1486 2563 h.
1501 2524 1524 2564 l.
1539 2525 1653 2563 etiam
1667 2523 1890 2575 simpliciter

1026 2581 1167 2631 exponi
1193 2580 1321 2631 possit
1343 2582 1494 2620 veniret
1514 2582 1556 2619 in
1581 2594 1742 2620 caveam
1757 2579 1889 2630 publi-

1029 2650 1169 2677 corum
1183 2637 1373 2676 ludorum
1387 2637 1630 2677 celebritate.
1677 2635 1889 2674 Observari

1027 2693 1129 2731 enim
1153 2696 1304 2743 potest,
1331 2695 1600 2746 frequentare
1629 2705 1698 2744 pro
1722 2689 1888 2742 simplici

1026 2749 1145 2787 verbo
1171 2748 1221 2786 ibi
1240 2749 1484 2799 potissimum
1505 2749 1674 2799 positum
1694 2760 1801 2793 esse,
1825 2747 1890 2785 ubi

1028 2805 1080 2843 rei
1101 2803 1329 2842 solemnitas
1350 2818 1436 2843 cum
1454 2805 1648 2843 hominum
1667 2803 1891 2842 celebritate

1028 2861 1231 2899 coniuncta
1255 2861 1494 2912 exprimitur3
1525 2861 1576 2898 ita
1600 2860 1809 2911 templum,
1835 2858 1891 2898 lu-

1027 2917 1140 2960 dum,
1176 2930 1314 2962 sacra,
1344 2917 1557 2968 eaesequias
1576 2915 1891 2967 frequentari

1029 2973 1219 3016 dicuntur,
1267 2971 1316 3009 cf.
1345 2971 1462 3023 Apul.
1492 2971 1590 3010 Met.
1612 2970 1694 3009 Vll.
1725 2984 1763 3022 p.
1795 2973 1891 3012 412.

1029 3027 1115 3066 Sed
1145 3027 1258 3066 haud
1287 3027 1538 3066 immaturius
1567 3027 1755 3072 reddito,
1793 3028 1891 3079 quia

1029 3096 1089 3122 me
1100 3096 1255 3121 necesse
1272 3088 1329 3121 est
1345 3082 1527 3121 indidem
1545 3083 1765 3123 delibutam
1778 3083 1889 3121 tlaeea-

1030 3143 1134 3179 trum
1170 3139 1338 3179 deorum
1370 3139 1703 3191 frequentare.
1771 3138 1890 3177 Miror
