2221 3667
327 168 410 211 650
595 169 641 209 L.
674 170 894 210 APULEll
926 169 1328 211 MADAURENSIS
1359 170 1907 214 METAMORPHOSEON

326 293 397 321 uec
435 294 582 334 pavens
619 282 774 323 damula
813 297 885 324 nec
922 296 1015 337 prae
1054 282 1197 322 ceteris
1236 282 1331 322 feris
1367 283 1502 323 mitior
1537 297 1676 335 cerva,
1717 287 1785 326 sed
1821 300 1914 340 ape1
1950 288 2130 327 immanis

235 341 297 372 515
324 343 441 400 atque
477 337 690 380 inusitatus
728 340 932 393 exsurgit,
973 338 1070 379 toris
1118 338 1288 378 callosae
1333 338 1456 395 cultis
1495 340 1661 390 obesus,
1707 341 1793 394 pitis
1834 343 2130 384 inhonentibus

324 393 432 433 corio
463 394 686 447 squalidus,
726 396 821 436 setis
858 394 1158 447 insurgentibus
1196 395 1332 449 spinae
1368 395 1563 450 hispidus,
1604 397 1784 437 dentibus
1822 400 1959 439 attritu
1995 399 2129 439 sonaci

321 496 483 528 damnula
496 500 532 528 G.
549 501 579 529 1.
604 498 780 530 dammula
793 503 828 529 G.
844 502 874 528 2.
888 502 927 528 D.
949 502 1051 530 Salm.
1071 501 1112 529 ad
1132 500 1235 530 Solin.
1256 508 1287 535 p.
1303 502 1355 530 75.
1376 503 1446 534 vult
1467 510 1596 537 semper
1607 502 1815 531 scribendum
1829 512 1902 532 esse
1914 502 2049 532 damma
2066 514 2130 535 non

320 541 432 573 dama.
457 545 552 574 Certe
572 546 694 580 duplex
713 554 742 573 m
762 546 805 574 ihi
825 548 944 575 habent
964 548 1046 575 Mss.
1065 546 1202 579 aliquot.
1227 547 1290 574 Sed
1311 548 1397 576 male
1424 547 1466 576 cf.
1487 555 1571 581 quae
1591 548 1672 576 Oud.
1691 549 1861 578 annotavit
1881 548 1917 576 in
1929 550 2069 578 Advers.
2090 552 2129 579 ad

319 590 431 618 Horat.
447 591 503 619 Oti.
516 592 538 619 1.
553 592 585 620 2.
604 592 655 619 12.
681 598 829 628 aequore
843 588 974 619 darnae.
1022 590 1193 621 inritatus
1214 592 1250 619 G.
1270 592 1297 619 1.
1311 593 1343 620 2.
1358 592 1393 620 P.
1409 593 1444 621 Ο.
1458 593 1497 620 D.
1533 592 1724 620 mum'lalus
1737 600 1775 620 π.
1804 595 1840 622 In
1856 597 1929 622 cett.
1943 592 2130 623 inusitatus

318 634 1661 670 F.1.3.Vu1c.2.Elmxdusen.exceptalunt.2.quaecumcett.nabetincisieatus.
1686 638 1868 673 assurgas.
1891 636 2130 668 thort'sG.2.l).

318 678 454 708 obes-*ms
469 682 504 709 G.
523 683 550 709 l.
600 679 816 709 horrentibus
835 681 873 708 P.
899 682 976 710 Post
996 679 1252 708 inhorrentibus
1272 682 1306 710 in
1326 682 1454 711 Vicent.
1475 682 1606 717 signum
1626 683 1898 717 interpunctionis
1919 684 2059 718 positum
2073 687 2131 712 est.

318 725 436 760 spinae
450 723 602 762 hispidus
618 725 727 753 inveni
743 725 775 753 in
790 726 908 754 1-‘.1.3.
924 727 960 754 G.
972 727 1088 755 1.2.D.
1103 729 1131 754 et
1148 726 1297 754 omnibus
1312 727 1381 755 edd.
1397 726 1502 763 spinis
1516 730 1552 756 G.
1569 730 1596 756 1.
1611 729 1647 756 P.
1673 728 1766 755 corio
1779 731 1856 757 Vero
1870 729 1923 756 ubi
1938 730 2067 758 Rulink.
2082 729 2133 756 in-

319 770 441 798 xenerit
464 771 590 807 nescim
615 771 686 799 sine
706 771 803 798 dubio
824 778 930 799 errore
950 774 1190 806 typothetarum
1210 776 1355 799 exortum
1375 776 1440 808 est,
1467 781 1565 806 quum
1586 773 1619 801 in
1634 780 1721 806 seqq.
1736 773 1829 800 curio
1844 775 2026 812 praecedat.
2052 774 2131 802 Oud.

316 816 402 843 enim
417 818 515 849 culpa
530 816 701 843 tribuenda
714 823 776 843 non
792 819 958 849 eannum
973 816 1175 845 adnotationi
1189 824 1271 845 suae
1285 817 1605 854 praefixeritspinae.
1621 816 1786 846 dentibus.
1803 820 1897 847 Errat
1908 820 1990 848 Elm.
2001 820 2133 848 tradens

317 860 349 888 in
363 864 445 889 Mss.
461 862 495 888 P.
509 865 539 888 et
554 861 589 888 F.
607 862 635 888 1.
649 867 722 889 cum
736 861 812 889 edit.
828 861 975 896 principe
994 871 1068 890 esse
1082 860 1249 897 dentium,
1276 866 1305 890 et
1327 862 1448 892 iccirco
1471 864 1518 892 ita
1536 866 1678 898 probans
1698 863 1731 892 in
1751 864 1978 899 adnotatione,
2003 864 2077 892 licet
2098 864 2132 892 in

316 909 468 935 contextu
482 905 650 934 retinuerit
667 903 832 934 dentibus.
858 907 914 935 Sic
933 911 1090 935 exaratur
1109 908 1330 936 tantummodo
1350 908 1383 936 in
1398 909 1467 937 cod.
1481 910 1519 938 B.

314 951 362 978 etl.
379 951 468 979 colv.
483 954 511 978 et
527 952 562 979 G.
576 952 608 979 2.
633 950 825 980 sennace'D.
851 951 1110 981 sonante'Paris.

312 1041 435 1075 terum
451 1050 521 1088 pro
535 1038 690 1076 arbitrio
712 1039 920 1077 emendem
946 1038 994 1078 cf.
1013 1039 1197 1090 Baumg.⁴

313 1092 423 1132 Cras.
448 1095 484 1131 in
513 1093 620 1132 Clav.
648 1095 757 1134 Suet.
784 1096 834 1134 ad
861 1096 946 1134 eius
963 1095 1093 1135 Tiber.
1115 1100 1194 1142 45„

312 1150 376 1187 ubi
428 1150 530 1188 Oud.
581 1155 716 1190 contra
764 1152 877 1190 codd.
927 1154 1196 1191 auctoritatem

313 1220 447 1258 capra
486 1207 663 1246 restituit.
712 1208 806 1246 Alia
836 1222 900 1247 me
937 1213 1098 1247 movent
1135 1223 1193 1247 ar-

312 1267 506 1314 gumenta.
557 1262 728 1302 Primum
758 1266 860 1303 enim
888 1266 995 1317 quod
1022 1266 1059 1304 in
1086 1280 1196 1318 prae-

311 1321 464 1370 gressis
478 1320 674 1371 Apuleius
695 1321 822 1361 forma
835 1335 990 1374 caprea
1004 1337 1103 1360 usus
1118 1326 1193 1367 est,

310 1380 353 1415 ut
376 1376 494 1427 plane
514 1377 724 1416 inauditum
742 1382 869 1425 esset,
895 1380 927 1416 si
949 1379 1080 1430 paullo
1103 1383 1195 1430 post

312 1433 558 1481 aberrasset3
595 1434 738 1473 deinde
768 1435 874 1486 quod
905 1436 1024 1473 ceteri
1059 1436 1193 1487 optimi

313 1489 425 1528 codd.
442 1491 505 1541 qui
520 1503 640 1541 supra
656 1505 813 1543 caprea
827 1491 991 1538 habent,
1018 1491 1080 1531 hic
1101 1506 1194 1543 quo-

313 1559 389 1596 que
414 1551 640 1585 constanter
665 1549 842 1593 retinent,
870 1561 984 1598 quam
1011 1549 1192 1587 emenda-

311 1602 456 1640 tionem
476 1616 570 1640 esse
590 1603 848 1651 librariorum,
881 1606 944 1655 qui
965 1605 1039 1643 hoc
1058 1605 1192 1643 discri-

310 1672 398 1697 men
424 1661 695 1711 cognoverint,
721 1662 954 1711 negaverim.
1007 1661 1122 1700 Unde
1153 1661 1189 1699 in

311 1715 412 1753 hanc
436 1717 673 1755 sententiam
699 1717 876 1763 inducor,
909 1718 1102 1757 librarium
1129 1732 1191 1756 ac-

310 1772 596 1811 curatissimum
622 1773 685 1811 bic
710 1773 834 1812 oculis
854 1774 1063 1826 deceptum
1084 1787 1190 1821 esse,

308 1831 350 1866 ut
376 1828 539 1867 sormam
566 1843 761 1881 capream
785 1844 835 1868 ex
861 1830 1036 1869 Florent.
1051 1835 1086 1871 3.
1113 1845 1188 1869 non

309 1886 492 1932 enotaritf.
518 1885 569 1925 ad
594 1885 766 1924 Florent.
786 1891 821 1927 1.
843 1888 943 1925 enim
959 1888 1192 1926 auctoritate

308 1942 582 1980 recurrendum
608 1957 683 1981 non
710 1947 791 1989 est,
818 1944 921 1994 quod
950 1943 1192 1982 Lindenbro-

308 1998 396 2048 gius
421 2002 568 2037 tantum
595 1999 727 2045 abest,
759 2003 800 2038 ut
831 2001 867 2038 in
894 2000 956 2038 his
981 2001 1101 2039 rebus
1125 2002 1192 2038 mi-

309 2055 412 2092 nutis
434 2055 606 2106 diligens
632 2057 700 2103 sit,
726 2060 768 2094 ut
787 2057 935 2095 maiora
956 2061 995 2095 et
1014 2058 1193 2106 graviora

307 2112 471 2166 saepius
504 2113 666 2151 omittat.
724 2114 767 2151 Si
798 2115 833 2151 in
867 2114 1192 2152 antecedentibus

309 2181 442 2219 capra
457 2168 674 2219 legeretur,
700 2184 774 2208 non
790 2170 1006 2209 dubitarem
1021 2171 1084 2209 hic
1100 2185 1192 2223 quo-

309 2238 386 2276 que
412 2225 514 2262 idem
539 2226 768 2278 reponere]

364 2283 595 2321 inusitatus.
636 2282 797 2335 [Contra
813 2283 917 2322 Oud.
932 2283 1034 2323 hanc
1059 2283 1192 2322 lectio-

308 2350 396 2375 nem
412 2351 462 2376 ex
477 2339 634 2390 optimis
650 2339 763 2378 codd.
782 2341 960 2391 reposui,
988 2354 1103 2391 quam
1125 2341 1193 2378 ille

308 2395 443 2433 nescio
470 2408 547 2445 qua
571 2395 621 2433 de
647 2410 790 2435 caussa
816 2398 947 2435 reiicit.
981 2397 1130 2435 Locum
1157 2399 1191 2436 si

308 2452 527 2489 accuratius
553 2454 847 2505 perspexisset,
879 2455 1110 2493 invisitatus
1142 2468 1191 2492 ne

306 2508 518 2559 probasset
544 2509 713 2559 quidem.
741 2510 962 2550 Inusitalus
983 2511 1082 2548 enim
1098 2524 1192 2562 aper

307 2565 544 2609 nominatur,
567 2566 657 2616 quia
672 2567 708 2604 in
724 2566 798 2604 hac
813 2571 917 2604 certe
935 2568 1094 2618 regione
1109 2567 1190 2619 apri

306 2634 401 2658 esse
427 2635 501 2659 non
528 2621 723 2669 solebant,
750 2623 853 2661 unde
878 2624 914 2660 in
941 2637 1055 2674 seqq.
1082 2624 1191 2675 Apu-

307 2677 408 2716 leius
435 2677 543 2716 dicit:
577 2684 615 2717 et
646 2680 838 2732 alioqum
863 2681 1048 2719 innoxiis
1072 2694 1191 2720 cena-

311 2735 491 2773 tionibus
517 2737 716 2781 consueti,
748 2741 846 2775 teme
877 2737 999 2775 etiam
1022 2738 1192 2777 inermes

309 2795 434 2842 atque
465 2792 682 2838 immuniti,
720 2793 824 2830 unde
855 2793 1019 2843 intelligi
1045 2798 1190 2844 potest,

307 2844 585 2897 Tlepolemum
616 2848 711 2887 talia
740 2853 888 2888 tantum
920 2849 1191 2902 perlustrasse

309 2902 411 2949 loca,
438 2904 580 2955 quibus
607 2909 738 2944 notum
771 2910 856 2945 erat
873 2905 980 2944 feras
1001 2907 1191 2946 immanes

308 2972 381 2996 non
409 2961 594 2999 residere.
622 2962 723 3001 Hinc
749 2964 967 3002 inusitatus
992 2967 1054 3001 est
1078 2977 1187 3015 aper,

308 3015 370 3064 qui
392 3017 485 3055 citra
506 3019 728 3068 opinionem
752 3019 906 3071 locique
921 3019 1188 3059 condicionem

308 3074 491 3122 prorupit.
520 3074 752 3115 lna-istratus
767 3089 858 3113 vero
873 3078 907 3114 is
920 3077 1187 3116 tantummodo

307 3125 381 3165 dici
408 3132 557 3177 potest,
583 3133 647 3181 qui
674 3133 737 3170 vel
753 3146 961 3184 numquam
977 3133 1187 3171 visiturvel

308 3195 355 3221 eo
370 3187 546 3236 tempore
562 3202 634 3225 non
650 3188 831 3228 visitatus
846 3194 920 3229 est.
940 3188 1057 3230 Prius
1071 3191 1188 3242 plane

1568 908 1686 936 senam·
1697 910 1733 938 P.
1748 909 1781 937 in
1796 909 1962 943 excerptis
1977 910 2017 938 ad
2031 916 2132 944 marg.

1256 1039 1428 1091 ineptum
1460 1045 1540 1087 est,
1573 1042 1608 1079 si
1641 1054 1725 1079 cum
1758 1041 2005 1093 praegressis
2032 1054 2132 1078 conl-

1256 1098 1467 1149 paraveris.
1505 1098 1601 1149 Apri
1629 1098 1728 1136 enirn
1755 1098 1789 1135 si
1817 1099 1852 1135 in
1879 1097 1953 1136 hac
1979 1097 2132 1148 quidem

1256 1154 1415 1203 regione
1452 1154 1570 1205 plane
1607 1155 1792 1192 invisitati
1825 1153 2004 1199 fuissent.
2043 1167 2134 1204 quo-

1254 1210 1371 1248 modo
1399 1209 1554 1249 Charite
1587 1212 1666 1262 pati
1697 1224 1772 1248 non
1804 1212 2020 1261 potuisset,
2051 1224 2133 1248 ma-

1254 1268 1363 1305 ritum
1395 1267 1546 1306 bestias
1578 1271 1749 1306 armatas
1785 1267 1901 1305 dente
1927 1267 1987 1305 vel
2015 1280 2132 1305 cornu

1254 1324 1467 1374 quaerere?
1494 1324 1729 1363 Invisitatus
1754 1337 1864 1367 vero,
1888 1324 2131 1374 utposterio-

1253 1394 1333 1417 rem
1348 1382 1582 1419 sententiam
1598 1380 1790 1425 refellam,
1805 1394 1880 1418 non
1896 1380 2023 1417 solum
2039 1393 2133 1430 aper

1253 1441 1335 1475 erat
1350 1436 1424 1475 hoc
1438 1438 1625 1489 temporis
1639 1441 1857 1483 momento,
1883 1436 1955 1474 sed
1972 1439 2127 1474 ceterae

1253 1506 1410 1544 quoque
1426 1493 1530 1531 ferae
1546 1507 1731 1546 capreae,
1758 1493 1952 1539 damulae,
1980 1506 2131 1537 cervae.

1252 1550 1399 1601 quippe
1425 1564 1527 1600 quae
1546 1565 1569 1590 a
1594 1551 1755 1589 canibus
1782 1563 1804 1587 e
1832 1549 1963 1588 lustris
1989 1549 2132 1586 excita-

1249 1611 1391 1645 rentur.
1416 1607 1516 1644 Hinc
1530 1611 1657 1658 patet,
1684 1607 1908 1645 necessario
1925 1605 2131 1652 tegendum

1251 1661 1375 1700 fuisse
1412 1665 1638 1703 inusitatus.
1699 1662 1778 1700 Vel
1811 1663 1845 1699 si
1885 1663 2131 1701 invisitatum

1251 1719 1428 1770 explices
1465 1733 1571 1765 eum,
1605 1720 1670 1770 qui
1701 1718 1778 1757 hoc
1811 1718 1897 1756 loco
1926 1731 2130 1769 numquam

1249 1776 1429 1815 visitatus
1461 1780 1561 1822 erat,
1593 1777 1642 1815 ad
1673 1776 1774 1814 idem
1800 1775 1900 1813 redit
1924 1776 2132 1818 sententia,

1249 1836 1374 1870 utrum
1400 1833 1616 1872 *inusitatus
1642 1834 1687 1871 an
1715 1833 1944 1871 inuisitatus
1971 1831 2131 1881 legatur,

1251 1892 1292 1926 ut
1317 1888 1432 1927 codd.
1455 1890 1668 1927 auctoritas
1693 1889 1825 1940 potius
1850 1888 2045 1926 audienda
2070 1889 2130 1925 sit.

1251 1944 1354 1983 Oud.
1366 1946 1592 1984 invisitatus
1602 1946 1727 1996 magis
1741 1945 1791 1983 ad
1806 1944 1965 1982 formam
1977 1945 2061 1995 apri
2076 1957 2132 1982 re-

1252 2001 1352 2039 ferre
1367 2001 1531 2046 videtur,
1547 2002 1673 2039 citans
1690 2000 1846 2039 Gell.V.
1868 2005 1929 2040 14.
1946 2002 2132 2039 omnium-

1254 2072 1331 2110 que
1353 2059 1539 2109 ferarum
1566 2059 1810 2097 inusitata
1836 2062 1925 2095 erat
1945 2061 2018 2096 aut
2032 2058 2132 2107 for-

1252 2129 1323 2153 ma
1349 2119 1420 2154 aut
1449 2115 1637 2165 ferocw,
1676 2118 1719 2159 ut
1754 2115 1948 2164 interpres
1984 2112 2131 2155 franco-

1253 2171 1403 2221 gallus,
1429 2170 1492 2221 qui
1519 2172 1737 2210 inusitatus
1760 2171 1931 2208 retinuit:
1958 2169 2057 2207 mais
2084 2183 2131 2207 on

1255 2228 1333 2266 voit
1356 2242 1406 2266 un
1431 2227 1605 2278 sanglier
1630 2226 1787 2266 terrible
1812 2230 1851 2264 et
1882 2226 1994 2264 d'une
2020 2239 2131 2276 gran-

1253 2284 1347 2322 dem
1361 2283 1618 2323 extraordinai
1611 2298 1683 2331 ·;re
1704 2283 1843 2321 melius
1858 2282 2030 2320 Rodius:
2051 2283 2131 2320 den

1251 2355 1345 2380 man
1370 2341 1476 2380 noch
1503 2341 1569 2379 wie
1593 2341 1651 2379 (la
1674 2314 1848 2392 ’qeselmn
1874 2339 1996 2378 hatte.
2028 2338 2130 2376 Nam

1251 2397 1437 2436 etiamsi
1426 2411 1521 2449 aper
1539 2397 1724 2435 inusitata
1743 2395 1867 2434 sonna
1887 2409 1961 2434 non
1977 2395 2130 2437 fuisset,

1250 2456 1354 2492 servi
1379 2458 1509 2493 tamen
1536 2453 1751 2505 fugissent,
1784 2453 1968 2491 immuniti
2001 2455 2040 2490 et
2064 2451 2130 2490 tali

1251 2511 1443 2549 venationi
1470 2525 1545 2549 non
1577 2510 1737 2548 assueti.
1787 2508 1847 2547 -Εο
1881 2522 1992 2554 vero,
2026 2507 2129 2558 quod

1251 2569 1477 2607 invisitatus
1508 2567 1672 2618 saepius
1705 2566 1857 2616 legatur
1887 2565 1991 2616 apud
2024 2564 2131 2614 Apu-

1252 2622 1387 2669 leium,
1419 2623 1635 2662 defendere
1668 2623 1742 2661 hoc
1767 2621 2000 2660 vocabulum
2027 2620 2130 2658 Oud.

1251 2695 1325 2719 non
1346 2681 1530 2719 debebat.
1557 2679 1725 2726 Quoties
1747 2679 1782 2716 in
1798 2678 1898 2716 Mss.
1915 2679 2132 2723 inusitatus

1251 2742 1291 2775 et
1304 2738 1533 2776 iverisitotus
1544 2735 1848 2780 confundantur,
1875 2733 1978 2772 Oud.
1994 2734 2132 2785 probat

1251 2807 1300 2832 ex
1324 2794 1413 2832 dict.
1440 2793 1562 2832 Salm.
1588 2793 1637 2832 ad
1664 2790 1821 2830 Flor.1.
1851 2794 1913 2830 18.
1945 2790 2131 2885 Gron.3ct

1250 2851 1318 2890 Dr.
1351 2850 1402 2889 ad
1433 2849 1519 2888 Liv.
1540 2850 1589 2888 V.
1623 2853 1689 2890 35.
1724 2848 1756 2899 §.
1788 2852 1828 2888 Ιι.
1861 2846 1979 2885 XX'V
1983 2845 2029 2885 ll.

1250 2908 1281 2959 ὃ.
1297 2911 1332 2948 8.
1360 2907 1406 2945 cf.
1420 2906 1470 2945 V.
1500 2911 1562 2947 17.
1589 2910 1625 2946 8.
1651 2905 1782 2943 Burm.
1799 2905 1849 2942 ad
1863 2903 2025 2942 Anthol.
2040 2848 2129 2940 L3at.

1249 2963 1295 3003 T.
1320 2963 1346 3001 Ι.
1373 2978 1409 3015 p.
1425 2967 1518 3003 307.
1544 2962 1739 3001 Ochsner.
1766 2961 1814 2998 ad
1841 2960 1988 2998 A.rn0b
2016 2959 2127 3002 1.2.‚

1247 3021 1311 3058 ubi
1325 3020 1430 3059 male
1444 3018 1619 3058 Orellius
1639 3019 1737 3056 inter
1757 3018 1989 3057 inusitatum
2011 3019 2128 3064 atque

1247 3078 1496 3116 invisnatum
1521 3076 1768 3114 discriminat.
1801 3074 2042 3113 haesitatum
2067 3071 2128 3109 hic

1248 3147 1335 3173 cum
1360 3133 1445 3172 cod.
1471 3131 1712 3171 retinendum
1733 3130 1837 3181 rost]

1307 3191 1424 3235 corio
1449 3188 1678 3242 squalidus.
1713 3186 1834 3238 Sequi
1862 3200 1937 3225 non
1965 3197 2127 3237 possum
