2155 3590
679 114 871 157 LIBER
897 112 927 154 1.

985 108 1115 153 GAP.
1145 107 1216 148 IX.
1791 95 1846 140 39

630 298 1068 372 &APUT
1156 314 1262 362 IX.

164 467 395 508 Amatorem
420 475 554 511 suum,
587 457 688 512 quod
717 455 759 497 vi
789 455 905 495 aliam
933 447 1205 505 temerasset}‚
1239 445 1354 486 unico
1378 441 1501 483 verbo
1532 439 1699 480 mutavit
1725 438 1764 478 in
1792 438 1849 477 fe·
1873 441 1916 476 39

53 539 136 568 ram
162 530 353 565 castorem
367 552 378 569 ‚

411 518 511 573 quod
537 530 584 557 ea
607 513 733 555 bestia
759 510 995 566 captivitatis
1022 514 1198 548 metuens
1229 503 1276 543 ab
1301 496 1598 554 insequentibus
1629 509 1672 535 se
1698 494 1848 549 praeei-

53 583 165 625 sione
196 577 424 634 genitalium
448 574 611 622 liberat,
639 577 683 611 ut
706 569 762 610 illi
788 580 942 624 quoque
967 564 1114 615 simile,
1142 560 1244 616 quod
1266 557 1467 601 Venerem
1491 553 1627 596 habuit
1649 552 1689 592 in
1715 551 1847 601 aliam,

142 675 177 703 in
191 672 295 702 aliam
309 678 420 700 omnes
428 672 510 698 Mss.
523 666 694 703 praeterr.
703 666 734 693 3.
748 664 803 698 qui
816 661 967 690 vn'alr'am
982 661 1124 695 praebet.
1132 658 1171 686 D.
1184 657 1280 685 habet
1290 652 1324 681 in
1338 645 1373 680 αἱ
1385 650 1489 679 aliam
1507 646 1643 676 themer.
1656 661 1699 667 —
1712 646 1746 673 v'n
1759 647 1853 674 abest

56 725 96 752 ab
110 722 159 751 ed.
173 720 259 749 Prie.
306 713 592 753 capeicn'eaeiF.3.
605 712 640 740 0.
650 712 686 740 Ρ.
700 711 736 738 G.
751 718 780 744 p.
794 709 878 737 π.]).
890 707 960 736 edd.
973 706 1186 739 vetnpraeter
1196 691 1693 736 Iunt.2.e11ed.pr.capev'vuriL.
1703 691 1770 720 f.R.
1818 691 1855 716 et

55 766 98 796 ab
110 766 215 802 inseq.
231 772 261 799 p.
308 761 350 790 ab
362 762 467 797 r'nseq.
479 759 557 787 seF.
570 759 639 786 3.e1
650 757 686 785 G.
698 757 735 784 In
748 758 821 783 cett.
835 757 883 782 est
897 759 931 779 se
943 750 985 778 ab
999 750 1060 777 ins.
1107 745 1308 785 expraecios
1315 745 1354 772 D.
1375 750 1395 772 a
1415 749 1494 776 m.p.
1510 740 1567 769 sed
1581 745 1602 768 a
1613 746 1654 767 m.
1669 745 1696 766 s.
1709 742 1852 772 reprae-

55 812 157 848 sv'one,
177 810 261 845 quod
279 808 400 843 legitur
419 806 452 834 in
470 806 509 834 B.
529 812 558 838 p.
572 804 609 831 L.
623 803 658 831 0.
678 809 714 829 π.
729 801 778 829 ed.
791 807 838 834 pr.
847 794 1097 834 praescissione
1111 793 1133 822 f.
1180 799 1215 820 ee
1227 785 1320 820 abest
1333 795 1354 818 a
1365 790 1404 817 R.
1452 784 1620 813 liberatur
1633 784 1669 812 G.
1682 783 1720 811 D.
1734 788 1753 811 a
1766 788 1807 810 m.
1822 788 1853 816 p.

53 867 85 894 p.
98 859 136 886 R.
150 854 311 884 liberavit
321 853 356 881 Ο.
369 853 466 880 Vulc.
479 852 509 879 2.
523 849 557 876 in
571 846 642 875 alia
655 848 691 875 P.

55 922 138 961 Sed
173 919 277 959 male
312 920 431 968 agunt
465 914 530 966 qui
560 910 852 953 Antichthones
888 910 927 945 et

58 976 287 1029 Antipodes
327 972 491 1012 eosdem
533 982 627 1008 esse
660 966 928 1020 praescribunt

54 1039 96 1074 ut
129 1034 239 1072 Serv.
269 1031 319 1070 ad
350 1030 457 1080 Virg.
485 1027 532 1066 G.
558 1025 586 1064 I.
614 1028 706 1065 235.
731 1023 831 1061 Aen.
856 1019 925 1058 Vl.

57 1095 149 1132 532.
188 1087 418 1139 Antipodes
442 1085 540 1122 enim
570 1082 831 1123 nominantur,
863 1076 926 1126 qui

56 1148 250 1186 diversum
274 1141 598 1194 hemisphaerium
634 1135 820 1179 incolunt,
848 1133 928 1173 An-

56 1203 283 1244 tichthones
296 1203 437 1243 autem,
463 1197 527 1247 qui
546 1194 594 1233 ad
613 1190 928 1246 perpendiculum

56 1261 130 1299 sub
151 1258 238 1298 aliis
262 1259 361 1294 sunt.
386 1251 689 1293 Accuratissime
712 1248 760 1286 de
785 1247 832 1284 iis
852 1245 931 1295 egit

57 1315 186 1355 Ioann.
201 1312 379 1352 Nunnes.
404 1311 439 1348 in
454 1307 622 1347 Miscell.
643 1304 810 1343 observ.
836 1301 929 1339 Vol.

57 1371 142 1411 Vss.
169 1369 280 1409 Tom.
306 1367 351 1406 11.
376 1381 414 1419 p.
444 1368 522 1406 163
549 1362 628 1415 sq.]

110 1428 222 1482 folia
246 1429 339 1465 sunt
361 1424 462 1463 artis
486 1420 653 1473 [foliam
677 1417 727 1455 de
750 1429 792 1454 re
817 1415 931 1453 levis-

57 1486 157 1524 sima
181 1487 220 1521 et
239 1481 340 1521 sacili
360 1479 513 1530 negotio
532 1473 725 1515 movenda
742 1472 827 1517 dici,
847 1484 932 1523 pro-

57 1541 230 1579 verbium
268 1537 384 1576 docet
420 1534 498 1574 Cic.
541 1532 591 1572 ad
632 1531 715 1570 Att.
751 1527 855 1566 Vlll.
893 1531 929 1567 5.

54 1598 198 1652 pluma
217 1599 257 1634 et
265 1594 375 1647 folio
393 1591 566 1645 facilius
582 1587 745 1628 moveri.
765 1583 930 1623 Taubm.

59 1654 108 1694 ad
139 1651 264 1691 Plaut.
298 1648 480 1689 Menech.
512 1645 559 1684 II.
591 1648 627 1685 3.
661 1647 726 1684 24.
762 1640 930 1679 Vulcan.

59 1711 110 1750 ad
150 1708 284 1748 Gloss.
321 1705 408 1745 Lat.
441 1704 507 1742 Gr.
544 1716 582 1755 p.
620 1704 682 1741 12.
714 1698 764 1738 ad
793 1710 931 1735 vocem

60 1767 222 1820 apinae.
242 1761 441 1814 Aristoph.
457 1760 555 1799 Ran.
570 1761 636 1799 93.
652 1757 781 1806 ibique
797 1753 930 1792 Schol.

59 1823 220 1875 Lipsius
262 1820 478 1859 coniecerat
523 1815 646 1868 Epist.
683 1811 847 1858 Quaest.
887 1808 932 1848 ll.

60 1880 176 1932 epist.
192 1876 435 1929 22.farfari
447 1877 539 1913 sunt
556 1872 668 1915 artis,
688 1869 738 1907 de
757 1881 834 1919 quo
847 1880 932 1904 voc.

61 1936 109 1976 cf.
132 1934 166 1973 T
170 1935 295 1974 aulnn.
323 1931 374 1971 ad
391 1929 518 1968 Plaut.
543 1925 708 1966 Poenul.
729 1923 774 1963 II.
801 1927 867 1964 31.
895 1926 934 1961 et

62 1993 176 2032 Rost.
200 1987 394 2043 Opuscul.
418 1985 547 2024 Plaut.
571 1998 611 2036 p.
638 1981 751 2034 228.]

120 2047 219 2086 Cn.
245 2045 313 2084 IX.
350 2045 388 2083 vi
413 2043 547 2082 aliam.
574 2039 676 2079 Oud.
700 2039 803 2076 bene
826 2036 935 2074 resti-

62 2106 134 2145 tuit
174 2105 213 2143 υἱ
254 2102 480 2141 temerasset
518 2111 592 2136 non
623 2095 751 2134 solum
779 2096 937 2145 propter

65 2161 272 2214 genuinam
295 2154 473 2195 vocabuli
497 2152 836 2194 constructionem,
862 2147 936 2187 sed

67 2218 267 2257 verborum
303 2224 458 2264 quoque
482 2209 726 2252 sententiam,
756 2206 936 2256 quoniam

64 2274 222 2329 punitus
252 2273 313 2309 est
343 2283 366 2308 a
389 2281 489 2319 saga
512 2269 676 2310 amator,
703 2263 848 2314 quippe
872 2262 936 2311 qui

65 2329 238 2385 puellam
262 2327 416 2366 invitam
440 2322 640 2362 violasset.
666 2322 722 2360 ris
745 2320 846 2357 enim
866 2318 939 2356 dici

66 2388 118 2427 de
163 2388 298 2437 stupro
345 2382 587 2421 notissimum
629 2380 701 2416 est.
745 2375 810 2413 De
851 2388 938 2413 con-

68 2443 220 2484 fusione
249 2438 524 2478 vocabulorum
554 2436 595 2474 in
627 2437 666 2472 et
694 2433 732 2472 τί
761 2432 808 2471 cf.
835 2430 938 2469 Oud.

69 2500 119 2541 ad
143 2497 258 2537 Caes.
283 2496 311 2535 l.
335 2495 381 2534 B.
410 2493 451 2532 C.
479 2496 543 2534 39.
564 2489 684 2530 Drak.
705 2489 756 2528 ad
771 2485 936 2526 Liv.lII.

69 2560 135 2599 20.
165 2556 199 2607 §-
226 2557 290 2594 67.
323 2556 362 2590 et
391 2563 491 2602 quos
515 2547 643 2587 Hand.
669 2544 781 2584 Turs.
807 2542 870 2582 ΙΙΙ.
895 2557 935 2595 p.

68 2615 163 2654 356.
211 2610 362 2649 excitat.
412 2606 635 2659 [temen-are,
672 2601 776 2653 quod
802 2600 936 2639 Gloss.

69 2668 186 2708 Vulc.
217 2660 455 2717 καταισχύνω
485 2660 693 2713 explicant,
729 2661 790 2696 est
821 2656 938 2695 adul-

71 2727 175 2766 ten-io
195 2723 395 2776 polluere.
421 2717 602 2757 Elmenh.
628 2717 663 2754 in
689 2715 764 2753 ind.
787 2725 939 2764 compa-

70 2785 139 2821 rat.
165 2779 279 2819 Ovid.
305 2777 401 2816 Met.
427 2775 472 2814 ll.
500 2778 593 2815 592.
619 2772 715 2811 Stat.
734 2768 858 2808 Theb.
873 2767 940 2806 lX.

71 2837 166 2879 613.
185 2835 254 2875 XI.
284 2837 346 2875 12.
367 2833 549 2872 Ambros.
570 2829 683 2881 epist.
699 2831 765 2867 65.
785 2826 944 2865 alienae

67 2893 180 2947 padi
192 2892 312 2932 citiae
324 2892 550 2929 temerator.
563 2885 774 2924 Praeterea
791 2882 840 2921 cf.
850 2879 943 2919 Tae.

74 2945 475 2989 Ann.1.c.53.Heins.
492 2941 663 2983 adOvid.
677 2940 766 2979 Am.
780 2938 808 2978 l.
824 2942 860 2978 8.
880 2939 942 2977 19.

72 3004 204 3046 Burm.
236 3004 285 3043 ad
316 3001 476 3041 Anthol.
507 2996 689 3038 T0m.11.
718 3010 757 3048 p.
789 2998 881 3036 674.
907 2996 946 3031 et

73 3060 232 3102 Ruhnk.
252 3060 351 3098 Dict.
378 3058 429 3097 ad
452 3056 567 3096 Ovid.
593 3053 749 3094 Heroid.
775 3051 825 3090 V.
854 3053 944 3091 101.

75 3131 115 3171 p.
140 3118 205 3159 37.
230 3115 375 3167 Fried.]

1037 907 1172 957 feram
1197 905 1402 941 castorem.
1431 898 1573 936 Fer-am
1585 892 1636 932 N.
1650 891 1785 931 Heins.
1804 889 1855 929 ad

983 961 1098 1000 Ovid.
1136 959 1224 997 Am.
1268 956 1295 995 l.
1335 960 1371 996 8.
1413 957 1472 994 19.
1515 965 1584 1004 pro
1616 949 1855 1001 glossemate

982 1018 1115 1061 habet,
1139 1018 1177 1053 et
1190 1012 1293 1052 Oud.
1318 1013 1405 1065 ipse
1429 1010 1479 1048 de
1502 1009 1578 1047 hoc
1594 1020 1678 1045 voc.
1697 1005 1856 1049 dubitat,

986 1075 1049 1125 qui
1071 1076 1204 1126 feram
1229 1069 1342 1108 scribi
1358 1067 1475 1112 malit,
1500 1066 1534 1104 si
1554 1062 1708 1114 quidem
1728 1064 1857 1100 castor

982 1133 1097 1184 ferus
1119 1128 1247 1181 possit
1270 1124 1468 1164 nominari.
1502 1120 1604 1173 [Sed
1624 1120 1769 1162 castor,
1794 1117 1859 1166 qui

985 1188 1022 1225 in
1052 1199 1098 1224 se
1129 1186 1256 1236 ipsum
1285 1182 1411 1219 saevit
1434 1176 1638 1217 testiculos
1661 1178 1702 1214 ut
1727 1172 1860 1212 fabula

987 1243 1061 1280 fert
1095 1239 1299 1283 excidens,
1341 1238 1442 1276 bene
1471 1235 1595 1287 potuit
1625 1232 1698 1270 dici
1730 1233 1857 1283 ferus.

987 1298 1078 1338 Alia
1115 1296 1275 1335 feritatis
1311 1293 1449 1332 indicia
1485 1291 1600 1329 docet
1628 1287 1727 1326 Plin.
1759 1285 1858 1324 Hist.

987 1354 1039 1394 N.
1066 1352 1168 1391 Vlll.
1196 1355 1260 1392 30.
1289 1354 1353 1390 47.
1378 1347 1619 1387 Femininum
1648 1343 1859 1394 veroApu-

989 1411 1088 1450 leius
1114 1423 1182 1462 pro
1207 1420 1314 1446 more
1339 1403 1529 1458 praetulit,
1561 1406 1603 1440 ut
1633 1400 1729 1439 insra
1757 1398 1860 1437 vide·

990 1469 1117 1507 bimus
1143 1465 1190 1504 ad
1218 1463 1315 1502 Met.
1342 1460 1428 1500 Vll.
1454 1474 1493 1512 p.
1520 1457 1633 1510 493]

1048 1521 1300 1575 captivitatis
1330 1523 1513 1558 metuens.
1552 1513 1688 1553 Solum
1719 1511 1757 1551 id
1790 1511 1863 1550 dici

989 1593 1114 1633 posse
1128 1590 1256 1628 neque
1274 1589 1367 1614 vero
1387 1572 1640 1626 capticitati‚
1661 1568 1765 1621 quod
1782 1566 1862 1619 plu·

988 1639 1070 1676 rimi
1107 1634 1220 1674 codd.
1257 1633 1462 1686 praebent,
1510 1628 1666 1679 egregie
1707 1625 1862 1663 demon-

989 1694 1124 1733 stravit
1154 1690 1257 1729 Oud.
1296 1690 1479 1730 metuere
1504 1685 1604 1723 enim
1630 1681 1865 1735 captivitati

991 1755 1054 1789 est
1077 1753 1268 1792 metuere,
1293 1750 1334 1784 ut
1361 1745 1549 1795 capiatur,
1574 1745 1745 1780 metuere
1771 1749 1864 1775 vero

992 1806 1156 1860 aliquid
1181 1808 1219 1842 et
1248 1806 1479 1842 metuentem
1505 1811 1584 1837 esse
1608 1796 1782 1836 alicuius
1806 1793 1867 1832 rei

991 1865 1041 1902 de
1079 1877 1126 1901 eo
1169 1861 1321 1902 (licitur,
1364 1858 1429 1908 qui
1469 1858 1621 1893 veretur
1663 1852 1865 1894 inimicum,

990 1919 1054 1958 vel
1092 1917 1197 1971 quod
1233 1917 1338 1955 novit
1373 1914 1447 1952 sibi
1483 1911 1651 1950 noxium.
1688 1907 1737 1947 cf.
1762 1905 1865 1944 Oud.

992 1977 1042 2015 ad
1091 1975 1201 2014 Suet.
1248 1970 1383 2011 viteli.
1430 1983 1461 2009 c.
1508 1972 1574 2008 15.
1616 1965 1723 2016 Virg.
1765 1963 1866 2002 Aen.

993 2033 1045 2072 V.
1078 2035 1172 2072 716.
1202 2028 1307 2068 Oud.
1343 2031 1381 2066 et
1411 2025 1506 2064 infra
1537 2023 1586 2062 ad
1618 2020 1738 2073 Apul.
1769 2018 1867 2058 Met.

993 2087 1098 2128 vln.
1124 2102 1162 2140 p.
1187 2090 1282 2126 551.
1307 2083 1463 2137 [Heins.
1494 2080 1543 2120 ad
1569 2078 1684 2117 Ovid.
1710 2075 1807 2115 Met.
1837 2073 1866 2114 I.

994 2149 1090 2186 323.
1119 2144 1251 2182 luven.
1275 2140 1362 2181 Vll.
1393 2143 1486 2181 210.
1517 2136 1641 2176 Voss.
1669 2136 1706 2174 in
1737 2131 1866 2183 Etym-

993 2216 1028 2243 s.
1052 2214 1089 2241 v.
1113 2200 1249 2252 probat
1275 2194 1509 2250 captivari]

1046 2257 1226 2311 praecis.
1239 2255 1364 2309 yenit.
1387 2252 1453 2305 [cf.
1467 2248 1628 2290 Tertull.
1643 2247 1731 2287 adv.
1744 2244 1788 2285 M
1793 2257 1868 2284 arc.

1000 2321 1037 2356 1.
1064 2319 1101 2355 1.
1127 2314 1215 2366 quis
1234 2317 1316 2350 tam
1337 2313 1540 2350 castrator
1561 2306 1697 2345 carnis
1718 2306 1869 2347 vastor,

999 2385 1119 2425 quam
1135 2370 1206 2423 qui
1224 2369 1390 2420 nuptias
1408 2364 1584 2406 abstulit.
1610 2361 1747 2399 Isidor.
1760 2357 1869 2408 Orig.

996 2426 1085 2467 XII.
1110 2430 1148 2467 2.
1175 2429 1240 2466 21.
1259 2424 1364 2476 Rup.
1383 2422 1433 2461 ad
1451 2420 1532 2460 inv,
1550 2417 1638 2458 XII.
1656 2421 1723 2458 34.
1741 2414 1870 2453 Pium.

996 2484 1046 2524 ad
1082 2482 1196 2522 Pers.
1238 2481 1353 2521 Satir.
1394 2493 1434 2531 p.
1469 2480 1550 2524 443
1592 2488 1655 2526 sq.
1691 2472 1778 2512 lntt.
1818 2484 1843 2510 a

995 2541 1103 2591 Virg.
1127 2539 1177 2579 G.
1201 2536 1229 2578 Ι.
1253 2537 1338 2589 59.]

1061 2596 1247 2636 Venerem
1274 2593 1415 2632 habuit
1436 2592 1478 2628 in
1498 2589 1636 2628 aliam.
1663 2585 1872 2636 Compar-at

997 2653 1101 2692 Oud.
1126 2651 1274 2690 ardere
1294 2652 1332 2687 in
1354 2649 1553 2700 ale'quam,
1575 2641 1813 2683 commoveri
1828 2639 1871 2677 in

999 2710 1182 2761 aliquam
1213 2711 1252 2744 et
1277 2705 1415 2745 Heins.
1446 2702 1496 2741 ad
1521 2701 1631 2751 Virg.
1655 2699 1757 2737 Aen.
1781 2691 1872 2736 Vll.

1000 2769 1094 2808 623.
1104 2754 1796 2814 Arnoh.1V.p.135.E!m.etSolin.e.
1806 2755 1872 2792 22.

1001 2823 1153 2868 excitat,
1167 2834 1202 2871 q.
1213 2819 1237 2858 l.
1248 2819 1402 2869 legitur:
1416 2817 1459 2854 in
1475 2824 1756 2867 quamcunque
1769 2822 1872 2850 com·

1001 2883 1130 2918 motus
1160 2878 1229 2921 sit,
1259 2876 1324 2914 ubi
1353 2877 1482 2912 tamen
1509 2871 1544 2908 in
1572 2879 1816 2922 quacunque
1839 2878 1874 2906 c.

1000 2936 1105 2975 Mss.
1129 2934 1289 2977 retineo,
1317 2931 1404 2981 quia
1428 2928 1569 2966 rectius
1593 2924 1752 2963 videtur.
1780 2920 1875 2974 [Ar-

1004 2993 1102 3032 dere
1127 2991 1227 3028 enim
1252 2991 1290 3026 et
1315 2985 1455 3025 similia
1481 2996 1566 3022 cum
1586 2980 1718 3020 Ablat.
1745 2984 1783 3017 et
1800 2978 1875 3017 Ac·

1004 3051 1128 3088 cus-at.
1157 3048 1375 3095 iunguntur3
1401 3041 1452 3080 cf.
1475 3039 1594 3079 ovid.
1617 3036 1777 3076 Heroid.
1807 3033 1876 3074 lV.

1006 3105 1073 3147 99.
1107 3103 1204 3142 Met.
1240 3099 1344 3139 Vin.
1387 3103 1452 3138 50.
1494 3096 1729 3139 Discrimen,
1773 3090 1877 3143 quod
