<?xml version="1.0" encoding="UTF-8"?>
<!DOCTYPE html PUBLIC "-//W3C//DTD XHTML 1.0 Transitional//EN"
    "http://www.w3.org/TR/xhtml1/DTD/xhtml1-transitional.dtd">
<html xmlns="http://www.w3.org/1999/xhtml" xml:lang="en" lang="en">
 <head>
  <title>
</title>
<meta http-equiv="Content-Type" content="text/html;charset=utf-8" />
  <meta name='ocr-system' content='tesseract 3.04.00' />
  <meta name='ocr-capabilities' content='ocr_page ocr_carea ocr_par ocr_line ocrx_word'/>
</head>
<body>
  <div class='ocr_page' id='page_1' title='image "./operaomnia01apuluoft/operaomnia01apuluoft_0689.png"; bbox 0 0 2155 3590; ppageno 0'>
   <div class='ocr_carea' id='block_1_1' title="bbox 617 134 908 175">
    <p class='ocr_par' dir='ltr' id='par_1_1' title="bbox 617 134 908 175">
     <span class='ocr_line' id='line_1_1' title="bbox 617 134 908 175; baseline -0.007 0"><span class='ocrx_word' id='word_1_1' title='bbox 617 134 805 175; x_wconf 88' lang='lat' dir='ltr'>LIBER</span> <span class='ocrx_word' id='word_1_2' title='bbox 832 134 908 174; x_wconf 81' lang='lat' dir='ltr'><strong>Vl.</strong></span> 
     </span>
    </p>
   </div>
   <div class='ocr_carea' id='block_1_2' title="bbox 968 133 1293 174">
    <p class='ocr_par' dir='ltr' id='par_1_2' title="bbox 968 133 1293 174">
     <span class='ocr_line' id='line_1_2' title="bbox 968 133 1293 174; baseline -0.003 -1"><span class='ocrx_word' id='word_1_3' title='bbox 968 134 1096 174; x_wconf 87' lang='lat' dir='ltr'><strong>CAP.</strong></span> <span class='ocrx_word' id='word_1_4' title='bbox 1127 133 1293 174; x_wconf 86' lang='lat' dir='ltr'><strong>XXIX.</strong></span> 
     </span>
    </p>
   </div>
   <div class='ocr_carea' id='block_1_3' title="bbox 1768 134 1849 177">
    <p class='ocr_par' dir='ltr' id='par_1_3' title="bbox 1768 134 1849 177">
     <span class='ocr_line' id='line_1_3' title="bbox 1768 134 1849 177; baseline 0.012 -1"><span class='ocrx_word' id='word_1_5' title='bbox 1768 134 1849 177; x_wconf 81' lang='lat'><strong>503</strong></span> 
     </span>
    </p>
   </div>
   <div class='ocr_carea' id='block_1_4' title="bbox 62 244 1847 356">
    <p class='ocr_par' dir='ltr' id='par_1_4' title="bbox 62 244 1847 356">
     <span class='ocr_line' id='line_1_4' title="bbox 64 244 1847 302; baseline -0.002 -12"><span class='ocrx_word' id='word_1_6' title='bbox 64 251 338 302; x_wconf 80' lang='lat' dir='ltr'><strong>doctorumque</strong></span> <span class='ocrx_word' id='word_1_7' title='bbox 363 249 463 288; x_wconf 77' lang='lat' dir='ltr'><strong>stilis</strong></span> <span class='ocrx_word' id='word_1_8' title='bbox 488 248 596 288; x_wconf 87' lang='lat' dir='ltr'><strong>rudis</strong></span> <span class='ocrx_word' id='word_1_9' title='bbox 621 247 914 302; x_wconf 81' lang='lat' dir='ltr'><strong>perpetuabitur</strong></span> <span class='ocrx_word' id='word_1_10' title='bbox 937 247 1119 287; x_wconf 74' lang='lat' dir='ltr'><strong>historia:</strong></span> <span class='ocrx_word' id='word_1_11' title='bbox 1145 244 1331 288; x_wconf 78' lang='lat' dir='ltr'><strong>ASINO.</strong></span> <span class='ocrx_word' id='word_1_12' title='bbox 1354 244 1636 287; x_wconf 81' lang='lat' dir='ltr'><strong>VECTORE.</strong></span> <span class='ocrx_word' id='word_1_13' title='bbox 1653 245 1847 288; x_wconf 86' lang='lat' dir='ltr'>VIRGO.</span> 
     </span>
     <span class='ocr_line' id='line_1_5' title="bbox 62 301 1846 356; baseline -0.003 -9"><span class='ocrx_word' id='word_1_14' title='bbox 62 303 251 347; x_wconf 86' lang='lat' dir='ltr'><strong>REGIA.</strong></span> <span class='ocrx_word' id='word_1_15' title='bbox 279 303 532 346; x_wconf 80' lang='lat' dir='ltr'><strong>FUGIENS.</strong></span> <span class='ocrx_word' id='word_1_16' title='bbox 561 302 997 345; x_wconf 82' lang='lat' dir='ltr'><strong>CAPTIVITATEM.</strong></span> <span class='ocrx_word' id='word_1_17' title='bbox 1047 303 1225 344; x_wconf 79' lang='lat' dir='ltr'><strong>Accedes</strong></span> <span class='ocrx_word' id='word_1_18' title='bbox 1257 301 1428 354; x_wconf 81' lang='lat' dir='ltr'>antiquis</span> <span class='ocrx_word' id='word_1_19' title='bbox 1461 302 1605 356; x_wconf 84' lang='lat' dir='ltr'><strong>etipse</strong></span> <span class='ocrx_word' id='word_1_20' title='bbox 1630 302 1846 342; x_wconf 85' lang='lat' dir='ltr'>miraculis.</span> 
     </span>
    </p>
   </div>
   <div class='ocr_carea' id='block_1_5' title="bbox 61 357 1938 415">
    <p class='ocr_par' dir='ltr' id='par_1_5' title="bbox 61 357 1938 415">
     <span class='ocr_line' id='line_1_6' title="bbox 61 357 1938 415; baseline -0.002 -14"><span class='ocrx_word' id='word_1_21' title='bbox 61 361 189 402; x_wconf 84' lang='lat' dir='ltr'><strong>Etiam</strong></span> <span class='ocrx_word' id='word_1_22' title='bbox 228 361 429 401; x_wconf 87' lang='lat' dir='ltr'>credemus</span> <span class='ocrx_word' id='word_1_23' title='bbox 466 361 645 414; x_wconf 84' lang='lat' dir='ltr'><strong>exemplo</strong></span> <span class='ocrx_word' id='word_1_24' title='bbox 677 367 766 401; x_wconf 86' lang='lat' dir='ltr'><strong>tuae</strong></span> <span class='ocrx_word' id='word_1_25' title='bbox 802 360 982 400; x_wconf 79' lang='lat' dir='ltr'><strong>veritatis</strong></span> <span class='ocrx_word' id='word_1_26' title='bbox 1008 358 1074 415; x_wconf 73' lang='lat' dir='ltr'><strong>et}</strong></span> <span class='ocrx_word' id='word_1_27' title='bbox 1099 359 1306 414; x_wconf 79' lang='lat' dir='ltr'><strong>Phryxum</strong></span> <span class='ocrx_word' id='word_1_28' title='bbox 1344 357 1457 398; x_wconf 77' lang='lat' dir='ltr'><strong>arieti</strong></span> <span class='ocrx_word' id='word_1_29' title='bbox 1483 365 1783 412; x_wconf 83' lang='lat' dir='ltr'><strong>supernatasse,</strong></span> <span class='ocrx_word' id='word_1_30' title='bbox 1811 366 1850 399; x_wconf 83' lang='lat' dir='ltr'><strong>et</strong></span> <span class='ocrx_word' id='word_1_31' title='bbox 1874 364 1938 397; x_wconf 80' lang='lat'><strong>440</strong></span> 
     </span>
    </p>
   </div>
   <div class='ocr_carea' id='block_1_6' title="bbox 61 413 1849 474">
    <p class='ocr_par' dir='ltr' id='par_1_6' title="bbox 61 413 1849 474">
     <span class='ocr_line' id='line_1_7' title="bbox 61 413 1849 474; baseline -0.003 -15"><span class='ocrx_word' id='word_1_32' title='bbox 61 417 249 459; x_wconf 82' lang='lat' dir='ltr'><strong>Arionem</strong></span> <span class='ocrx_word' id='word_1_33' title='bbox 276 417 495 474; x_wconf 85' lang='lat' dir='ltr'><strong>delphinum</strong></span> <span class='ocrx_word' id='word_1_34' title='bbox 521 417 785 472; x_wconf 74' lang='lat' dir='ltr'><strong>gubernasse,</strong></span> <span class='ocrx_word' id='word_1_35' title='bbox 813 424 853 458; x_wconf 87' lang='lat' dir='ltr'><strong>et</strong></span> <span class='ocrx_word' id='word_1_36' title='bbox 875 415 1074 472; x_wconf 82' lang='lat' dir='ltr'><strong>Europam</strong></span> <span class='ocrx_word' id='word_1_37' title='bbox 1102 422 1214 457; x_wconf 82' lang='lat' dir='ltr'><strong>tauro</strong></span> <span class='ocrx_word' id='word_1_38' title='bbox 1239 414 1539 471; x_wconf 84' lang='lat' dir='ltr'><strong>supercubasse.</strong></span> <span class='ocrx_word' id='word_1_39' title='bbox 1580 413 1693 468; x_wconf 81' lang='lat' dir='ltr'><strong>Quod</strong></span> <span class='ocrx_word' id='word_1_40' title='bbox 1708 414 1741 455; x_wconf 89' lang='lat' dir='ltr'><strong>si</strong></span> <span class='ocrx_word' id='word_1_41' title='bbox 1756 428 1849 455; x_wconf 87' lang='lat' dir='ltr'><strong>vere</strong></span> 
     </span>
    </p>
   </div>
   <div class='ocr_carea' id='block_1_7' title="bbox 47 555 1852 869">
    <p class='ocr_par' dir='ltr' id='par_1_7' title="bbox 47 555 1852 869">
     <span class='ocr_line' id='line_1_8' title="bbox 54 555 1851 598; baseline -0.002 -9"><span class='ocrx_word' id='word_1_42' title='bbox 54 559 191 598; x_wconf 77' lang='lat' dir='ltr'><strong>ystoria</strong></span> <span class='ocrx_word' id='word_1_43' title='bbox 204 559 244 590; x_wconf 83' lang='lat' dir='ltr'><strong>D.</strong></span> <span class='ocrx_word' id='word_1_44' title='bbox 280 558 399 587; x_wconf 76' lang='lat' dir='ltr'><strong>aceede</strong></span> <span class='ocrx_word' id='word_1_45' title='bbox 412 561 447 588; x_wconf 89' lang='lat' dir='ltr'><strong>P.</strong></span> <span class='ocrx_word' id='word_1_46' title='bbox 483 557 600 587; x_wconf 80' lang='lat' dir='ltr'><strong>Etiam</strong></span> <span class='ocrx_word' id='word_1_47' title='bbox 614 558 785 588; x_wconf 77' lang='lat' dir='ltr'><strong>credemus</strong></span> <span class='ocrx_word' id='word_1_48' title='bbox 798 561 834 589; x_wconf 82' lang='lat' dir='ltr'><strong>F.</strong></span> <span class='ocrx_word' id='word_1_49' title='bbox 848 561 878 588; x_wconf 82' lang='lat'><strong>3.</strong></span> <span class='ocrx_word' id='word_1_50' title='bbox 894 562 929 588; x_wconf 86' lang='lat' dir='ltr'><strong>G.</strong></span> <span class='ocrx_word' id='word_1_51' title='bbox 941 560 980 588; x_wconf 80' lang='lat' dir='ltr'><strong>D.</strong></span> <span class='ocrx_word' id='word_1_52' title='bbox 994 560 1028 587; x_wconf 88' lang='lat' dir='ltr'><strong>P.</strong></span> <span class='ocrx_word' id='word_1_53' title='bbox 1045 558 1065 587; x_wconf 85' lang='lat' dir='ltr'><strong>f.</strong></span> <span class='ocrx_word' id='word_1_54' title='bbox 1079 555 1108 586; x_wconf 74' lang='grc' dir='ltr'><strong>ὅ.</strong></span> <span class='ocrx_word' id='word_1_55' title='bbox 1123 559 1143 587; x_wconf 85' lang='lat' dir='ltr'><strong>f.</strong></span> <span class='ocrx_word' id='word_1_56' title='bbox 1166 560 1203 587; x_wconf 92' lang='lat' dir='ltr'><strong>In</strong></span> <span class='ocrx_word' id='word_1_57' title='bbox 1217 560 1289 586; x_wconf 79' lang='lat' dir='ltr'><strong>cett.</strong></span> <span class='ocrx_word' id='word_1_58' title='bbox 1302 555 1473 584; x_wconf 76' lang='lat' dir='ltr'><strong>credemus</strong></span> <span class='ocrx_word' id='word_1_59' title='bbox 1485 555 1599 583; x_wconf 74' lang='lat' dir='ltr'><strong>etiam.</strong></span> <span class='ocrx_word' id='word_1_60' title='bbox 1636 556 1738 582; x_wconf 74' lang='lat' dir='ltr'><strong>etiam</strong></span> <span class='ocrx_word' id='word_1_61' title='bbox 1753 558 1851 591; x_wconf 71' lang='lat' dir='ltr'><strong>piane</strong></span> 
     </span>
     <span class='ocr_line' id='line_1_9' title="bbox 56 599 1849 638; baseline -0.004 -4"><span class='ocrx_word' id='word_1_62' title='bbox 56 608 149 634; x_wconf 78' lang='lat' dir='ltr'><strong>abest</strong></span> <span class='ocrx_word' id='word_1_63' title='bbox 168 613 189 634; x_wconf 86' lang='lat' dir='ltr'><strong>a</strong></span> <span class='ocrx_word' id='word_1_64' title='bbox 208 607 356 634; x_wconf 85' lang='lat' dir='ltr'><strong>Beroald.</strong></span> <span class='ocrx_word' id='word_1_65' title='bbox 376 607 452 634; x_wconf 87' lang='lat' dir='ltr'><strong>Bas.</strong></span> <span class='ocrx_word' id='word_1_66' title='bbox 475 606 503 633; x_wconf 90' lang='lat'><strong>1.</strong></span> <span class='ocrx_word' id='word_1_67' title='bbox 551 604 715 633; x_wconf 79' lang='lat' dir='ltr'><strong>credimus</strong></span> <span class='ocrx_word' id='word_1_68' title='bbox 729 606 877 634; x_wconf 84' lang='lat' dir='ltr'><strong>Beroald.</strong></span> <span class='ocrx_word' id='word_1_69' title='bbox 892 606 967 633; x_wconf 85' lang='lat' dir='ltr'><strong>Bas.</strong></span> <span class='ocrx_word' id='word_1_70' title='bbox 983 605 1010 631; x_wconf 89' lang='lat'><strong>1.</strong></span> <span class='ocrx_word' id='word_1_71' title='bbox 1042 603 1181 631; x_wconf 71' lang='lat' dir='ltr'><strong>citemus</strong></span> <span class='ocrx_word' id='word_1_72' title='bbox 1194 611 1249 638; x_wconf 90' lang='lat' dir='ltr'><strong>pro</strong></span> <span class='ocrx_word' id='word_1_73' title='bbox 1263 601 1432 630; x_wconf 81' lang='lat' dir='ltr'><strong>credemus</strong></span> <span class='ocrx_word' id='word_1_74' title='bbox 1447 610 1475 637; x_wconf 89' lang='lat' dir='ltr'><strong>p.</strong></span> <span class='ocrx_word' id='word_1_75' title='bbox 1523 599 1674 637; x_wconf 62' lang='lat' dir='ltr'><strong>exemplo</strong></span> <span class='ocrx_word' id='word_1_76' title='bbox 1690 604 1745 628; x_wconf 77' lang='lat' dir='ltr'><strong>tuo</strong></span> <span class='ocrx_word' id='word_1_77' title='bbox 1760 600 1849 628; x_wconf 70' lang='lat' dir='ltr'><strong>rere·-</strong></span> 
     </span>
     <span class='ocr_line' id='line_1_10' title="bbox 59 646 1849 687; baseline -0.003 -9"><span class='ocrx_word' id='word_1_78' title='bbox 59 650 144 678; x_wconf 71' lang='lat' dir='ltr'><strong>tacis</strong></span> <span class='ocrx_word' id='word_1_79' title='bbox 157 651 234 679; x_wconf 79' lang='lat' dir='ltr'><strong>Bas.</strong></span> <span class='ocrx_word' id='word_1_80' title='bbox 250 652 279 679; x_wconf 89' lang='lat'><strong>1.</strong></span> <span class='ocrx_word' id='word_1_81' title='bbox 295 652 341 687; x_wconf 78' lang='grc'><strong>2.,</strong></span> <span class='ocrx_word' id='word_1_82' title='bbox 367 651 453 679; x_wconf 80' lang='lat' dir='ltr'><strong>unde</strong></span> <span class='ocrx_word' id='word_1_83' title='bbox 471 651 568 679; x_wconf 79' lang='lat' dir='ltr'><strong>tacite</strong></span> <span class='ocrx_word' id='word_1_84' title='bbox 581 652 731 679; x_wconf 49' lang='lat' dir='ltr'><strong>§vom-er.</strong></span> <span class='ocrx_word' id='word_1_85' title='bbox 752 650 934 684; x_wconf 73' lang='lat' dir='ltr'><strong>rescripsit:</strong></span> <span class='ocrx_word' id='word_1_86' title='bbox 959 647 1109 685; x_wconf 73' lang='lat' dir='ltr'><strong>exemplo</strong></span> <span class='ocrx_word' id='word_1_87' title='bbox 1132 652 1188 676; x_wconf 80' lang='lat' dir='ltr'><strong>mo</strong></span> <span class='ocrx_word' id='word_1_88' title='bbox 1210 646 1353 675; x_wconf 68' lang='lat' dir='ltr'><strong>veritato·</strong></span> <span class='ocrx_word' id='word_1_89' title='bbox 1369 651 1466 681; x_wconf 81' lang='lat' dir='ltr'><strong>atque</strong></span> <span class='ocrx_word' id='word_1_90' title='bbox 1483 646 1559 675; x_wconf 86' lang='lat' dir='ltr'><strong>hinc</strong></span> <span class='ocrx_word' id='word_1_91' title='bbox 1572 646 1702 680; x_wconf 77' lang='lat' dir='ltr'><strong>irrepsit</strong></span> <span class='ocrx_word' id='word_1_92' title='bbox 1717 646 1752 674; x_wconf 87' lang='lat' dir='ltr'><strong>in</strong></span> <span class='ocrx_word' id='word_1_93' title='bbox 1766 646 1849 675; x_wconf 83' lang='lat' dir='ltr'><strong>Prie.</strong></span> 
     </span>
     <span class='ocr_line' id='line_1_11' title="bbox 47 688 1849 735; baseline -0.002 -13"><span class='ocrx_word' id='word_1_94' title='bbox 47 695 190 735; x_wconf 67' lang='lat' dir='ltr'><strong>frixum</strong></span> <span class='ocrx_word' id='word_1_95' title='bbox 205 697 241 724; x_wconf 88' lang='lat' dir='ltr'><strong>G.</strong></span> <span class='ocrx_word' id='word_1_96' title='bbox 254 697 292 724; x_wconf 88' lang='lat' dir='ltr'><strong>D.</strong></span> <span class='ocrx_word' id='word_1_97' title='bbox 341 695 454 723; x_wconf 68' lang='lat' dir='ltr'><strong>cerreta·</strong></span> <span class='ocrx_word' id='word_1_98' title='bbox 465 703 519 730; x_wconf 88' lang='lat' dir='ltr'><strong>pro</strong></span> <span class='ocrx_word' id='word_1_99' title='bbox 534 695 640 722; x_wconf 73' lang='lat' dir='ltr'><strong>arieti</strong></span> <span class='ocrx_word' id='word_1_100' title='bbox 650 697 689 724; x_wconf 91' lang='lat' dir='ltr'><strong>D.</strong></span> <span class='ocrx_word' id='word_1_101' title='bbox 736 693 922 731; x_wconf 73' lang='lat' dir='ltr'><strong>delphinum</strong></span> <span class='ocrx_word' id='word_1_102' title='bbox 937 694 972 721; x_wconf 82' lang='lat' dir='ltr'><strong>F.</strong></span> <span class='ocrx_word' id='word_1_103' title='bbox 987 696 1017 722; x_wconf 88' lang='lat'><strong>3.</strong></span> <span class='ocrx_word' id='word_1_104' title='bbox 1033 693 1107 728; x_wconf 80' lang='lat' dir='ltr'><strong>(sed</strong></span> <span class='ocrx_word' id='word_1_105' title='bbox 1122 694 1155 722; x_wconf 90' lang='lat' dir='ltr'><strong>in</strong></span> <span class='ocrx_word' id='word_1_106' title='bbox 1169 701 1269 729; x_wconf 82' lang='lat' dir='ltr'><strong>marg.</strong></span> <span class='ocrx_word' id='word_1_107' title='bbox 1283 701 1324 721; x_wconf 84' lang='lat' dir='ltr'><strong>ex</strong></span> <span class='ocrx_word' id='word_1_108' title='bbox 1336 693 1448 721; x_wconf 80' lang='lat' dir='ltr'><strong>eadem</strong></span> <span class='ocrx_word' id='word_1_109' title='bbox 1461 699 1559 720; x_wconf 87' lang='lat' dir='ltr'><strong>manu</strong></span> <span class='ocrx_word' id='word_1_110' title='bbox 1572 688 1745 727; x_wconf 72' lang='lat' dir='ltr'><strong>delphina]</strong></span> <span class='ocrx_word' id='word_1_111' title='bbox 1761 692 1795 718; x_wconf 88' lang='lat' dir='ltr'><strong>G.</strong></span> <span class='ocrx_word' id='word_1_112' title='bbox 1811 692 1849 719; x_wconf 80' lang='grc' dir='ltr'><strong>Ι).</strong></span> 
     </span>
     <span class='ocr_line' id='line_1_12' title="bbox 55 735 1850 775; baseline -0.003 -6"><span class='ocrx_word' id='word_1_113' title='bbox 55 742 92 769; x_wconf 91' lang='lat' dir='ltr'><strong>P.</strong></span> <span class='ocrx_word' id='word_1_114' title='bbox 106 742 140 770; x_wconf 89' lang='grc'><strong>0.</strong></span> <span class='ocrx_word' id='word_1_115' title='bbox 155 741 176 769; x_wconf 80' lang='lat' dir='ltr'><strong>f.</strong></span> <span class='ocrx_word' id='word_1_116' title='bbox 191 738 220 769; x_wconf 79' lang='grc' dir='ltr'><strong>δ.</strong></span> <span class='ocrx_word' id='word_1_117' title='bbox 233 742 380 769; x_wconf 82' lang='lat' dir='ltr'><strong>Wower.</strong></span> <span class='ocrx_word' id='word_1_118' title='bbox 395 744 423 769; x_wconf 80' lang='lat' dir='ltr'><strong>et</strong></span> <span class='ocrx_word' id='word_1_119' title='bbox 438 741 512 769; x_wconf 83' lang='lat' dir='ltr'><strong>hine</strong></span> <span class='ocrx_word' id='word_1_120' title='bbox 526 748 614 774; x_wconf 81' lang='lat' dir='ltr'><strong>seqq.</strong></span> <span class='ocrx_word' id='word_1_121' title='bbox 628 745 757 775; x_wconf 80' lang='lat' dir='ltr'><strong>praeter</strong></span> <span class='ocrx_word' id='word_1_122' title='bbox 768 742 851 769; x_wconf 85' lang='lat' dir='ltr'><strong>Elm.</strong></span> <span class='ocrx_word' id='word_1_123' title='bbox 871 742 908 769; x_wconf 88' lang='lat' dir='ltr'><strong>ln</strong></span> <span class='ocrx_word' id='word_1_124' title='bbox 923 742 995 768; x_wconf 80' lang='lat' dir='ltr'><strong>ceu.</strong></span> <span class='ocrx_word' id='word_1_125' title='bbox 1009 737 1172 775; x_wconf 66' lang='lat' dir='ltr'><strong>delphino.</strong></span> <span class='ocrx_word' id='word_1_126' title='bbox 1208 744 1411 774; x_wconf 80' lang='lat' dir='ltr'><strong>supernasse</strong></span> <span class='ocrx_word' id='word_1_127' title='bbox 1423 745 1479 772; x_wconf 89' lang='lat' dir='ltr'><strong>pro</strong></span> <span class='ocrx_word' id='word_1_128' title='bbox 1490 735 1696 773; x_wconf 79' lang='lat' dir='ltr'><strong>gubernasse</strong></span> <span class='ocrx_word' id='word_1_129' title='bbox 1708 737 1850 764; x_wconf 81' lang='lat' dir='ltr'><strong>Salinas.</strong></span> 
     </span>
     <span class='ocr_line' id='line_1_13' title="bbox 54 781 1852 821; baseline -0.003 -8"><span class='ocrx_word' id='word_1_130' title='bbox 54 786 150 820; x_wconf 76' lang='lat' dir='ltr'><strong>quasi</strong></span> <span class='ocrx_word' id='word_1_131' title='bbox 164 794 181 814; x_wconf 88' lang='lat' dir='ltr'><strong>e</strong></span> <span class='ocrx_word' id='word_1_132' title='bbox 194 786 262 814; x_wconf 79' lang='lat' dir='ltr'><strong>cod.</strong></span> <span class='ocrx_word' id='word_1_133' title='bbox 277 793 306 820; x_wconf 87' lang='lat' dir='ltr'><strong>p.</strong></span> <span class='ocrx_word' id='word_1_134' title='bbox 321 786 495 820; x_wconf 77' lang='lat' dir='ltr'><strong>adscripsit</strong></span> <span class='ocrx_word' id='word_1_135' title='bbox 509 784 553 820; x_wconf 79' lang='lat' dir='ltr'><strong>[et</strong></span> <span class='ocrx_word' id='word_1_136' title='bbox 568 786 783 821; x_wconf 80' lang='lat' dir='ltr'><strong>Lindenbrog.</strong></span> <span class='ocrx_word' id='word_1_137' title='bbox 798 786 831 814; x_wconf 90' lang='lat' dir='ltr'><strong>in</strong></span> <span class='ocrx_word' id='word_1_138' title='bbox 843 792 944 820; x_wconf 75' lang='lat' dir='ltr'><strong>marg.</strong></span> <span class='ocrx_word' id='word_1_139' title='bbox 959 785 1000 812; x_wconf 82' lang='lat' dir='ltr'><strong>ad</strong></span> <span class='ocrx_word' id='word_1_140' title='bbox 1014 785 1088 813; x_wconf 80' lang='lat' dir='ltr'><strong>edit.</strong></span> <span class='ocrx_word' id='word_1_141' title='bbox 1102 785 1196 813; x_wconf 79' lang='lat' dir='ltr'><strong>vale.</strong></span> <span class='ocrx_word' id='word_1_142' title='bbox 1211 785 1242 811; x_wconf 81' lang='lat'><strong>2.</strong></span> <span class='ocrx_word' id='word_1_143' title='bbox 1254 805 1261 819; x_wconf 79' lang='lat'><strong>,</strong></span> <span class='ocrx_word' id='word_1_144' title='bbox 1288 791 1381 817; x_wconf 80' lang='lat' dir='ltr'><strong>quem</strong></span> <span class='ocrx_word' id='word_1_145' title='bbox 1396 786 1503 811; x_wconf 80' lang='lat' dir='ltr'><strong>tamen</strong></span> <span class='ocrx_word' id='word_1_146' title='bbox 1517 781 1722 810; x_wconf 77' lang='lat' dir='ltr'><strong>coniecturae</strong></span> <span class='ocrx_word' id='word_1_147' title='bbox 1736 781 1852 815; x_wconf 82' lang='lat' dir='ltr'><strong>poeni-</strong></span> 
     </span>
     <span class='ocr_line' id='line_1_14' title="bbox 56 824 1850 869; baseline -0.002 -11"><span class='ocrx_word' id='word_1_148' title='bbox 56 831 158 859; x_wconf 76' lang='lat' dir='ltr'><strong>tuisse</strong></span> <span class='ocrx_word' id='word_1_149' title='bbox 170 831 308 864; x_wconf 77' lang='lat' dir='ltr'><strong>videtur,</strong></span> <span class='ocrx_word' id='word_1_150' title='bbox 323 839 419 865; x_wconf 82' lang='lat' dir='ltr'><strong>quum</strong></span> <span class='ocrx_word' id='word_1_151' title='bbox 434 835 519 859; x_wconf 69' lang='lat' dir='ltr'><strong>totae</strong></span> <span class='ocrx_word' id='word_1_152' title='bbox 530 831 657 860; x_wconf 72' lang='lat' dir='ltr'><strong>litterae</strong></span> <span class='ocrx_word' id='word_1_153' title='bbox 670 834 848 861; x_wconf 75' lang='lat' dir='ltr'><strong>atramento</strong></span> <span class='ocrx_word' id='word_1_154' title='bbox 863 831 927 861; x_wconf 74' lang='lat' dir='ltr'><strong>sint</strong></span> <span class='ocrx_word' id='word_1_155' title='bbox 941 828 1128 867; x_wconf 67' lang='lat' dir='ltr'><strong>obductae]</strong></span> <span class='ocrx_word' id='word_1_156' title='bbox 1148 826 1405 869; x_wconf 73' lang='lat' dir='ltr'><strong>suptercuhasse</strong></span> <span class='ocrx_word' id='word_1_157' title='bbox 1420 827 1556 857; x_wconf 77' lang='lat' dir='ltr'><strong>coniecit</strong></span> <span class='ocrx_word' id='word_1_158' title='bbox 1571 827 1621 857; x_wconf 79' lang='lat' dir='ltr'><strong>vir</strong></span> <span class='ocrx_word' id='word_1_159' title='bbox 1633 827 1746 857; x_wconf 73' lang='lat' dir='ltr'><strong>doctus</strong></span> <span class='ocrx_word' id='word_1_160' title='bbox 1760 824 1850 860; x_wconf 77' lang='lat' dir='ltr'><strong>(fort.</strong></span> 
     </span>
    </p>
   </div>
   <div class='ocr_carea' id='block_1_8' title="bbox 55 874 376 912">
    <p class='ocr_par' dir='ltr' id='par_1_8' title="bbox 55 874 376 912">
     <span class='ocr_line' id='line_1_15' title="bbox 55 874 376 912; baseline -0.003 -7"><span class='ocrx_word' id='word_1_161' title='bbox 55 874 213 912; x_wconf 72' lang='lat' dir='ltr'><strong>Tollius).</strong></span> <span class='ocrx_word' id='word_1_162' title='bbox 261 883 340 903; x_wconf 72' lang='lat' dir='ltr'><strong>vero</strong></span> <span class='ocrx_word' id='word_1_163' title='bbox 354 875 376 904; x_wconf 84' lang='lat' dir='ltr'><strong>f.</strong></span> 
     </span>
    </p>
   </div>
   <div class='ocr_carea' id='block_1_9' title="bbox 42 985 924 3174">
    <p class='ocr_par' dir='ltr' id='par_1_9' title="bbox 46 985 924 1938">
     <span class='ocr_line' id='line_1_16' title="bbox 52 985 924 1038; baseline 0.003 -15"><span class='ocrx_word' id='word_1_164' title='bbox 52 985 247 1024; x_wconf 88' lang='lat' dir='ltr'><strong>hominum</strong></span> <span class='ocrx_word' id='word_1_165' title='bbox 261 987 385 1038; x_wconf 82' lang='lat' dir='ltr'><strong>stipes</strong></span> <span class='ocrx_word' id='word_1_166' title='bbox 401 986 655 1027; x_wconf 83' lang='lat' dir='ltr'><strong>corraderent.</strong></span> <span class='ocrx_word' id='word_1_167' title='bbox 680 986 737 1025; x_wconf 84' lang='lat' dir='ltr'><strong>Ita</strong></span> <span class='ocrx_word' id='word_1_168' title='bbox 751 986 924 1026; x_wconf 86' lang='lat' dir='ltr'><strong>fecerunt</strong></span> 
     </span>
     <span class='ocr_line' id='line_1_17' title="bbox 53 1042 921 1094; baseline 0.003 -15"><span class='ocrx_word' id='word_1_169' title='bbox 53 1055 146 1094; x_wconf 80' lang='lat' dir='ltr'><strong>prae</strong></span> <span class='ocrx_word' id='word_1_170' title='bbox 172 1044 312 1081; x_wconf 84' lang='lat' dir='ltr'><strong>ceteris</strong></span> <span class='ocrx_word' id='word_1_171' title='bbox 337 1042 521 1093; x_wconf 80' lang='lat' dir='ltr'><strong>naufragi.</strong></span> <span class='ocrx_word' id='word_1_172' title='bbox 562 1043 609 1082; x_wconf 85' lang='lat' dir='ltr'><strong>cf.</strong></span> <span class='ocrx_word' id='word_1_173' title='bbox 635 1043 762 1094; x_wconf 77' lang='lat' dir='ltr'><strong>Heyn.</strong></span> <span class='ocrx_word' id='word_1_174' title='bbox 789 1044 839 1082; x_wconf 87' lang='lat' dir='ltr'><strong>ad</strong></span> <span class='ocrx_word' id='word_1_175' title='bbox 861 1044 921 1082; x_wconf 93' lang='lat' dir='ltr'><strong>Ti-</strong></span> 
     </span>
     <span class='ocr_line' id='line_1_18' title="bbox 53 1098 920 1140; baseline 0.003 -4"><span class='ocrx_word' id='word_1_176' title='bbox 53 1098 146 1137; x_wconf 83' lang='lat' dir='ltr'><strong>bull.</strong></span> <span class='ocrx_word' id='word_1_177' title='bbox 173 1098 199 1137; x_wconf 87' lang='lat' dir='ltr'><strong>I.</strong></span> <span class='ocrx_word' id='word_1_178' title='bbox 225 1103 261 1139; x_wconf 88' lang='lat'><strong>3.</strong></span> <span class='ocrx_word' id='word_1_179' title='bbox 288 1103 351 1139; x_wconf 90' lang='lat'><strong>27.</strong></span> <span class='ocrx_word' id='word_1_180' title='bbox 377 1098 593 1138; x_wconf 84' lang='lat' dir='ltr'><strong>Mitscherl.</strong></span> <span class='ocrx_word' id='word_1_181' title='bbox 618 1100 667 1138; x_wconf 86' lang='lat' dir='ltr'><strong>ad</strong></span> <span class='ocrx_word' id='word_1_182' title='bbox 693 1099 826 1138; x_wconf 84' lang='lat' dir='ltr'><strong>Horat.</strong></span> <span class='ocrx_word' id='word_1_183' title='bbox 840 1099 866 1138; x_wconf 91' lang='lat' dir='ltr'><strong>l.</strong></span> <span class='ocrx_word' id='word_1_184' title='bbox 883 1104 920 1140; x_wconf 86' lang='lat'><strong>5.</strong></span> 
     </span>
     <span class='ocr_line' id='line_1_19' title="bbox 55 1154 917 1207; baseline -0.001 -13"><span class='ocrx_word' id='word_1_185' title='bbox 55 1158 106 1194; x_wconf 87' lang='grc'><strong>13</strong></span> <span class='ocrx_word' id='word_1_186' title='bbox 132 1168 192 1206; x_wconf 86' lang='lat' dir='ltr'><strong>sq.</strong></span> <span class='ocrx_word' id='word_1_187' title='bbox 223 1154 309 1194; x_wconf 86' lang='lat' dir='ltr'><strong>Intt.</strong></span> <span class='ocrx_word' id='word_1_188' title='bbox 335 1155 385 1194; x_wconf 86' lang='lat' dir='ltr'><strong>ad</strong></span> <span class='ocrx_word' id='word_1_189' title='bbox 410 1155 532 1194; x_wconf 89' lang='lat' dir='ltr'><strong>eiusd.</strong></span> <span class='ocrx_word' id='word_1_190' title='bbox 559 1155 684 1207; x_wconf 81' lang='lat' dir='ltr'><strong>Epist.</strong></span> <span class='ocrx_word' id='word_1_191' title='bbox 709 1156 758 1193; x_wconf 89' lang='lat' dir='ltr'><strong>ad</strong></span> <span class='ocrx_word' id='word_1_192' title='bbox 783 1155 917 1194; x_wconf 91' lang='lat' dir='ltr'><strong>Pison.</strong></span> 
     </span>
     <span class='ocr_line' id='line_1_20' title="bbox 51 1210 918 1261; baseline -0.001 -10"><span class='ocrx_word' id='word_1_193' title='bbox 51 1215 105 1252; x_wconf 83' lang='lat'><strong>20</strong></span> <span class='ocrx_word' id='word_1_194' title='bbox 130 1224 191 1261; x_wconf 86' lang='lat' dir='ltr'><strong>sq.</strong></span> <span class='ocrx_word' id='word_1_195' title='bbox 239 1210 367 1249; x_wconf 78' lang='lat' dir='ltr'><strong>Iuven.</strong></span> <span class='ocrx_word' id='word_1_196' title='bbox 392 1210 478 1250; x_wconf 89' lang='lat' dir='ltr'><strong>XII.</strong></span> <span class='ocrx_word' id='word_1_197' title='bbox 505 1215 569 1251; x_wconf 93' lang='lat'><strong>27.</strong></span> <span class='ocrx_word' id='word_1_198' title='bbox 595 1216 661 1252; x_wconf 88' lang='lat'><strong>28.</strong></span> <span class='ocrx_word' id='word_1_199' title='bbox 709 1211 843 1261; x_wconf 77' lang='lat' dir='ltr'><strong>Argoi,</strong></span> <span class='ocrx_word' id='word_1_200' title='bbox 869 1212 918 1251; x_wconf 87' lang='lat' dir='ltr'><strong>ad</strong></span> 
     </span>
     <span class='ocr_line' id='line_1_21' title="bbox 51 1266 917 1318; baseline 0.003 -14"><span class='ocrx_word' id='word_1_201' title='bbox 51 1266 226 1318; x_wconf 85' lang='lat' dir='ltr'><strong>Onuphr.</strong></span> <span class='ocrx_word' id='word_1_202' title='bbox 250 1266 412 1306; x_wconf 79' lang='lat' dir='ltr'><strong>Panvin.</strong></span> <span class='ocrx_word' id='word_1_203' title='bbox 433 1267 864 1307; x_wconf 72' lang='lat' dir='ltr'><strong>delud.(3ircens.11.c.</strong></span> <span class='ocrx_word' id='word_1_204' title='bbox 882 1272 917 1308; x_wconf 88' lang='lat'><strong>3.</strong></span> 
     </span>
     <span class='ocr_line' id='line_1_22' title="bbox 50 1322 917 1374; baseline 0.003 -13"><span class='ocrx_word' id='word_1_205' title='bbox 50 1323 86 1361; x_wconf 91' lang='lat' dir='ltr'><strong>in</strong></span> <span class='ocrx_word' id='word_1_206' title='bbox 112 1322 253 1362; x_wconf 81' lang='lat' dir='ltr'><strong>Graev.</strong></span> <span class='ocrx_word' id='word_1_207' title='bbox 281 1322 400 1361; x_wconf 89' lang='lat' dir='ltr'><strong>Thes.</strong></span> <span class='ocrx_word' id='word_1_208' title='bbox 428 1323 557 1374; x_wconf 79' lang='lat' dir='ltr'><strong>Antiq.</strong></span> <span class='ocrx_word' id='word_1_209' title='bbox 591 1322 635 1362; x_wconf 88' lang='lat' dir='ltr'><strong>T.</strong></span> <span class='ocrx_word' id='word_1_210' title='bbox 660 1323 728 1362; x_wconf 82' lang='lat' dir='ltr'><strong>IX.</strong></span> <span class='ocrx_word' id='word_1_211' title='bbox 760 1337 796 1374; x_wconf 89' lang='lat' dir='ltr'><strong>p.</strong></span> <span class='ocrx_word' id='word_1_212' title='bbox 823 1329 917 1364; x_wconf 91' lang='grc'><strong>411.</strong></span> 
     </span>
     <span class='ocr_line' id='line_1_23' title="bbox 51 1377 916 1420; baseline 0.003 -3"><span class='ocrx_word' id='word_1_213' title='bbox 51 1377 186 1417; x_wconf 87' lang='lat' dir='ltr'><strong>Tasfin.</strong></span> <span class='ocrx_word' id='word_1_214' title='bbox 203 1378 252 1416; x_wconf 93' lang='lat' dir='ltr'><strong>de</strong></span> <span class='ocrx_word' id='word_1_215' title='bbox 271 1393 369 1418; x_wconf 87' lang='lat' dir='ltr'><strong>anno</strong></span> <span class='ocrx_word' id='word_1_216' title='bbox 382 1379 503 1417; x_wconf 88' lang='lat' dir='ltr'><strong>secul.</strong></span> <span class='ocrx_word' id='word_1_217' title='bbox 520 1393 551 1418; x_wconf 91' lang='lat' dir='ltr'><strong>c.</strong></span> <span class='ocrx_word' id='word_1_218' title='bbox 572 1384 632 1420; x_wconf 88' lang='lat'><strong>15.</strong></span> <span class='ocrx_word' id='word_1_219' title='bbox 648 1379 737 1418; x_wconf 84' lang='lat' dir='ltr'><strong>ibid.</strong></span> <span class='ocrx_word' id='word_1_220' title='bbox 753 1379 797 1418; x_wconf 91' lang='lat' dir='ltr'><strong>T.</strong></span> <span class='ocrx_word' id='word_1_221' title='bbox 815 1379 916 1420; x_wconf 73' lang='lat' dir='ltr'><strong>wll.</strong></span> 
     </span>
     <span class='ocr_line' id='line_1_24' title="bbox 48 1434 915 1488; baseline 0.003 -16"><span class='ocrx_word' id='word_1_222' title='bbox 48 1438 192 1486; x_wconf 86' lang='lat' dir='ltr'><strong>p.551.</strong></span> <span class='ocrx_word' id='word_1_223' title='bbox 217 1434 397 1475; x_wconf 84' lang='lat' dir='ltr'><strong>Mazoch.</strong></span> <span class='ocrx_word' id='word_1_224' title='bbox 423 1435 459 1474; x_wconf 90' lang='lat' dir='ltr'><strong>in</strong></span> <span class='ocrx_word' id='word_1_225' title='bbox 487 1434 701 1474; x_wconf 87' lang='lat' dir='ltr'><strong>Comment.</strong></span> <span class='ocrx_word' id='word_1_226' title='bbox 724 1437 758 1474; x_wconf 91' lang='lat' dir='ltr'><strong>in</strong></span> <span class='ocrx_word' id='word_1_227' title='bbox 773 1436 915 1488; x_wconf 84' lang='lat' dir='ltr'><strong>Amph.</strong></span> 
     </span>
     <span class='ocr_line' id='line_1_25' title="bbox 50 1489 916 1543; baseline 0.003 -15"><span class='ocrx_word' id='word_1_228' title='bbox 50 1489 233 1542; x_wconf 87' lang='lat' dir='ltr'><strong>Campan.</strong></span> <span class='ocrx_word' id='word_1_229' title='bbox 259 1492 294 1530; x_wconf 90' lang='lat' dir='ltr'><strong>in</strong></span> <span class='ocrx_word' id='word_1_230' title='bbox 319 1490 460 1530; x_wconf 90' lang='lat' dir='ltr'><strong>Polen.</strong></span> <span class='ocrx_word' id='word_1_231' title='bbox 486 1491 622 1543; x_wconf 89' lang='lat' dir='ltr'><strong>Suppl.</strong></span> <span class='ocrx_word' id='word_1_232' title='bbox 651 1491 771 1531; x_wconf 81' lang='lat' dir='ltr'><strong>Thes.</strong></span> <span class='ocrx_word' id='word_1_233' title='bbox 801 1491 845 1530; x_wconf 92' lang='lat' dir='ltr'><strong>T.</strong></span> <span class='ocrx_word' id='word_1_234' title='bbox 866 1493 916 1532; x_wconf 73' lang='lat' dir='ltr'><strong>V.</strong></span> 
     </span>
     <span class='ocr_line' id='line_1_26' title="bbox 48 1548 915 1599; baseline 0.002 -14"><span class='ocrx_word' id='word_1_235' title='bbox 48 1560 86 1598; x_wconf 81' lang='lat' dir='ltr'><strong>p.</strong></span> <span class='ocrx_word' id='word_1_236' title='bbox 113 1551 206 1589; x_wconf 85' lang='lat'><strong>595.</strong></span> <span class='ocrx_word' id='word_1_237' title='bbox 232 1551 271 1587; x_wconf 88' lang='lat' dir='ltr'><strong>et</strong></span> <span class='ocrx_word' id='word_1_238' title='bbox 294 1561 331 1599; x_wconf 86' lang='lat' dir='ltr'><strong>p.</strong></span> <span class='ocrx_word' id='word_1_239' title='bbox 360 1551 472 1593; x_wconf 73' lang='lat'><strong>609..</strong></span> <span class='ocrx_word' id='word_1_240' title='bbox 504 1549 568 1598; x_wconf 88' lang='lat' dir='ltr'><strong>qui</strong></span> <span class='ocrx_word' id='word_1_241' title='bbox 593 1548 839 1599; x_wconf 81' lang='lat' dir='ltr'><strong>potissimum</strong></span> <span class='ocrx_word' id='word_1_242' title='bbox 866 1548 915 1587; x_wconf 88' lang='lat' dir='ltr'><strong>de</strong></span> 
     </span>
     <span class='ocr_line' id='line_1_27' title="bbox 47 1604 914 1656; baseline 0.003 -15"><span class='ocrx_word' id='word_1_243' title='bbox 47 1616 145 1642; x_wconf 77' lang='lat' dir='ltr'><strong>voce</strong></span> <span class='ocrx_word' id='word_1_244' title='bbox 170 1604 398 1643; x_wconf 76' lang='lat' dir='ltr'><strong>dedicandi</strong></span> <span class='ocrx_word' id='word_1_245' title='bbox 423 1606 637 1643; x_wconf 83' lang='lat' dir='ltr'><strong>accuratius</strong></span> <span class='ocrx_word' id='word_1_246' title='bbox 669 1606 760 1656; x_wconf 77' lang='lat' dir='ltr'><strong>egit.</strong></span> <span class='ocrx_word' id='word_1_247' title='bbox 812 1605 914 1644; x_wconf 87' lang='lat' dir='ltr'><strong>Rem</strong></span> 
     </span>
     <span class='ocr_line' id='line_1_28' title="bbox 46 1659 916 1712; baseline 0.003 -14"><span class='ocrx_word' id='word_1_248' title='bbox 46 1659 212 1698; x_wconf 81' lang='lat' dir='ltr'><strong>breviter</strong></span> <span class='ocrx_word' id='word_1_249' title='bbox 248 1661 408 1712; x_wconf 79' lang='lat' dir='ltr'><strong>exponit</strong></span> <span class='ocrx_word' id='word_1_250' title='bbox 443 1660 577 1699; x_wconf 85' lang='lat' dir='ltr'><strong>Scbol.</strong></span> <span class='ocrx_word' id='word_1_251' title='bbox 606 1660 716 1712; x_wconf 88' lang='lat' dir='ltr'><strong>Cruq.</strong></span> <span class='ocrx_word' id='word_1_252' title='bbox 749 1662 797 1700; x_wconf 86' lang='lat' dir='ltr'><strong>ad</strong></span> <span class='ocrx_word' id='word_1_253' title='bbox 822 1661 916 1701; x_wconf 89' lang='lat' dir='ltr'><strong>Hor.</strong></span> 
     </span>
     <span class='ocr_line' id='line_1_29' title="bbox 51 1715 918 1769; baseline 0.005 -15"><span class='ocrx_word' id='word_1_254' title='bbox 51 1715 322 1757; x_wconf 82' lang='lat' dir='ltr'><strong>Sat.11.1.33.</strong></span> <span class='ocrx_word' id='word_1_255' title='bbox 347 1718 411 1755; x_wconf 82' lang='lat' dir='ltr'><strong>ubi</strong></span> <span class='ocrx_word' id='word_1_256' title='bbox 436 1716 586 1755; x_wconf 84' lang='lat' dir='ltr'><strong>cs.1ntt.</strong></span> <span class='ocrx_word' id='word_1_257' title='bbox 612 1717 670 1756; x_wconf 81' lang='lat' dir='ltr'><strong>lta</strong></span> <span class='ocrx_word' id='word_1_258' title='bbox 695 1717 918 1769; x_wconf 85' lang='lat' dir='ltr'><strong>supplenda</strong></span> 
     </span>
     <span class='ocr_line' id='line_1_30' title="bbox 48 1771 916 1824; baseline 0.003 -14"><span class='ocrx_word' id='word_1_259' title='bbox 48 1771 215 1811; x_wconf 82' lang='lat' dir='ltr'><strong>fortasse</strong></span> <span class='ocrx_word' id='word_1_260' title='bbox 240 1777 302 1811; x_wconf 84' lang='lat' dir='ltr'><strong>est</strong></span> <span class='ocrx_word' id='word_1_261' title='bbox 316 1772 452 1811; x_wconf 83' lang='lat' dir='ltr'><strong>lacuna</strong></span> <span class='ocrx_word' id='word_1_262' title='bbox 465 1773 569 1824; x_wconf 86' lang='lat' dir='ltr'><strong>apud</strong></span> <span class='ocrx_word' id='word_1_263' title='bbox 583 1773 767 1812; x_wconf 85' lang='lat' dir='ltr'><strong>Fronton.</strong></span> <span class='ocrx_word' id='word_1_264' title='bbox 780 1775 916 1813; x_wconf 83' lang='lat' dir='ltr'><strong>Arion.</strong></span> 
     </span>
     <span class='ocr_line' id='line_1_31' title="bbox 46 1829 916 1884; baseline 0.002 -16"><span class='ocrx_word' id='word_1_265' title='bbox 46 1841 86 1879; x_wconf 89' lang='lat' dir='ltr'><strong>p.</strong></span> <span class='ocrx_word' id='word_1_266' title='bbox 123 1833 215 1869; x_wconf 89' lang='lat'><strong>225.</strong></span> <span class='ocrx_word' id='word_1_267' title='bbox 258 1829 460 1882; x_wconf 78' lang='lat' dir='ltr'><strong>Delphini</strong></span> <span class='ocrx_word' id='word_1_268' title='bbox 501 1832 670 1882; x_wconf 76' lang='lat' dir='ltr'><strong>facinus</strong></span> <span class='ocrx_word' id='word_1_269' title='bbox 705 1831 916 1884; x_wconf 75' lang='lat' dir='ltr'><strong>z&#39;mayz&#39;ne</strong></span> 
     </span>
     <span class='ocr_line' id='line_1_32' title="bbox 46 1885 217 1938; baseline 0.006 -16"><span class='ocrx_word' id='word_1_270' title='bbox 46 1885 217 1938; x_wconf 68' lang='lat' dir='ltr'><strong>visitur]</strong></span> 
     </span>
    </p>

    <p class='ocr_par' dir='ltr' id='par_1_10' title="bbox 42 1941 919 2835">
     <span class='ocr_line' id='line_1_33' title="bbox 102 1941 918 1994; baseline 0.004 -14"><span class='ocrx_word' id='word_1_271' title='bbox 102 1941 291 1994; x_wconf 76' lang='lat' dir='ltr'><strong>exemplo</strong></span> <span class='ocrx_word' id='word_1_272' title='bbox 316 1947 408 1982; x_wconf 82' lang='lat' dir='ltr'><strong>tuae</strong></span> <span class='ocrx_word' id='word_1_273' title='bbox 431 1944 622 1982; x_wconf 70' lang='lat' dir='ltr'><strong>veritatis.</strong></span> <span class='ocrx_word' id='word_1_274' title='bbox 659 1941 775 1989; x_wconf 84' lang='lat' dir='ltr'><strong>Quod</strong></span> <span class='ocrx_word' id='word_1_275' title='bbox 789 1943 918 1983; x_wconf 53' lang='lat' dir='ltr'><strong>XVow.</strong></span> 
     </span>
     <span class='ocr_line' id='line_1_34' title="bbox 46 1998 917 2050; baseline 0.002 -15"><span class='ocrx_word' id='word_1_276' title='bbox 46 1999 182 2048; x_wconf 87' lang='lat' dir='ltr'><strong>reponi</strong></span> <span class='ocrx_word' id='word_1_277' title='bbox 206 1998 327 2036; x_wconf 78' lang='lat' dir='ltr'><strong>voluit</strong></span> <span class='ocrx_word' id='word_1_278' title='bbox 351 1999 540 2050; x_wconf 76' lang='lat' dir='ltr'><strong>exemplo</strong></span> <span class='ocrx_word' id='word_1_279' title='bbox 566 2004 636 2038; x_wconf 78' lang='lat' dir='ltr'><strong>tuo</strong></span> <span class='ocrx_word' id='word_1_280' title='bbox 664 2000 843 2046; x_wconf 72' lang='lat' dir='ltr'><strong>ceritati,</strong></span> <span class='ocrx_word' id='word_1_281' title='bbox 869 2014 917 2038; x_wconf 91' lang='lat' dir='ltr'><strong>ne</strong></span> 
     </span>
     <span class='ocr_line' id='line_1_35' title="bbox 47 2052 915 2105; baseline 0.005 -15"><span class='ocrx_word' id='word_1_282' title='bbox 47 2052 135 2092; x_wconf 79' lang='lat' dir='ltr'><strong>ferri</strong></span> <span class='ocrx_word' id='word_1_283' title='bbox 173 2054 327 2104; x_wconf 86' lang='lat' dir='ltr'><strong>quidem</strong></span> <span class='ocrx_word' id='word_1_284' title='bbox 363 2058 513 2104; x_wconf 89' lang='lat' dir='ltr'><strong>potest,</strong></span> <span class='ocrx_word' id='word_1_285' title='bbox 557 2056 646 2105; x_wconf 86' lang='lat' dir='ltr'><strong>quia</strong></span> <span class='ocrx_word' id='word_1_286' title='bbox 682 2057 915 2095; x_wconf 81' lang='lat' dir='ltr'><strong>constructio</strong></span> 
     </span>
     <span class='ocr_line' id='line_1_36' title="bbox 48 2109 917 2160; baseline 0.007 -14"><span class='ocrx_word' id='word_1_287' title='bbox 48 2110 181 2160; x_wconf 88' lang='lat' dir='ltr'><strong>nequit</strong></span> <span class='ocrx_word' id='word_1_288' title='bbox 195 2123 305 2148; x_wconf 84' lang='lat' dir='ltr'><strong>esse:</strong></span> <span class='ocrx_word' id='word_1_289' title='bbox 335 2109 552 2150; x_wconf 76' lang='lat' dir='ltr'><strong>credemus</strong></span> <span class='ocrx_word' id='word_1_290' title='bbox 567 2112 727 2149; x_wconf 75' lang='lat' dir='ltr'><strong>veritali</strong></span> <span class='ocrx_word' id='word_1_291' title='bbox 746 2110 820 2148; x_wconf 81' lang='lat' dir='ltr'><strong>sed</strong></span> <span class='ocrx_word' id='word_1_292' title='bbox 835 2126 917 2151; x_wconf 84' lang='lat' dir='ltr'><strong>cre·</strong></span> 
     </span>
     <span class='ocr_line' id='line_1_37' title="bbox 47 2165 919 2219; baseline 0.005 -16"><span class='ocrx_word' id='word_1_293' title='bbox 47 2165 203 2212; x_wconf 80' lang='lat' dir='ltr'><strong>demus,</strong></span> <span class='ocrx_word' id='word_1_294' title='bbox 234 2166 452 2219; x_wconf 72' lang='lat' dir='ltr'><strong>Phryxum</strong></span> <span class='ocrx_word' id='word_1_295' title='bbox 481 2171 765 2218; x_wconf 78' lang='lat' dir='ltr'><strong>supernatasse</strong></span> <span class='ocrx_word' id='word_1_296' title='bbox 797 2169 919 2207; x_wconf 74' lang='grc' dir='ltr'><strong><em>ανίειί</em></strong></span> 
     </span>
     <span class='ocr_line' id='line_1_38' title="bbox 47 2222 916 2273; baseline 0.003 -14"><span class='ocrx_word' id='word_1_297' title='bbox 47 2225 120 2260; x_wconf 83' lang='lat' dir='ltr'><strong>etc.</strong></span> <span class='ocrx_word' id='word_1_298' title='bbox 158 2222 347 2273; x_wconf 69' lang='lat' dir='ltr'><strong>exemplo</strong></span> <span class='ocrx_word' id='word_1_299' title='bbox 383 2226 478 2261; x_wconf 79' lang='lat' dir='ltr'><strong>tuae</strong></span> <span class='ocrx_word' id='word_1_300' title='bbox 513 2224 694 2262; x_wconf 72' lang='lat' dir='ltr'><strong>veritatis</strong></span> <span class='ocrx_word' id='word_1_301' title='bbox 729 2223 815 2260; x_wconf 78' lang='lat' dir='ltr'><strong>sive</strong></span> <span class='ocrx_word' id='word_1_302' title='bbox 850 2228 916 2262; x_wconf 88' lang='lat' dir='ltr'><strong>tuo</strong></span> 
     </span>
     <span class='ocr_line' id='line_1_39' title="bbox 44 2278 915 2329; baseline 0.007 -16"><span class='ocrx_word' id='word_1_303' title='bbox 44 2290 137 2315; x_wconf 82' lang='lat' dir='ltr'><strong>vero</strong></span> <span class='ocrx_word' id='word_1_304' title='bbox 163 2278 363 2329; x_wconf 84' lang='lat' dir='ltr'><strong>exemplo,</strong></span> <span class='ocrx_word' id='word_1_305' title='bbox 402 2291 424 2315; x_wconf 91' lang='lat' dir='ltr'><strong>e</strong></span> <span class='ocrx_word' id='word_1_306' title='bbox 455 2292 531 2329; x_wconf 88' lang='lat' dir='ltr'><strong>quo</strong></span> <span class='ocrx_word' id='word_1_307' title='bbox 563 2280 664 2316; x_wconf 75' lang='lat' dir='ltr'><strong>scire</strong></span> <span class='ocrx_word' id='word_1_308' title='bbox 689 2280 915 2329; x_wconf 83' lang='lat' dir='ltr'><strong>poterimus,</strong></span> 
     </span>
     <span class='ocr_line' id='line_1_40' title="bbox 44 2332 917 2375; baseline 0.003 -3"><span class='ocrx_word' id='word_1_309' title='bbox 44 2332 137 2372; x_wconf 86' lang='lat' dir='ltr'><strong>talia</strong></span> <span class='ocrx_word' id='word_1_310' title='bbox 159 2347 252 2372; x_wconf 72' lang='lat' dir='ltr'><strong>vere</strong></span> <span class='ocrx_word' id='word_1_311' title='bbox 276 2333 483 2372; x_wconf 82' lang='lat' dir='ltr'><strong>accidisse.</strong></span> <span class='ocrx_word' id='word_1_312' title='bbox 509 2334 573 2372; x_wconf 83' lang='lat' dir='ltr'><strong>De</strong></span> <span class='ocrx_word' id='word_1_313' title='bbox 597 2335 789 2374; x_wconf 81' lang='lat' dir='ltr'><strong>similibus</strong></span> <span class='ocrx_word' id='word_1_314' title='bbox 814 2335 917 2375; x_wconf 92' lang='lat' dir='ltr'><strong>Oud.</strong></span> 
     </span>
     <span class='ocr_line' id='line_1_41' title="bbox 44 2388 915 2431; baseline 0.003 -4"><span class='ocrx_word' id='word_1_315' title='bbox 44 2388 209 2428; x_wconf 87' lang='lat' dir='ltr'><strong>conferri</strong></span> <span class='ocrx_word' id='word_1_316' title='bbox 235 2391 342 2430; x_wconf 88' lang='lat' dir='ltr'><strong>iubet</strong></span> <span class='ocrx_word' id='word_1_317' title='bbox 357 2389 456 2428; x_wconf 83' lang='lat' dir='ltr'><strong>Dav.</strong></span> <span class='ocrx_word' id='word_1_318' title='bbox 471 2392 506 2428; x_wconf 90' lang='lat' dir='ltr'><strong>in</strong></span> <span class='ocrx_word' id='word_1_319' title='bbox 522 2390 627 2429; x_wconf 84' lang='lat' dir='ltr'><strong>Add.</strong></span> <span class='ocrx_word' id='word_1_320' title='bbox 640 2391 689 2429; x_wconf 87' lang='lat' dir='ltr'><strong>ad</strong></span> <span class='ocrx_word' id='word_1_321' title='bbox 706 2390 782 2430; x_wconf 90' lang='lat' dir='ltr'><strong>Cic.</strong></span> <span class='ocrx_word' id='word_1_322' title='bbox 798 2391 915 2431; x_wconf 89' lang='lat' dir='ltr'><strong>Tusc.</strong></span> 
     </span>
     <span class='ocr_line' id='line_1_42' title="bbox 44 2445 915 2500; baseline 0.003 -17"><span class='ocrx_word' id='word_1_323' title='bbox 44 2445 94 2484; x_wconf 84' lang='lat' dir='ltr'><strong>V.</strong></span> <span class='ocrx_word' id='word_1_324' title='bbox 107 2449 174 2487; x_wconf 86' lang='lat'><strong>28.</strong></span> <span class='ocrx_word' id='word_1_325' title='bbox 198 2448 418 2498; x_wconf 74' lang='lat' dir='ltr'><strong>pravitatis</strong></span> <span class='ocrx_word' id='word_1_326' title='bbox 443 2447 660 2486; x_wconf 76' lang='lat' dir='ltr'><strong>erroribus.</strong></span> <span class='ocrx_word' id='word_1_327' title='bbox 687 2447 853 2500; x_wconf 61' lang='lat' dir='ltr'><strong>Wopk„</strong></span> <span class='ocrx_word' id='word_1_328' title='bbox 878 2449 915 2486; x_wconf 87' lang='lat' dir='ltr'><strong>in</strong></span> 
     </span>
     <span class='ocr_line' id='line_1_43' title="bbox 45 2501 914 2554; baseline 0.005 -15"><span class='ocrx_word' id='word_1_329' title='bbox 45 2501 160 2541; x_wconf 84' lang='lat' dir='ltr'><strong>Misc.</strong></span> <span class='ocrx_word' id='word_1_330' title='bbox 185 2501 287 2541; x_wconf 80' lang='lat' dir='ltr'><strong>Nov.</strong></span> <span class='ocrx_word' id='word_1_331' title='bbox 303 2501 474 2542; x_wconf 82' lang='lat' dir='ltr'><strong>observ.</strong></span> <span class='ocrx_word' id='word_1_332' title='bbox 488 2503 537 2541; x_wconf 71' lang='lat' dir='ltr'><strong>V.</strong></span> <span class='ocrx_word' id='word_1_333' title='bbox 557 2507 588 2542; x_wconf 88' lang='lat'><strong>1.</strong></span> <span class='ocrx_word' id='word_1_334' title='bbox 604 2517 640 2554; x_wconf 87' lang='lat' dir='ltr'><strong>p.</strong></span> <span class='ocrx_word' id='word_1_335' title='bbox 657 2507 722 2543; x_wconf 91' lang='lat'><strong>31.</strong></span> <span class='ocrx_word' id='word_1_336' title='bbox 748 2504 799 2542; x_wconf 85' lang='lat' dir='ltr'><strong>ad</strong></span> <span class='ocrx_word' id='word_1_337' title='bbox 813 2504 914 2544; x_wconf 88' lang='lat' dir='ltr'><strong>Dict.</strong></span> 
     </span>
     <span class='ocr_line' id='line_1_44' title="bbox 46 2556 918 2611; baseline 0.003 -15"><span class='ocrx_word' id='word_1_338' title='bbox 46 2557 146 2596; x_wconf 85' lang='lat' dir='ltr'><strong>Cret.</strong></span> <span class='ocrx_word' id='word_1_339' title='bbox 161 2556 205 2596; x_wconf 86' lang='lat' dir='ltr'><strong>II.</strong></span> <span class='ocrx_word' id='word_1_340' title='bbox 221 2563 284 2600; x_wconf 81' lang='lat'><strong>25.</strong></span> <span class='ocrx_word' id='word_1_341' title='bbox 311 2557 523 2597; x_wconf 84' lang='lat' dir='ltr'><strong>Praeterea</strong></span> <span class='ocrx_word' id='word_1_342' title='bbox 538 2558 641 2598; x_wconf 87' lang='lat' dir='ltr'><strong>Oud.</strong></span> <span class='ocrx_word' id='word_1_343' title='bbox 654 2559 788 2598; x_wconf 87' lang='lat' dir='ltr'><strong>referri</strong></span> <span class='ocrx_word' id='word_1_344' title='bbox 807 2565 918 2611; x_wconf 86' lang='lat' dir='ltr'><strong>putat</strong></span> 
     </span>
     <span class='ocr_line' id='line_1_45' title="bbox 42 2613 916 2668; baseline 0.003 -16"><span class='ocrx_word' id='word_1_345' title='bbox 42 2613 146 2653; x_wconf 85' lang='lat' dir='ltr'><strong>hanc</strong></span> <span class='ocrx_word' id='word_1_346' title='bbox 169 2614 403 2654; x_wconf 86' lang='lat' dir='ltr'><strong>locutionem</strong></span> <span class='ocrx_word' id='word_1_347' title='bbox 430 2615 480 2654; x_wconf 86' lang='lat' dir='ltr'><strong>ad</strong></span> <span class='ocrx_word' id='word_1_348' title='bbox 505 2615 591 2662; x_wconf 85' lang='lat' dir='ltr'><strong>illa,</strong></span> <span class='ocrx_word' id='word_1_349' title='bbox 622 2616 659 2653; x_wconf 92' lang='lat' dir='ltr'><strong>in</strong></span> <span class='ocrx_word' id='word_1_350' title='bbox 686 2617 826 2666; x_wconf 86' lang='lat' dir='ltr'><strong>quibus</strong></span> <span class='ocrx_word' id='word_1_351' title='bbox 850 2630 916 2668; x_wconf 83' lang='lat' dir='ltr'><strong>ge·</strong></span> 
     </span>
     <span class='ocr_line' id='line_1_46' title="bbox 46 2670 915 2724; baseline 0.002 -16"><span class='ocrx_word' id='word_1_352' title='bbox 46 2670 185 2712; x_wconf 77' lang='lat' dir='ltr'><strong>nitivus</strong></span> <span class='ocrx_word' id='word_1_353' title='bbox 210 2675 375 2722; x_wconf 85' lang='lat' dir='ltr'><strong>ponatur</strong></span> <span class='ocrx_word' id='word_1_354' title='bbox 404 2685 474 2723; x_wconf 85' lang='lat' dir='ltr'><strong>pro</strong></span> <span class='ocrx_word' id='word_1_355' title='bbox 499 2671 727 2717; x_wconf 78' lang='lat' dir='ltr'><strong>adiectivis,</strong></span> <span class='ocrx_word' id='word_1_356' title='bbox 764 2672 814 2709; x_wconf 90' lang='lat' dir='ltr'><strong>de</strong></span> <span class='ocrx_word' id='word_1_357' title='bbox 839 2686 915 2724; x_wconf 90' lang='lat' dir='ltr'><strong>quo</strong></span> 
     </span>
     <span class='ocr_line' id='line_1_47' title="bbox 42 2726 918 2779; baseline 0.006 -16"><span class='ocrx_word' id='word_1_358' title='bbox 42 2738 120 2772; x_wconf 76' lang='lat' dir='ltr'><strong>usu</strong></span> <span class='ocrx_word' id='word_1_359' title='bbox 154 2726 266 2778; x_wconf 86' lang='lat' dir='ltr'><strong>plura</strong></span> <span class='ocrx_word' id='word_1_360' title='bbox 301 2727 379 2766; x_wconf 86' lang='lat' dir='ltr'><strong>dixi</strong></span> <span class='ocrx_word' id='word_1_361' title='bbox 416 2728 466 2767; x_wconf 83' lang='lat' dir='ltr'><strong>ad</strong></span> <span class='ocrx_word' id='word_1_362' title='bbox 500 2728 596 2767; x_wconf 76' lang='lat' dir='ltr'><strong>Met.</strong></span> <span class='ocrx_word' id='word_1_363' title='bbox 620 2727 666 2766; x_wconf 93' lang='lat' dir='ltr'><strong>II.</strong></span> <span class='ocrx_word' id='word_1_364' title='bbox 699 2741 736 2779; x_wconf 87' lang='lat' dir='ltr'><strong>p.</strong></span> <span class='ocrx_word' id='word_1_365' title='bbox 763 2732 827 2769; x_wconf 83' lang='lat'><strong>92.</strong></span> <span class='ocrx_word' id='word_1_366' title='bbox 865 2730 918 2768; x_wconf 79' lang='lat' dir='ltr'><strong>de</strong></span> 
     </span>
     <span class='ocr_line' id='line_1_48' title="bbox 43 2783 428 2835; baseline 0.003 -14"><span class='ocrx_word' id='word_1_367' title='bbox 43 2783 236 2834; x_wconf 58' lang='lat' dir='ltr'><strong>faucibus</strong></span> <span class='ocrx_word' id='word_1_368' title='bbox 261 2784 428 2835; x_wconf 78' lang='lat' dir='ltr'><strong>lapidis.</strong></span> 
     </span>
    </p>

    <p class='ocr_par' dir='ltr' id='par_1_11' title="bbox 43 2837 917 3006">
     <span class='ocr_line' id='line_1_49' title="bbox 94 2837 917 2892; baseline 0.004 -16"><span class='ocrx_word' id='word_1_369' title='bbox 94 2837 330 2892; x_wconf 18' lang='lat' dir='ltr'><strong>&#39;Phryxum</strong></span> <span class='ocrx_word' id='word_1_370' title='bbox 381 2839 461 2892; x_wconf 91' lang='lat' dir='ltr'><strong>[De</strong></span> <span class='ocrx_word' id='word_1_371' title='bbox 479 2838 640 2892; x_wconf 81' lang='lat' dir='ltr'><strong>Phryxo</strong></span> <span class='ocrx_word' id='word_1_372' title='bbox 668 2841 833 2891; x_wconf 88' lang='lat' dir='ltr'><strong>eiusque</strong></span> <span class='ocrx_word' id='word_1_373' title='bbox 857 2841 917 2879; x_wconf 86' lang='lat' dir='ltr'><strong>hi-</strong></span> 
     </span>
     <span class='ocr_line' id='line_1_50' title="bbox 47 2893 917 2947; baseline 0.007 -17"><span class='ocrx_word' id='word_1_374' title='bbox 47 2893 168 2941; x_wconf 76' lang='lat' dir='ltr'><strong>storia</strong></span> <span class='ocrx_word' id='word_1_375' title='bbox 191 2894 238 2941; x_wconf 83' lang='lat' dir='ltr'><strong>cf.</strong></span> <span class='ocrx_word' id='word_1_376' title='bbox 252 2894 396 2947; x_wconf 76' lang='lat' dir='ltr'><strong>Hygia.</strong></span> <span class='ocrx_word' id='word_1_377' title='bbox 412 2896 490 2936; x_wconf 83' lang='lat' dir='ltr'><strong>fab.</strong></span> <span class='ocrx_word' id='word_1_378' title='bbox 506 2900 542 2937; x_wconf 91' lang='lat'><strong>2.</strong></span> <span class='ocrx_word' id='word_1_379' title='bbox 557 2901 596 2934; x_wconf 93' lang='lat' dir='ltr'><strong>et</strong></span> <span class='ocrx_word' id='word_1_380' title='bbox 608 2900 646 2937; x_wconf 87' lang='grc'><strong>3.</strong></span> <span class='ocrx_word' id='word_1_381' title='bbox 673 2910 853 2947; x_wconf 87' lang='lat' dir='ltr'><strong>quosque</strong></span> <span class='ocrx_word' id='word_1_382' title='bbox 866 2898 917 2936; x_wconf 86' lang='lat' dir='ltr'><strong>ad</strong></span> 
     </span>
     <span class='ocr_line' id='line_1_51' title="bbox 43 2947 870 3006; baseline 0.006 -20"><span class='ocrx_word' id='word_1_383' title='bbox 43 2947 226 3000; x_wconf 66' lang='lat' dir='ltr'><strong>⁴singulos</strong></span> <span class='ocrx_word' id='word_1_384' title='bbox 250 2949 361 2991; x_wconf 87' lang='lat' dir='ltr'><strong>locos</strong></span> <span class='ocrx_word' id='word_1_385' title='bbox 386 2956 544 2992; x_wconf 75' lang='lat' dir='ltr'><strong>veteres</strong></span> <span class='ocrx_word' id='word_1_386' title='bbox 570 2954 660 2992; x_wconf 83' lang='lat' dir='ltr'><strong>citat</strong></span> <span class='ocrx_word' id='word_1_387' title='bbox 671 2952 870 3006; x_wconf 67' lang='lat' dir='ltr'><strong>Munker]</strong></span> 
     </span>
    </p>

    <p class='ocr_par' dir='ltr' id='par_1_12' title="bbox 45 3005 917 3174">
     <span class='ocr_line' id='line_1_52' title="bbox 101 3005 916 3061; baseline 0.005 -17"><span class='ocrx_word' id='word_1_388' title='bbox 101 3005 341 3059; x_wconf 71' lang='lat' dir='ltr'><strong>delphinum</strong></span> <span class='ocrx_word' id='word_1_389' title='bbox 369 3009 628 3061; x_wconf 67' lang='lat' dir='ltr'><strong>gubernasse.</strong></span> <span class='ocrx_word' id='word_1_390' title='bbox 676 3008 789 3048; x_wconf 83' lang='lat' dir='ltr'><strong>Haec</strong></span> <span class='ocrx_word' id='word_1_391' title='bbox 820 3010 916 3061; x_wconf 90' lang='lat' dir='ltr'><strong>opti-</strong></span> 
     </span>
     <span class='ocr_line' id='line_1_53' title="bbox 45 3062 917 3117; baseline 0.006 -19"><span class='ocrx_word' id='word_1_392' title='bbox 45 3072 196 3100; x_wconf 84' lang='lat' dir='ltr'><strong>morum</strong></span> <span class='ocrx_word' id='word_1_393' title='bbox 225 3062 340 3106; x_wconf 80' lang='lat' dir='ltr'><strong>codd.</strong></span> <span class='ocrx_word' id='word_1_394' title='bbox 366 3066 556 3117; x_wconf 83' lang='lat' dir='ltr'><strong>scriptura</strong></span> <span class='ocrx_word' id='word_1_395' title='bbox 580 3065 776 3116; x_wconf 90' lang='lat' dir='ltr'><strong>quomodo</strong></span> <span class='ocrx_word' id='word_1_396' title='bbox 802 3066 838 3103; x_wconf 92' lang='lat' dir='ltr'><strong>in</strong></span> <span class='ocrx_word' id='word_1_397' title='bbox 863 3065 917 3103; x_wconf 87' lang='lat' dir='ltr'><strong>al-</strong></span> 
     </span>
     <span class='ocr_line' id='line_1_54' title="bbox 48 3117 917 3174; baseline 0.009 -21"><span class='ocrx_word' id='word_1_398' title='bbox 48 3117 170 3158; x_wconf 80' lang='lat' dir='ltr'><strong>teram</strong></span> <span class='ocrx_word' id='word_1_399' title='bbox 194 3117 392 3171; x_wconf 75' lang='lat' dir='ltr'><strong>delphino</strong></span> <span class='ocrx_word' id='word_1_400' title='bbox 417 3123 605 3173; x_wconf 87' lang='lat' dir='ltr'><strong>corrumpi</strong></span> <span class='ocrx_word' id='word_1_401' title='bbox 636 3122 822 3174; x_wconf 86' lang='lat' dir='ltr'><strong>potuerit,</strong></span> <span class='ocrx_word' id='word_1_402' title='bbox 853 3122 917 3161; x_wconf 80' lang='lat' dir='ltr'><strong>vix</strong></span> 
     </span>
    </p>
   </div>
   <div class='ocr_carea' id='block_1_10' title="bbox 972 985 1852 3177">
    <p class='ocr_par' dir='ltr' id='par_1_13' title="bbox 972 985 1852 3177">
     <span class='ocr_line' id='line_1_55' title="bbox 980 985 1850 1039; baseline 0 -15"><span class='ocrx_word' id='word_1_403' title='bbox 980 992 1114 1039; x_wconf 87' lang='lat' dir='ltr'><strong>potest</strong></span> <span class='ocrx_word' id='word_1_404' title='bbox 1138 987 1309 1038; x_wconf 84' lang='lat' dir='ltr'><strong>intelligi.</strong></span> <span class='ocrx_word' id='word_1_405' title='bbox 1337 985 1436 1032; x_wconf 78' lang='lat' dir='ltr'><strong>Quis</strong></span> <span class='ocrx_word' id='word_1_406' title='bbox 1462 986 1562 1024; x_wconf 84' lang='lat' dir='ltr'><strong>enim</strong></span> <span class='ocrx_word' id='word_1_407' title='bbox 1587 997 1755 1036; x_wconf 88' lang='lat' dir='ltr'><strong>unquam</strong></span> <span class='ocrx_word' id='word_1_408' title='bbox 1774 1000 1850 1037; x_wconf 69' lang='lat' dir='ltr'><strong>yn-</strong></span> 
     </span>
     <span class='ocr_line' id='line_1_56' title="bbox 981 1041 1851 1095; baseline -0.003 -13"><span class='ocrx_word' id='word_1_409' title='bbox 981 1045 1152 1082; x_wconf 77' lang='lat' dir='ltr'><strong>bermlre</strong></span> <span class='ocrx_word' id='word_1_410' title='bbox 1177 1043 1303 1082; x_wconf 79' lang='grc' dir='ltr'><em>αῖίοιιί</em></span> <span class='ocrx_word' id='word_1_411' title='bbox 1328 1044 1388 1080; x_wconf 81' lang='lat' dir='ltr'><strong>vei</strong></span> <span class='ocrx_word' id='word_1_412' title='bbox 1416 1044 1560 1095; x_wconf 75' lang='lat' dir='ltr'><strong>alc‘quo</strong></span> <span class='ocrx_word' id='word_1_413' title='bbox 1583 1041 1703 1080; x_wconf 69' lang='lat' dir='ltr'><strong>dixit?</strong></span> <span class='ocrx_word' id='word_1_414' title='bbox 1751 1041 1851 1080; x_wconf 89' lang='lat' dir='ltr'><strong>Hinc</strong></span> 
     </span>
     <span class='ocr_line' id='line_1_57' title="bbox 978 1095 1850 1150; baseline 0 -14"><span class='ocrx_word' id='word_1_415' title='bbox 978 1101 1034 1138; x_wconf 73' lang='lat' dir='ltr'><strong>vir</strong></span> <span class='ocrx_word' id='word_1_416' title='bbox 1065 1100 1203 1138; x_wconf 83' lang='lat' dir='ltr'><strong>doctus</strong></span> <span class='ocrx_word' id='word_1_417' title='bbox 1235 1099 1284 1138; x_wconf 86' lang='lat' dir='ltr'><strong>ad</strong></span> <span class='ocrx_word' id='word_1_418' title='bbox 1314 1112 1432 1150; x_wconf 84' lang='lat' dir='ltr'><strong>marg.</strong></span> <span class='ocrx_word' id='word_1_419' title='bbox 1470 1098 1616 1136; x_wconf 61' lang='lat' dir='ltr'><strong>adies-it</strong></span> <span class='ocrx_word' id='word_1_420' title='bbox 1652 1095 1850 1150; x_wconf 77' lang='lat' dir='ltr'><strong>delphino</strong></span> 
     </span>
     <span class='ocr_line' id='line_1_58' title="bbox 979 1154 1850 1206; baseline -0.003 -12"><span class='ocrx_word' id='word_1_421' title='bbox 979 1161 1170 1202; x_wconf 79' lang='lat' dir='ltr'><strong>enatasse,</strong></span> <span class='ocrx_word' id='word_1_422' title='bbox 1198 1155 1301 1206; x_wconf 86' lang='lat' dir='ltr'><strong>quod</strong></span> <span class='ocrx_word' id='word_1_423' title='bbox 1327 1159 1455 1193; x_wconf 86' lang='lat' dir='ltr'><strong>tamen</strong></span> <span class='ocrx_word' id='word_1_424' title='bbox 1481 1168 1503 1192; x_wconf 87' lang='lat' dir='ltr'><strong>a</strong></span> <span class='ocrx_word' id='word_1_425' title='bbox 1531 1155 1710 1193; x_wconf 85' lang='lat' dir='ltr'><strong>librorum</strong></span> <span class='ocrx_word' id='word_1_426' title='bbox 1735 1154 1850 1192; x_wconf 76' lang='lat' dir='ltr'><strong>vesti-</strong></span> 
     </span>
     <span class='ocr_line' id='line_1_59' title="bbox 979 1210 1851 1263; baseline -0.003 -13"><span class='ocrx_word' id='word_1_427' title='bbox 979 1213 1050 1261; x_wconf 70' lang='lat' dir='ltr'><strong>giis</strong></span> <span class='ocrx_word' id='word_1_428' title='bbox 1074 1211 1226 1263; x_wconf 85' lang='lat' dir='ltr'><strong>longius</strong></span> <span class='ocrx_word' id='word_1_429' title='bbox 1251 1211 1411 1250; x_wconf 88' lang='lat' dir='ltr'><strong>recedit.</strong></span> <span class='ocrx_word' id='word_1_430' title='bbox 1434 1210 1582 1249; x_wconf 84' lang='lat' dir='ltr'><strong>Melius</strong></span> <span class='ocrx_word' id='word_1_431' title='bbox 1607 1210 1776 1249; x_wconf 86' lang='lat' dir='ltr'><strong>Mercer.</strong></span> <span class='ocrx_word' id='word_1_432' title='bbox 1800 1210 1851 1248; x_wconf 85' lang='lat' dir='ltr'><strong>ad</strong></span> 
     </span>
     <span class='ocr_line' id='line_1_60' title="bbox 977 1265 1850 1319; baseline -0.002 -13"><span class='ocrx_word' id='word_1_433' title='bbox 977 1265 1080 1306; x_wconf 71' lang='lat' dir='ltr'><strong>Non.</strong></span> <span class='ocrx_word' id='word_1_434' title='bbox 1103 1281 1138 1307; x_wconf 79' lang='lat' dir='ltr'><strong>v.</strong></span> <span class='ocrx_word' id='word_1_435' title='bbox 1164 1281 1265 1306; x_wconf 72' lang='lat' dir='ltr'><strong>mire</strong></span> <span class='ocrx_word' id='word_1_436' title='bbox 1289 1281 1326 1319; x_wconf 91' lang='lat' dir='ltr'><strong>p.</strong></span> <span class='ocrx_word' id='word_1_437' title='bbox 1343 1271 1434 1307; x_wconf 87' lang='lat'><strong>353.</strong></span> <span class='ocrx_word' id='word_1_438' title='bbox 1461 1267 1626 1306; x_wconf 86' lang='lat' dir='ltr'><strong>coniecit</strong></span> <span class='ocrx_word' id='word_1_439' title='bbox 1651 1266 1850 1318; x_wconf 76' lang='lat' dir='ltr'><strong>delphino</strong></span> 
     </span>
     <span class='ocr_line' id='line_1_61' title="bbox 976 1324 1850 1375; baseline -0.002 -12"><span class='ocrx_word' id='word_1_440' title='bbox 976 1337 1232 1375; x_wconf 67' lang='lat' dir='ltr'><strong>supertitisse,</strong></span> <span class='ocrx_word' id='word_1_441' title='bbox 1257 1327 1299 1361; x_wconf 91' lang='lat' dir='ltr'><strong>ut</strong></span> <span class='ocrx_word' id='word_1_442' title='bbox 1319 1324 1534 1361; x_wconf 76' lang='lat' dir='ltr'><strong>observarit</strong></span> <span class='ocrx_word' id='word_1_443' title='bbox 1559 1327 1692 1361; x_wconf 84' lang='lat' dir='ltr'><strong>auctor</strong></span> <span class='ocrx_word' id='word_1_444' title='bbox 1712 1327 1850 1361; x_wconf 85' lang='lat' dir='ltr'><strong>exacte</strong></span> 
     </span>
     <span class='ocr_line' id='line_1_62' title="bbox 976 1379 1850 1430; baseline 0 -13"><span class='ocrx_word' id='word_1_445' title='bbox 976 1379 1182 1418; x_wconf 85' lang='lat' dir='ltr'><strong>discrimen</strong></span> <span class='ocrx_word' id='word_1_446' title='bbox 1210 1381 1307 1417; x_wconf 85' lang='lat' dir='ltr'><strong>inter</strong></span> <span class='ocrx_word' id='word_1_447' title='bbox 1331 1394 1443 1425; x_wconf 73' lang='lat' dir='ltr'><strong>mire,</strong></span> <span class='ocrx_word' id='word_1_448' title='bbox 1469 1379 1572 1430; x_wconf 90' lang='lat' dir='ltr'><strong>quod</strong></span> <span class='ocrx_word' id='word_1_449' title='bbox 1600 1383 1663 1417; x_wconf 87' lang='lat' dir='ltr'><strong>est</strong></span> <span class='ocrx_word' id='word_1_450' title='bbox 1686 1380 1850 1430; x_wconf 82' lang='lat' dir='ltr'><strong>piscium</strong></span> 
     </span>
     <span class='ocr_line' id='line_1_63' title="bbox 976 1436 1849 1487; baseline 0 -14"><span class='ocrx_word' id='word_1_451' title='bbox 976 1440 1014 1474; x_wconf 86' lang='lat' dir='ltr'><strong>et</strong></span> <span class='ocrx_word' id='word_1_452' title='bbox 1038 1436 1189 1474; x_wconf 77' lang='lat' dir='ltr'><strong>navium</strong></span> <span class='ocrx_word' id='word_1_453' title='bbox 1221 1450 1296 1474; x_wconf 90' lang='lat' dir='ltr'><strong>uno</strong></span> <span class='ocrx_word' id='word_1_454' title='bbox 1323 1436 1440 1474; x_wconf 89' lang='lat' dir='ltr'><strong>ductu</strong></span> <span class='ocrx_word' id='word_1_455' title='bbox 1470 1449 1594 1487; x_wconf 82' lang='lat' dir='ltr'><strong>aquas</strong></span> <span class='ocrx_word' id='word_1_456' title='bbox 1618 1436 1849 1482; x_wconf 83' lang='lat' dir='ltr'><strong>secantium,</strong></span> 
     </span>
     <span class='ocr_line' id='line_1_64' title="bbox 975 1490 1850 1543; baseline 0.002 -14"><span class='ocrx_word' id='word_1_457' title='bbox 975 1496 1014 1529; x_wconf 88' lang='lat' dir='ltr'><strong>et</strong></span> <span class='ocrx_word' id='word_1_458' title='bbox 1038 1497 1199 1537; x_wconf 74' lang='lat' dir='ltr'><strong>natare,</strong></span> <span class='ocrx_word' id='word_1_459' title='bbox 1225 1492 1328 1543; x_wconf 87' lang='lat' dir='ltr'><strong>quod</strong></span> <span class='ocrx_word' id='word_1_460' title='bbox 1355 1495 1418 1530; x_wconf 80' lang='lat' dir='ltr'><strong>est</strong></span> <span class='ocrx_word' id='word_1_461' title='bbox 1436 1490 1596 1530; x_wconf 85' lang='lat' dir='ltr'><strong>aliorum</strong></span> <span class='ocrx_word' id='word_1_462' title='bbox 1616 1490 1850 1531; x_wconf 81' lang='lat' dir='ltr'><strong>animalium.</strong></span> 
     </span>
     <span class='ocr_line' id='line_1_65' title="bbox 973 1547 1850 1600; baseline 0 -14"><span class='ocrx_word' id='word_1_463' title='bbox 973 1547 1131 1587; x_wconf 88' lang='lat' dir='ltr'><strong>Haecce</strong></span> <span class='ocrx_word' id='word_1_464' title='bbox 1157 1548 1261 1588; x_wconf 83' lang='lat' dir='ltr'><strong>Oud.</strong></span> <span class='ocrx_word' id='word_1_465' title='bbox 1287 1549 1515 1600; x_wconf 74' lang='lat' dir='ltr'><strong>probantur,</strong></span> <span class='ocrx_word' id='word_1_466' title='bbox 1543 1549 1633 1598; x_wconf 85' lang='lat' dir='ltr'><strong>quia</strong></span> <span class='ocrx_word' id='word_1_467' title='bbox 1656 1548 1850 1600; x_wconf 88' lang='lat' dir='ltr'><strong>Apuleius</strong></span> 
     </span>
     <span class='ocr_line' id='line_1_66' title="bbox 974 1605 1849 1657; baseline -0.001 -14"><span class='ocrx_word' id='word_1_468' title='bbox 974 1606 1112 1643; x_wconf 77' lang='lat' dir='ltr'><strong>eadem</strong></span> <span class='ocrx_word' id='word_1_469' title='bbox 1149 1606 1298 1644; x_wconf 86' lang='lat' dir='ltr'><strong>ratione</strong></span> <span class='ocrx_word' id='word_1_470' title='bbox 1329 1606 1489 1657; x_wconf 84' lang='lat' dir='ltr'><strong>saepius</strong></span> <span class='ocrx_word' id='word_1_471' title='bbox 1521 1605 1597 1644; x_wconf 84' lang='lat' dir='ltr'><strong>alia</strong></span> <span class='ocrx_word' id='word_1_472' title='bbox 1633 1605 1849 1656; x_wconf 83' lang='lat' dir='ltr'><strong>composita</strong></span> 
     </span>
     <span class='ocr_line' id='line_1_67' title="bbox 977 1661 1844 1707; baseline 0 -8"><span class='ocrx_word' id='word_1_473' title='bbox 977 1665 1016 1700; x_wconf 89' lang='lat' dir='ltr'><strong>et</strong></span> <span class='ocrx_word' id='word_1_474' title='bbox 1051 1661 1226 1701; x_wconf 79' lang='lat' dir='ltr'><strong>derivata</strong></span> <span class='ocrx_word' id='word_1_475' title='bbox 1257 1662 1513 1707; x_wconf 80' lang='lat' dir='ltr'><strong>coniunxerit3</strong></span> <span class='ocrx_word' id='word_1_476' title='bbox 1550 1661 1638 1700; x_wconf 86' lang='lat' dir='ltr'><strong>coll.</strong></span> <span class='ocrx_word' id='word_1_477' title='bbox 1664 1661 1761 1700; x_wconf 78' lang='lat' dir='ltr'><strong>Met.</strong></span> <span class='ocrx_word' id='word_1_478' title='bbox 1783 1661 1844 1700; x_wconf 68' lang='lat' dir='ltr'><strong>Vl.</strong></span> 
     </span>
     <span class='ocr_line' id='line_1_68' title="bbox 974 1718 1851 1771; baseline 0.001 -15"><span class='ocrx_word' id='word_1_479' title='bbox 974 1732 1012 1770; x_wconf 89' lang='lat' dir='ltr'><strong>p.</strong></span> <span class='ocrx_word' id='word_1_480' title='bbox 1035 1722 1129 1759; x_wconf 83' lang='lat'><strong>467.</strong></span> <span class='ocrx_word' id='word_1_481' title='bbox 1154 1720 1319 1771; x_wconf 67' lang='lat' dir='ltr'><strong>{Ji-arias</strong></span> <span class='ocrx_word' id='word_1_482' title='bbox 1339 1718 1630 1771; x_wconf 70' lang='lat' dir='ltr'><strong>perhibebo,</strong></span> <span class='ocrx_word' id='word_1_483' title='bbox 1658 1732 1759 1771; x_wconf 78' lang='lat' dir='ltr'><strong>quos</strong></span> <span class='ocrx_word' id='word_1_484' title='bbox 1784 1718 1851 1757; x_wconf 84' lang='grc' dir='ltr'><em>Ιιο-</em></span> 
     </span>
     <span class='ocr_line' id='line_1_69' title="bbox 974 1774 1851 1827; baseline 0.001 -15"><span class='ocrx_word' id='word_1_485' title='bbox 974 1788 1093 1814; x_wconf 78' lang='lat' dir='ltr'><strong>nores</strong></span> <span class='ocrx_word' id='word_1_486' title='bbox 1117 1775 1321 1820; x_wconf 79' lang='lat' dir='ltr'><strong>habebo,</strong></span> <span class='ocrx_word' id='word_1_487' title='bbox 1350 1789 1450 1827; x_wconf 85' lang='lat' dir='ltr'><strong>quos</strong></span> <span class='ocrx_word' id='word_1_488' title='bbox 1475 1775 1586 1813; x_wconf 77' lang='lat' dir='ltr'><strong>cibos</strong></span> <span class='ocrx_word' id='word_1_489' title='bbox 1611 1774 1851 1814; x_wconf 66' lang='lat' dir='ltr'><strong>exhibebo</strong></span> 
     </span>
     <span class='ocr_line' id='line_1_70' title="bbox 973 1830 1852 1883; baseline 0.002 -16"><span class='ocrx_word' id='word_1_490' title='bbox 973 1830 1058 1868; x_wconf 61' lang='lat' dir='ltr'><strong>Vll.</strong></span> <span class='ocrx_word' id='word_1_491' title='bbox 1086 1844 1123 1882; x_wconf 91' lang='lat' dir='ltr'><strong>p.</strong></span> <span class='ocrx_word' id='word_1_492' title='bbox 1150 1834 1243 1872; x_wconf 88' lang='grc'><strong>493.</strong></span> <span class='ocrx_word' id='word_1_493' title='bbox 1266 1834 1402 1883; x_wconf 73' lang='lat' dir='ltr'><strong>fuyae</strong></span> <span class='ocrx_word' id='word_1_494' title='bbox 1437 1832 1682 1870; x_wconf 74' lang='lat' dir='ltr'><strong>committo</strong></span> <span class='ocrx_word' id='word_1_495' title='bbox 1778 1832 1852 1869; x_wconf 81' lang='lat' dir='ltr'><strong>im-</strong></span> 
     </span>
     <span class='ocr_line' id='line_1_71' title="bbox 979 1886 1851 1939; baseline 0 -14"><span class='ocrx_word' id='word_1_496' title='bbox 979 1888 1115 1926; x_wconf 70' lang='lat' dir='ltr'><strong>mitto</strong></span> <span class='ocrx_word' id='word_1_497' title='bbox 1141 1901 1201 1926; x_wconf 83' lang='lat' dir='ltr'><strong>me</strong></span> <span class='ocrx_word' id='word_1_498' title='bbox 1215 1889 1383 1939; x_wconf 81' lang='lat' dir='ltr'><strong>campis.</strong></span> <span class='ocrx_word' id='word_1_499' title='bbox 1411 1886 1600 1939; x_wconf 88' lang='lat' dir='ltr'><strong>[Primum</strong></span> <span class='ocrx_word' id='word_1_500' title='bbox 1613 1901 1705 1925; x_wconf 78' lang='lat' dir='ltr'><strong>vero</strong></span> <span class='ocrx_word' id='word_1_501' title='bbox 1721 1887 1851 1925; x_wconf 80' lang='lat' dir='ltr'><strong>discri-</strong></span> 
     </span>
     <span class='ocr_line' id='line_1_72' title="bbox 976 1943 1852 1996; baseline 0.001 -16"><span class='ocrx_word' id='word_1_502' title='bbox 976 1956 1078 1989; x_wconf 86' lang='lat' dir='ltr'><strong>men,</strong></span> <span class='ocrx_word' id='word_1_503' title='bbox 1106 1943 1210 1994; x_wconf 91' lang='lat' dir='ltr'><strong>quod</strong></span> <span class='ocrx_word' id='word_1_504' title='bbox 1235 1944 1332 1981; x_wconf 89' lang='lat' dir='ltr'><strong>inter</strong></span> <span class='ocrx_word' id='word_1_505' title='bbox 1356 1957 1456 1982; x_wconf 80' lang='lat' dir='ltr'><strong>nare</strong></span> <span class='ocrx_word' id='word_1_506' title='bbox 1481 1946 1519 1980; x_wconf 85' lang='lat' dir='ltr'><strong>et</strong></span> <span class='ocrx_word' id='word_1_507' title='bbox 1543 1949 1688 1983; x_wconf 71' lang='lat' dir='ltr'><strong>metare</strong></span> <span class='ocrx_word' id='word_1_508' title='bbox 1712 1956 1852 1996; x_wconf 88' lang='lat' dir='ltr'><strong>propo-</strong></span> 
     </span>
     <span class='ocr_line' id='line_1_73' title="bbox 977 1999 1852 2050; baseline 0.001 -14"><span class='ocrx_word' id='word_1_509' title='bbox 977 2003 1087 2046; x_wconf 89' lang='lat' dir='ltr'><strong>nunt,</strong></span> <span class='ocrx_word' id='word_1_510' title='bbox 1130 2013 1238 2037; x_wconf 81' lang='lat' dir='ltr'><strong>luere</strong></span> <span class='ocrx_word' id='word_1_511' title='bbox 1274 1999 1480 2038; x_wconf 84' lang='lat' dir='ltr'><strong>fictiticium</strong></span> <span class='ocrx_word' id='word_1_512' title='bbox 1517 2003 1597 2045; x_wconf 88' lang='lat' dir='ltr'><strong>est,</strong></span> <span class='ocrx_word' id='word_1_513' title='bbox 1640 1999 1852 2050; x_wconf 86' lang='lat' dir='ltr'><strong>multisque</strong></span> 
     </span>
     <span class='ocr_line' id='line_1_74' title="bbox 975 2055 1850 2108; baseline 0.003 -16"><span class='ocrx_word' id='word_1_514' title='bbox 975 2055 1169 2107; x_wconf 84' lang='lat' dir='ltr'><strong>exemplis</strong></span> <span class='ocrx_word' id='word_1_515' title='bbox 1191 2059 1323 2106; x_wconf 88' lang='lat' dir='ltr'><strong>potest</strong></span> <span class='ocrx_word' id='word_1_516' title='bbox 1342 2056 1464 2103; x_wconf 89' lang='lat' dir='ltr'><strong>1·eiici;</strong></span> <span class='ocrx_word' id='word_1_517' title='bbox 1491 2055 1653 2108; x_wconf 68' lang='lat' dir='ltr'><strong>essYirg.</strong></span> <span class='ocrx_word' id='word_1_518' title='bbox 1667 2057 1769 2094; x_wconf 86' lang='lat' dir='ltr'><strong>Aen.</strong></span> <span class='ocrx_word' id='word_1_519' title='bbox 1784 2055 1850 2095; x_wconf 70' lang='lat' dir='ltr'><strong>lV.</strong></span> 
     </span>
     <span class='ocr_line' id='line_1_75' title="bbox 978 2111 1851 2164; baseline 0 -13"><span class='ocrx_word' id='word_1_520' title='bbox 978 2114 1070 2151; x_wconf 80' lang='lat'><strong>398.</strong></span> <span class='ocrx_word' id='word_1_521' title='bbox 1097 2117 1239 2151; x_wconf 78' lang='lat' dir='ltr'><strong>natat</strong></span> <span class='ocrx_word' id='word_1_522' title='bbox 1266 2117 1392 2151; x_wconf 73' lang='lat' dir='ltr'><strong>uncta</strong></span> <span class='ocrx_word' id='word_1_523' title='bbox 1424 2114 1613 2152; x_wconf 81' lang='lat' dir='ltr'><strong>carina.</strong></span> <span class='ocrx_word' id='word_1_524' title='bbox 1661 2111 1779 2164; x_wconf 87' lang='lat' dir='ltr'><strong>Prop.</strong></span> <span class='ocrx_word' id='word_1_525' title='bbox 1806 2112 1851 2152; x_wconf 88' lang='grc' dir='ltr'><strong>ΙΙ.</strong></span> 
     </span>
     <span class='ocr_line' id='line_1_76' title="bbox 980 2170 1851 2222; baseline 0.002 -15"><span class='ocrx_word' id='word_1_526' title='bbox 980 2171 1044 2208; x_wconf 87' lang='grc'><strong>19.</strong></span> <span class='ocrx_word' id='word_1_527' title='bbox 1059 2171 1122 2208; x_wconf 88' lang='grc'><strong>64.</strong></span> <span class='ocrx_word' id='word_1_528' title='bbox 1150 2182 1238 2207; x_wconf 77' lang='lat' dir='ltr'><strong>cum</strong></span> <span class='ocrx_word' id='word_1_529' title='bbox 1262 2182 1385 2220; x_wconf 79' lang='lat' dir='ltr'><strong>saepe</strong></span> <span class='ocrx_word' id='word_1_530' title='bbox 1403 2170 1444 2207; x_wconf 78' lang='lat' dir='ltr'><strong>in</strong></span> <span class='ocrx_word' id='word_1_531' title='bbox 1463 2174 1592 2219; x_wconf 77' lang='lat' dir='ltr'><strong>portu</strong></span> <span class='ocrx_word' id='word_1_532' title='bbox 1608 2172 1753 2222; x_wconf 81' lang='lat' dir='ltr'><strong>fracta</strong></span> <span class='ocrx_word' id='word_1_533' title='bbox 1780 2184 1851 2209; x_wconf 88' lang='lat' dir='ltr'><strong>ca-</strong></span> 
     </span>
     <span class='ocr_line' id='line_1_77' title="bbox 974 2223 1850 2276; baseline 0.003 -15"><span class='ocrx_word' id='word_1_534' title='bbox 974 2225 1088 2263; x_wconf 74' lang='lat' dir='ltr'><strong>rina</strong></span> <span class='ocrx_word' id='word_1_535' title='bbox 1113 2229 1256 2263; x_wconf 78' lang='lat' dir='ltr'><strong>natet.</strong></span> <span class='ocrx_word' id='word_1_536' title='bbox 1295 2223 1410 2262; x_wconf 80' lang='lat' dir='ltr'><strong>Ovid.</strong></span> <span class='ocrx_word' id='word_1_537' title='bbox 1438 2224 1564 2276; x_wconf 86' lang='lat' dir='ltr'><strong>Epist.</strong></span> <span class='ocrx_word' id='word_1_538' title='bbox 1591 2239 1641 2263; x_wconf 82' lang='lat' dir='ltr'><strong>ex</strong></span> <span class='ocrx_word' id='word_1_539' title='bbox 1665 2223 1778 2264; x_wconf 85' lang='lat' dir='ltr'><strong>Pont.</strong></span> <span class='ocrx_word' id='word_1_540' title='bbox 1804 2225 1850 2264; x_wconf 87' lang='lat' dir='ltr'><strong>ll.</strong></span> 
     </span>
     <span class='ocr_line' id='line_1_78' title="bbox 977 2281 1849 2334; baseline -0.003 -14"><span class='ocrx_word' id='word_1_541' title='bbox 977 2285 1011 2320; x_wconf 88' lang='grc'><strong>7.</strong></span> <span class='ocrx_word' id='word_1_542' title='bbox 1035 2284 1102 2320; x_wconf 87' lang='lat'><strong>28.</strong></span> <span class='ocrx_word' id='word_1_543' title='bbox 1125 2285 1301 2320; x_wconf 76' lang='lat' dir='ltr'><strong>natant</strong></span> <span class='ocrx_word' id='word_1_544' title='bbox 1324 2295 1505 2334; x_wconf 81' lang='lat' dir='ltr'><strong>aequore</strong></span> <span class='ocrx_word' id='word_1_545' title='bbox 1526 2282 1701 2333; x_wconf 75' lang='lat' dir='ltr'><strong>pisces.</strong></span> <span class='ocrx_word' id='word_1_546' title='bbox 1728 2281 1849 2320; x_wconf 81' lang='lat' dir='ltr'><strong>Immo</strong></span> 
     </span>
     <span class='ocr_line' id='line_1_79' title="bbox 977 2336 1849 2390; baseline 0.001 -15"><span class='ocrx_word' id='word_1_547' title='bbox 977 2336 1082 2387; x_wconf 88' lang='lat' dir='ltr'><strong>apud</strong></span> <span class='ocrx_word' id='word_1_548' title='bbox 1109 2336 1310 2387; x_wconf 71' lang='lat' dir='ltr'><strong>Virgilium</strong></span> <span class='ocrx_word' id='word_1_549' title='bbox 1335 2337 1477 2388; x_wconf 84' lang='lat' dir='ltr'><strong>Georg.</strong></span> <span class='ocrx_word' id='word_1_550' title='bbox 1505 2336 1567 2376; x_wconf 80' lang='lat' dir='ltr'><strong>ln.</strong></span> <span class='ocrx_word' id='word_1_551' title='bbox 1595 2342 1689 2378; x_wconf 77' lang='lat'><strong>541.</strong></span> <span class='ocrx_word' id='word_1_552' title='bbox 1714 2339 1849 2390; x_wconf 76' lang='lat' dir='ltr'><strong>pisces</strong></span> 
     </span>
     <span class='ocr_line' id='line_1_80' title="bbox 975 2392 1852 2444; baseline 0.003 -15"><span class='ocrx_word' id='word_1_553' title='bbox 975 2392 1051 2444; x_wconf 89' lang='lat' dir='ltr'><strong>ipsi</strong></span> <span class='ocrx_word' id='word_1_554' title='bbox 1066 2397 1250 2432; x_wconf 71' lang='lat' dir='ltr'><strong>natantes</strong></span> <span class='ocrx_word' id='word_1_555' title='bbox 1266 2394 1520 2433; x_wconf 74' lang='lat' dir='ltr'><strong>nominantur.</strong></span> <span class='ocrx_word' id='word_1_556' title='bbox 1533 2393 1585 2432; x_wconf 90' lang='lat' dir='ltr'><strong>Et</strong></span> <span class='ocrx_word' id='word_1_557' title='bbox 1598 2408 1648 2433; x_wconf 84' lang='lat' dir='ltr'><strong>ex</strong></span> <span class='ocrx_word' id='word_1_558' title='bbox 1660 2395 1852 2433; x_wconf 83' lang='lat' dir='ltr'><strong>contrario</strong></span> 
     </span>
     <span class='ocr_line' id='line_1_81' title="bbox 972 2449 1849 2502; baseline 0.002 -15"><span class='ocrx_word' id='word_1_559' title='bbox 972 2462 1124 2502; x_wconf 72' lang='lat' dir='ltr'><strong>yreyes</strong></span> <span class='ocrx_word' id='word_1_560' title='bbox 1148 2451 1331 2489; x_wconf 69' lang='lat' dir='ltr'><strong>wantiam</strong></span> <span class='ocrx_word' id='word_1_561' title='bbox 1358 2449 1462 2501; x_wconf 87' lang='lat' dir='ltr'><strong>apud</strong></span> <span class='ocrx_word' id='word_1_562' title='bbox 1494 2449 1762 2489; x_wconf 49' lang='lat' dir='ltr'><strong>Columw‘lll.</strong></span> <span class='ocrx_word' id='word_1_563' title='bbox 1788 2455 1849 2491; x_wconf 76' lang='lat'><strong>14.</strong></span> 
     </span>
     <span class='ocr_line' id='line_1_82' title="bbox 975 2507 1850 2557; baseline 0.003 -15"><span class='ocrx_word' id='word_1_564' title='bbox 975 2509 1066 2543; x_wconf 83' lang='lat' dir='ltr'><strong>sunt</strong></span> <span class='ocrx_word' id='word_1_565' title='bbox 1090 2509 1264 2550; x_wconf 85' lang='lat' dir='ltr'><strong>anatum,</strong></span> <span class='ocrx_word' id='word_1_566' title='bbox 1289 2520 1470 2544; x_wconf 84' lang='lat' dir='ltr'><strong>anserum</strong></span> <span class='ocrx_word' id='word_1_567' title='bbox 1492 2511 1532 2545; x_wconf 91' lang='lat' dir='ltr'><strong>et</strong></span> <span class='ocrx_word' id='word_1_568' title='bbox 1551 2507 1714 2546; x_wconf 88' lang='lat' dir='ltr'><strong>aliorum</strong></span> <span class='ocrx_word' id='word_1_569' title='bbox 1735 2520 1850 2557; x_wconf 84' lang='lat' dir='ltr'><strong>aqua-</strong></span> 
     </span>
     <span class='ocr_line' id='line_1_83' title="bbox 972 2560 1850 2614; baseline 0.002 -15"><span class='ocrx_word' id='word_1_570' title='bbox 972 2560 1108 2600; x_wconf 87' lang='lat' dir='ltr'><strong>tilium.</strong></span> <span class='ocrx_word' id='word_1_571' title='bbox 1133 2561 1288 2600; x_wconf 84' lang='lat' dir='ltr'><strong>Deinde</strong></span> <span class='ocrx_word' id='word_1_572' title='bbox 1302 2562 1402 2601; x_wconf 86' lang='lat' dir='ltr'><strong>haec</strong></span> <span class='ocrx_word' id='word_1_573' title='bbox 1426 2563 1515 2614; x_wconf 84' lang='lat' dir='ltr'><strong>ipsa</strong></span> <span class='ocrx_word' id='word_1_574' title='bbox 1538 2564 1647 2601; x_wconf 79' lang='lat' dir='ltr'><strong>vocis</strong></span> <span class='ocrx_word' id='word_1_575' title='bbox 1672 2563 1850 2614; x_wconf 87' lang='lat' dir='ltr'><strong>repetitio</strong></span> 
     </span>
     <span class='ocr_line' id='line_1_84' title="bbox 973 2617 1849 2668; baseline 0.002 -13"><span class='ocrx_word' id='word_1_576' title='bbox 973 2617 1037 2655; x_wconf 90' lang='lat' dir='ltr'><strong>hic</strong></span> <span class='ocrx_word' id='word_1_577' title='bbox 1061 2617 1219 2668; x_wconf 89' lang='lat' dir='ltr'><strong>quidem</strong></span> <span class='ocrx_word' id='word_1_578' title='bbox 1245 2618 1414 2657; x_wconf 78' lang='lat' dir='ltr'><strong>molesta</strong></span> <span class='ocrx_word' id='word_1_579' title='bbox 1438 2623 1559 2657; x_wconf 87' lang='lat' dir='ltr'><strong>essct.</strong></span> <span class='ocrx_word' id='word_1_580' title='bbox 1585 2619 1687 2657; x_wconf 73' lang='lat' dir='ltr'><strong>Nam</strong></span> <span class='ocrx_word' id='word_1_581' title='bbox 1713 2633 1849 2657; x_wconf 88' lang='lat' dir='ltr'><strong>neces-</strong></span> 
     </span>
     <span class='ocr_line' id='line_1_85' title="bbox 974 2674 1850 2727; baseline 0.005 -17"><span class='ocrx_word' id='word_1_582' title='bbox 974 2674 1117 2712; x_wconf 86' lang='lat' dir='ltr'><strong>sarium</strong></span> <span class='ocrx_word' id='word_1_583' title='bbox 1137 2675 1190 2713; x_wconf 81' lang='lat' dir='ltr'><strong>ita</strong></span> <span class='ocrx_word' id='word_1_584' title='bbox 1214 2674 1375 2721; x_wconf 78' lang='lat' dir='ltr'><strong>suisset,</strong></span> <span class='ocrx_word' id='word_1_585' title='bbox 1400 2679 1441 2713; x_wconf 92' lang='lat' dir='ltr'><strong>ut</strong></span> <span class='ocrx_word' id='word_1_586' title='bbox 1464 2688 1533 2726; x_wconf 86' lang='lat' dir='ltr'><strong>pro</strong></span> <span class='ocrx_word' id='word_1_587' title='bbox 1559 2676 1850 2727; x_wconf 71' lang='lat' dir='ltr'><strong>supere-abasse</strong></span> 
     </span>
     <span class='ocr_line' id='line_1_86' title="bbox 973 2729 1849 2782; baseline 0.003 -16"><span class='ocrx_word' id='word_1_588' title='bbox 973 2729 1206 2769; x_wconf 76' lang='lat' dir='ltr'><strong>vocabulum</strong></span> <span class='ocrx_word' id='word_1_589' title='bbox 1230 2732 1401 2782; x_wconf 81' lang='lat' dir='ltr'><strong>positum</strong></span> <span class='ocrx_word' id='word_1_590' title='bbox 1427 2735 1556 2777; x_wconf 86' lang='lat' dir='ltr'><strong>esset,</strong></span> <span class='ocrx_word' id='word_1_591' title='bbox 1589 2731 1693 2782; x_wconf 86' lang='lat' dir='ltr'><strong>quod</strong></span> <span class='ocrx_word' id='word_1_592' title='bbox 1723 2732 1849 2782; x_wconf 81' lang='lat' dir='ltr'><strong>magis</strong></span> 
     </span>
     <span class='ocr_line' id='line_1_87' title="bbox 974 2785 1848 2833; baseline 0.001 -9"><span class='ocrx_word' id='word_1_593' title='bbox 974 2785 1025 2824; x_wconf 85' lang='lat' dir='ltr'><strong>ad</strong></span> <span class='ocrx_word' id='word_1_594' title='bbox 1037 2799 1174 2825; x_wconf 70' lang='lat' dir='ltr'><strong>vocem</strong></span> <span class='ocrx_word' id='word_1_595' title='bbox 1188 2788 1365 2826; x_wconf 78' lang='lat' dir='ltr'><strong>natandi</strong></span> <span class='ocrx_word' id='word_1_596' title='bbox 1379 2787 1599 2833; x_wconf 84' lang='lat' dir='ltr'><strong>accederet,</strong></span> <span class='ocrx_word' id='word_1_597' title='bbox 1614 2791 1655 2825; x_wconf 88' lang='lat' dir='ltr'><strong>ut</strong></span> <span class='ocrx_word' id='word_1_598' title='bbox 1667 2788 1702 2825; x_wconf 93' lang='lat' dir='ltr'><strong>in</strong></span> <span class='ocrx_word' id='word_1_599' title='bbox 1718 2801 1848 2826; x_wconf 80' lang='lat' dir='ltr'><strong>exem-</strong></span> 
     </span>
     <span class='ocr_line' id='line_1_88' title="bbox 974 2841 1847 2894; baseline 0.003 -15"><span class='ocrx_word' id='word_1_600' title='bbox 974 2841 1041 2894; x_wconf 92' lang='lat' dir='ltr'><strong>plo</strong></span> <span class='ocrx_word' id='word_1_601' title='bbox 1066 2842 1115 2880; x_wconf 85' lang='lat' dir='ltr'><strong>ab</strong></span> <span class='ocrx_word' id='word_1_602' title='bbox 1146 2842 1249 2882; x_wconf 87' lang='lat' dir='ltr'><strong>Oud.</strong></span> <span class='ocrx_word' id='word_1_603' title='bbox 1280 2842 1413 2882; x_wconf 83' lang='lat' dir='ltr'><strong>allato.</strong></span> <span class='ocrx_word' id='word_1_604' title='bbox 1461 2843 1550 2882; x_wconf 92' lang='lat' dir='ltr'><strong>Hoc</strong></span> <span class='ocrx_word' id='word_1_605' title='bbox 1581 2844 1847 2882; x_wconf 80' lang='lat' dir='ltr'><strong>tantummodo</strong></span> 
     </span>
     <span class='ocr_line' id='line_1_89' title="bbox 974 2897 1848 2951; baseline 0.003 -16"><span class='ocrx_word' id='word_1_606' title='bbox 974 2897 1155 2938; x_wconf 87' lang='lat' dir='ltr'><strong>videmus</strong></span> <span class='ocrx_word' id='word_1_607' title='bbox 1191 2899 1380 2949; x_wconf 87' lang='lat' dir='ltr'><strong>consequi</strong></span> <span class='ocrx_word' id='word_1_608' title='bbox 1416 2898 1592 2938; x_wconf 81' lang='lat' dir='ltr'><strong>voluisse</strong></span> <span class='ocrx_word' id='word_1_609' title='bbox 1622 2899 1848 2951; x_wconf 82' lang='lat' dir='ltr'><strong>Apuleium,</strong></span> 
     </span>
     <span class='ocr_line' id='line_1_90' title="bbox 974 2954 1847 3006; baseline 0.005 -14"><span class='ocrx_word' id='word_1_610' title='bbox 974 2959 1018 2992; x_wconf 78' lang='lat' dir='ltr'><strong>ut</strong></span> <span class='ocrx_word' id='word_1_611' title='bbox 1047 2954 1098 2993; x_wconf 86' lang='lat' dir='ltr'><strong>ad</strong></span> <span class='ocrx_word' id='word_1_612' title='bbox 1121 2969 1262 2994; x_wconf 83' lang='lat' dir='ltr'><strong>sonum</strong></span> <span class='ocrx_word' id='word_1_613' title='bbox 1292 2956 1366 2994; x_wconf 86' lang='lat' dir='ltr'><strong>sibi</strong></span> <span class='ocrx_word' id='word_1_614' title='bbox 1398 2955 1684 3006; x_wconf 86' lang='lat' dir='ltr'><strong>responderent</strong></span> <span class='ocrx_word' id='word_1_615' title='bbox 1708 2957 1770 2995; x_wconf 92' lang='lat' dir='ltr'><strong>isti</strong></span> <span class='ocrx_word' id='word_1_616' title='bbox 1795 2958 1847 2996; x_wconf 91' lang='lat' dir='ltr'><strong>in-</strong></span> 
     </span>
     <span class='ocr_line' id='line_1_91' title="bbox 973 3009 1848 3063; baseline 0.005 -16"><span class='ocrx_word' id='word_1_617' title='bbox 973 3009 1122 3057; x_wconf 82' lang='lat' dir='ltr'><strong>finitivi,</strong></span> <span class='ocrx_word' id='word_1_618' title='bbox 1159 3012 1262 3050; x_wconf 91' lang='lat' dir='ltr'><strong>unde</strong></span> <span class='ocrx_word' id='word_1_619' title='bbox 1297 3011 1545 3063; x_wconf 74' lang='lat' dir='ltr'><strong>yubernasse</strong></span> <span class='ocrx_word' id='word_1_620' title='bbox 1574 3012 1728 3051; x_wconf 80' lang='lat' dir='ltr'><strong>videtur</strong></span> <span class='ocrx_word' id='word_1_621' title='bbox 1753 3026 1848 3051; x_wconf 79' lang='lat' dir='ltr'><strong>esse</strong></span> 
     </span>
     <span class='ocr_line' id='line_1_92' title="bbox 973 3066 1848 3121; baseline 0.003 -17"><span class='ocrx_word' id='word_1_622' title='bbox 973 3067 1228 3117; x_wconf 84' lang='lat' dir='ltr'><strong>probabilius.</strong></span> <span class='ocrx_word' id='word_1_623' title='bbox 1267 3066 1408 3118; x_wconf 89' lang='lat' dir='ltr'><strong>Aptior</strong></span> <span class='ocrx_word' id='word_1_624' title='bbox 1431 3069 1544 3118; x_wconf 75' lang='lat' dir='ltr'><strong>igitur</strong></span> <span class='ocrx_word' id='word_1_625' title='bbox 1567 3072 1630 3107; x_wconf 92' lang='lat' dir='ltr'><strong>est</strong></span> <span class='ocrx_word' id='word_1_626' title='bbox 1644 3068 1746 3108; x_wconf 92' lang='lat' dir='ltr'><strong>Oud.</strong></span> <span class='ocrx_word' id='word_1_627' title='bbox 1768 3070 1848 3121; x_wconf 83' lang='lat' dir='ltr'><strong>opi-</strong></span> 
     </span>
     <span class='ocr_line' id='line_1_93' title="bbox 975 3123 1847 3177; baseline 0.007 -18"><span class='ocrx_word' id='word_1_628' title='bbox 975 3123 1051 3169; x_wconf 76' lang='grc' dir='ltr'>ιιίο,</span> <span class='ocrx_word' id='word_1_629' title='bbox 1089 3123 1288 3177; x_wconf 78' lang='lat' dir='ltr'><strong>delphino</strong></span> <span class='ocrx_word' id='word_1_630' title='bbox 1325 3137 1376 3162; x_wconf 87' lang='lat' dir='ltr'><strong>ex</strong></span> <span class='ocrx_word' id='word_1_631' title='bbox 1411 3137 1556 3175; x_wconf 83' lang='lat' dir='ltr'><strong>graeca</strong></span> <span class='ocrx_word' id='word_1_632' title='bbox 1578 3126 1847 3165; x_wconf 83' lang='lat' dir='ltr'><strong>terminatione</strong></span> 
     </span>
    </p>
   </div>
  </div>
 </body>
</html>
