2221 3667
328 147 437 189 1034
580 149 625 187 L.
651 149 874 188 APULEH
903 146 1307 186 MADAURENSIS
1338 148 1880 192 METAMORPHOSEON

325 258 514 298 Protinus
539 259 632 299 mihi
658 260 852 300 delabitur
877 259 1064 300 deformis
1098 266 1137 300 et
1170 259 1297 299 serina
1329 259 1465 300 facies.
1527 262 1588 301 Ac
1614 262 1737 315 primo
1763 264 1914 316 quidem
1939 266 2123 320 squalens

235 319 299 351 780
325 315 424 368 pilus
456 315 611 365 defluit,
645 330 691 356 ac
723 315 862 355 debinc
894 316 994 356 cutis
1026 330 1162 355 crassa
1195 322 1402 366 tenuatur,
1436 310 1577 358 venter
1602 317 1745 369 obesus
1765 318 1772 375 Ι
1792 321 1958 373 residet,
1986 324 2123 377 pedum

325 371 480 423 plantae
502 385 572 424 per
592 372 760 426 ungulas
786 372 826 412 in
849 372 992 426 digitos
1014 379 1178 421 exeunt,
1208 386 1347 412 manus
1369 387 1444 412 nou
1466 373 1542 412 iam
1565 375 1681 428 pedes
1701 382 1807 426 sunt,
1835 377 1903 417 sed
1926 377 1967 417 in
1992 386 2125 420 erecta

323 427 580 480 porriguntur
616 428 768 479 ol'ticia,
808 429 950 469 cervix
986 442 1153 483 procera
1184 428 1410 480 cohibetur,
1445 444 1488 470 os
1520 437 1559 470 et
1591 438 1706 485 caput
1730 432 1983 483 rotundatur,
2009 447 2124 476 aures

322 496 505 523 enormes
543 492 727 538 repetunt
763 485 966 540 pristinam
1010 485 1263 539 parvitatem,
1308 485 1442 526 dentes
1481 487 1594 526 saxei
1635 489 1800 529 redeunt
1835 490 1881 529 ad
1920 489 2124 531 humanam

321 539 548 590 minutiem,
585 548 624 581 et
655 555 754 596 quae
787 556 848 582 me
881 542 1122 596 potissimum
1158 542 1360 582 cruciabat
1385 550 1497 593 ante,
1527 544 1648 583 cauda
1675 559 1864 598 nusquam
1892 547 2121 601 comparuit..

320 595 461 648 Populi
487 597 703 648 mirantur,
732 599 908 651 religiosi
936 606 1178 638 venerantur
1205 605 1280 637 tam
1303 599 1522 639 evidentem
1544 601 1705 641 maximi
1726 602 1895 642 numinis
1914 603 2125 657 potentiam

321 658 361 690 et
386 652 627 694 consimilem
655 656 862 695 nocturnis
886 655 1123 708 imaginibus
1151 655 1480 709 magnificentiam
1507 663 1543 696 et
1570 658 1794 698 facilitatem
1816 659 2124 710 reformationis,

320 707 507 804 Elaraque
534 717 572 751 et
598 725 774 752 consona
800 726 918 762 voce,
949 712 1057 752 coelo
1086 726 1223 752 manus
1249 712 1497 752 attendentes
1525 720 1720 755 testantur
1745 722 1821 755 tam
1854 715 2006 756 illustre
2033 716 2126 756 deae

347 765 567 808 eneticium.

870 920 1312 967 CAPUT
1416 899 1604 970 'xiv

438 1044 491 1083 At
516 1056 590 1096 ego
617 1049 779 1097 stupore
805 1042 925 1082 nimio
953 1043 1105 1083 defixus
1133 1043 1275 1083 tacitus
1301 1043 1533 1095 haerebam,
1569 1045 1700 1084 animo
1730 1059 1817 1086 meo
1851 1053 1925 1085 tam
1957 1046 2129 1101 repenti-

324 1115 413 1140 num
446 1107 602 1153 tamque
635 1114 818 1152 maguum
853 1114 931 1139 non
964 1100 1142 1153 capiente
1175 1101 1382 1154 gaudium,
1417 1102 1506 1154 quid
1542 1102 1783 1156 potissimum
1816 1103 2022 1157 praefarer
2051 1103 2128 1157 pri-

324 1157 512 1205 marium,
555 1157 656 1196 unde
696 1171 822 1195 novae
859 1156 968 1197 vocis
1008 1157 1213 1196 exordium
1253 1172 1455 1211 caperem,
1496 1172 1571 1211 quo
1604 1172 1824 1200 sermonem
1858 1174 1961 1199 nunc
1992 1167 2129 1200 renata

322 1213 456 1267 lingua
485 1212 635 1253 felicius
661 1213 912 1268 auspicarer,
942 1213 1081 1267 quibus
1109 1213 1342 1268 quantisque
1362 1214 1494 1255 verbis
1518 1222 1649 1255 tantae
1672 1216 1766 1256 deae
1787 1219 1938 1271 gratias
1958 1229 2129 1271 agerem.

321 1343 487 1371 dilabitur
505 1346 542 1373 G.
562 1345 598 1372 P.
618 1345 656 1372 D.
678 1343 697 1372 s.
719 1340 747 1371 ὃ.
770 1353 832 1372 111111
853 1346 1023 1378 probatum
1046 1347 1175 1378 propter
1192 1353 1333 1378 sequens
1353 1342 1482 1382 drflm't.
1529 1352 1652 1372 crassa
1671 1346 1760 1373 cutis
1780 1345 1800 1374 f.
1848 1345 1983 1374 obsesus
2003 1347 2131 1376 Vicent.
2154 1355 2156 1358 ·

321 1390 388 1417 iam
403 1398 468 1417 uon
483 1387 511 1417 ὃ.
558 1389 591 1416 in
607 1392 729 1416 arec-la
744 1391 781 1417 1).
819 1389 851 1415 iu
873 1393 992 1425 erepta
1013 1391 1048 1417 R.
1066 1389 1086 1417 f.
1102 1386 1130 1417 ὅ.
1146 1398 1181 1417 π.
1226 1398 1290 1425 pro
1306 1389 1438 1424 ungulis
1460 1390 1598 1419 coniecit
1619 1391 1698 1419 Oud.
1747 1390 1959 1419 rutundatur
1973 1394 2009 1422 G.
2022 1393 2061 1421 D.
2088 1392 2130 1421 cf.

320 1443 422 1470 supra
437 1444 464 1470 p.
480 1436 554 1464 775.
580 1433 815 1462 rotundatum·
831 1437 864 1464 Ρ.
881 1444 910 1469 p.
954 1435 1141 1471 pristinam
1152 1435 1363 1471 parvitatem
1380 1437 1414 1464 F.
1430 1436 1459 1464 3.
1475 1438 1511 1463 G.
1526 1437 1562 1464 D.
1580 1444 1609 1470 p.
1622 1433 1651 1464 ὃ.
1667 1436 1689 1464 f.
1709 1439 1792 1465 lunt.
1807 1439 1838 1465 2.
1864 1439 1898 1465 In
1920 1441 1993 1466 cett.
2010 1439 2131 1474 parvi-

323 1484 428 1508 tutem
444 1480 641 1518 pristinam.
689 1489 739 1507 me
759 1484 870 1509 exulat
891 1483 931 1509 ab
953 1482 1022 1509 edii.
1044 1482 1120 1509 Bas.
1170 1481 1360 1516 comparuit
1382 1482 1414 1508 F.
1434 1483 1461 1509 1.
1479 1482 1513 1509 B.
1531 1489 1558 1514 11.
1574 1483 1656 1512 Eim.
1677 1486 1706 1509 et
1726 1482 1870 1511 seris-er.
1886 1483 2052 1512 uncinulis
2066 1484 2130 1512 cir-

322 1527 609 1560 cumscripserunt.
658 1535 731 1553 cum
753 1525 891 1553 similem
913 1528 949 1554 G.
973 1528 1009 1554 1).
1059 1525 1159 1552 clm-a
1179 1534 1393 1562 consonaque
1414 1526 1434 1555 s.
1484 1529 1635 1553 testatur
1655 1528 1690 1556 G.
1712 1528 1747 1556 0.
1767 1529 1805 1556 D.
1856 1531 1925 1554 lam
1945 1531 2035 1557 abest
2056 1536 2077 1557 a
2099 1537 2128 1563 p.

321 1569 514 1608 heneficium
528 1570 610 1599 deae
624 1581 698 1600 esse
713 1572 744 1600 iu
760 1574 796 1600 G.
811 1573 942 1600 adnotat
957 1572 1037 1600 Oud.
1063 1573 1111 1599 ita
1125 1579 1317 1605 quamquam
1334 1573 1365 1600 in
1387 1574 1445 1599 hoc
1463 1574 1531 1601 conl.
1552 1573 1709 1606 scriptum
1728 1576 1793 1610 est,
1821 1577 1926 1602 tamen
1946 1574 2044 1609 signa
2068 1594 2091 1611 η
2107 1571 2129 1588 ‘¹

320 1618 453 1652 adpicta
465 1621 557 1653 sunt,
584 1618 701 1651 quibus
716 1618 959 1651 transponenda
972 1626 1046 1645 esse
1060 1620 1140 1645 baec
1155 1619 1254 1645 verba
1269 1617 1443 1645 indicatur.

412 1671 578 1700 quamque
597 1665 632 1692 G.
655 1664 688 1690 P.
709 1665 747 1692 D.
763 1663 797 1690 i..
847 1661 936 1699 qum!
949 1662 1161 1698 potissimum
1180 1663 1217 1690 1..
1242 1662 1779 1700 11:⁵1quidistineuatpraefarer,
1800 1663 2005 1700 primarium
2025 1662 2129 1700 unde,

321 1707 420 1743 [quod
434 1711 523 1737 nuno
538 1710 629 1737 modo
646 1709 773 1742 nrouari
791 1709 916 1742 poterit.
941 1710 1023 1736 Tota
1036 1709 1120 1736 enim
1137 1707 1298 1735 enuntiati
1321 1707 1402 1735 ratio
1418 1708 1552 1742 flagitat,
1579 1712 1611 1736 ut
1626 1708 1759 1743 singula
1772 1709 1844 1738 eius
1856 1711 1999 1738 membra
2013 1702 2130 1744 pione-

319 1755 406 1782 mine
418 1755 648 1789 interrogaui-0
664 1754 833 1788 incipiant.
847 1754 851 1788 1
900 1761 1053 1780 sermone
1067 1755 1102 1781 G.
1118 1754 1152 1781 0.
1167 1754 1206 1782 1).
1221 1754 1256 1781 P.
1272 1752 1382 1789 (ctiam
1398 1753 1430 1781 in
1445 1753 1605 1788 excerptis
1618 1755 1657 1782 ad
1672 1755 1849 1790 marginem
1863 1756 1912 1784 ed.
1925 1755 2034 1791 cmv.)
2049 1756 2085 1784 L.
2099 1763 2131 1790 p.

319 1800 342 1829 f.
356 1797 385 1829 δ’.
436 1802 515 1827 lum.-
528 1801 639 1828 u'oW.
653 1799 738 1828 Prie.
753 1800 873 1827 Fini-iu.
922 1799 1135 1835 auspicarmn
1151 1795 1180 1826 δ’.

298 1915 386 1953 49.
431 1912 582 1964 cupide
624 1924 787 1962 cupere.
862 1910 916 1947 At
958 1924 1049 1947 vero
1098 1909 1198 1948 baec
1257 1910 1422 1948 cientem
1439 1912 1617 1950 maan'mi.
1645 1911 1946 1963 Sedperperam
1962 1914 2128 1951 omnino.

321 1967 506 2020 exempla
524 1968 625 2006 hunc
643 1967 927 2006 intolerabilem
948 1967 1065 2018 plane
1091 1967 1197 2018 pleo-

321 2039 497 2064 nasmuni
535 2039 608 2063 non
646 2024 865 2068 vindicant,
904 2038 977 2062 nec
1013 2038 1195 2074 uniquam

321 2088 414 2133 puto
447 2082 526 2121 tale
557 2082 648 2133 quid
680 2095 728 2119 ex
760 2081 933 2119 melioris
960 2085 1074 2118 notae
1100 2083 1194 2119 scri-

320 2140 497 2190 ptoribus
546 2139 755 2177 conlirinari
806 2152 938 2188 posse.
1012 2138 1193 2176 Promis-

319 2212 404 2235 sum
441 2197 475 2234 in
519 2210 634 2247 seqq.
678 2196 882 2246 repetitum
925 2208 1041 2240 esse.
1092 2194 1194 2233 Oud.

321 2253 520 2291 offendere
546 2266 618 2291 non
646 2252 834 2291 debebat.
862 2266 979 2302 quein
1005 2266 1116 2290 usum
1144 2252 1197 2288 di-

321 2311 432 2349 cendi
470 2310 601 2348 inultis
641 2309 794 2361 Apuleii
841 2324 916 2347 nou
955 2309 1083 2347 solum
1122 2309 1195 2347 sed

319 2367 482 2405 aliorum
526 2379 679 2417 quoque
727 2366 959 2418 scriptorum
1003 2366 1195 2417 exemplis

319 2426 465 2462 munire
504 2423 659 2473 longum
698 2428 770 2462 est.
828 2422 927 2461 Hinc
964 2424 1194 2474 optimorum

319 2481 430 2519 codd.
461 2481 663 2519 lectionem
688 2480 855 2532 retinui.]

373 2540 537 2577 residet.
597 2536 738 2576 Mallet
763 2535 886 2581 Oud.,
924 2537 957 2573 si
984 2549 1053 2588 per
1079 2535 1193 2590 codd.

319 2595 470 2641 liceret,
507 2595 680 2633 scribere
715 2594 872 2632 residit.
922 2594 1065 2631 Omnia
1091 2593 1191 2631 enim

317 2653 525 2703 depressa⁴
560 2655 599 2689 et
640 2650 923 2689 descendentia
964 2651 1076 2700 quasi
1125 2664 1191 2701 po·

318 2710 393 2748 tius
429 2710 562 2747 sidere
599 2707 697 2753 dici,
747 2721 861 2757 quani
893 2707 1050 2751 sedere,
1100 2706 1188 2745 coll.

316 2766 404 2804 dict.
424 2765 474 2803 ad
493 2765 606 2803 Caes.
627 2764 675 2803 B.
695 2764 741 2803 G.
759 2763 842 2802 Vll.
864 2767 928 2804 64.
956 2763 1070 2803 ovid.
1093 2763 1190 2802 Met.

317 2821 399 2862 Vll.
427 2825 491 2863 76.
524 2821 666 2860 Senec.
692 2820 808 2859 Herc.
835 2818 927 2859 Oet..
957 2824 1050 2860 876.
1076 2821 1189 2858 nesi-

315 2880 401 2918 dat
421 2880 607 2930 pectoris
630 2880 761 2917 nostri
781 2883 924 2917 temtor.
965 2877 1072 2927 Yirg.
1088 2877 1187 2914 Aen.

314 2934 382 2974 vl.
420 2939 513 2976 408.
573 2934 787 2973 Praeterea
828 2938 1058 2986 perpetuam
1096 2947 1188 2971 esse

311 2993 565 3030 variationem
597 2991 684 3030 coll.
711 2990 835 3030 Bouh.
867 2991 916 3029 ad
947 2989 1105 3028 Petrou.
1136 2991 1186 3028 de

312 3047 358 3086 B.
387 3047 426 3086 C.
453 3062 568 3088 carm.
599 3062 634 3086 v.
665 3053 754 3089 127.
804 3047 890 3098 Ego
918 3047 1010 3085 nibil
1037 3051 1153 3085 muto.

368 3105 504 3144 dentes
539 3106 668 3144 saxei.
729 3104 907 3143 Offendit
944 3104 1043 3149 haec
1080 3103 1183 3141 locu-

310 3160 363 3198 tio
382 3159 600 3200 Piccartum
627 3161 662 3199 in
685 3160 808 3200 Peric.
831 3160 916 3200 Crit.
933 3165 1039 3202 c.16.
1068 3160 1182 3198 conii-

1256 1967 1409 2005 Deutes
1436 1969 1535 2005 enim
1561 1968 1740 2019 iutelligit
1769 1982 1953 2007 saxorum
1984 1971 2129 2020 magni-

1255 2024 1424 2061 tudinem
1458 2025 1651 2063 habentes
1683 2025 1732 2064 cs.
1765 2025 1862 2065 Met.
1887 2025 1936 2065 X.
1970 2040 2008 2078 p.
2036 2031 2126 2067 720.

1255 2085 1294 2118 et
1331 2080 1379 2119 ad
1413 2080 1496 2119 ΥΠ.
1522 2095 1559 2132 p.
1591 2086 1687 2122 478.
1722 2082 1782 2121 ed.
1820 2097 1934 2121 meae
1972 2097 2008 2134 p.
2034 2087 2129 2124 586.

1253 2137 1356 2175 Nam
1382 2139 1433 2176 ita
1456 2152 1604 2178 sameas
1624 2138 1686 2177 hic
1711 2139 2007 2191 intelligendum
2033 2153 2128 2178 esse

1256 2197 1461 2245 sequentia
1508 2196 1756 2246 apertissime
1798 2197 1967 2236 indicant
2008 2198 2127 2236 verba

1256 2267 1278 2289 11
1285 2252 1313 2289 d
1339 2252 1554 2291 Ιιιιηκιηαηι
1578 2254 1669 2291 min
1678 2268 1703 2292 u
1713 2255 1832 2294 tiem.

1313 2309 1452 2348 cauda
1488 2322 1685 2361 nusquam.
1721 2312 1965 2363 comparuit.
2036 2310 2124 2350 Non

1256 2365 1477 2415 negandum
1503 2370 1582 2412 ost,
1620 2365 1837 2417 elegantiae
1863 2368 1952 2419 quid
1980 2368 2124 2406 babere

1255 2422 1330 2460 boc
1355 2422 1559 2472 abruptum
1585 2422 1767 2474 loquendi
1793 2437 1928 2475 genus.
1978 2425 2126 2463 Verum

1253 2479 1424 2530 Apuleio
1453 2483 1513 2516 est
1541 2479 1733 2526 insolens,
1761 2482 1823 2531 qui
1850 2482 2013 2532 saepius
2039 2496 2124 2521 cum

1252 2536 1340 2574 aliis
1371 2550 1569 2588 numnam
1602 2551 1839 2589 comparere
1874 2538 1986 2586 dixit3
2022 2539 2123 2576 1111110

1252 2594 1368 2630 etiam
1383 2592 1554 2643 Apuleio
1569 2592 1645 2631 boc
1663 2594 1868 2633 vindicavit
1887 2593 1986 2633 Pric.
2009 2609 2124 2646 quem

1251 2650 1339 2687 vide
1371 2650 1485 2686 etiam
1518 2649 1566 2687 ad
1599 2649 1695 2689 Met.
1726 2649 1828 2690 Vlil.
1860 2665 1896 2702 p.
1923 2655 2017 2692 563.
2048 2666 2122 2691 nec:

1249 2707 1377 2746 ullum
1425 2720 1622 2758 nsquam
1669 2721 1797 2745 senem.
1844 2722 2122 2760 comparere

1251 2764 1379 2803 illum.

1308 2819 1394 2858 Car.
1410 2818 1519 2858 Xlx'.
1582 2834 1663 2872 qno
1687 2835 1901 2860 sermonem
1927 2836 2035 2861 mmc-
2061 2836 2119 2860 re-

1248 2881 1347 2915 mita
1385 2876 1532 2928 lite-qna
1567 2878 1820 2928 auspicarer.
1899 2876 2120 2931 [Sermone

1249 2933 1351 2984 quod
1383 2933 1532 2984 aliquot
1563 2933 1676 2972 codd.
1709 2934 1898 2985 praebent
1928 2935 2021 2972 1111111
2047 2936 2118 2974 nisi

1245 2991 1439 3040 corruptio
1478 2994 1540 3028 est
1576 2990 1833 3036 librariorum,
1870 2991 2054 3042 virgulam
2095 3006 2114 3029 e

1247 3047 1396 3085 litterae
1432 3047 1774 3097 superimpositam
1810 3047 1957 3086 addere
1993 3048 2115 3099 negli-

1243 3103 1428 3155 gentium.
1476 3103 1671 3154 Apuleius
1709 3103 1809 3140 enim
1847 3104 1991 3155 ubique
2029 3118 2114 3143 cum

1241 3160 1466 3199 accusativo
1503 3160 1557 3197 rei
1594 3159 1713 3210 iungit
1750 3159 1824 3198 hoc
1860 3162 2037 3208 verbum,
2073 3166 2114 3200 ut
