2155 3590
535 137 724 178 LIBER
753 139 804 178 V.
857 137 981 178 CAP.
1009 137 1175 178 XXIV.
1201 135 1345 177 XXV.
1744 135 1826 178 367

57 264 208 304 semper
232 250 405 290 cavenda
429 250 656 300 censebam,
684 250 779 290 haec
803 247 1014 304 benelvole
1038 249 1301 291 remonebam.
1341 246 1418 289 Sed
1443 247 1532 287 illae
1558 247 1708 300 quidem
1734 261 1827 287 con·
1851 254 1915 286 365

54 306 260 346 siliatrices
284 306 468 360 egregiae
493 313 582 346 tuae
606 313 684 346 tam
709 306 919 360 perniciosi
943 307 1158 360 magisterii
1183 305 1328 345 dabunt
1352 310 1521 344 actutum
1547 303 1640 343 mibi
1664 316 1825 357 poenas,

54 369 93 401 te
116 376 211 402 vero
236 369 386 402 tantum
410 363 504 415 fuga
528 376 614 402 mea
638 362 842 416 punivero.
892 361 947 401 Et
971 377 1056 402 cum
1081 362 1247 403 termino
1273 360 1466 401 sermonis
1491 359 1619 413 pinnis
1643 359 1683 399 in
1708 359 1828 400 altum

54 431 96 458 se
121 417 324 472 proripuit.

580 567 1016 614 CAPUT
1119 566 1303 614 XXV.

165 686 317 744 Psyche
340 701 435 728 vero
460 688 566 728 humi
589 694 807 741 prostrata,
837 694 876 727 et
900 694 1084 740 quantum
1109 688 1185 727 visi
1209 693 1382 742 poterat,
1409 685 1562 726 volatus
1587 685 1715 726 mariti
1741 699 1830 739 pro-

54 743 220 797 spiciens
246 744 434 785 extremis
461 743 659 798 affligebat
682 743 1026 784 lamentationibus
1051 744 1236 783 animum.
1286 741 1362 784 Sed
1393 742 1459 782 ubi
1488 741 1652 795 remigio
1679 741 1830 795 plumae

53 806 205 853 raptum
229 801 409 840 maritum
429 799 436 856 Ι
457 800 671 854 proceritas
702 799 817 854 spatii
848 800 997 840 fecerat
1027 800 1215 850 alienum,
1248 813 1317 854 per
1342 798 1511 852 proximi
1535 797 1702 838 fluminis
1728 811 1830 837 mar-

53 926 221 960 sensebam
236 925 264 957 ὃ.
311 927 516 955 removebant
530 929 565 956 G.
583 930 610 957 1.
654 930 686 955 te
705 926 874 955 neonebnm
895 928 1079 956 coniectura
1097 931 1143 956 est
1165 927 1286 962 Sciopii
1305 930 1333 956 et
1354 927 1522 955 ediderunt
1540 926 1646 955 Scriv.
1666 929 1695 954 et
1712 926 1831 954 Florid.

53 972 223 1000 mm'sterz'z'
233 975 269 1001 G.
285 974 313 1001 1.
328 981 384 1008 pro
399 981 484 1002 more
497 981 567 1002 suo.
604 971 729 1000 dabant
744 981 772 1007 p.
798 971 916 1000 debent
927 974 965 1001 D.
1002 971 1049 999 ud
1062 975 1169 1000 tulum
1183 975 1217 1001 G.
1234 975 1263 1000 1.
1277 980 1348 1000 cum
1362 974 1472 1006 glossa
1480 971 1545 998 cito
1555 973 1629 1000 elD.
1659 969 1705 999 ad
1716 973 1832 998 nutum

53 1018 89 1046 Β.
104 1018 139 1046 P.
153 1025 195 1046 ex
206 1020 312 1046 collat.
327 1019 463 1047 Gruteri.
489 1018 530 1047 cf.
555 1019 596 1046 ad
612 1020 649 1046 de
660 1019 727 1047 Deo
741 1019 828 1046 Socr.
844 1026 872 1051 p.
889 1019 962 1045 161.
1005 1024 1135 1053 pennas
1149 1025 1205 1052 pro
1216 1024 1341 1052 poenas
1357 1016 1394 1044 Ι).
1444 1019 1499 1043 tue
1513 1024 1590 1043 zrero
1605 1019 1736 1043 tantum
1751 1017 1786 1044 G.
1805 1017 1831 1044 1.

53 1069 74 1090 a
85 1069 126 1090 m.
140 1070 168 1096 p.
193 1065 225 1089 et
238 1071 303 1089 non
317 1065 448 1090 tantum
462 1065 501 1091 D.
544 1063 684 1099 puniero
700 1065 735 1092 G.
753 1065 780 1091 1.
795 1070 815 1090 a
826 1070 866 1090 m.
881 1069 910 1096 p.
926 1063 955 1091 2.
969 1063 1005 1090 P.
1019 1064 1057 1091 D.
1071 1060 1099 1091 δ.
1147 1065 1181 1088 et
1194 1065 1269 1090 ante
1282 1069 1353 1088 cum
1372 1068 1435 1089 non
1449 1065 1608 1096 comparet
1628 1061 1663 1090 in
1681 1062 1750 1089 edd.
1770 1062 1833 1089 Be-

53 1108 153 1135 roald.
168 1108 254 1136 Colv.
268 1109 406 1136 Vulcan.
420 1110 527 1136 wow.
542 1109 626 1136 Pric.
672 1107 788 1143 pennis
802 1108 836 1136 Ο.
857 1106 982 1142 premis
997 1109 1032 1135 G.
1050 1108 1076 1135 1.
1092 1114 1163 1134 am.
1178 1114 1206 1140 p.
1220 1107 1277 1134 sed
1290 1114 1310 1134 a
1322 1115 1361 1134 ιιι.
1377 1115 1403 1134 s,
1424 1106 1554 1141 pennis.

143 1155 304 1189 qnantum
318 1152 391 1180 visu
400 1155 540 1188 poterat
555 1156 634 1181 leste
646 1154 728 1181 Elm.
743 1153 776 1180 in
789 1153 826 1180 P.
840 1152 1076 1187 desiderantur,
1091 1152 1147 1179 sed
1161 1151 1194 1179 in
1208 1152 1278 1179 suis
1291 1151 1451 1184 excerptis
1466 1155 1496 1178 ut
1511 1151 1543 1178 in
1557 1147 1586 1178 δ.
1625 1150 1696 1178 risu
1711 1153 1834 1179 tantuin

53 1199 168 1226 abesse
181 1198 258 1226 Oud.
273 1198 408 1226 dicebat.
432 1198 474 1226 At
489 1201 620 1231 uterque
633 1197 711 1225 mihi
730 1203 857 1225 errasse
875 1181 1018 1228 videtur.
1045 1204 1141 1229 quum
1159 1196 1192 1223 in
1212 1197 1247 1224 G.
1264 1197 1292 1224 1.
1306 1197 1335 1223 2³.
1355 1197 1411 1229 D..
1437 1196 1629 1228 quibuscum
1648 1196 1684 1223 P.
1710 1203 1835 1230 semper

53 1243 228 1277 consentit,
255 1242 326 1270 visu
336 1244 476 1278 poterat
490 1250 553 1270 non
567 1242 820 1276 conspiciantur.
843 1242 877 1268 In
894 1242 929 1268 G.
946 1242 973 1269 1.
988 1244 1017 1268 et
1029 1242 1067 1268 D.
1083 1248 1138 1274 pro
1153 1242 1314 1277 qnantum
1329 1240 1446 1274 legitur
1459 1242 1597 1276 quanto.
1632 1240 1742 1268 visiF.
1758 1241 1788 1268 3.
1804 1248 1833 1273 n.

52 1288 134 1315 Iunt.
148 1288 179 1315 2.
203 1288 271 1315 Hoc
285 1287 431 1321 equidem
444 1287 592 1320 praetuli.
616 1287 675 1314 Est
690 1287 774 1314 enim
787 1293 842 1319 pro
856 1283 964 1312 videri
975 1288 1003 1313 et
1017 1285 1180 1314 sententia
1193 1286 1303 1313 eadem
1317 1285 1435 1313 evadit.
1459 1286 1495 1312 ln
1510 1285 1643 1318 reliquis
1656 1287 1735 1312 Mss.
1750 1285 1833 1312 visu.

52 1331 234 1367 suspiciens
247 1333 284 1360 Β.
332 1333 466 1367 captum
480 1332 528 1359 ed.
542 1339 589 1365 pr.
602 1332 638 1359 P.
670 1333 773 1367 capla
792 1331 863 1359 edd.
883 1333 958 1358 veti.
979 1333 1105 1364 praeter
1118 1332 1199 1358 lunt.
1214 1331 1244 1358 2.
1260 1337 1342 1363 quae
1357 1333 1386 1358 ut
1403 1330 1499 1358 ceteri
1513 1330 1602 1357 codd.
1617 1337 1726 1358 omnes
1739 1332 1836 1357 habet

52 1378 197 1412 raptum.
239 1376 437 1413 procinctus
451 1374 709 1412 proproeere'eas
723 1384 754 1410 p.
801 1373 947 1402 alienam
960 1376 998 1403 D.
1042 1382 1106 1410 per
1118 1377 1208 1404 abest
1224 1375 1257 1403 in
1271 1372 1299 1403 δ.
1314 1378 1343 1403 et
1357 1383 1404 1412 p.,
1429 1375 1483 1409 qui
1503 1381 1558 1409 pro
1572 1382 1608 1402 eo
1623 1375 1676 1403 dat
1689 1376 1732 1402 ee.

109 1486 372 1525 remonebam.
429 1485 529 1524 Oud.
568 1485 736 1538 explicat
772 1486 913 1524 iterum

54 1542 276 1594 iterumque
288 1542 506 1581 monebam.
555 1541 629 1594 [lta
640 1545 797 1594 referre
810 1540 913 1592 apud

53 1597 187 1648 virgil.
203 1597 346 1649 Georg.
360 1597 388 1636 l.
403 1602 493 1639 339.
507 1612 627 1638 sacra
639 1601 750 1650 refer
767 1598 913 1638 Cereri.

54 1653 155 1700 Quia
183 1657 311 1693 tamen
342 1653 404 1693 hie
440 1655 647 1706 praecedat
682 1654 914 1694 identidem.

54 1714 93 1748 et
117 1724 322 1750 remonere
352 1724 541 1762 nusquam
573 1711 664 1748 alibi
692 1710 914 1755 inveniatur,

52 1779 125 1805 nec
144 1766 256 1805 etiam
282 1767 446 1805 iunctum
471 1768 544 1805 sibi
571 1780 716 1812 casum,
742 1770 783 1805 ut
806 1779 914 1818 prae-

53 1822 200 1860 cedens
225 1822 299 1861 tibi
323 1823 503 1862 cavenda
529 1823 748 1868 censebam,
781 1835 916 1861 secum

53 1878 196 1917 habeat
237 1882 369 1918 contra
409 1878 566 1930 Apuleii
609 1893 772 1925 morem,
813 1878 915 1917 Oud.

55 1934 211 1980 fatetur,
236 1948 282 1973 se
311 1936 526 1987 proniorem
559 1948 652 1973 esse
682 1936 717 1973 in
744 1935 916 1986 Scioppii

55 1990 359 2029 emendationem
395 1996 433 2031 te
468 1991 691 2037 monebam,
733 1993 766 2029 si
800 1991 915 2029 modo

53 2047 155 2085 Mss.
182 2047 336 2097 quidam
361 2048 549 2086 addicant.
581 2047 692 2086 Haec
709 2061 802 2086 vero
822 2060 914 2097 quo-

55 2103 170 2141 modo
207 2103 403 2141 offendere
427 2103 528 2142 Oud.
565 2104 754 2156 potuerint
788 2103 914 2142 miror.

55 2159 224 2209 Saepius
249 2161 348 2197 enim
374 2173 473 2210 quae
492 2160 778 2211 praepositione
790 2173 834 2198 re
852 2172 915 2196 ex-

55 2215 224 2266 primitur
237 2216 344 2253 verbi
357 2216 595 2266 significatio,
621 2216 656 2254 in
673 2216 916 2267 praegressis

55 2270 240 2322 particula
264 2271 341 2310 alia
364 2272 464 2310 idem
495 2272 685 2310 indicante
714 2272 916 2323 repetitur:

57 2330 96 2364 ut
117 2340 255 2367 rursus
278 2328 414 2367 redire
444 2328 538 2373 alia,
569 2328 618 2366 de
645 2341 719 2379 qno
743 2342 815 2367 usu
842 2327 919 2365 dixi

55 2382 105 2421 ad
129 2382 223 2422 Met.
249 2382 362 2435 111.p.
380 2388 468 2425 183.
494 2384 664 2430 Deinde,
691 2385 792 2435 quod
817 2379 921 2431 ἅπαξ

55 2435 252 2490 λεγόμενον
277 2446 339 2478 est
361 2441 590 2480 vocabulum
615 2445 654 2479 et
673 2441 784 2479 codd.
811 2442 845 2479 in
873 2454 919 2479 eo

58 2508 192 2534 omnes
211 2501 480 2548 perseverant,
505 2497 579 2537 hoc
591 2501 814 2549 argumento
829 2497 921 2535 mihi

57 2555 138 2598 est,
178 2553 405 2592 eiiciendum
446 2568 520 2593 non
558 2568 661 2592 esse.
720 2554 920 2606 Repetere

58 2607 224 2659 denique
242 2622 447 2660 personam
468 2615 522 2656 te,
547 2610 662 2661 plane
686 2610 920 2661 superfluum

57 2663 207 2703 videtur
233 2678 346 2714 esse,
372 2667 552 2718 quoniam
577 2666 807 2718 praecedit]

117 2719 202 2759 Cn.
214 2719 346 2760 XXV.
378 2724 648 2775 prospiciens.
676 2723 921 2774 Smpiciens,

60 2789 159 2827 quae
184 2777 298 2816 lectio
323 2782 385 2817 est
408 2779 492 2817 cod.
517 2779 583 2824 B„
614 2778 751 2829 glossa
773 2777 923 2816 videtur

60 2832 123 2870 vel
136 2835 262 2884 potius
277 2835 492 2873 emendatio
509 2848 602 2873 esse
613 2834 763 2880 librarii,
773 2835 835 2885 qui
850 2848 922 2872 non

62 2888 265 2936 intellexit,
293 2893 533 2943 prospicere
562 2891 584 2929 i.
609 2904 642 2929 e.
667 2904 823 2930 sursum
852 2890 924 2929 acl-

62 2946 219 2995 spieere
241 2946 467 2997 significare.
523 2947 770 2998 Prospicere
793 2950 926 2985 contra

63 3001 198 3051 magis·
218 3003 359 3053 probo,
391 3004 481 3054 quia
504 3003 794 3054 longinquitatis
819 3003 924 3041 notio

64 3055 182 3101 inest,
197 3056 245 3095 de
259 3070 334 3108 qua
348 3059 421 3097 hoc
433 3060 677 3110 potissimum
691 3058 777 3096 loco
792 3059 924 3109 agitur.

67 3109 133 3150 Sic
156 3111 254 3153 Met.
266 3113 333 3153 VI.
357 3129 394 3168 p.
410 3119 502 3156 583.
526 3115 567 3153 In
594 3129 640 3153 eo
667 3118 795 3153 tamen
820 3113 927 3154 Oud.

972 1486 1118 1531 erravit,
1129 1485 1232 1535 quod
1243 1486 1483 1536 prospicere
1496 1484 1596 1522 idem
1612 1497 1718 1530 esse,
1734 1482 1837 1534 quod

971 1542 1173 1593 suspicere
1193 1543 1408 1592 pronuntiat
1428 1540 1514 1578 coll.
1529 1540 1647 1591 Apul.
1662 1540 1756 1578 Met.
1769 1539 1834 1578 Vl.

972 1613 1008 1650 p.
1036 1601 1127 1638 383.
1163 1602 1430 1650 prospecto
1471 1596 1620 1648 templo
1658 1596 1838 1649 quodam

973 1656 1014 1693 in
1047 1654 1170 1693 ardui
1200 1656 1342 1693 montis
1368 1654 1530 1699 τενίἱεε,
1564 1652 1667 1703 quod
1697 1665 1746 1690 ex
1770 1652 1837 1690 hu-

974 1710 1121 1748 miliore
1148 1711 1232 1749 loco
1258 1710 1307 1748 ad
1333 1710 1510 1761 superius
1544 1710 1626 1747 viso
1653 1709 1832 1761 explicat.

975 1766 1058 1805 Sed
1094 1770 1171 1812 est,
1207 1770 1248 1804 ut
1272 1770 1375 1804 totus
1405 1766 1680 1804 sententiarum
1712 1777 1834 1803 nexus

975 1823 1104 1868 docet,
1131 1836 1152 1860 e
1180 1822 1385 1874 longinquo
1411 1821 1560 1867 videre,
1591 1825 1629 1859 et
1655 1822 1742 1872 quia
1766 1834 1836 1872 po-

973 1880 1161 1917 tissimum
1177 1892 1247 1916 eae
1260 1892 1323 1916 res
1338 1878 1469 1929 procul
1490 1878 1637 1929 arlspici
1658 1880 1835 1928 possunt,

976 1948 1076 1987 quae
1101 1934 1312 1973 altissimae
1337 1938 1438 1980 sunt,
1463 1934 1549 1972 hinc
1574 1933 1836 1971 necessarium

976 2006 1050 2030 non
1076 1994 1155 2037 est,
1180 1995 1221 2030 ut
1245 2004 1314 2030 eas
1340 1990 1627 2042 suspiciamus]
1677 1988 1836 2027 Similes

972 2048 1061 2086 huic
1096 2048 1313 2085 sententiae
1351 2046 1460 2085 locos
1498 2049 1693 2097 comparat
1729 2045 1835 2084 Grut.

975 2102 1194 2154 Suspxlll.
1207 2107 1286 2144 ⁴12:
1302 2101 1837 2143 OvidMet.X1.466-471.

973 2159 1131 2198 Heroid.
1145 2159 1212 2198 VI.
1228 2163 1273 2199 71
1288 2172 1347 2210 sq.
1367 2158 1469 2197 XlH.
1485 2160 1669 2199 15—24.
1692 2156 1836 2209 Sulpic.

976 2216 1109 2254 Sever.
1136 2214 1261 2267 Epist.
1277 2219 1314 2256 2.
1342 2215 1485 2255 Subito
1505 2215 1600 2254 miln'
1619 2216 1661 2253 in
1674 2214 1838 2254 sublime

975 2272 1157 2312 sublatus
1181 2273 1372 2324 ere’pz'lur,
1398 2272 1529 2311 donec
1556 2285 1709 2310 emensa
1734 2271 1839 2309 aeris

977 2330 1091 2368 istius
1105 2329 1289 2368 vastitate
1307 2331 1413 2377 (cum
1426 2332 1553 2367 tamen
1568 2327 1723 2380 rapida
1738 2326 1839 2365 nube

977 2385 1198 2424 subvectum
1223 2385 1311 2424 acie
1335 2398 1588 2437 sequeremur
1611 2383 1839 2430 oculorum)

973 2442 1137 2494 patenti
1160 2441 1273 2480 coelo
1299 2442 1430 2480 videri
1454 2441 1562 2480 ultra
1586 2453 1667 2479 non
1690 2439 1838 2490 potnit.

1035 2498 1205 2550 remiyio
1231 2497 1398 2549 plumae
1432 2501 1606 2548 raptum.
1656 2493 1839 2547 [Temere

978 2554 1204 2605 interpretes
1229 2554 1376 2604 aliquot
1388 2553 1488 2591 hunc
1508 2553 1631 2590 locum
1652 2551 1840 2601 corrigere

977 2610 1217 2656 studuerunt,
1226 2610 1300 2655 vel,
1314 2615 1354 2648 ut
1364 2610 1489 2655 Grut.,
1503 2609 1667 2660 remiyi's
1678 2606 1841 2659 plumae

977 2671 1101 2719 raptu
1110 2666 1171 2704 vel
1184 2667 1354 2719 remiyio
1363 2666 1527 2718 plumae
1540 2668 1701 2717 captum
1716 2675 1841 2700 emen-

979 2722 1127 2761 dantes.
1154 2723 1384 2775 It'emv‘yt'mn
1409 2721 1509 2758 enim
1534 2720 1583 2757 (le
1608 2719 1681 2758 alis
1701 2719 1843 2757 dictum

980 2782 1058 2825 est,
1095 2782 1137 2817 ut
1166 2780 1344 2831 saepius,
1375 2791 1460 2815 cuni
1491 2775 1722 2827 comparatio
1747 2776 1842 2813 inter

981 2834 1237 2886 navigandum
1268 2839 1307 2872 et
1329 2832 1535 2871 volandum
1567 2831 1762 2870 veteribus
1791 2831 1843 2871 sit

980 2892 1231 2930 usitatissima
1247 2890 1293 2928 cs.
1303 2889 1431 2939 Eurip.
1446 2887 1526 2939 Iph.
1537 2887 1581 2926 T.
1591 2892 1682 2928 264.
1697 2896 1843 2940 πτεροῖς

982 2950 1121 2999 ἐρέσσει
1145 2945 1378 2986 Lucret.V1.
1407 2948 1497 2984 743.
1523 2944 1628 2995 Virg.
1653 2943 1752 2983 Aen.
1778 2943 1842 2984 Vl.

986 3007 1047 3044 19.
1084 3002 1198 3041 ovid.
1234 3001 1332 3041 Met.
1356 3000 1405 3039 V.
1435 3003 1526 3040 558.
1576 3000 1645 3039 Sil.
1685 3004 1746 3041 12.
1778 3003 1843 3041 98.

981 3059 1045 3097 ubi
1071 3059 1118 3097 cf.
1141 3058 1208 3097 Dr.
1229 3057 1338 3096 Serv.
1359 3056 1407 3096 ad
1426 3056 1527 3095 Aen.
1548 3055 1575 3095 l.
1597 3060 1690 3097 224.
1714 3055 1843 3096 Burm.

984 3114 1168 3167 adQuint.
1183 3112 1423 3154 Inst.Vlll.6.
1437 3126 1474 3164 p.
1485 3117 1509 3152 7
1512 3115 1576 3153 35.
1596 3112 1728 3152 Victor
1737 3112 1843 3153 Varr.

1855 804 1918 837 366
