2155 3590
742 182 928 226 LIBER
952 185 1073 226 VIII.
1120 183 1248 226 CAP.
1273 183 1300 223 1.
1840 179 1922 223 635

135 299 305 340 referam
331 297 463 348 vobis,
487 311 591 351 quae
616 304 730 352 gesta
753 304 845 338 sunt
868 311 1046 351 quaeque
1070 303 1232 352 possent
1247 294 1388 336 merito
1408 294 1626 344 doctiores,
1648 292 1792 346 quihus
1811 288 1923 332 stilos

133 355 292 395 fortuna
316 353 607 405 subministrat,
634 354 675 394 in
700 354 890 394 historiae
913 354 1110 409 specimen
1135 351 1281 393 chartis
1306 351 1526 393 involvere.
1552 349 1655 391 Erat
1677 350 1719 390 in
1742 348 1924 403 proxima

134 511 221 542 quae
228 504 343 541 possit
353 502 473 532 merito
487 502 655 533 doctiores
669 512 770 542 qnam
783 503 853 534 stil.
862 525 875 542 ,,
897 505 983 534 unde
996 504 1125 539 Sciopp.
1139 504 1249 538 Symb.
1262 505 1293 532 et
1302 503 1401 537 susp.
1414 501 1471 530 IV.
1484 502 1516 530 4.
1529 499 1686 529 coniecit:
1712 506 1799 537 qnae
1812 496 1928 535 possit

133 549 253 577 merito
267 547 400 577 doctior
412 551 449 576 et
459 549 576 587 quibus
588 549 715 578 stilum.
756 550 894 587 possint
904 551 941 579 G.
952 551 1020 578 1.2.
1029 550 1065 578 P.
1080 557 1109 584 p.
1124 550 1205 579 0.D.
1219 551 1248 577 et
1262 548 1333 576 edd.
1346 546 1541 581 antecolv„
1567 546 1650 579 quod
1663 546 1743 574 Oud.
1756 550 1927 579 perperam

132 595 283 629 praefert.
306 596 342 623 In
355 598 427 624 cett.
443 595 563 630 legitur
575 598 725 631 possent.
746 595 827 631 [Vir
846 597 958 624 doctus
977 594 1013 624 in
1024 601 1125 629 marg.
1145 594 1194 623 ed.
1209 594 1296 624 Colv.
1307 614 1315 629 ‚
1338 592 1375 622 in
1393 598 1458 626 qua
1474 590 1620 621 modian.
1637 592 1712 619 oon.
1731 592 1842 618 notata
1859 591 1927 617 est:

133 648 220 677 quae
235 639 347 676 possit
364 641 401 668 B.
438 647 524 677 quae
538 640 671 676 possint
690 641 810 669 merito
828 639 996 671 doctiores
1016 638 1134 676 quibus
1151 637 1266 666 stilum
1285 637 1433 674 fortuna
1449 634 1691 664 subministrat
1706 633 1742 662 in
1758 632 1928 662 historiae

133 684 298 722 specimen
316 682 450 712 chartis
469 683 639 712 involvere
659 687 696 715 Β.
711 687 747 714 G.
759 687 826 721 Pl..
853 686 937 720 quod
955 687 996 714 ab
1010 685 1085 720 istis
1097 687 1178 713 Mss.
1191 683 1322 712 recedit.
1340 684 1483 719 possent
1495 680 1580 710 enim
1592 681 1630 709 F.
1645 682 1675 709 1.
1688 682 1797 709 hahet.
1833 679 1928 708 Certe

133 730 349 765 Linnlenbrog.
363 730 397 758 in
410 732 483 758 coll.
497 737 559 759 sua
572 730 653 758 nihil
666 731 854 759 emendavit
865 738 907 759 ex
919 730 1012 759 Vulc.
1022 731 1069 765 2.,
1089 730 1321 765 quaepossent
1332 729 1475 763 praebet.
1523 724 1677 753 doctores
1684 721 1713 753 δ.
1738 722 1928 751 doctrz'ores

135 777 171 803 G.
187 776 217 803 1.
264 773 361 802 stilos
375 778 436 804 ΜΒ.
450 775 503 804 Al.
518 778 598 803 leste
611 776 693 804 Elm.
708 779 738 804 et
751 776 839 804 codd.
853 777 949 809 longe
966 775 1097 809 plurimi
1114 776 1199 803 lunt.
1211 776 1243 802 2.
1263 773 1353 802 Colv.
1365 773 1460 801 Vulc.
1473 773 1505 800 2.
1518 772 1629 800 urow,
1648 770 1735 799 Prie.
1768 768 1928 802 Equidem

133 819 247 849 inveni
260 820 294 848 in
305 821 341 849 F.
357 818 387 848 1.
401 820 431 848 3.
446 821 482 848 G.
496 821 527 849 2.
541 821 579 848 D.
595 823 624 848 et
636 821 674 848 G.
691 821 719 849 l.
734 820 788 855 qui
801 822 897 849 habet
914 820 983 848 levi
1002 827 1108 848 errore
1126 817 1234 848 stilos.
1260 816 1382 845 smum
1399 816 1465 852 legi
1477 816 1512 845 in
1524 824 1555 851 p.
1575 817 1612 845 B.
1627 816 1696 844 edd.
1710 816 1788 843 vett.
1799 814 1882 841 Elm.
1897 814 1930 839 et

132 865 170 894 F.
187 866 215 893 1.
234 867 371 893 testatur
389 866 470 894 Oud.
506 864 568 900 [De
585 866 622 894 F.
638 866 669 893 1.
689 870 776 894 certe
795 865 927 894 erravit.
960 867 1043 893 Nam
1054 865 1150 894 Vulc.
1163 865 1196 893 2.
1213 866 1312 892 habet
1323 861 1438 898 stilos,
1460 869 1521 890 nec
1532 861 1750 895 Lindenhrog.
1763 855 1930 892 mutavit]

133 911 180 939 At
192 910 310 939 sumsit
322 910 395 939 sine
407 910 502 938 dubio
517 918 559 938 ex
571 912 646 939 coll.
660 911 729 939 cod.
743 911 780 939 F.
792 911 835 939 ad
847 917 948 945 marg.
967 911 1016 939 ed.
1030 910 1137 947 Colv.,
1161 915 1246 943 quae
1264 910 1376 942 aperte
1395 905 1511 935 stilum
1528 905 1680 935 ostendit.
1724 902 1760 932 in
1779 902 1932 932 omittunt

134 955 226 984 Colv.
239 958 343 990 marg.
358 956 438 984 Bas.
452 956 480 983 2.
495 956 590 984 Vulc.
604 957 635 983 2.
649 956 759 984 xvow.
773 955 859 985 Prie.
873 958 903 983 et
917 955 1056 983 forsitan
1070 956 1105 983 P.
1133 948 1233 992 (quae
1246 953 1325 982 Oud.
1338 956 1388 981 est
1401 950 1596 986 sententia.)
1627 948 1768 987 speciem
1782 955 1838 984 pro
1852 953 1929 984 spe-

134 1000 238 1027 cimen
252 1008 280 1034 p.
296 1001 366 1029 edd.
380 1004 456 1028 ante
470 1000 559 1028 Colv.
574 1003 702 1034 praeter
719 1002 801 1028 lunt.
816 1001 848 1028 2.
873 999 926 1035 [In
945 1001 1018 1028 coll.
1039 1000 1080 1028 ad
1098 1006 1198 1033 marg.
1213 999 1303 1027 Colv.
1323 998 1371 1026 ed.
1394 998 1506 1026 eadem
1523 996 1619 1025 lectio
1633 1003 1674 1025 ex
1686 996 1724 1024 F.
1743 995 1929 1029 adnotatur,

133 1046 191 1074 sed
205 1053 222 1074 e
234 1046 286 1081 B.‚
312 1045 347 1073 in
360 1052 421 1079 quo
433 1044 517 1073 idem
529 1045 596 1080 legi
608 1048 778 1074 asseverat
791 1045 870 1074 Oud.
879 1066 887 1082 ‚
913 1045 995 1073 nihil
1009 1044 1153 1073 additum
1166 1043 1246 1079 vidi,
1260 1043 1345 1071 unde
1357 1041 1538 1074 verisimile
1549 1045 1615 1078 est,
1640 1041 1721 1070 Oud.
1732 1041 1795 1068 hac
1808 1039 1844 1067 F.
1858 1037 1929 1069 cod.

132 1090 270 1119 lectione
284 1091 451 1124 deceptum
464 1089 564 1126 essa]
613 1087 760 1118 charitis
767 1092 805 1120 1..
818 1091 869 1120 ed.
883 1098 931 1125 pr.
946 1088 1025 1124 [nec
1041 1086 1215 1127 Charites,
1231 1091 1264 1117 ut
1276 1087 1356 1123 legit
1369 1088 1489 1117 0ud..et
1496 1084 1760 1120 Vicent.habet.)
1772 1083 1928 1114 Venet.2.

133 1137 173 1164 Ι).
198 1132 344 1163 οανίιΙιίε
356 1142 415 1171 pro
428 1132 561 1163 chartis
573 1136 610 1164 P.

187 1255 313 1294 stilos.
359 1254 558 1294 Pluralem
589 1253 692 1294 Oud.
717 1255 866 1306 putavit
890 1254 1001 1294 libra-

133 1311 271 1349 riorum
284 1324 378 1349 esse
390 1311 722 1357 emendationem,
749 1312 813 1361 qui
827 1311 877 1349 ob
891 1323 1000 1362 prae-

133 1367 280 1405 cedens
317 1367 461 1419 quibus
493 1367 598 1406 male
629 1380 675 1405 se
699 1367 845 1405 habere
870 1367 1003 1406 stilum

132 1423 407 1469 credidissent,
423 1423 527 1474 quod
541 1422 660 1462 multo
676 1421 894 1474 elegantius
908 1435 1003 1461 esse

131 1479 404 1532 pronuntiavit,
436 1481 524 1531 quia
553 1480 728 1532 sinyulis
756 1493 858 1519 unus
887 1478 1003 1517 stilus

131 1535 329 1574 sufficeret
351 1534 439 1574 coll.
465 1535 561 1574 Met.
576 1534 621 1573 Il.
641 1548 680 1587 p.
698 1538 791 1577 109.
818 1535 1006 1575 caerulos

132 1592 409 1631 columbarum
436 1592 517 1631 col
522 1592 560 1630 li
580 1592 773 1645 flosculos
797 1591 926 1630 Burm.
951 1591 1004 1629 ad

133 1648 241 1698 Virg.
257 1647 402 1699 Georg.
423 1646 448 1686 l.
465 1651 557 1689 267.
581 1649 730 1701 fruqes
753 1662 864 1688 nunc
883 1649 1002 1699 fran-

133 1705 221 1757 9ite
244 1718 377 1743 saoeO.
427 1703 622 1758 [Eandem
655 1704 860 1742 lectionem
897 1703 1000 1743 Oud.

133 1761 209 1798 iam
234 1761 440 1799 vindicavit
459 1762 493 1798 in
510 1760 782 1799 Animadvers.
797 1761 848 1799 ad
862 1760 1003 1810 Veget.

133 1816 222 1855 Lib.
236 1816 303 1855 IV.
319 1831 348 1855 c.
365 1820 429 1857 28.
455 1816 624 1856 Miscell.
640 1816 810 1856 Observ.
824 1816 915 1855 Vol.
934 1815 1003 1854 1X.

134 1871 182 1912 Τ.
207 1872 252 1911 Π.
277 1886 315 1924 p.
343 1877 435 1913 235.
459 1872 495 1915 E
522 1874 710 1912 contrario
736 1873 874 1913 stilum
897 1872 1005 1923 glos-

132 1941 246 1967 sema
258 1942 353 1967 esse
366 1942 499 1968 eorum
514 1930 707 1975 existimo,
726 1931 789 1980 qui
802 1930 865 1968 hic
879 1942 1005 1980 genus

134 1985 328 2023 scribendi
363 1985 594 2024 vocabulum
629 1986 846 2036 significare
877 1986 1006 2037 opina-

133 2041 283 2088 bantur,
293 2041 446 2093 hacque
459 2041 509 2080 de
522 2054 665 2081 caussa
677 2041 867 2092 pluralem
879 2041 1007 2080 minus

135 2096 376 2148 elegantem,
423 2099 539 2136 immo
569 2099 752 2137 vitiosum
791 2097 1006 2144 habebant3

136 2154 282 2204 quippe
313 2154 417 2204 quod
446 2154 656 2205 singularis
686 2154 801 2192 huius
825 2152 1006 2192 vocabuli

135 2210 257 2247 multo
282 2210 443 2261 saepiu-s
467 2211 503 2248 in
528 2224 603 2249 usu
627 2211 688 2249 sit.
738 2210 822 2249 Sed
852 2210 1005 2261 propria

134 2279 210 2304 sua
231 2267 270 2303 vi
294 2265 356 2304 hic
379 2267 494 2306 stilos
517 2279 610 2305 esse
635 2265 779 2305 dictum
800 2265 850 2304 de
868 2268 1005 2305 instru-

135 2326 264 2360 mento
289 2323 510 2374 scriptoris,
537 2336 613 2373 quo
638 2323 674 2360 in
700 2324 841 2362 ceratis
864 2322 1010 2362 tabulis

139 2382 295 2417 veteres
332 2379 572 2425 scribebant,
609 2392 660 2417 ex
689 2383 771 2418 toto
803 2380 1009 2418 verborum

136 2447 241 2473 nexu
275 2435 374 2474 satis
404 2439 581 2486 apertum
611 2439 685 2474 est.
734 2435 848 2474 Certe
870 2439 1010 2474 >contra

137 2492 306 2543 optimos
331 2491 444 2530 codd.
468 2496 617 2531 mutare
642 2492 847 2542 quicquam
871 2491 1008 2544 nolui]

190 2549 367 2598 fortuna
390 2549 677 2587 subministrat.
713 2547 845 2599 Magis
870 2548 1006 2587 doctri-

137 2617 210 2643 nae
235 2604 493 2642 ostentandae
518 2617 672 2651 caussa,
699 2617 814 2656 quam
838 2605 940 2656 quod
964 2618 1007 2643 re

135 2673 227 2699 vera
251 2660 395 2699 factum
414 2674 439 2698 a
456 2661 536 2700 viro
557 2661 671 2700 docto
687 2664 766 2707 est,
793 2661 1006 2699 cavendum

134 2729 230 2755 esse
253 2716 521 2764 monetOud.,
546 2731 596 2756 ne
614 2717 709 2768 quis
733 2729 784 2755 ex
807 2716 1008 2769 Lamprid.

135 2772 292 2824 Heliog.
319 2786 350 2812 c.
377 2777 442 2814 35.
469 2775 526 2814 Te
547 2787 661 2819 vero,
689 2773 874 2826 Auyuste
893 2787 1006 2813 vene-

135 2829 296 2875 rabilis,
321 2830 460 2869 mattis
474 2831 648 2883 popinis
672 2831 803 2881 iisqne
822 2830 1007 2869 disertio-

135 2885 249 2925 ribus
271 2886 336 2925 illi
349 2891 664 2939 prosequentur,
685 2886 832 2938 quibus
850 2886 898 2925 id
912 2886 1006 2937 feli·

138 2942 240 2980 citer
274 2942 467 2982 Natura
498 2943 694 2982 detulerit
726 2954 797 2993 pro
831 2944 1008 2993 fortuna

136 2997 325 3037 rescribat
358 3004 532 3045 natura,·
566 2998 642 3037 hoc
672 2998 773 3036 enim
802 3002 1007 3050 utrumque

137 3053 367 3093 vocabulum
403 3056 565 3106 saepius
601 3056 636 3093 in
673 3054 776 3094 Mss.
813 3054 1006 3094 confundi.

136 3108 212 3148 Hic
234 3111 337 3149 enim
361 3111 489 3150 dicere
512 3125 685 3158 servum,
716 3110 827 3150 cuius
857 3110 1009 3151 fortuna

140 3178 213 3204 non
244 3166 410 3218 patiatur
440 3167 640 3208 historiam
670 3167 859 3215 scribere,
903 3168 1009 3220 quod

1059 1255 1111 1292 sit
1122 1253 1375 1306 ingenuorum
1387 1252 1452 1290 vel
1466 1264 1597 1291 eorum
1610 1250 1764 1295 saltem,
1790 1249 1932 1300 quibus

1058 1309 1150 1362 plus
1186 1310 1252 1348 otii
1287 1313 1328 1348 et
1363 1308 1587 1348 facultatum
1626 1309 1802 1358 fortuna
1838 1318 1931 1343 con-

1060 1366 1236 1405 cesserit.

1116 1424 1160 1461 in
1196 1422 1391 1461 historiae
1424 1421 1640 1472 specimen.
1717 1418 1933 1471 specimen

1061 1477 1176 1517 lectio
1190 1482 1295 1516 recte
1309 1491 1356 1516 se
1369 1478 1505 1522 habet,
1532 1489 1649 1527 quum
1663 1476 1714 1514 sit
1730 1486 1932 1525 argumen-

1060 1538 1139 1573 tum
1152 1535 1351 1574 historiae.
1378 1532 1537 1572 Colvius
1561 1534 1758 1583 comparat
1774 1530 1932 1569 Lucret.

1059 1591 1126 1631 IV.
1142 1595 1236 1632 210.
1258 1591 1353 1631 Hoc
1376 1592 1497 1630 etiam
1521 1589 1708 1640 inprimis
1732 1587 1934 1640 specimen

1060 1661 1193 1688 verum
1217 1661 1298 1687 esse
1321 1647 1492 1686 videtur.
1518 1646 1568 1684 V.
1599 1648 1717 1686 1360.
1751 1643 1807 1683 At
1835 1654 1932 1694 spe-

1061 1706 1106 1744 ci
1112 1718 1212 1743 men
1230 1704 1399 1742 sationis
1412 1707 1451 1742 et
1462 1703 1664 1741 insitionis
1678 1702 1812 1753 oriyo,
1833 1699 1935 1751 Ipsa

1059 1761 1148 1811 fm't
1179 1774 1314 1799 rernm
1344 1761 1524 1811 primum
1552 1763 1702 1797 natura
1734 1755 1932 1796 creatrioe.

1062 1815 1165 1854 Oud.
1191 1815 1298 1854 addit
1310 1815 1463 1853 Lucret.
1477 1814 1526 1853 V.
1544 1818 1635 1854 187.
1664 1814 1711 1853 Si
1734 1825 1816 1850 non
1839 1811 1934 1862 ipsa

1063 1873 1180 1911 dedit
1201 1873 1444 1924 specimen
1473 1875 1624 1910 reatwra
1648 1867 1839 1912 creandi,
1868 1866 1934 1905 ubi

1063 1930 1098 1967 in
1124 1927 1256 1966 multis
1280 1928 1372 1966 item
1398 1928 1571 1980 speciem
1595 1925 1744 1977 legitur.
1789 1923 1857 1962 Dr.
1883 1922 1934 1961 ad

1062 1984 1149 2023 Liv.
1163 1982 1391 2022 XXXVIII.
1409 1988 1469 2024 17.
1485 1982 1517 2033 §.
1527 1986 1592 2023 20.
1608 1982 1729 2021 Salm.
1743 1980 1795 2019 ad
1809 1978 1934 2018 Solin-

1063 2055 1100 2094 p.
1127 2044 1222 2081 430.
1249 2040 1398 2079 habeat
1422 2040 1520 2079 licet
1541 2040 1783 2090 specim-en
1806 2040 1934 2075 matu-

1063 2099 1205 2137 ritatis.
1233 2095 1400 2149 [Eadem
1414 2094 1755 2134 rationeemendat
1763 2092 1934 2131 Salmas.

1062 2153 1261 2204 Lamprid.
1293 2151 1494 2191 Commod.
1519 2166 1552 2191 c.
1579 2155 1615 2192 5.
1648 2151 1693 2190 T.
1715 2149 1746 2188 I.
1777 2162 1814 2200 p.
1838 2152 1936 2189 487.

1063 2211 1122 2250 ad
1142 2211 1306 2261 formae
1317 2210 1518 2262 specimen
1535 2221 1606 2260 pro
1623 2207 1798 2260 speciem
1811 2206 1936 2243 minus

1061 2270 1179 2305 recte.
1217 2265 1342 2304 Totus
1368 2264 1479 2304 locus
1503 2268 1706 2314 corruptus
1730 2263 1783 2300 ita
1807 2274 1936 2299 emen-

1066 2323 1220 2362 dandus
1246 2322 1395 2360 videtur
1418 2334 1529 2360 esse:
1563 2321 1658 2360 Hac
1686 2320 1819 2372 iyitnr
1845 2318 1938 2370 leye

1065 2381 1196 2419 vivens
1229 2379 1318 2430 ipse
1343 2392 1437 2418 cum
1468 2378 1657 2417 trecentis
1686 2374 1936 2418 concubinis,

1068 2450 1170 2489 quas
1205 2449 1258 2475 ex
1291 2439 1568 2474 matronarum
1600 2432 1936 2482 meretricumque

1067 2492 1230 2532 delectu
1253 2491 1311 2531 acl
1332 2493 1494 2542 formae
1516 2491 1694 2542 speciem
1720 2486 1938 2528 concivit

1064 2547 1208 2599 (Pal-at.
1217 2551 1256 2586 et
1267 2551 1342 2586 vet.
1357 2548 1473 2586 editio
1486 2547 1675 2599 praebent
1689 2542 1856 2585 concilii
1868 2542 1889 2579 i.
1899 2554 1934 2579 e.

1064 2605 1114 2644 ad
1138 2617 1184 2643 se
1209 2604 1453 2650 convocavit,
1479 2607 1518 2642 et
1535 2603 1647 2653 quasi
1667 2598 1934 2651 congregavit)

1063 2662 1336 2714 trecentisque
1377 2661 1472 2700 aliis
1505 2658 1728 2711 puberibus
1765 2654 1936 2694 exoletis

1066 2731 1167 2772 qnos
1191 2730 1323 2769 neque
1347 2729 1400 2755 ex
1419 2717 1542 2768 plebe
1562 2729 1613 2754 ac
1631 2712 1847 2753 nobilitate
1864 2724 1937 2749 nn-

1062 2779 1238 2827 ptosqne
1249 2775 1390 2826 forma
1403 2771 1696 2824 disceptatrice
1711 2768 1940 2819 colleyerot

1066 2829 1168 2880 (libri
1182 2829 1328 2869 habent
1339 2833 1572 2880 nuptasque
1591 2825 1638 2865 cf.
1653 2824 1782 2863 Plaut.
1791 2821 1936 2862 Cas.V.

1068 2891 1102 2927 1.
1119 2889 1158 2927 6.
1184 2886 1318 2926 Lubet
1333 2885 1554 2925 Chalinum
1575 2881 1682 2934 ‘qnid
1706 2884 1811 2934 ayat
1832 2879 1938 2918 scire

1064 2956 1210 2982 novum
1223 2946 1405 2993 nuptum,
1419 2941 1484 2979 ubi
1510 2939 1559 2977 cf.
1570 2938 1732 2977 Taubm.
1742 2936 1844 2975 Non.
1855 2948 1935 2975 sm.

1064 2999 1217 3039 nubere
1239 3011 1276 3049 p.
1295 3001 1385 3037 143.
1410 2995 1563 3034 Referri
1583 2997 1718 3046 potest
1730 2993 1937 3031 adzmorem

1063 3054 1257 3100 Neronis,
1295 3053 1360 3104 qui
1392 3052 1560 3105 Sporum
1596 3053 1636 3089 et
1659 3047 1938 3101 Doryphorum

1065 3111 1102 3150 in
1125 3110 1407 3150 matrimonium
1431 3107 1544 3161 quasi
1563 3107 1736 3146 duxerat.
1762 3104 1812 3145 es.
1826 3105 1937 3144 Suet.

1065 3167 1159 3207 Ner.
1185 3171 1239 3210 28
1263 3169 1304 3206 et
1327 3165 1416 3219 29.]
1453 3163 1621 3204 Temere
1643 3176 1736 3202 vero
1763 3160 1935 3206 ColviuS,
