2221 3667
243 1017 307 1049 405

337 164 419 207 436
597 165 643 205 L.
674 165 893 206 APULEII
925 163 1324 206 MADAURENSIS
1354 163 1896 205 METAMORPHOSEON

872 381 1311 430 CAPUT
1415 381 1595 428 XIII.

449 516 516 555 Sic
530 515 696 556 Arundo
716 515 883 568 simplex
903 520 941 552 et
960 513 1130 552 humana
1144 511 1336 568 Psychen)
1360 513 1620 567 aegerrimam
1641 513 1806 554 salutem
1827 527 1934 553 suam
1957 514 2134 554 docebat.

334 570 422 612 Nee
459 573 681 613 auscultatu
717 570 951 625 poenitendo
995 570 1206 622 diligenter
1240 570 1434 610 instructa
1472 570 1538 610 illa
1576 572 1766 621 cessavit,
1812 571 1879 610 sed
1918 570 2139 611 observatis

335 628 515 669 omnibus
554 628 748 669 furatrina
791 625 897 666 facili
941 626 1122 666 ssaventis
1166 627 1252 666 auri
1291 626 1453 667 mollitie
1491 634 1720 681 congestum
1759 627 1951 678 gremium
1990 626 2138 667 Veneri

335 693 522 738 reportat.
547 684 633 725 vNec
658 691 788 722 tamen
815 682 914 736 apud
940 683 1135 722 dominam
1163 683 1300 722 saltem
1328 683 1489 723 secundi
1516 683 1662 724 laboris
1690 683 1901 737 periculum
1929 684 2141 724 secundum

337 742 599 781 testimonium
627 739 788 788 meruit,
817 739 885 778 sed
912 739 1103 779 contortis
1131 739 1352 793 superciliis
1378 740 1586 780 subridens
1613 753 1788 780 amarum
1809 740 1865 780 sic
1884 740 2028 794 inquit:
2054 738 2142 779 Nec

336 811 395 837 me
423 796 607 851 praeterit
635 794 747 835 huius
775 809 928 848 quoque
956 796 1047 835 facti
1074 803 1214 836 auctor
1239 796 1499 836 adulterinus.
1552 795 1629 837 Sed
1661 797 1738 835 iam
1770 811 1874 836 nuuc
1904 811 1978 845 ego
2004 796 2140 837 sedulo

336 853 606 907 periclitabor,
637 865 686 890 an
713 851 850 905 oppido
878 852 971 891 l'orti
997 852 1128 891 auimo
1150 852 1420 906 singularique
1443 852 1648 906 prudentia
1666 852 1721 893 sis
1743 849 1943 906 praeditas
1967 852 2141 893 Videsne

334 910 581 950 insistentem
607 907 850 948 celsissimae
874 908 929 948 illi
954 909 1042 962 rupi
1068 909 1212 949 montis
1232 909 1345 949 ardui
1364 909 1574 959 verticem,
1604 910 1649 949 de
1670 923 1746 962 quo
1769 909 1888 949 fontis
1910 909 1986 949 atri
2007 910 2142 949 fuscae

335 966 508 1006 defluunt
521 965 664 1014 undae,
689 964 972 1018 proximaeque
989 965 1268 1019 conceptaculo
1283 966 1398 1006 vallis
1413 966 1588 1006 inclusae
1604 964 1767 1022 Stygias
1782 965 1949 1019 irrigant
1965 965 2141 1020 paludes,

335 1023 406 1062 et*
442 1035 578 1062 rauca
619 1018 764 1075 Cocyti
801 1021 946 1061 fluenta
985 1022 1191 1062 nutriunt?
1239 1020 1558 1078 Indidemlmihi
1595 1023 1641 1063 de
1677 1022 1819 1063 summi
1855 1023 1976 1063 sontis
2012 1021 2144 1077 penita

423 1148 586 1187 I’sychem
606 1151 641 1179 F.
666 1152 693 1179 1.
713 1152 744 1178 3.
766 1152 803 1178 D.
824 1152 860 1179 G.
880 1152 914 1179 Β.
942 1153 978 1179 ln
998 1154 1071 1179 cett.
1092 1151 1186 1179 libris
1206 1151 1271 1187 tegi
1291 1152 1421 1180 videtur
1443 1149 1605 1188 Psychen.
1632 1153 1724 1180 Certe
1738 1153 1817 1180 Oud.
1838 1151 1921 1180 nihil
1941 1151 2145 1180 diversitatis

333 1197 516 1232 adnotavit,
545 1196 610 1225 nisi
630 1196 712 1224 forte
730 1196 953 1231 negligentiae
973 1197 1103 1224 cuidam
1123 1196 1155 1225 id
1176 1197 1262 1225 velis
1282 1198 1434 1226 tribuere.
1482 1195 1627 1225 salutem
1647 1204 1711 1224 sem
1729 1196 1869 1224 docebat
1888 1199 1973 1226 lunt.
1986 1197 2018 1225 2.
2038 1204 2145 1226 errore

332 1244 582 1276 typothetarum.
632 1240 835 1268 auscultata
855 1238 884 1269 δ.
921 1240 1142 1269 aus-cullulos
1161 1243 1195 1270 O.
1234 1241 1437 1270 auscultans
1452 1244 1487 1271 G.
1502 1244 1642 1272 1’.1),π.
1691 1242 1880 1270 instructa:
1905 1241 1967 1270 illa
1986 1240 2145 1270 cessavit.

331 1289 381 1315 Ita
400 1287 589 1315 distinctum
611 1290 659 1315 est
680 1287 712 1314 in
733 1287 802 1315 edd.
823 1290 899 1315 vett.
921 1288 1071 1315 omnibus
1091 1290 1219 1322 praeter
1232 1289 1345 1316 Venet.
1363 1290 1391 1316 4.
1406 1291 1434 1316 et
1450 1289 1573 1322 Paris..
1602 1292 1633 1316 ut
1656 1291 1695 1316 ab
1711 1289 1869 1316 Beroaldo
1883 1295 1962 1316 vera
1977 1287 2143 1315 distinctio

333 1332 491 1366 proficisci
505 1332 666 1360 videatur.
702 1330 765 1358 illa
779 1333 868 1360 deest
883 1333 919 1360 P.
950 1331 1091 1359 Veneris
1105 1340 1141 1361 π.
1172 1332 1288 1360 saltim
1304 1341 1340 1361 π.
1356 1341 1385 1367 p.
1413 1331 1566 1369 peric-ula
1580 1334 1763 1361 emendavit
1780 1334 1831 1361 vir
1844 1334 1956 1361 doctus
1970 1333 2002 1360 in
2016 1333 2146 1361 vicent.

331 1384 414 1406 mea.
461 1377 649 1404 mustrmrit
671 1385 727 1411 pro
752 1377 876 1404 meruit
896 1379 931 1406 0.
981 1385 1041 1405 nec
1067 1380 1179 1404 tamen
1201 1379 1373 1414 praeterit
1400 1386 1449 1404 me
1469 1380 1504 1407 Ο.
1538 1378 1722 1414 praeteriit
1750 1380 1786 1407 G.
1806 1380 1843 1408 D.
1877 1376 2082 1414 peric-litabo
2108 1378 2144 1405 B.

333 1421 562 1450 celsitudinem
583 1424 620 1451 R.
642 1423 663 1451 f.
714 1421 782 1449 alli
800 1430 854 1457 pro
874 1421 980 1450 ardui
996 1424 1030 1452 Ο.
1079 1421 1197 1457 fulc-ue
1217 1432 1273 1457 pro
1285 1423 1415 1462 fuscae
1437 1424 1550 1452 venet.
1573 1425 1602 1452 2.
1651 1421 1820 1458 drflnenle
1845 1422 1935 1451 nuda
1961 1432 1977 1451 e
2003 1424 2038 1452 G.
2060 1424 2146 1451 male

331 1469 452 1497 excitat
468 1469 548 1496 oud.
563 1468 606 1496 ini
622 1471 669 1496 est
685 1465 838 1504 defluunt
851 1466 947 1495 unde.
979 1469 1221 1506 pron-itumque
1235 1470 1348 1497 Venet.
1359 1471 1388 1497 2.
1407 1472 1441 1497 ln
1457 1473 1531 1497 cett.
1546 1470 1615 1498 edd.
1632 1470 1796 1498 veteribus
1811 1469 2146 1505 extatprotimeque.

332 1513 465 1540 inclusa
478 1514 515 1541 F.
529 1514 559 1541 3.
576 1514 610 1542 G.
625 1514 662 1541 D.
678 1515 712 1541 0.
728 1513 749 1541 f.
777 1511 910 1540 inclusa
925 1516 974 1540 cs!
990 1514 1026 1541 F.
1046 1515 1072 1542 1.
1098 1515 1133 1542 In
1149 1517 1222 1542 cett.
1237 1514 1330 1542 libris
1345 1518 1372 1542 et
1388 1515 1458 1543 edd.
1474 1512 1636 1542 ins-lusae.
1681 1513 1836 1550 pulludes
1851 1516 1890 1543 Ι).
1933 1521 2050 1551 pauca
2063 1516 2146 1542 Mss.

332 1562 361 1587 et
381 1559 450 1586 edd.
465 1561 542 1586 vett.
568 1565 689 1587 omnes.
704 1559 844 1586 Vulcau.
866 1560 947 1587 Etm.
963 1559 1065 1588 Scriv.
1082 1559 1165 1587 Prie.
1182 1559 1303 1587 Florid.
1324 1561 1437 1588 U'ass.
1452 1561 1531 1587 oud.
1554 1560 1649 1588 Orell.
1666 1563 1719 1588 aut
1747 1563 1936 1594 receperunt
1963 1562 2019 1588 aut
2044 1558 2148 1592 recipi

330 1605 496 1632 iusserunt
513 1611 624 1631 vocem
637 1611 758 1631 runca.
809 1602 1070 1640 Coclqsh'Paris.
1085 1604 1211 1630 concile·
1229 1613 1284 1639 pro
1302 1604 1422 1641 Cocyti
1433 1606 1469 1633 G.
1484 1607 1521 1633 D.
1536 1607 1572 1633 P.
1588 1605 1609 1634 f.
1641 1604 1795 1632 concitae
1809 1602 1838 1634 δ.
1888 1602 1971 1632 mila·
1982 1611 2046 1633 non
2060 1611 2148 1633 com—-

332 1653 422 1683 paret
439 1649 471 1677 iu
486 1650 520 1677 P.
569 1647 607 1675 de
622 1651 713 1678 abes!
729 1651 768 1678 ab
785 1650 821 1677 G.
836 1650 872 1678 P.
900 1650 954 1684 (in
968 1653 1111 1684 excerpt.
1126 1651 1166 1677 ad
1182 1658 1281 1685 marg.
1298 1651 1346 1678 ed.
1363 1649 1474 1685 Colv.)
1488 1652 1526 1679 D.
1542 1652 1577 1680 Ο.
1592 1652 1630 1679 R.
1645 1650 1668 1679 f.
1713 1651 1828 1687 petila
1847 1658 1903 1685 pro
1917 1649 2038 1687 penita
2058 1650 2094 1678 G.
2110 1650 2146 1678 P.

330 1696 370 1722 D.
385 1695 419 1723 0.
434 1696 471 1723 R.
489 1694 509 1722 s.

332 1804 474 1843 ceteris
507 1803 651 1842 Comici
684 1808 840 1843 veteres
878 1809 1020 1856 poetae
1058 1804 1208 1857 plurimi

331 1865 421 1900 sunt
452 1862 487 1899 in
526 1860 587 1899 his
627 1862 856 1912 compositis
894 1862 1130 1913 pangendis,
1168 1867 1210 1901 ut

330 1930 496 1968 magnus
512 1931 645 1955 eorum
660 1932 862 1964 numerus,
889 1932 989 1969 quae
1004 1918 1067 1956 vel
1082 1919 1209 1957 semel

330 1974 395 2012 vel
425 1974 527 2025 apud
561 1988 632 2012 eos
662 1975 932 2013 tantummodo
959 1976 1211 2026 reperiuntur,

331 2031 547 2070 enumerari
571 2035 721 2083 posset.
772 2032 855 2071 Sed
880 2031 970 2070 mihi
997 2032 1140 2071 sufficit
1166 2047 1214 2072 ea

331 2101 577 2134 enumerare,
604 2101 706 2139 quae
724 2093 790 2127 aut
803 2089 974 2140 Apuleio
989 2093 1055 2127 aut
1069 2091 1208 2128 ceteris

332 2159 417 2184 cum
433 2158 480 2183 eo
490 2143 601 2183 Afris
616 2145 828 2196 singularia
842 2150 943 2184 sunt.
964 2145 1012 2185 ef.
1028 2146 1124 2185 Met.
1140 2145 1208 2184 XI.

331 2216 367 2254 p.
407 2206 501 2243 769.
538 2203 670 2241 soccis
708 2202 937 2249 obauratis,
969 2203 1033 2241 ubi
1073 2217 1210 2242 omnes

332 2259 444 2297 codd.
460 2260 719 2297 consentiunt.
733 2258 829 2297 Met.
839 2259 1057 2311 IX.p.613.
1075 2260 1211 2299 obbla-

331 2316 491 2360 teratis,
528 2319 569 2353 ut
599 2329 621 2352 e
653 2316 755 2353 nube
782 2317 970 2354 variarum
1003 2317 1212 2355 lectionum

333 2371 544 2423 legendum
578 2385 672 2410 esse
698 2372 857 2411 videtur.
906 2373 1027 2425 Apol.
1054 2386 1089 2424 p.
1116 2377 1210 2414 568.

331 2429 476 2469 ”mlier
513 2429 737 2468 obcantata
774 2430 861 2468 sine
903 2430 983 2468 ulla
1029 2430 1210 2469 lectionis

333 2485 943 2537 discrepantiaMet.Vlll.p.530.
957 2487 1210 2534 obnubilare,

334 2543 438 2594 quod
459 2546 664 2594 praeterea
683 2543 787 2593 apud
803 2543 971 2581 Gellium
988 2548 1026 2581 et
1040 2544 1212 2583 Ammia-

334 2613 422 2637 num
448 2598 627 2638 Marcell.
655 2603 771 2638 extat.
818 2599 873 2637 lta
898 2600 1057 2639 defendi
1083 2601 1213 2652 possit

333 2656 429 2695 Met.
447 2655 513 2694 lX.
529 2669 565 2707 p.
582 2659 674 2696 637.
703 2656 950 2701 abominata,
971 2657 1044 2696 sed
1074 2658 1208 2708 optimi

335 2713 493 2752 codices
510 2712 641 2762 legunt
656 2713 911 2759 αὸοηιίηαίας
927 2714 1044 2764 Apol.
1060 2728 1096 2765 p.
1113 2719 1207 2755 525.

335 2771 614 2809 obruclantem
628 2769 723 2807 Met.
739 2769 807 2808 Xl.
823 2783 858 2821 p.
870 2774 962 2811 768.
993 2771 1209 2810 obsz‘bt'lan-

334 2831 420 2865 tem.
448 2825 566 2877 Apol.
583 2841 619 2878 p.
635 2829 727 2867 593.
745 2826 940 2866 obsternit
958 2827 1046 2865 ibid.
1063 2842 1098 2879 p.
1115 2832 1208 2869 505.

336 2883 593 2921 obtinnirent.
616 2883 712 2921 Met.
729 2882 812 2921 th.
834 2897 870 2934 p.
890 2884 987 2924 493.
1021 2884 1210 2924 obverbe-

334 2953 441 2978 rans.
468 2936 563 2977 Met.
580 2938 626 2977 ll.
642 2953 678 2990 p.
700 2943 787 2980 109.
805 2941 1012 2980 obunctus.
1038 2940 1093 2978 lta
1108 2941 1212 2992 apud

337 2995 562 3034 Tertullian.
607 2997 763 3034 advers.
806 2997 995 3035 Marcion.
1040 2996 1107 3035 [Υ.
1146 3002 1210 3037 31.

334 3065 371 3102 p.
406 3056 497 3091 448.
536 3053 582 3091 A.
616 3052 760 3104 Rigalt.
801 3054 870 3092 Illi
914 3054 1211 3094 obaemulati

334 3114 427 3147 sunt
456 3122 515 3147 me
547 3110 587 3147 in
613 3124 695 3148 non
726 3110 814 3148 Deo
845 3116 886 3149 et
914 3110 1032 3162 paulo
1058 3116 1149 3161 post
1175 3117 1213 3150 et

336 3178 414 3216 eyo
431 3180 452 3202 o
465 3165 782 3205 baemulabor
802 3181 868 3206 eos
882 3169 924 3205 ίη
939 3167 1211 3206 ηοηΝαίῖοηε

1268 1807 1357 1845 ibid.
1390 1820 1427 1858 p.
1454 1806 1499 1845 11.
1533 1821 1563 1845 c.
1595 1811 1657 1847 12.
1689 1820 1725 1857 p.
1753 1810 1846 1847 388.
1873 1806 1918 1845 Β.
1952 1806 2147 1845 ἰιιείἰίἱανη

1270 1866 1496 1916 offusces
1533 1863 1582 1901 de
1613 1863 1836 1902 Resurrect.
1871 1862 2005 1901 Carnis
2043 1875 2077 1901 c.
2107 1865 2143 1902 7-

1269 1934 1308 1972 p.
1336 1924 1428 1960 329.
1456 1920 1506 1958 D.
1539 1934 1588 1959 ne
1613 1925 1790 1973 arqenio
1823 1933 1987 1972 quoque
2013 1918 2145 1957 obla-

1273 1990 1421 2029 quees
1446 1976 1496 2014 de
1521 1975 1622 2014 Pati.
1650 1977 1715 2015 tv,
1740 1990 1776 2028 p.
1796 1980 1873 2017 116
1901 1976 1942 2014 C.
1969 1976 2022 2014 de
2050 1975 2145 2015 Cae-

1272 2034 1431 2072 sarIb‘us
1458 2033 1702 2086 quibusdam
1726 2033 1896 2073 vestibus
1922 2032 2145 2072 obmussi-

1269 2095 1369 2128 tent
1401 2093 1440 2127 et
1465 2089 1514 2127 de
1541 2090 1668 2128 Anim.
1700 2094 1761 2130 18.
1793 2103 1832 2141 p.
1860 2094 1954 2131 276.
1981 2088 2030 2128 D.
2081 2087 2146 2127 An

1268 2161 1349 2185 non
1366 2151 1517 2198 poetae
1537 2147 1638 2186 haec
1656 2146 1773 2185 nobis
1791 2160 1946 2199 semper
1973 2146 2146 2185 obmus-

1269 2203 1462 2255 simut]

1329 2259 1416 2298 Csr.
1438 2259 1542 2299 Xlll.
1582 2275 1711 2300 rauca
1737 2260 1882 2313 Cocyti
1901 2261 2055 2313 fluenta
2076 2272 2146 2297 mc-

1272 2318 1411 2356 trimzt.
1463 2316 1612 2368 [Mirus
1650 2321 1714 2355 est
1750 2318 1920 2355 omnium
1957 2314 2070 2354 codd.
2109 2319 2147 2352 et

1270 2373 1358 2412 edd.
1386 2386 1607 2411 consensus
1632 2374 1668 2411 in
1700 2387 1816 2412 voce:
1843 2387 2008 2425 pauca,
2047 2384 2148 2423 quae

1270 2430 1415 2468 nullam
1464 2431 1697 2468 sententiam
1747 2431 1920 2481 praebet.
1983 2428 2146 2479 Lipsius

1272 2487 1495 2525 emendavit
1537 2501 1665 2527 rauca
1710 2500 1877 2538 eumque
1919 2486 1970 2524 ad
2013 2488 2148 2523 nostra

1269 2556 1399 2594 usque
1419 2548 1593 2596 tempora
1612 2557 1748 2581 omnes
1770 2545 2002 2595 interpretes
2022 2542 2146 2579 secuti

1271 2606 1375 2640 sunt.
1413 2601 1493 2639 Sed
1515 2600 1696 2638 nonnulla
1721 2601 1897 2640 obstant.
1925 2612 2026 2650 quae
2046 2598 2147 2637 hanc

1268 2659 1526 2696 coniecturam
1552 2657 1705 2695 minime
1731 2657 1989 2707 comprobare
2007 2668 2079 2694 nos
2098 2655 2148 2692 si-

1268 2719 1372 2753 nunt.
1423 2713 1593 2753 Primum
1619 2715 1718 2752 enim
1747 2727 1823 2751 vox
1848 2726 1998 2752 raucus
2026 2711 2149 2750 tritior

1269 2776 1348 2816 est,
1387 2784 1502 2821 quam
1530 2784 1630 2821 quae
1656 2784 1678 2808 a
1715 2769 1880 2807 librariis
1917 2773 1996 2807 tam
2027 2780 2147 2820 prave

1269 2828 1438 2880 potuerit
1469 2827 1670 2879 eorrumpi.
1721 2826 1808 2864 Hoc
1844 2826 1945 2864 enim
1983 2824 2147 2876 intelligi

1269 2888 1421 2937 potest,
1449 2898 1585 2922 vocem
1610 2884 1673 2922 hic
1697 2884 1730 2921 in
1751 2886 1859 2920 textu
1874 2882 2018 2927 fuisse.
2045 2893 2149 2933 quae

1271 2945 1426 2994 captum
1452 2942 1688 2979 librariorum
1708 2940 1925 2991 superavit,
1951 2938 2071 2977 multo
2091 2950 2147 2975 ra-

1270 3000 1420 3037 riorem.
1471 2997 1627 3037 Deinde
1658 2997 1692 3034 iu
1718 2996 1827 3033 vocis
1855 2996 1979 3047 ipsius
2004 2993 2146 3046 signifi-

1272 3057 1423 3093 catione
1451 3054 1619 3092 ofl'endo.
1647 3052 1891 3103 Quamquam
1918 3052 2019 3090 enim
2045 3052 2148 3089 bene

1270 3113 1367 3157 scio,
1393 3125 1543 3151 raucus
1568 3111 1616 3148 de
1642 3122 1743 3159 aqua
1770 3113 1808 3146 et
1832 3108 2051 3147 fluminibus
2071 3107 2145 3145 dici

1271 3173 1309 3206 et
1335 3169 1459 3219 ipsam
1482 3169 1618 3218 Stygis
1645 3166 1827 3203 nominari
1846 3167 2001 3218 fluenta
2015 3178 2146 3204 rauca
