2155 3590
618 165 620 167 ’
647 161 835 204 mnu-R
852 162 934 204 Χῖ.
980 162 1122 203 cM).
1147 145 1267 204 xlx.

1777 157 1887 201 1057

88 269 310 312 iamdudum
350 272 607 326 destinatum,
652 288 756 316 nunc
794 275 936 317 'saltem
974 275 1163 318 censebat
1202 274 1382 316 initiari.=-
1428 273 1485 314 At
1532 259 1615 326 ego⁴
1653 284 1887 326 quamquam

90 327 261 382 cupienti
285 328 491 370 voluntate>
513 331 732 385 praeditus,
758 338 890 373 tamen
915 331 1104 386 religiosa
1134 330 1342 372 formidine
1367 329 1621 379 retardabar,
1649 329 1752 382 quod
1782 328 1887 368 enim

89 386 225 425 sedulo
255 393 603 440 percontaveram,
637 388 786 428 difficile
816 388 1021 442 religionis
1054 388 1305 442 obsequium,
1345 392 1383 428 ct
1413 385 1734 428 castimoniorum
1766 384 1887 425 absti-

88 509 130 528 αι·
143 509 200 539 ego
215 499 244 531 δ.
291 501 500 531 retardabar
518 505 554 534 F.
574 505 605 533 3.
626 514 659 538 φ.
683 507 799 534 Incert.
819 505 958 534 Sci-iver.
977 512 1081 539 neque
1101 504 1225 534 veroin
1243 505 1327 532 Elm.
1348 503 1502 542 editione,
1528 506 1562 531 ut
1581 503 1660 531 Oud.
1681 502 1827 538 adnotat,
1853 501 1888 528 in

88 554 154 580 qua
166 546 340 575 renitebar
352 552 413 578 est.
437 549 580 577 relabar
594 551 631 579 F.
647 552 676 580 1.
690 552 727 579 G.
741 551 779 579 P.
789 550 829 578 D.
844 550 865 579 f.
890 549 1077 578 recreabar
1090 549 1126 579 11.
1151 547 1358 577 retrahebar
1370 549 1406 577 Ο.
1420 556 1455 576 π.
1465 570 1473 586 ,
1498 550 1580 582 quod
1599 549 1678 577 Oud.
1693 554 1770 582 prae
1783 546 1888 574 omni-

87 594 148 621 bus
161 593 285 626 placuit
299 596 328 622 et
342 601 362 622 a
374 595 503 623 Ruhnk.
517 595 551 624 in
566 598 654 623 textu
668 595 807 629 positum
819 598 884 632 est3
907 594 1082 622 retinebar
1094 596 1206 623 WoW.
1219 594 1305 623 Pric.
1319 601 1361 622 ex
1373 593 1519 628 scioppii
1532 593 1728 621 coniectura.
1763 590 1888 618 renite-

87 635 149 664 bat
160 634 190 666 δ.
214 640 251 666 In
265 641 337 667 cett.
351 638 535 668 renitebar.
583 638 664 677 quid
675 640 760 667 enim
774 649 804 675 p.
847 643 1156 677 percunccaceram
1169 642 1251 669 lunt.
1268 641 1297 668 1.
1315 639 1386 678 ΑΜ.
1399 639 1514 666 Venet.
1529 639 1560 667 2.
1607 635 1888 664 eastinmm‘armn

86 682 208 711 Florid.
226 687 341 712 contra
358 691 468 713 omnes
487 685 579 714 codd.
598 689 630 714 et
649 686 719 714 edd..
766 684 955 713 absentiam
968 683 1004 715 L.
1019 687 1054 714 G.
1063 687 1123 723 .P.,
1146 692 1244 719 quam
1263 685 1399 713 eandem
1417 683 1601 718 scripturae
1618 683 1811 711 varietatem
1824 681 1889 710 iam

87 781 228 821 ceteris
246 782 372 821 codd.
403 787 537 835 aperte
569 785 812 835 probaretur,
849 797 956 834 sper-

87 837 256 876 nendum
286 853 362 878 non
393 844 516 878 esset.
569 841 732 881 Ieiunas
762 839 839 878 hoc
868 840 954 878 loco

88 907 323 946 quamquam
348 896 490 934 dictum
514 900 579 935 est
609 896 792 936 inusitata
810 896 957 947 signifi-

89 952 258 998 catione,
282 955 326 990 ut
346 966 460 991 unum
474 956 620 993 tantum
636 952 835 991 Ciceronis
849 952 955 992 Orat.

87 1011 152 1048 40.
162 1008 385 1059 exemplum
396 1009 683 1059 quodammodo
699 1009 862 1047 conferri
870 1022 961 1060 pos-

87 1064 154 1102 sit:
185 1066 380 1106 teiunas
404 1067 535 1118 iyitur
572 1066 691 1106 lautus
721 1066 961 1117 niultiplicis

88 1122 290 1161 orationis
308 1135 431 1162 aures
449 1123 629 1161 ciuitatis
654 1123 895 1174 accepimus,
921 1126 961 1160 et

88 1179 305 1216 accuratius
313 1178 468 1217 Lucret.
478 1177 522 1216 ΙΙ.
533 1182 626 1219 844.
639 1192 823 1230 corpora
836 1191 959 1218 succo

84 1234 265 1279 ieiuna,
291 1238 420 1273 tamen
446 1248 517 1273 nec
540 1234 640 1274 haec
663 1233 870 1272 insolentia
895 1244 958 1272 no-

85 1291 202 1329 tionis
228 1305 300 1329 nec
330 1290 568 1329 librariorum
599 1292 864 1329 aberrationes
891 1291 958 1328 cri-

85 1347 203 1384 ticum
228 1347 375 1385 debent
399 1347 601 1392 inducere,
619 1351 660 1385 ut
683 1347 798 1385 aliam
824 1359 959 1385 vocem

85 1411 159 1453 pro‘
179 1403 340 1453 vuigata
363 1402 602 1441 substituere
624 1403 777 1454 tentet]

142 1459 406 1498 retardabar.
462 1459 707 1505 Itenitebar,
741 1459 844 1509 quod
876 1459 958 1510 plu-

83 1515 204 1554 rimae
228 1515 319 1556 edd.
345 1515 499 1554 mirifice
519 1516 725 1567 amplexae
743 1519 845 1561 sunt,
873 1515 959 1553 ferri

88 1582 163 1611 non
178 1575 313 1624 potest
334 1572 368 1610 in
383 1570 525 1618 Luci0,
552 1572 734 1624 cupienti
754 1571 960 1611 voluntate

83 1627 293 1681 praedito.
341 1628 523 1673 Brantius
559 1628 793 1667 emendabat
827 1629 958 1679 refra-

84 1684 241 1738 9a‘bar,
267 1688 307 1724 et
319 1683 422 1724 Oud.
443 1684 692 1736 praeferebat
709 1684 959 1730 retrahebar,

86 1752 163 1793 quo
175 1742 349 1794 optimos
356 1753 536 1793 quosque
550 1742 711 1793 saepius
723 1753 822 1779 usos
838 1741 960 1778 fuisse

85 1798 368 1850 significatione
409 1799 633 1838 revocandi
680 1797 958 1849 pronuntiabat.

86 1853 173 1907 Ego
207 1863 258 1893 ex
290 1853 449 1907 optimis
482 1853 615 1902 codd„
648 1853 799 1906 quive}
826 1857 960 1905 aperte

85 1911 139 1950 ita
163 1912 336 1950 scribunt
358 1911 420 1949 vel
446 1910 623 1962 vestigiis
649 1911 876 1962 scripturam
907 1910 959 1947 in-

87 1967 267 2020 digitant,
299 1967 392 2021 dedi
422 1967 681 2014 retardabar,
719 1967 824 2018 quod
854 1966 958 2015 idem

87 2023 227 2076 legitur
251 2024 349 2064 infra
373 2039 410 2077 p.
437 2028 529 2065 813.
562 2023 621 2063 ad
649 2025 766 2063 istum
795 2023 959 2063 modum

87 2082 313 2134 desponsus
344 2082 472 2121 sacris
501 2085 732 2133 sumptuum
764 2080 958 2119 latinitate

87 2143 235 2178 contra
259 2143 393 2178 votum
417 2150 544 2176 mcum
568 2136 878 2176 retardabar.

146 2196 261 2248 quod
297 2196 413 2235 enim.
460 2192 562 2232 Pith.
600 2205 803 2245 perperam
839 2192 960 2231 habet

89 2251 193 2305 qaid
212 2250 325 2291 enim.
373 2249 462 2290 Non
483 2250 585 2300 cepit
596 2250 713 2289 etiam
732 2249 833 2288 hanc
851 2248 958 2287 locu-

86 2309 232 2352 tionem
246 2307 454 2353 Pricaeus,
479 2310 622 2358 postea
641 2306 873 2358 cogitatione
893 2305 958 2345 ad-

85 2364 254 2404 dendum
281 2368 389 2403 ratus
412 2363 695 2402 inaudt’ceram
715 2362 776 2400 vel
802 2362 958 2401 didice-

84 2434 185 2461 ram.
235 2417 451 2473 Sequentia
464 2423 601 2458 cuncta
613 2419 784 2471 pendent
805 2432 826 2456 e
838 2418 958 2457 verbo

83 2482 436 2531 percontaveram.
471 2474 534 2514 Ex
558 2475 743 2527 loquendi
759 2488 834 2514 usu
853 2474 959 2526 Apu-

88 2534 215 2574 leiano
250 2534 366 2587 quoti
397 2534 500 2572 enim
530 2531 623 2571 nihil
648 2535 727 2577 est,
759 2531 832 2571 nisi
860 2545 959 2584 quo-

84 2593 214 2638 niam,
251 2589 505 2644 siquidem,
545 2589 701 2643 quippe
732 2590 801 2642 qui
837 2589 884 2627 cf.
911 2587 961 2627 ad

84 2646 185 2688 Met.
211 2644 345 2699 IX.'p.
372 2649 466 2687 615.
504 2646 639 2700 quod
674 2646 794 2684 enim
828 2644 961 2685 rebar.

86 2700 216 2744 Minor
242 2704 437 2742 distinctio
467 2705 632 2754 ponatur
659 2705 751 2753 post
773 2701 958 2741 retarda-

88 2762 174 2808 bar,
198 2769 317 2813 'quum
343 2759 531 2813 plurimae
555 2757 643 2797 edd.
668 2756 875 2797 maximam
893 2770 960 2809 po·

85 2818 246 2858 suerint.
300 2814 344 2855 ld
380 2816 481 2854 enim
516 2815 793 2855 sententiarum
834 2826 960 2854 nexus

86 2873 274 2927 postulat.

139 2935 494 2984 percontaveram.
520 2927 585 2981 [cf.
606 2927 727 2967 Voss.
742 2925 959 2969 Aristarch-

89 2985 135 3026 T.
161 2985 207 3026 11.
232 2999 270 3039 p.
297 2990 390 3028 770.
416 2984 569 3038 Eckst.]
734 3027 738 3030 .

147 3044 482 3084 castimoniorum
505 3041 799 3081 abstinentiam.
835 3039 962 3080 Casti-

89 3100 317 3140 monz'arum
340 3094 525 3139 Floridus
551 3097 658 3136 dedit
675 3100 807 3136 contra
825 3109 962 3135 omnes

89 3157 203 3196 codd.
230 3160 269 3195 ct
293 3156 384 3196 edd.
410 3155 467 3208 [et
491 3159 623 3195 contra
648 3153 781 3194 Gloss.
806 3151 962 3198 Philox.

1014 787 1120 835 p.35.
1130 783 1410 823 castimoniam
1417 779 1561 832 ἁγνειας
1581 780 1715 819 Gloss.
1725 779 1790 819 Gr.
1798 778 1888 825 Lat.

1014 853 1052 891 p.
1068 843 1160 881 308.
1187 839 1466 880 castimoniam
1484 835 1631 889 ἁγνείας
1662 835 1800 876 Gloss.
1816 834 1889 886 Cy-

1013 896 1087 935 rill.
1102 910 1138 947 p.
1154 899 1248 937 364.
1269 893 1396 947 ἁγνεία
1411 896 1578 938 castitas
1597 893 1888 939 castimoniam.

1015 952 1103 991 Nec
1122 952 1310 994 ‚inducere
1335 965 1423 990 eum
1449 949 1640 996 debebat,
1672 949 1778 1000 quod
1802 947 1889 987 aliis

1020 1009 1120 1047 locis
1152 1010 1312 1047 alteram
1344 1007 1653 1046 terminationem
1694 1004 1890 1057 Apuleius

1019 1064 1220 1117 praetulit,
1249 1068 1291 1103 ut
1321 1065 1418 1104 Met.
1443 1063 1546 1102 VIII.
1572 1078 1609 1115 p.
1636 1066 1729 1103 588.
1759 1075 1890 1101 sacer—

1021 1124 1163 1162 dotum
1196 1122 1455 1173 purissimam
1492 1120 1709 1159 laudantes
1747 1118 1889 1158 casti-

1018 1179 1245 1224 moniam,
1281 1181 1321 1215 et
1351 1177 1450 1215 infra
1484 1189 1522 1227 p.
1556 1180 1651 1216 816.
1687 1175 1891 1214 inanimae

994 1236 1207 1285 'protinus
1233 1234 1556 1273 castimoniae
1579 1235 1718 1283 ‘layum
1739 1229 1889 1281 sabea]

1019 1290 1131 1329 Tum·
1152 1290 1254 1328 Oud.
1292 1289 1452 1337 offendit
1488 1290 1525 1327 in
1560 1289 1765 1326 verborum
1802 1300 1890 1325 con-

1020 1359 1121 1384 nexu
1141 1348 1474 1386 castimoniorum
1488 1345 1749 1389 abstinentia,
1775 1356 1890 1395 quam

1018 1403 1218 1441 difficilem
1254 1416 1349 1440 0550
1378 1405 1520 1453 negat,
1557 1402 1629 1439 sed
1662 1401 1793 1453 potius
1826 1414 1891 1438 ca·

1018 1460 1299 1498 stititoniorum
1337 1458 1665 1503 observationem,
1701 1461 1744 1495 ut
1778 1457 1890 1494 inter-

1019 1519 1190 1566 pretatur
1221 1514 1418 1553 Floridus.
1464 1514 1667 1552 Debuisse
1697 1514 1809 1564 Igitur
1839 1512 1890 1550 di-

1019 1585 1108 1610 cere
1132 1569 1360 1622 Apuleium:
1386 1571 1717 1610 castimoniorum
1740 1569 1891 1608 tenaci-

1020 1633 1157 1673 tatem,
1189 1631 1231 1665 ut
1260 1641 1299 1678 p.
1325 1630 1424 1668 766..
1453 1627 1565 1679 quod
1589 1628 1623 1666 εἰ
1646 1626 1797 1665 sedulis
1823 1626 1891 1664 ob-

1019 1685 1169 1737 sequiis
1182 1689 1221 1722 et
1231 1683 1439 1735 reliy‘iosis
1452 1684 1683 1722 ministeriis
1703 1687 1742 1721 ct
1767 1687 1843 1721 ten
1852 1697 1891 1721 a-

1021 1741 1159 1780 cibus
1195 1740 1502 1779 castimoniis
1537 1752 1680 1779 numen
1709 1742 1889 1778 nostrum

1017 1797 1303 1849 promerueris.
1351 1795 1531 1846 Hincque
1554 1799 1681 1846 putat,
1707 1807 1828 1833 voces
1854 1798 1891 1832 et

1020 1853 1352 1895 castiuwuiorum
1376 1865 1469 1890 0550
1482 1852 1665 1890 traiectas
1687 1864 1734 1889 ac
1756 1849 1890 1901 legen-

1019 1909 1128 1948 dum:
1166 1909 1344 1961 difficile
1378 1909 1597 1961 reliyionis
1633 1913 1672 1947 et
1706 1909 1890 1947 castimo-

1019 1966 1181 2005 niorum
1207 1966 1458 2017 obsequium,
1485 1965 1768 2004 abstinentiam
1792 1964 1890 2003 satis

1018 2023 1210 2070 arduam,
1246 2021 1310 2059 vel
1335 2021 1604 2073 corrigendum
1635 2025 1787 2060 castam
1811 2033 1889 2059 mo-

1018 2092 1106 2119 rum
1121 2078 1414 2118 abstinentiam.
1447 2077 1580 2130 [Licet
1592 2077 1692 2115 haec
1704 2076 1889 2128 loquendi

1017 2136 1113 2173 ratio
1140 2135 1239 2173 satis
1264 2135 1359 2172 mira
1382 2135 1446 2181 sit,
1471 2134 1566 2172 nihil
1589 2137 1718 2172 tamen
1743 2136 1889 2172 mutan-

1018 2191 1109 2230 dum
1133 2204 1229 2230 esse
1255 2204 1411 2230 censeo.
1459 2190 1549 2229 Non
1575 2194 1636 2229 est
1661 2191 1761 2229 enim
1786 2190 1889 2241 geni-

1018 2249 1120 2287 tivus
1152 2261 1267 2298 quem
1299 2247 1430 2286 dicunt
1461 2248 1620 2293 obiecti,
1657 2247 1680 2286 i.
1707 2259 1743 2286 0.
1772 2246 1889 2284 absti-

1019 2306 1166 2351 nentia,
1193 2317 1271 2355 qua
1282 2305 1489 2343 retinemur
1503 2318 1527 2343 a
1541 2303 1790 2348 castimoniis,
1815 2300 1888 2340 sed

1018 2362 1271 2408 abstinentia,
1298 2373 1398 2413 quae
1415 2361 1451 2399 in
1472 2361 1572 2412 ipsis
1590 2362 1694 2399 inest
1711 2359 1889 2398 castimo-

1019 2418 1105 2464 niis,
1131 2431 1233 2468 quae
1247 2431 1271 2456 a
1284 2419 1524 2457 castimoniis
1538 2417 1799 2469 proficiscitur.
1826 2415 1889 2453 De

1018 2487 1060 2513 re
1108 2475 1156 2514 cf.
1183 2474 1346 2514 Guthcr.
1370 2473 1420 2512 (10
1445 2473 1516 2513 Iur.
1540 2473 1685 2512 Pontis.
1710 2472 1738 2511 I.
1765 2486 1798 2510 c.
1825 2474 1889 2512 25.

1019 2531 1056 2570 in
1082 2530 1373 2571 GraeV.‘Thes.
1401 2529 1446 2570 T.
1467 2531 1516 2569 V.
1541 2544 1581 2583 p.
1606 2534 1671 2571 49.
1719 2527 1891 2568 Plurima

1019 2588 1071 2627 ad
1094 2588 1197 2626 hune
1222 2587 1351 2626 locum
1376 2587 1607 2638 pertinentia
1636 2586 1781 2624 dabunt
1804 2583 1891 2624 lntt.

1020 2644 1071 2684 ad
1105 2645 1252 2685 Arnob.
1275 2643 1323 2683 V.
1365 2647 1427 2685 16.
1464 2643 1570 2697 apud
1604 2640 1728 2681 Orell.
1765 2640 1812 2680 T.
1842 2639 1890 2679 ll.

1018 2712 1056 2754 p.
1076 2704 1157 2743 296
1172 2714 1252 2751 sq„
1277 2700 1342 2739 ubi
1360 2699 1548 2740 Canterus
1563 2698 1889 2740 castimoniorum

1020 2758 1301 2798 abstinentiam
1327 2757 1496 2808 explicat
1515 2757 1677 2807 rigidam
1696 2755 1890 2793 abstinen-

1018 2817 1112 2854 tIam
1136 2814 1186 2853 ab
1212 2814 1315 2852 omni
1339 2814 1483 2853 cibaria
1505 2813 1720 2864 voluptate,
1745 2812 1794 2849 ab
1813 2810 1889 2848 ani-

1018 2871 1206 2915 malibus,
1237 2885 1262 2910 a
1289 2870 1378 2909 vino
1409 2874 1450 2908 et
1478 2869 1595 2908 simul*
1624 2883 1647 2908 a
1669 2868 1787 2906 rebus
1812 2866 1889 2906 illis

1018 2930 1297 2979 temperatum}
1317 2925 1365 2966 cf.
1380 2925 1476 2964 infra
1489 2929 1630 2978 p.803.
1645 2922 1890 2975 illuclplane

1023 2985 1181 3025 cunctis
1204 2983 1377 3023 arbitrio
1393 2983 1615 3034 praecipit,
1640 2981 1778 3019 decem
1798 2993 1890 3020 con-

1021 3041 1147 3080 tinuis
1166 3039 1250 3078 illis
1268 3038 1410 3078 diebus
1428 3038 1625 3079 cibariam
1644 3035 1892 3088 voluptatem

1023 3109 1254 3136 coercerem
1282 3108 1412 3148 neque
1441 3094 1567 3135 ullum.
1597 3093 1751 3133 (mimal
1774 3105 1892 3132 essem

1024 3158 1064 3194 et
1104 3153 1278 3195 invinius
1317 3165 1452 3197 essem,
1494 3145 1557 3188 ubi
1594 3150 1704 3202 plura·
1747 3148 1908 3197 dica1n3'

1462 3218 1516 3260 (37
