2155 3590
680 156 867 197 LIBER
890 157 962 197 IV.
1021 155 1147 196 CAP.
1171 153 1268 196 XII.
1787 151 1868 194 ‘245

83 277 230 312 tantem
265 283 311 310 ac
341 270 548 324 pendulum
585 276 625 309 et
657 269 697 309 in
724 276 931 324 prospectu
955 269 1126 323 alioquin
1157 268 1364 309 attonitum
1389 280 1575 322 praeceps
1600 266 1738 320 inegit.
1789 264 1869 318 Qui

82 334 239 381 praeter
262 327 503 367 altitudinem
528 326 685 366 nimiam
713 340 830 379 super
855 327 1056 378 quemdam
1082 325 1199 366 etiam
1228 325 1493 365 vastissimum
1519 322 1684 377 lapidem
1708 329 1869 375 propter

80 383 272 424 iacentem
313 383 492 423 recidens
532 382 538 438 Ι
576 383 774 434 perfracta
823 382 1038 435 diffusaque
1087 389 1194 423 crate
1240 387 1453 431 costarum,
1502 379 1611 419 rivos
1660 378 1865 431 sanguinis

79 453 242 480 vomens
284 439 439 489 imitus,
479 438 727 491 narratisque
763 438 875 477 nobis
914 452 1010 491 quae
1049 445 1159 491 gesta
1196 444 1312 487 sunt,
1358 451 1436 476 non
1473 436 1538 475 diu
1574 435 1770 474 eruciatus
1808 434 1867 473 η’-

79 543 230 582 aIt'oquz'n
243 552 300 579 pro
312 552 398 573 more
411 546 521 573 exulat
536 551 555 573 a
568 546 604 573 B.
653 543 840 571 arc-tonilum
855 546 890 572 G.
908 545 935 572 1.
980 551 1121 579 praeces
1135 545 1172 572 D.
1187 550 1207 572 a
1219 551 1260 571 m.
1274 551 1303 577 p.
1317 544 1375 572 sed
1387 542 1422 570 in
1433 549 1535 576 marg.
1555 547 1575 569 a
1594 548 1635 569 m.
1649 548 1675 567 S.
1691 546 1866 576 praeceps.

78 592 315 628 quaepraeter
327 591 375 618 ed.
388 590 515 618 Vicent.
531 597 599 626 qua
610 590 687 617 Bas.
706 591 732 618 1.
774 591 918 625 propter
937 587 1027 617 altit.
1049 591 1087 618 D.
1101 590 1138 617 P.
1186 588 1430 616 versetis-smum
1443 588 1482 615 D.
1496 593 1517 614 a
1529 594 1569 614 m.
1584 594 1614 620 p.
1656 587 1800 621 praeter
1812 584 1866 611 ia-

78 637 203 662 centem
221 635 258 663 F.
273 634 303 663 1.
315 636 345 663 3.
360 636 395 663 G.
414 636 439 663 1.
455 636 485 662 2.
504 636 542 663 D.
564 635 600 663 O.
618 636 656 662 R.
677 633 698 662 s.
720 631 749 662 δ.
764 642 798 663 π.
842 641 948 669 prope
961 633 996 663 B.
1012 638 1041 662 et
1055 635 1217 662 edd.ve1t.
1233 637 1359 668 praeter
1369 635 1451 661 Iunt-
1467 633 1496 658 ⁶2.
1511 637 1594 664 quae
1607 631 1866 665 habetpropter.

77 678 238 707 latentem
255 687 312 714 pro
324 678 488 706 iacentem
503 680 538 708 F.
554 681 583 708 1.
631 677 782 706 rem'dens
800 680 836 708 F.
851 680 881 707 3.
913 680 949 707 G.
965 680 994 707 ἱ).
1014 679 1052 707 Ι).
1072 680 1108 707 P.
1130 680 1164 707 0.
1212 676 1363 706 decidens
1380 678 1416 706 F.
1435 678 1462 705 1.
1480 677 1518 705 B.
1532 679 1562 704 et
1576 683 1687 704 omnes
1701 675 1771 702 edd.
1785 678 1863 704 veti.

76 727 270 752 castrorum
284 733 341 759 pro
354 727 526 752 costarum
543 724 564 754 f,
611 723 725 751 imitus
738 725 774 752 F.
792 725 819 752 1.
834 725 864 752 3.
880 725 915 752 G.
931 726 960 751 2.
974 725 1010 752 D.
1026 725 1061 752 P.
1077 725 1110 752 0.
1126 721 1154 753 ὃ,
1179 723 1326 750 ὺηηιίίιιε
1339 725 1374 751 G.
1392 724 1418 750 1.
1440 721 1599 758 primitus
1614 721 1650 748 Β.
1671 726 1781 747 omnes
1793 720 1865 748 edd.

74 773 152 798 vett.
166 770 201 798 in
213 771 358 805 margine
370 771 408 798 D.
422 777 442 798 a
455 778 495 798 m.
510 779 537 798 s.
583 769 808 806 narratisque
822 770 856 798 F.
870 770 900 797 3.
915 770 949 796 G.
966 771 994 797 1.
1010 771 1040 798 2.
1055 771 1089 798 O.
1105 771 1140 797 P.
1154 770 1193 797 D.
1217 771 1388 796 narratur
1399 769 1482 796 lunt.
1495 768 1526 794 2.
1562 767 1600 795 In
1614 769 1686 794 cett.
1705 764 1865 791 narratis

72 815 195 844 omissa
206 816 367 850 particula
381 823 453 852 que.

125 896 304 943 propter
327 892 530 930 iacentem.
581 890 708 942 [Bene
734 891 811 941 egit
824 889 938 935 oud„

75 948 138 998 qui
169 947 269 985 hanc
300 947 381 985 sere
405 947 571 985 omnium
597 947 710 986 codd.
735 947 938 985 lectionem

73 1003 189 1055 longe
209 1002 484 1054 elegantiorem
504 1017 589 1042 cum
601 1002 757 1054 vulgata
772 1003 937 1041 lectione

69 1074 208 1113 prope
227 1061 484 1098 commutavit.
533 1060 719 1105 Praeter,
741 1060 843 1110 quod
859 1073 936 1097 om-

72 1129 143 1154 nes
169 1116 249 1154 fere
272 1116 384 1154 codd.
409 1116 566 1161 habent,
590 1115 680 1154 ideo
705 1130 780 1154 non
805 1119 936 1166 potest

72 1172 325 1224 comprobari,
350 1173 439 1222 quia
458 1176 589 1218 iuxta,
611 1185 750 1224 prope
762 1176 839 1210 tum
853 1175 934 1209 tan-

69 1231 149 1266 tum
181 1228 388 1279 significat,
420 1242 534 1278 quum
563 1228 722 1265 verbum
754 1227 932 1265 motionis

68 1283 241 1322 additum
265 1288 336 1322 est.
389 1283 531 1322 Omnia
556 1285 654 1321 enirn
679 1283 717 1320 id
742 1283 933 1321 illustrant

69 1340 250 1389 exempla
281 1340 329 1378 cf.
361 1340 429 1379 Dr.
459 1340 510 1378 ad
540 1339 625 1378 Liv.
657 1337 842 1377 XXVIII.
867 1343 933 1379 42.

68 1397 99 1448 ξ.
118 1400 154 1437 3.
179 1395 395 1446 XV.11.§.
414 1396 476 1436 17.
500 1395 663 1446 Baumg.
691 1394 799 1433 frus.
827 1394 933 1433 Clav.

68 1453 175 1491 Suet.
200 1466 282 1491 ss.
307 1466 344 1504 p.
361 1457 453 1493 617.
479 1451 601 1490 Bach.
627 1451 677 1490 ad
702 1450 815 1489 Ovid.
836 1451 931 1490 Met.

67 1508 116 1548 V.
143 1512 234 1550 159.
292 1509 487 1560 Propter,
514 1508 618 1559 quod
641 1509 801 1559 saepius
827 1508 917 1560 Apu

66 1564 164 1604 leius
181 1565 380 1616 usurpavit
398 1565 483 1602 loco
504 1564 590 1603 adv.
607 1578 757 1616 prope,
779 1565 931 1615 quoties

65 1635 151 1661 cum
170 1627 340 1673 praeter
365 1625 629 1667 commutetur,
656 1621 769 1659 docet
788 1620 855 1659 Dr.
883 1622 933 1659 ad

65 1677 149 1716 Liv.
175 1677 241 1716 lv.
267 1681 331 1718 61.
356 1677 387 1728 ᾧ.
407 1682 468 1719 10.
527 1677 614 1716 Huc
638 1677 799 1723 accedit.
826 1678 931 1728 quod

63 1733 298 1773 librariorum
318 1733 418 1772 oculi
437 1737 568 1772 nostro
590 1733 674 1772 loco
694 1733 845 1772 facilius
865 1734 930 1772 de-

63 1791 137 1842 cipi
160 1794 349 1842 poterant.
375 1791 553 1842 quoniam
579 1790 680 1828 idem
701 1790 932 1830 vocabulum

62 1847 201 1885 eadem
225 1848 311 1898 ipsa
335 1846 438 1885 linea
462 1847 694 1899 praecedit]

120 1903 270 1958 diffusa
285 1909 397 1943 crate
410 1909 623 1943 costarum.
657 1902 814 1955 [Contra
826 1902 931 1942 Oud.

61 1961 190 2012 recepi
205 1959 410 1999 lectionem
425 1960 587 2014 diffusa,
603 1973 716 2010 quam
731 1958 838 1997 alteri
850 1959 930 2012 dif-

58 2018 175 2069 fissa,
196 2020 486 2068 postponerem,
505 2016 577 2054 nisi
591 2015 842 2067 praecederet
857 2017 931 2054 iam

57 2076 289 2125 perfracta,
311 2072 416 2122 quod
434 2072 536 2110 idem
554 2072 646 2109 mihi
662 2071 810 2110 videtur
823 2085 929 2110 esse.

61 2129 143 2168 sed
174 2143 248 2167 non
273 2129 401 2167 solum
424 2128 640 2180 perfractae
665 2132 773 2166 erant
797 2132 931 2166 costae

60 2189 100 2224 et
112 2185 299 2231 diffissae,
325 2184 399 2222 sed
413 2186 527 2222 etiam
545 2186 580 2223 in
600 2184 777 2223 diversas
796 2189 930 2235 partes

59 2245 218 2294 propter
237 2241 372 2293 lapsus
391 2242 563 2292 vigorem
583 2240 750 2279 diffusae
769 2246 808 2278 et
820 2254 927 2292 spar-

58 2311 149 2345 sae,
179 2302 221 2336 ut
247 2297 418 2347 undique
441 2298 602 2348 sanguis
628 2298 812 2347 cognosci
836 2310 925 2348 pos-

59 2359 133 2393 set.
181 2354 246 2393 De
270 2353 498 2392 confusione
522 2354 723 2404 utriusque
746 2354 926 2391 vocabuli

59 2410 107 2449 cs.
132 2410 200 2449 Dr.
226 2410 276 2449 ad
299 2409 384 2448 Liv.
405 2409 473 2448 lX.
489 2413 552 2450 38.
579 2410 609 2461 §.
630 2414 689 2449 15.
716 2413 755 2448 et
778 2409 923 2449 Minue.

58 2466 265 2506 Fel.XVI.
284 2466 314 2516 ᾧ.
329 2471 366 2506 4.
415 2465 473 2505 Ita
498 2466 703 2517 legendum
729 2479 822 2503 esse
848 2468 924 2504 exi-

58 2524 172 2562 stimo
199 2523 301 2575 apud
325 2520 468 2561 Minue.
494 2522 580 2560 Pel.
607 2527 719 2563 c.10.
744 2522 775 2572 Q‘.
792 2527 827 2562 7.
854 2535 923 2572 pro

60 2585 134 2619 aut
144 2585 271 2632 rupto
278 2580 558 2618 elementorum
568 2581 741 2618 omnium
751 2579 924 2630 foedere

46 2638 99 2675 „t
116 2636 278 2676 coelesti
296 2649 497 2687 compaye
515 2636 656 2681 divisa,
678 2635 781 2686 quod
794 2636 829 2672 in
843 2635 922 2673 Ms.

57 2695 181 2730 extat:
202 2693 376 2745 diffissa,
402 2705 518 2743 quum
538 2691 782 2729 antecedenti
802 2696 927 2742 rupto

58 2749 181 2799 magis
211 2749 460 2799 respondeat.
520 2747 583 2785 De
608 2753 740 2786 nostro
767 2747 852 2785 loco
878 2747 925 2786 cs.

46 2803 192 2843 .Heins.
212 2804 382 2843 Advers.
404 2803 466 2842 ΠΙ.
486 2803 512 2841 l.
533 2818 569 2855 p.
585 2808 678 2844 381.
726 2803 789 2841 De
815 2809 927 2843 crate.

0 2900 1 2905 ,
60 2859 109 2898 cf.
144 2859 270 2900 Buen.
306 2861 355 2899 ad
391 2860 568 2898 Lactant.
607 2860 656 2898 de
693 2859 798 2911 Opis.
830 2873 861 2897 c.
887 2865 923 2899 5.

59 2913 93 2964 ᾖ.
113 2919 152 2956 5.
175 2930 216 2968 p.
244 2921 363 2957 1147.
389 2917 524 2955 Savar.
558 2916 608 2954 ad
633 2916 765 2955 Sidon.
791 2916 925 2968 Apoll.

61 2969 271 3025 Ill-Epist.
300 2977 362 3014 13.
387 2987 424 3024 p.
452 2972 562 3024 215]

113 3029 220 3069 vicos
241 3031 466 3082 sanynz‘nis.
517 3028 643 3081 [ldem
666 3028 804 3080 Virgil.
830 3028 925 3067 dixit

61 3081 234 3123 Aele.
243 3089 337 3127 668.
350 3086 414 3123 ubi
428 3085 476 3124 cf.
490 3084 574 3124 lntt.
590 3087 656 3123 Sic
670 3086 777 3124 'rivus
790 3099 924 3137 (aynae

0 3139 1 3142 ’
60 3136 109 3178 tif.
131 3137 304 3181 Huschk.
336 3145 375 3179 et
397 3141 556 3180 Dissen.
589 3141 639 3180 ad
665 3140 808 3180 Tibull.
831 3140 858 3179 l.
888 3144 922 3180 1.

998 894 1076 933 28..
1101 891 1165 929 ubi
1195 889 1297 928 male
1322 888 1532 928 sollicitant
1554 888 1661 926 rivos
1687 889 1725 924 et
1748 886 1865 937 ripas

996 947 1212 985 emendant.
1261 945 1456 984 Pluralem
1476 945 1576 982 enim
1589 943 1639 981 ad
1651 941 1863 994 significan-

995 1003 1084 1042 dam
1103 1004 1180 1040 vim
1197 1004 1378 1040 maiorem
1399 1006 1438 1040 et
1455 1000 1736 1039 vehementiam
1755 1010 1862 1050 prae-

994 1059 1134 1098 tulisse
1166 1059 1315 1097 videtur
1340 1057 1518 1096 Tibullus
1550 1055 1596 1095 cf.
1630 1068 1729 1106 quos
1762 1055 1862 1092 exci-

993 1119 1049 1154 tat
1080 1115 1220 1166 XVagn.
1252 1115 1302 1152 ad
1332 1115 1440 1165 Yirg.
1472 1114 1570 1151 Aen.
1602 1111 1628 1150 I.
1654 1115 1746 1152 463.
1806 1109 1864 1148 lta

992 1171 1106 1209 Ovid.
1131 1171 1296 1209 Remed.
1322 1171 1414 1209 Arn.
1445 1173 1534 1210 194.
1561 1170 1648 1219 ipse
1668 1171 1786 1219 potes
1810 1169 1862 1204 τί·

993 1241 1059 1266 ros
1080 1227 1230 1266 ducere
1244 1227 1343 1265 lenis
1357 1240 1490 1278 aquae
1503 1225 1606 1269 dicit,
1627 1236 1862 1275 quamquam

990 1284 1150 1334 saepius
1176 1284 1282 1322 ricus
1306 1296 1440 1334 aquae
1458 1281 1645 1319 invenitur
1670 1279 1860 1330 cLHeyn.

993 1339 1043 1376 ad
1070 1339 1173 1387 Virg.
1200 1338 1282 1376 Ecl.
1308 1337 1410 1375 Ylll.
1437 1337 1520 1389 87]

1048 1397 1191 1433 inritus.
1236 1394 1361 1433 ‘Male
1390 1393 1544 1432 Ruhnk.
1576 1396 1732 1444 propter
1762 1405 1860 1430 erro-

991 1465 1072 1489 rem
1098 1451 1189 1490 edit.
1237 1450 1401 1489 Vulcan.
1417 1455 1454 1490 2.
1481 1451 1613 1489 t‘me'tus
1637 1462 1722 1486 cum
1747 1461 1860 1499 seqq.

991 1509 1174 1546 narratis
1192 1508 1323 1553 iunxit,
1350 1507 1454 1558 quod
1476 1506 1580 1544 nullo
1600 1504 1715 1543 modo
1729 1508 1861 1557 potest

992 1565 1083 1602 fieri.
1114 1564 1254 1604 lmitus
1276 1565 1377 1602 enim
1398 1568 1459 1602 est
1478 1577 1527 1601 ex
1546 1564 1622 1601 imo
1642 1566 1802 1613 pectore
1822 1565 1861 1598 et

991 1621 1275 1659 vehementiam
1307 1621 1449 1659 indicat
1478 1620 1678 1669 sanguinis
1706 1631 1754 1655 cx
1778 1621 1859 1654 toto

991 1690 1152 1728 corpore
1177 1677 1381 1723 effluentis,
1408 1681 1446 1714 et
1467 1677 1631 1715 animam
1651 1675 1763 1725 quasi
1781 1688 1844 1712 mo

988 1733 1137 1772 ribundi
1169 1747 1304 1772 secum
1335 1734 1548 1771 educentis.
1608 1731 1716 1769 Idem
1747 1743 1858 1768 voca-

990 1790 1121 1828 bulum
1143 1790 1337 1829 Stewech.
1363 1789 1466 1827 male
1492 1789 1656 1827 vindicat
1682 1787 1768 1826 loco
1788 1787 1859 1824 Ar-

990 1847 1077 1885 nob.
1102 1847 1151 1885 V.
1177 1860 1210 1885 c.
1234 1851 1295 1887 10.
1322 1846 1366 1886 T.
1384 1845 1430 1885 II.
1456 1860 1492 1897 p.
1514 1849 1606 1885 285.
1632 1843 1769 1883 Orell..
1795 1844 1858 1881 ubi

989 1907 1116 1941 tamen
1139 1903 1346 1953 legendum
1373 1916 1466 1940 esse
1486 1915 1651 1940 censeo:
1683 1901 1858 1939 tonitrus

984 1961 1150 2012 patrios
1175 1961 1255 1998 iam
1278 1960 1462 2012 muyc'ens
1480 1959 1735 2010 imitatusque
1753 1959 1856 2008 refe-

989 2016 1104 2054 rebat
1127 2017 1148 2053 i.
1176 2029 1208 2053 e.
1235 2015 1498 2054 adsimilatos.
1553 2013 1706 2052 Eodem
1730 2026 1857 2050 errore

990 2071 1139 2110 laborat
1169 2072 1280 2110 locus
1310 2071 1424 2110 Mart.
1458 2070 1609 2122 sapeil.
1634 2069 1680 2108 11.
1706 2069 1856 2119 §.13st

989 2141 1024 2178 p.
1055 2132 1145 2169 189.
1170 2123 1300 2180 Kopp'.
1327 2128 1390 2165 ubi
1416 2128 1528 2165 codd.
1556 2127 1706 2177 legunt:
1738 2126 1855 2164 Post-

990 2198 1110 2236 quam
1139 2186 1269 2236 iyitur
1298 2184 1412 2223 illam
1443 2183 1766 2223 bibh'otlaeecalem
1792 2195 1856 2221 co-

982 2241 1097 2292 piam
1122 2242 1225 2280 nixa
1250 2242 1427 2280 imItatus
1452 2242 1570 2291 virgo
1595 2239 1757 2294 effudit,
1789 2238 1853 2276 ubi

985 2295 1148 2336 Pontan.
1167 2299 1299 2336 imitus
1312 2297 1487 2343 coniecit,
1509 2296 1614 2347 quod
1627 2296 1756 2334 statim
1770 2308 1854 2345 pro-

983 2353 1130 2398 barem,
1149 2354 1182 2391 si
1202 2358 1293 2404 post
1313 2355 1430 2405 ciryo
1444 2357 1553 2392 esset
1564 2353 1705 2405 posita.
1741 2351 1855 2389 Nunc

984 2409 1165 2460 equidem
1186 2410 1369 2448 emendo:
1400 2411 1735 2455 nioeamimz'tans3
1766 2420 1855 2445 nam

983 2471 1189 2518 pepererat
1214 2468 1325 2517 quasi
1349 2467 1425 2504 hos
1447 2467 1566 2505 libros
1587 2468 1626 2503 et
1643 2469 1685 2503 ut
1702 2467 1855 2516 partum

982 2524 1017 2560 in
1044 2523 1168 2561 lucem
1195 2522 1397 2562 effuderat.
1445 2522 1498 2562 Ut
1515 2524 1627 2573 igitur
1646 2521 1854 2572 parturien-

980 2583 1043 2617 tes
1072 2583 1194 2618 totum
1221 2578 1367 2618 foetum
1391 2582 1427 2618 in
1456 2581 1582 2618 lucem
1605 2578 1774 2624 mittunt3
1799 2577 1853 2615 ita

981 2633 1851 2687 quoquephilosophiamriishumanaescien-

983 2692 1062 2730 tiae
1080 2692 1292 2743 disciplinis
1314 2693 1472 2742 gravida
1490 2693 1603 2730 nixae
1620 2690 1760 2729 similis
1773 2703 1836 2727 om

985 2749 1047 2786 nia
1066 2748 1211 2788 effudit.
1259 2747 1398 2786 Possis
1413 2749 1528 2786 etiam
1548 2750 1674 2787 niceae
1693 2747 1851 2785 imitata

983 2805 1185 2856 corrigere.
1218 2804 1364 2843 Melius
1378 2804 1480 2856 apud
1490 2804 1633 2842 Minue.
1648 2801 1849 2841 Fel.XX1.

983 2862 1013 2912 ᾧ.
1030 2865 1081 2902 10
1096 2891 1107 2906 ,
1126 2861 1192 2900 uhi
1210 2861 1328 2899 hodie
1349 2861 1498 2911 legunt:
1524 2865 1562 2899 et
1583 2859 1851 2913 Corybantum

983 2918 1188 2971 cymbalis,
1212 2932 1262 2957 ne
1277 2923 1401 2969 pater
1419 2918 1567 2956 multat
1584 2917 1755 2969 rayitus,
1776 2918 1849 2954 tin-

982 2975 1088 3013 nitus
1124 2974 1295 3013 eliditur
1330 2974 1530 3012 restituas:
1574 2978 1612 3012 et
1645 2972 1685 3012 C.
1718 2972 1847 3025 cymb.

981 3043 1032 3068 ne
1052 3035 1177 3082 pater
1202 3031 1362 3076 anthat,
1390 3031 1553 3082 eayitus
1575 3030 1710 3068 imitus
1734 3029 1849 3068 elidi-

982 3091 1048 3125 tur
1059 3087 1083 3125 i.
1098 3100 1132 3124 e.
1143 3087 1336 3139 funditus
1348 3087 1475 3138 plane
1488 3087 1724 3138 infirmatur.
1751 3084 1847 3123 cod.

981 3141 1100 3181 habet
1125 3143 1247 3182 initus
1285 3143 1470 3190 additum
1496 3142 1543 3181 ef.
1577 3141 1689 3194 Lips.
1722 3141 1847 3179 Elect.

1891 381 1957 416 26ss
