2155 3590
645 150 832 192 LIBER
860 151 936 193 Χῖ.
994 151 1113 192 CAP.
1145 149 1292 193 XXV.
1755 151 1865 196 1079

79 262 251 304 cohibes.

311 260 371 304 Te
401 264 531 318 superi
561 263 714 315 colunt,
741 264 955 306 observant
976 265 1117 316 inferi,
1149 272 1192 306 tu
1214 272 1324 306 rotas
1349 264 1505 316 orbem,
1531 264 1699 306 luminas
1724 264 1863 318 solem,

77 319 185 374 regis
215 320 420 371 mundum,
455 320 582 361 calcas
612 320 840 362 Tartarum.
900 319 991 362 Tibi
1022 322 1259 376 respondent
1281 321 1432 372 sidera,
1454 320 1462 378 Ι
1483 322 1648 362 redeunt
1672 329 1863 375 tempora,
1890 330 1989 371 [2701

79 377 252 430 gaudent.
291 377 472 428 numina,
516 378 696 418 serviunt
731 378 938 419 elementa.
1009 377 1097 418 Tuo
1132 386 1230 418 nutu
1277 378 1429 430 spirant
1464 378 1642 428 flamina,
1686 379 1868 419 nutriunt

83 432 92 488 Ι
112 432 260 484 nubila,
289 434 511 487 germinant
530 434 694 484 semina,
723 441 906 474 crescunt
929 434 1122 489 germina.
1156 435 1280 474 Tuam
1300 433 1542 475 maiestatem
1562 434 1867 489 perhorrescunt
1890 443 1956 476 808

77 570 233 600 cohibens
247 572 270 602 f.
316 570 495 602 luminaris
508 582 530 601 α
543 573 612 602 sole
625 574 835 604 Rittershusii
849 578 898 603 est
911 574 1109 612 emendatio,
1130 581 1230 609 quam
1243 574 1328 603 Mod.
1343 575 1383 603 ad
1397 581 1497 609 marg.
1510 575 1560 603 ed.
1573 574 1663 604 Colv.
1678 574 1865 612 adscripsit,

77 619 241 646 Nvasseus
253 625 329 646 vero
343 620 436 653 quasi
449 621 518 648 cod.
531 620 567 649 P.
580 620 751 648 lectionem
762 620 924 656 enotavit,
945 627 987 648 ex
999 621 1109 648 eodem
1121 627 1274 654 perverse
1286 617 1406 656 relegis
1419 619 1568 648 excitans
1577 642 1585 655 ‚
1610 627 1682 648 cum
1694 620 1751 648 ille
1763 621 1866 649 codex

75 665 195 692 habeat
208 663 297 700 regis
309 662 433 691 eoelum
448 673 466 693 e
478 667 591 699 glossa
604 665 728 693 scilicet
744 673 800 699 pro
814 663 969 692 'numium
978 687 987 701 ,
1011 666 1066 699 qui
1080 664 1183 699 poetis
1196 663 1331 698 saepius
1344 661 1468 691 coelum
1482 664 1655 699 significat.
1688 663 1866 693 illuminas

75 709 159 736 Elm.
173 708 313 737 scriver.
327 713 439 738 contra
452 711 540 738 codd.
555 708 676 736 Imm'ne
689 708 789 737 solem
804 711 836 738 in
852 711 887 737 G.
901 713 929 738 et
944 711 980 738 P.
995 714 1106 738 extare
1120 712 1258 737 testatur
1269 710 1349 737 Oud.
1373 709 1415 737 At
1430 709 1463 736 in
1483 710 1551 737 cod.
1567 711 1602 737 G.
1617 712 1707 737 extat
1719 710 1766 738 uti
1778 710 1813 738 in
1825 712 1864 739 D.

76 751 204 780 Iumina
217 751 330 790 solem,
357 750 380 780 S
392 755 501 783 littera
514 755 682 788 sequentis
694 755 846 783 vocabuli
859 755 980 783 initiali
993 757 1163 790 absorpta3
1188 755 1273 782 unde
1291 754 1389 782 etiam
1408 753 1443 781 in
1456 754 1491 781 P.
1506 754 1554 782 ita
1565 754 1631 789 legi
1645 754 1809 788 probabile
1822 755 1865 784 fit.

73 798 183 827 Verba
195 798 283 835 regis
296 797 450 826 mundum
464 798 579 827 calcas
594 798 780 826 Tartarum
795 808 859 828 non
872 803 1056 834 comparent
1071 800 1104 827 in
1118 801 1153 827 G.
1163 800 1201 827 D.
1249 797 1428 826 conculcas
1436 799 1472 827 P.
1519 796 1722 834 respondent
1739 797 1864 836 sidera,

74 841 217 870 redeunt
231 846 398 880 tempora,
421 843 736 881 gandentnmm'na,
758 845 911 872 serviunt
925 843 1087 871 elementa
1101 844 1196 873 lectio
1210 847 1256 872 est
1271 844 1361 872 codd.
1379 843 1521 872 omnium
1541 847 1571 872 et
1590 844 1661 872 edd.
1680 847 1756 872 ante
1774 845 1865 873 Colv.

74 888 130 922 qui
149 897 166 917 e
185 889 222 918 1..
241 889 421 918 immutavit
440 890 588 918 nonnihil
607 891 765 918 ordinem:
796 887 997 925 respondent
1021 887 1152 923 sidera,
1175 887 1326 924 gaudent
1348 888 1504 924 nmm'na,
1535 886 1677 916 redeunt
1702 890 1864 925 tempora,

73 932 228 961 serviunt
239 932 419 971 elementa,
443 936 520 969 quia
538 933 650 962 sidera
669 938 700 963 et
718 934 855 962 nmm’na
874 935 999 963 soleant
1018 934 1120 967 iungi.
1144 935 1181 962 In
1198 934 1233 962 B.
1252 937 1316 962 est:
1343 931 1545 970 respondent
1556 931 1686 969 sidera,
1712 935 1866 970 tempora

74 976 231 1012 redeunt,
257 979 411 1012 nn‘m'ma,
439 981 520 1014 quod
545 980 701 1008 orationis
720 980 931 1008 concinnitati
950 980 1153 1008 adversatur.
1178 980 1290 1013 Inepte
1311 977 1439 1006 lmm‘na
1458 979 1584 1007 retinxit
1602 979 1749 1007 XVower.
1769 983 1799 1006 et
1824 987 1867 1008 ex

74 1024 145 1053 eius
165 1024 304 1053 editione
323 1026 362 1053 de
381 1033 468 1053 more
487 1026 570 1053 Prie.
609 1024 764 1064 fulmina
784 1021 814 1055 δ.
840 1022 990 1062 flumina
1009 1025 1044 1053 B.
1065 1025 1136 1052 edd.
1149 1027 1225 1053 vett.
1246 1027 1372 1057 praeter
1387 1025 1472 1052 Innt.
1485 1025 1517 1052 2.
1537 1024 1615 1052 Bas.
1632 1024 1660 1052 1.
1707 1023 1864 1051 nutriunt

73 1069 111 1098 F.
124 1070 155 1097 3.
170 1071 207 1098 G.
219 1070 257 1098 P.
284 1068 401 1104 (etiam
413 1070 447 1098 in
460 1070 624 1104 excerptis
637 1071 677 1099 ad
690 1078 790 1104 marg.
806 1071 853 1098 ed.
874 1068 983 1104 Colv.)
1001 1071 1040 1098 D.
1060 1065 1088 1099 δ.
1103 1069 1124 1098 f.
1140 1069 1220 1098 Coll.
1235 1070 1332 1098 Voss.
1347 1069 1488 1097 Seriver.
1511 1070 1548 1097 In
1563 1071 1636 1097 cett.
1653 1068 1865 1097 nutriuntur.

70 1113 229 1151 gramina
242 1115 279 1143 B.
323 1115 478 1152 germina
493 1118 584 1143 tuam
598 1114 810 1142 maiestatem
820 1113 1084 1152 perhorrescunt
1099 1121 1162 1143 non
1176 1118 1222 1142 est
1238 1114 1269 1142 in
1284 1115 1320 1142 G.
1334 1115 1373 1142 1).
1389 1113 1410 1142 f.
1424 1118 1452 1142 et
1467 1114 1501 1142 in
1521 1114 1556 1142 Ο.
1575 1120 1611 1142 π.
1632 1114 1750 1148 quibus
1768 1121 1864 1149 prae·

74 1162 162 1189 terea
182 1160 271 1189 deest
289 1167 354 1189 vox
373 1167 463 1189 aves.
498 1159 763 1197 perhorrescunt
782 1167 862 1188 aces
874 1160 909 1187 ’ἠ
929 1159 1019 1187 coelo
1033 1161 1183 1187 meantes
1197 1167 1260 1188 non
1273 1162 1350 1188 sunt
1365 1159 1399 1188 in
1412 1157 1448 1188 1..

131 1287 168 1321 te
197 1282 334 1333 superi
364 1282 522 1327 colunt,
561 1281 773 1320 observant
801 1282 937 1332 infer-1⁶.

75 1338 128 1389 [p.
155 1342 246 1378 761.
271 1352 420 1377 summa.
444 1339 664 1379 numinum,
685 1338 821 1389 prima
848 1351 936 1376 cae-

74 1395 207 1439 litmm
237 1392 338 1432 Oud.
371 1397 567 1444 comparat
596 1407 633 1445 p.
660 1397 751 1433 755.
784 1398 821 1432 et
844 1406 936 1432 ecce

68 1451 227 1503 pelayo
274 1449 407 1488 medio
454 1450 760 1488 venerandos
811 1449 936 1487 Diis

72 1508 215 1546 eliam
233 1506 393 1545 vultus
412 1506 603 1545 attollens
616 1506 785 1557 emeryt't
796 1505 937 1543 dit-ina

69 1564 220 1615 facim,
244 1562 309 1601 ubi
333 1566 460 1600 tamen
487 1562 555 1601 dez·
578 1561 785 1613 legendnm
812 1565 874 1599 est
898 1565 937 1599 et

73 1632 111 1670 p.
137 1623 228 1660 761.
253 1620 402 1671 regina
427 1618 610 1657 ,Manium
635 1632 672 1669 p.
700 1617 816 1670 754]

130 1676 301 1716 luminas
312 1675 444 1714 solem.
493 1673 595 1720 Quia
608 1675 710 1713 initio
725 1674 838 1711 huius
853 1674 935 1711 libri

72 1735 301 1784 apprecetur
330 1729 603 1781 Proserpinam
633 1744 667 1770 s.
690 1729 844 1768 Phoebi
874 1743 937 1767 so-

71 1801 197 1827 rorem
233 1787 476 1839 eandemque
516 1800 615 1825 nunc
649 1799 804 1837 quoque
839 1785 937 1824 fusis

72 1845 252 1895 precibus
273 1845 438 1890 invocet,
464 1843 636 1881 Wower.
663 1856 747 1881 cum
772 1842 936 1881 Rittets·

72 1896 192 1940 husiov
204 1904 314 1953 putat
333 1899 537 1951 legendum
551 1899 793 1939 illuminat-[s
806 1913 829 1938 α
843 1898 936 1945 sole,

69 1958 137 2009 qui
160 1957 354 2009 posterior
379 1958 494 1995 etiam
519 1956 713 1995 eluminas
735 1955 800 1993 vel
826 1955 936 1994 delu-

72 2015 201 2053 minas
223 2013 383 2051 mavult.
421 2011 582 2050 Praeter
607 2013 707 2050 enim
732 2011 835 2063 quod
859 2024 938 2048 vox

72 2072 161 2122 ipsa
185 2070 354 2110 luminat
378 2083 462 2107 rara
486 2073 525 2107 et
548 2070 675 2120 magis
699 2068 863 2107 barbara
886 2069 938 2105 vi-

72 2126 226 2172 deatur,
251 2127 528 2165 correctionem
553 2138 712 2163 sensum
737 2124 937 2175 postulare

70 2185 210 2228 insum.
301 2181 388 2221 Hoc
423 2183 523 2219 enim
558 2183 595 2219 in
631 2180 773 2231 vulgus
808 2184 939 2218 notum

71 2253 183 2285 esse,
226 2239 377 2278 Lunam
417 2238 524 2276 Solis
562 2238 772 2276 obscurare
808 2237 938 2289 potius

73 2297 200 2336 lumen
232 2300 272 2334 et
300 2295 462 2346 eclipsin
494 2294 666 2340 efficere,
699 2306 815 2344 quam
838 2297 879 2330 ut
903 2293 938 2331 ei

72 2352 196 2392 lucem
211 2351 450 2396 commodet,
475 2364 589 2401 quam
609 2350 774 2389 eandem
787 2353 938 2388 senten-

71 2410 163 2448 tiam
187 2408 351 2448 Piccart.
378 2420 534 2458 quoque
559 2408 594 2445 in
614 2406 737 2445 Peric.
760 2405 850 2444 Crit.
874 2410 937 2447 16.

70 2469 230 2504 secutus
266 2469 340 2503 est.
411 2463 494 2502 Sed
529 2464 578 2502 ab
613 2462 781 2502 auctoris
810 2466 938 2500 mente

68 2521 188 2560 valde
210 2522 435 2560 aberrarunt
464 2520 532 2557 viri
557 2520 679 2564 docti,
711 2519 775 2569 qui
807 2519 938 2557 existi·

71 2581 240 2624 marunt,
265 2577 410 2628 aliquid
435 2577 470 2614 in
492 2576 529 2615 h.
545 2576 568 2614 l.
588 2575 810 2614 mutandum
831 2588 936 2614 esse.

71 2634 174 2673 Nam
198 2647 332 2686 parum
356 2632 406 2671 ad
419 2632 534 2670 Isidis
550 2631 703 2670 laudem
716 2633 936 2683 pertineret,

71 2692 104 2730 si
124 2690 189 2729 vel
213 2691 288 2741 ipsi
313 2703 414 2741 opus
437 2692 549 2727 esset
571 2689 671 2727 solis
696 2688 850 2734 lumine,
875 2688 937 2726 vel

71 2747 106 2785 si
127 2747 225 2799 ipsa
248 2759 336 2785 eum
366 2747 592 2784 obscuraret
622 2749 663 2783 et
685 2745 743 2782 stc
766 2743 938 2783 tenebris

72 2804 206 2842 orbem
228 2807 414 2841 terrarum
439 2801 667 2840 involveret.
707 2801 854 2839 Auctor
877 2800 940 2840 hic

70 2859 214 2899 Isidem
244 2872 319 2897 non
351 2858 573 2897 considerat
599 2862 641 2896 ut
665 2855 836 2903 Lunam,
865 2858 939 2896 sed

67 2920 115 2954 ut
125 2915 340 2961 Venerem,
364 2928 468 2965 quae
492 2914 607 2953 etiam
632 2911 725 2961 Isis,
751 2913 939 2965 cuiusque

72 2972 192 3011 stella
203 2971 291 3011 aliis
311 2972 450 3018 Venus,
471 2970 558 3009 aliis
572 2969 656 3015 Isis,
676 2969 764 3008 aliis
776 2970 940 3022 Mayna

73 3028 222 3074 Mater,
246 3028 334 3066 aliis
352 3028 526 3078 Lucifer
545 3027 647 3065 dicta
671 3030 734 3064 est
750 3030 789 3064 et
805 3029 849 3064 ut
866 3025 938 3064 Sol

72 3084 171 3123 alter
200 3084 302 3122 diem
336 3088 511 3124 maturat.
581 3082 693 3121 Hanc
722 3082 798 3120 vim
833 3080 938 3120 clare

70 3141 250 3192 indigitat
274 3140 468 3192 Apuleius
491 3139 587 3179 Met.
612 3138 680 3179 Xl.
711 3152 748 3191 p.
775 3142 869 3179 755.
899 3144 937 3178 et

995 1281 1093 1320 solis
1141 1280 1380 1333 ambaye‘bns
1429 1279 1672 1331 dispensans
1706 1281 1865 1319 incerta

996 1338 1158 1382 lumina,
1185 1342 1223 1376 et
1247 1351 1286 1388 p.
1313 1339 1405 1376 766.
1446 1349 1550 1387 qaae
1586 1336 1691 1375 caeli
1723 1337 1863 1375 lumi-

993 1407 1110 1432 nosa
1142 1394 1317 1433 culmina
1347 1393 1512 1431 nutibus
1540 1393 1636 1430 meis
1660 1393 1861 1443 dispe-nso.

992 1449 1135 1499 Neque
1165 1462 1266 1500 opus
1297 1452 1361 1486 est
1389 1461 1474 1487 cum
1502 1446 1600 1486 Elm.
1633 1452 1671 1486 et
1697 1448 1862 1487 Scriver.

994 1506 1182 1555 relingere
1206 1505 1421 1544 illuminas.
1463 1505 1567 1542 Nam
1593 1508 1863 1555 praeterquam

996 1562 1101 1612 quod
1132 1560 1195 1600 alii
1225 1560 1393 1611 simplex
1424 1561 1622 1600 luminare
1651 1573 1862 1611 usurpave-

993 1619 1082 1664 rint,
1109 1630 1208 1669 quos
1233 1617 1321 1655 vide
1346 1617 1450 1668 apud
1474 1616 1595 1655 Voss.
1621 1616 1672 1654 ad
1696 1616 1800 1654 Vell.
1817 1615 1861 1656 lt.

994 1679 1079 1719 35.,
1107 1675 1195 1726 ipse
1219 1678 1352 1712 auctor
1378 1673 1473 1711 dixit
1498 1672 1595 1710 Met.
1622 1671 1690 1711 IX.
1715 1687 1752 1725 p.
1769 1677 1860 1714 617.

995 1731 1099 1769 male
1125 1730 1372 1774 luminat&
1403 1728 1541 1768 Gloss.
1561 1728 1692 1780 Cyritl.
1712 1743 1751 1779 p.
1766 1733 1859 1770 656.

995 1784 1340 1836 (saurgom-lemtim,
1364 1785 1568 1831 illumino,
1593 1785 1769 1825 inlustro
1795 1785 1861 1837 [cs.

996 1842 1127 1894 Kopp.
1146 1842 1198 1880 ad
1216 1841 1332 1881 Mart.
1351 1839 1500 1892 Capell.
1519 1840 1546 1880 l.
1566 1840 1597 1890 δ.
1612 1845 1676 1881 73.
1695 1854 1733 1892 p.
1752 1841 1860 1894 116]

1050 1900 1225 1938 ‘redeunt
1253 1903 1437 1949 tempora
1470 1925 1478 1935 .
1500 1928 1510 1937 .
1529 1927 1540 1936 .
1575 1898 1751 1937 serviunt
1785 1898 1861 1937 ele-

994 1961 1137 1994 menta.
1159 1954 1223 2006 [cs.
1238 1968 1273 2006 p.
1284 1958 1376 1994 761.
1392 1954 1673 1993 elementorum
1688 1955 1862 1994 omnium

995 2013 1179 2057 domina,
1227 2011 1483 2050 saeculorum
1523 2011 1748 2063 proqenies
1787 2011 1861 2049 ini-

996 2068 1139 2120 italia]
1179 2068 1188 2091 ¹

1053 2125 1215 2176 spirant
1241 2121 1420 2176 flamina.
1471 2122 1538 2175 [cf.
1566 2135 1605 2174 p.
1637 2126 1728 2164 756.
1757 2137 1862 2175 quae

997 2182 1119 2220 maris
1154 2179 1336 2219 salubria
1370 2180 1581 2232 flam-ina
1699 2180 1861 2219 nutibus

996 2238 1091 2276 meis
1116 2237 1323 2288 dispenso,
1353 2235 1456 2274 unde
1480 2235 1720 2287 intelligitur,
1746 2249 1861 2286 quam

996 2305 1184 2344 perverse
1214 2292 1277 2330 alii
1308 2291 1531 2343 praeferant
1555 2290 1760 2331 lectionem
1784 2294 1860 2345 flu-

995 2349 1132 2401 mina]
1177 2347 1277 2387 Oud.
1290 2349 1458 2402 flamina
1471 2348 1523 2386 ita
1536 2348 1726 2386 defendit:
1752 2360 1860 2399 prae-

994 2410 1170 2457 terquam
1201 2404 1305 2456 quod
1330 2405 1489 2456 spiritus
1511 2405 1688 2457 fluvialis
1712 2404 1860 2442 tenuior

995 2466 1075 2509 est,
1101 2475 1215 2514 quam
1241 2465 1283 2499 ut
1306 2461 1394 2499 inde
1417 2460 1533 2499 Isidis
1559 2461 1696 2500 laudes
1720 2460 1859 2499 decan-

991 2523 1111 2564 taret,
1142 2519 1265 2569 agitur
1292 2517 1356 2555 hic
1384 2517 1435 2555 de
1459 2516 1700 2555 coelestibus
1728 2517 1859 2554 rebus.

1051 2575 1238 2615 nutriunt
1264 2568 1418 2614 nubila..
1489 2573 1626 2625 [Hanc
1657 2573 1859 2612 lectionem

995 2645 1044 2670 ex
1059 2632 1215 2682 optimis
1230 2630 1343 2669 codd.
1357 2630 1522 2676 restitui,
1547 2642 1662 2681 quam
1675 2629 1860 2668 orationis

997 2689 1290 2726 concinnitatem
1330 2686 1532 2739 postulare
1574 2690 1750 2737 apertum
1785 2690 1860 2725 est.

996 2743 1071 2791 Qui
1097 2744 1198 2782 enim
1219 2748 1343 2782 totum
1366 2743 1468 2781 hune
1492 2742 1619 2781 locum
1643 2744 1860 2781 accuratius

995 2801 1223 2852 inspexerit,
1248 2798 1401 2850 singula
1419 2799 1493 2837 sibi
1514 2799 1635 2838 verba
1652 2799 1703 2837 ad
1721 2811 1859 2837 sonum

996 2870 1152 2908 quoque
1175 2855 1415 2908 respondere
1438 2856 1621 2900 inveniet,
1652 2854 1755 2905 quod
1780 2855 1861 2893 sin·

997 2913 1159 2963 gillatim
1180 2911 1452 2951 demonstrare
1478 2912 1632 2962 longum
1656 2914 1731 2950 est.
1762 2911 1859 2949 Hinc

995 2982 1085 3007 mea
1102 2969 1258 3019 quidem
1277 2968 1470 3006 sententia
1481 2969 1718 3007 nutriuntur
1737 2965 1860 3006 sonna

995 3026 1158 3076 passiva
1204 3037 1278 3062 non
1327 3024 1528 3069 convenit,
1582 3027 1622 3061 et
1674 3026 1861 3064 nutriunt

993 3081 1135 3120 melius
1147 3080 1361 3133 respondet
1373 3080 1504 3118 verbis
1517 3081 1689 3131 spirant,
1721 3083 1858 3130 germi-

992 3143 1110 3183 nant,
1158 3142 1344 3178 crescunt
1370 3137 1423 3176 ita
1446 3140 1488 3175 ut
1510 3137 1670 3188 spiram
1689 3134 1858 3190 flamina
