2221 3667
332 142 414 184 110
601 143 648 182 L.
679 142 896 182 APULEll
928 141 1326 182 MADAURENSIS
1356 140 1895 182 METAMORPHOSEON

889 394 924 439 C
983 393 1028 438 A
1086 392 1125 436 P
1188 391 1229 437 U
1289 391 1332 436 T
1436 391 1601 438 XVI.

445 524 700 567 Commodum
739 526 948 565 cubueram
986 529 1025 562 et
1054 536 1145 562 eece
1185 521 1295 562 Fotis
1334 537 1440 573 mea,
1480 524 1556 564 iam
1592 523 1749 564 domina
1779 523 1949 564 cubitum
1981 524 2135 565 reddita

243 592 304 626 127
331 582 442 622 lecto
469 583 684 637 proximat,
712 595 826 622 rosae
853 586 959 620 serta
985 586 1024 619 et
1047 593 1140 618 rosa
1167 579 1319 635 soluta}
1343 580 1383 620 in
1408 581 1497 620 sinu
1523 580 1746 620 tuberante.
1796 581 1857 621 Ac
1882 594 1944 621 me
1969 581 2133 635 pressim

332 639 557 680 deosculato
589 647 626 679 et
660 637 817 678 corollis
849 635 1028 676 revincto
1059 649 1105 674 ao
1136 635 1232 676 flore
1264 650 1472 690 persperso
1499 637 1639 691 arripit
1664 637 1863 691 poculum,
1897 650 1943 676 ac
1969 637 2136 691 desuper

330 709 432 750 aqua
456 696 580 736 calida
605 695 747 734 iniecta
775 692 941 747 porrigit
965 691 1116 731 bibam:
1156 692 1270 746 idque
1297 693 1489 733 modicum
1516 694 1622 748 prius
1649 707 1764 747 quam
1790 701 1913 733 totum
1942 693 2133 734 exsorbe-

418 835 540 863 eubito.
554 836 692 863 Vulcan.
708 835 737 860 2.
753 833 834 866 quod
851 836 957 860 tamen
972 832 1004 860 in
1019 832 1195 860 collatione
1209 839 1271 861 sua
1283 833 1501 869 Lindenbrng.
1516 834 1677 869 corrigere
1692 835 1811 862 omisit.
1849 834 1945 861 iacta
1954 834 2133 870 proximat

326 889 437 910 omnes
449 882 538 909 codd,
554 884 582 907 e(
597 880 665 907 edd,
693 884 793 904 rosae
807 880 904 904 serta
918 878 951 905 F.
971 879 998 906 ¹.
1013 879 1042 906 3.
1060 879 1096 906 G.
1114 879 1181 906 1.2.
1197 879 1234 906 D.
1249 879 1284 906 P.
1299 880 1334 907 Ο.
1349 880 1385 906 1..
1401 880 1435 907 Β.
1450 876 1478 906 δ’.
1495 887 1523 912 p.
1535 879 1556 906 f.
1572 884 1601 907 et
1615 881 1686 908 edd.
1700 884 1776 908 vett.
1790 883 1919 914 praeter
1932 881 2046 908 Venet.
2057 881 2087 908 4.
2103 883 2132 907 et

327 927 433 955 Paris.
458 928 495 954 ln
515 928 588 953 cett.
610 928 657 952 est
676 929 758 950 rosa
772 925 878 950 serta.
925 929 1003 949 ruse
1021 922 1136 951 soluta
1156 924 1191 951 G.
1208 924 1237 951 1.
1258 924 1291 951 0.
1343 923 1483 951 labante
1503 925 1538 952 Ρ.
1581 924 1709 960 presim
1723 926 1758 953 G.
1776 926 1804 953 1.
1853 923 1948 952 collis
1962 926 1999 953 l).
2014 932 2034 953 a
2047 933 2087 953 m.
2102 933 2133 959 p.

326 971 490 999 recz'nce'to
505 971 540 998 G.
558 971 585 997 1.
600 977 619 997 a
634 976 672 997 m.
689 977 716 1002 p.
743 967 913 995 revinctus
926 969 1040 996 Venet.
1054 970 1084 996 2.
1132 971 1167 995 et
1180 972 1256 996 ante
1269 967 1406 995 corollis
1421 971 1508 998 deest
1524 970 1557 997 in
1572 969 1592 998 f.
1630 977 1815 1006 per-sparso
1831 970 1852 998 f.
1862 968 2035 1006 perplesso
2051 972 2086 998 G.
2103 971 2132 998 2².

326 1018 362 1045 P.
383 1021 563 1052 prospersn
579 1015 613 1042 B.
628 1017 658 1042 et
672 1020 782 1042 omnes
796 1014 867 1042 edd.
877 1017 953 1042 vett.
980 1022 1072 1050 aqua
1088 1015 1123 1041 G.
1137 1015 1163 1042 1.
1178 1021 1198 1042 a
1212 1022 1251 1042 m.
1266 1022 1294 1047 p.
1309 1015 1367 1042 sed
1381 1022 1492 1052 aquae
1505 1022 1525 1042 a
1539 1023 1578 1043 m.
1594 1023 1620 1043 s.
1636 1016 1748 1043 Brant.
1762 1023 1856 1052 aqua
1869 1023 1924 1049 nro
1936 1017 2134 1049 glossemate

324 1064 431 1090 habet.
467 1057 595 1087 callida
608 1060 646 1087 D.
661 1067 702 1087 ex
715 1059 810 1087 solito
824 1066 930 1087 errore
943 1059 984 1087 cf.
998 1060 1053 1087 Dr.
1067 1060 1107 1087 ad
1123 1059 1196 1087 Liv.
1209 1059 1309 1087 XXV.
1323 1060 1376 1087 3⁸2.
1391 1062 1422 1093 §-
1440 1061 1490 1088 13.
1529 1063 1564 1087 ul
1577 1059 1686 1087 bibam
1699 1062 1775 1088 Bas.
1792 1058 1955 1088 modicum
1975 1060 2009 1087 in
2029 1060 2134 1088 omni-

324 1108 386 1134 bus
404 1106 524 1141 legitur
542 1105 631 1133 codd.
651 1108 680 1132 et
702 1105 772 1133 edd.
797 1105 896 1132 Recte
915 1104 1133 1132 distinxerunt
1153 1103 1272 1132 bibam.

1322 1103 1428 1142 quue
1447 1103 1610 1133 modicum
1625 1105 1829 1143 priusquam
1849 1107 1885 1134 G.
1908 1107 1936 1134 1.
1951 1107 1981 1134 2.
2005 1104 2132 1134 Vicent.

322 1153 404 1180 lunt.
421 1152 449 1179 1.
464 1152 494 1179 2.
506 1151 582 1179 Ald.
617 1148 717 1187 idque
732 1152 837 1176 totum
847 1148 1051 1187 priusquam
1065 1148 1227 1177 modicum.
1241 1151 1278 1178 P.

380 1271 467 1311 Cn».
494 1270 601 1309 XVI.
675 1271 780 1310 lecto
815 1273 1041 1323 proximat,
1079 1286 1197 1311 rosae

322 1334 429 1368 serta
443 1333 480 1367 et
492 1343 587 1367 rosa
600 1329 747 1367 soluta.
781 1328 949 1380 [Omnes
964 1328 1048 1367 lntt.
1064 1329 1195 1380 vulga-

321 1390 399 1425 tam
422 1385 627 1424 lectionem
641 1398 757 1435 quum
773 1385 912 1423 idoneo
926 1398 1049 1423 sensu
1065 1399 1196 1423 carere

322 1442 620 1487 intellexissent,
644 1441 799 1493 quidam
814 1443 937 1487 iactu,
964 1441 1196 1481 Schikerad.

322 1500 451 1538 tacita
465 1500 486 1537 i.
497 1513 529 1536 e.
540 1500 738 1550 suspensis
748 1499 925 1551 pedibus
938 1500 1194 1537 coniecerunt.

321 1555 409 1594 Hoc
432 1557 627 1606 posterius
642 1554 743 1593 Oud.
770 1556 1011 1607 comprobat,
1039 1557 1096 1593 cui
1123 1569 1195 1593 sua

322 1613 539 1651 coniectura
576 1614 695 1650 iuxta
728 1616 887 1663 propter
917 1625 1192 1663 praegressum

320 1669 422 1708 idem
447 1669 677 1707 vocabulum
712 1671 830 1708 inscia
866 1670 992 1706 minus
1023 1669 1190 1721 placeat.

322 1724 430 1778 [Quo
445 1725 596 1764 accedit
610 1724 712 1776 quod
728 1726 846 1764 iuoela
856 1727 1075 1777 proximat
1093 1726 1194 1762 bene

321 1783 394 1821 dici
410 1796 544 1833 posse,
555 1781 735 1832 equidem
749 1795 937 1833 pernego,
951 1796 1024 1820 nec
1038 1795 1191 1832 compa-

319 1839 480 1878 randum
512 1843 593 1877 erat
619 1839 739 1877 ina-la
759 1838 971 1884 adsidere,
995 1838 1112 1890 plane
1138 1838 1190 1876 di-

321 1909 433 1935 versa
458 1896 601 1934 ratione
627 1895 780 1933 dictum.
825 1895 942 1934 lacta
967 1909 1058 1932 vero
1084 1894 1189 1933 nullo

317 1952 434 1992 modo
460 1953 601 2003 poterit
626 1951 802 1997 defendi,
831 1965 948 2004 quum
974 1951 1086 1990 Fotis
1113 1966 1188 1991 non

319 2023 366 2048 eo
393 2023 468 2061 quo
494 2008 709 2048 cubiculum
734 2009 885 2047 intravit.
910 2013 1106 2047 momento
1133 2023 1190 2047 ro-

320 2079 388 2104 sas
415 2069 592 2117 spargat,
618 2065 691 2103 sed
722 2065 786 2103 ubi
817 2066 892 2103 iam
922 2064 1026 2104 lecto
1064 2066 1190 2117 proxi-

318 2127 516 2169 mavei-at,
560 2121 715 2161 corollis
740 2121 903 2161 Lucium
934 2123 1121 2161 revinciat
1145 2136 1191 2162 ac

317 2179 409 2218 ssore
436 2179 654 2231 perfundat.
694 2178 816 2216 Codd.
855 2180 1033 2230 vestigiis
1074 2193 1190 2230 quam

320 2238 494 2287 proxime
532 2235 721 2275 accedere
753 2235 901 2274 videtur
938 2250 1025 2274 mea
1062 2250 1189 2274 emen-

319 2293 423 2331 datio
451 2294 574 2337 lecto,
606 2305 705 2343 quae
720 2306 955 2343 praegresso
971 2293 1190 2333 cubuerant

318 2351 609 2388 accuratissime
654 2350 867 2399 respondet
914 2354 952 2388 et
992 2350 1191 2389 levissima

319 2411 392 2446 est.
452 2405 641 2445 Fortasse
667 2405 822 2456 decepti
847 2411 955 2445 crant
984 2406 1117 2444 stolidi
1149 2406 1189 2444 li-

317 2463 446 2509 brarii,
479 2463 657 2514 quoniam
695 2463 821 2501 lectus
858 2465 891 2501 in
929 2464 1189 2501 antecedenti-

317 2520 392 2558 bus
416 2519 682 2574 9rabai1dum
705 2520 933 2559 nominatur.
958 2519 1080 2558 Porro
1103 2534 1188 2559 cum

321 2577 498 2616 omnibus
537 2575 648 2615 codd.
691 2576 929 2614 restituenda
974 2581 1035 2614 cst
1071 2577 1186 2615 lectio

319 2648 437 2673 rosae
461 2638 580 2673 serta.
626 2631 822 2684 Repetitio
850 2634 948 2670 enim
975 2648 1067 2672 rosa
1081 2639 1189 2673 serta

320 2694 358 2728 et
382 2705 477 2731 rosa
502 2690 638 2729 soluta
663 2703 736 2728 non
762 2688 889 2727 solum
924 2689 1041 2741 plane
1068 2690 1187 2728 offen-

319 2747 375 2785 dit
400 2747 512 2799 [Met.
540 2747 607 2785 lv,
634 2760 669 2797 p.
697 2749 790 2787 302.
815 2747 986 2800 floribus
1011 2749 1126 2786 sertis
1152 2752 1188 2785 el

319 2804 462 2844 solutis
499 2802 660 2856 legitur]
699 2803 770 2841 sed
802 2804 918 2841 etiam
956 2816 1056 2854 nego
1092 2818 1188 2842 rosa

315 2865 423 2899 serta
439 2875 507 2912 pro
524 2873 640 2900 rosae
659 2864 765 2899 serlo
779 2860 853 2898 dici
868 2873 1038 2910 unquam
1052 2873 1186 2911 posse.

322 2917 443 2956 Serta
475 2917 598 2957 forma
627 2918 663 2955 in
696 2930 862 2956 errorem
900 2916 1047 2955 induxit
1079 2916 1190 2955 libra-

319 2974 416 3019 rios,
449 2988 546 3025 quos
578 2979 706 3012 tamen
740 2973 887 3013 Charis.
920 2972 948 3012 1.
980 2986 1016 3024 p.
1044 2977 1110 3018 83,
1142 2973 1190 3011 cs.

317 3028 449 3069 Burm.
475 3031 524 3069 ad
543 3029 660 3083 Prop.
678 3029 802 3072 11.24.
824 3034 888 3072 38.
915 3029 1076 3070 meliora
1100 3029 1190 3067 edo·

320 3100 408 3124 cere
434 3087 621 3140 poterat]

376 3158 481 3183 rosa.
541 3144 678 3196 [Rosis
712 3146 883 3184 coronari
917 3148 955 3183 et
984 3144 1189 3195 unguentis

1256 1272 1434 1324 perfundi
1474 1271 1657 1311 solebant
1699 1272 1878 1311 homines
1917 1272 2051 1311 lascivi
2093 1277 2133 1310 et

1256 1328 1496 1380 petulantes,
1532 1329 1635 1367 unde
1667 1329 1905 1381 epulantium
1936 1332 2035 1374 erat,
2068 1341 2130 1365 co-

1255 1386 1364 1423 rollis
1396 1399 1442 1422 se
1473 1387 1660 1424 revincire
1687 1386 1752 1434 (cf.
1774 1385 1953 1424 Schmidt
1972 1384 2022 1423 ad
2035 1384 2128 1423 Hor.

1254 1441 1380 1494 Epist.
1416 1442 1440 1480 l.
1474 1446 1510 1482 5.
1541 1446 1620 1492 14.)
1681 1442 1900 1480 Libidinem
1932 1442 2034 1480 enim
2066 1454 2130 1479 ex-

1256 1499 1424 1537 citabant
1453 1498 1569 1537 tlores
1596 1504 1635 1537 et
1659 1503 1858 1550 unguenta
1883 1497 1929 1536 cs.
1955 1497 2053 1536 Met.
2079 1496 2129 1536 X.

1254 1569 1290 1606 p.
1325 1558 1415 1596 719.
1448 1554 1549 1594 Elm.
1582 1555 1632 1594 ad
1662 1555 1807 1593 Minue.
1841 1568 1879 1606 p.
1910 1553 2022 1593 XlX.
2053 1553 2113 1591 Bu

1253 1612 1355 1662 leug.
1388 1611 1437 1649 de
1476 1610 1634 1650 sonviv.
1660 1610 1725 1650 ΠΙ.
1758 1626 1789 1650 c.
1823 1615 1888 1652 26.
1921 1614 1961 1649 et
1991 1615 2056 1651 27.
2095 1611 2129 1648 in

1253 1668 1394 1706 Graev.
1428 1667 1549 1706 Thes.
1583 1667 1668 1706 ΧΠ.
1702 1682 1738 1719 p.
1771 1669 1862 1709 188.
1893 1681 1953 1719 sq.
2013 1664 2130 1705 Unde

1252 1724 1397 1762 veneri
1440 1738 1554 1763 rosae
1591 1728 1701 1763 erant
1736 1738 1874 1763 sacrae
1910 1723 2043 1776 Kopp.
2079 1723 2127 1761 ad

1251 1780 1366 1820 Mart.
1394 1779 1486 1832 Cap.
1514 1780 1539 1819 Ι.
1563 1782 1626 1821 84.
1652 1796 1690 1833 p.
1716 1785 1805 1822 125.
1833 1785 1872 1819 et
1895 1781 2065 1819 Amores
2091 1784 2129 1818 et

1253 1837 1410 1877 Gratiae
1443 1839 1544 1876 rosis
1576 1838 1690 1876 deam
1722 1852 1835 1877 suam
1869 1837 2128 1890 propitiabant

1250 1894 1296 1932 cf.
1323 1894 1420 1932 Met.
1447 1894 1496 1932 X.
1525 1909 1560 1946 p.
1593 1899 1684 1935 743.
1712 1894 1858 1933 HImer.
1885 1895 1920 1932 in
1948 1893 2126 1932 Prooem.

1250 1950 1420 2002 Epithal.
1454 1966 1491 2004 p.
1519 1953 1583 1991 51.
1610 1951 1670 1990 ed.
1698 1951 1836 2003 Steph.
1868 1954 1987 1992 1567.
2016 1943 2128 2002 ’Ἑρω-

1249 2023 1309 2054 ‘teg
1345 2004 1468 2060 ῥόδων
1504 2005 1711 2060 στεφάνους
1734 2003 1960 2058 πλεξάμενοι
1991 2002 2056 2053 οὓς
2090 2007 2128 2054 ἐξ

1247 2063 1470 2118 Ἀφροδίτης
1501 2060 1650 2116 κήπων,
1682 2061 1775 2103 ὅταν
1806 2066 1951 2103 θέλωσι
1977 2066 2126 2115 δρέπον-

1248 2137 1321 2160 ται.
1382 2121 1587 2168 Feminas,
1625 2135 1717 2159 vero
1751 2135 1854 2173 quae
1886 2133 2006 2173 opera
2031 2124 2125 2158 trac-

1249 2182 1398 2217 tatui-ae
1436 2183 1543 2217 erant
1572 2179 1760 2224 Veneris,
1800 2179 1902 2216 rosis
1940 2189 2033 2215 esse
2064 2190 2125 2214 co-

1248 2239 1405 2274 ronatas
1437 2239 1476 2273 et
1513 2236 1725 2282 revinctas,
1759 2235 1902 2273 indicat
1937 2233 2126 2272 lascivum

1248 2291 1345 2330 illud
1388 2297 1563 2332 ‘vexatae
1606 2306 1743 2337 rosae,
1794 2290 1905 2330 cuius
1954 2290 2125 2329 meminit

1247 2346 1415 2388 Martial.
1445 2347 1514 2387 Xl.
1547 2352 1611 2390 90.
1645 2349 1694 2388 ct'.
1726 2348 1858 2387 Burm.
1888 2347 1939 2386 ad
1968 2345 2124 2384 Petron.

1249 2419 1282 2443 ο.
1310 2409 1374 2446 60.
1402 2420 1440 2457 p.
1467 2406 1578 2458 399]

1307 2463 1432 2515 idque
1447 2463 1649 2502 modicum
1660 2463 1790 2515 prius.
1854 2459 2023 2513 [Omnes
2040 2458 2123 2498 lntt.

1248 2519 1394 2558 Brantii
1427 2520 1686 2557 coniecturam
1717 2518 1860 2564 secuti,
1894 2530 1996 2568 quae
2026 2517 2125 2555 satis

1249 2575 1432 2627 locupleti
1442 2576 1528 2614 aliis
1545 2575 1641 2615 locis
1655 2576 1822 2613 firmatur
1835 2575 2062 2613 auctoritate
2077 2572 2124 2611 cf.

1247 2632 1504 2684 Met.p.19.in
1516 2636 1801 2683 textuposuere
1817 2631 1980 2670 modico
1990 2631 2122 2682 prius.

1248 2689 1334 2740 Ego
1358 2689 1473 2727 velim
1502 2689 1708 2728 modicum.
1732 2702 1763 2726 e.
1789 2687 1891 2726 Mss.
1918 2688 2126 2725 retineatur

1247 2746 1391 2784 dictum
1416 2745 1466 2784 de
1493 2746 1647 2798 poculo,
1675 2758 1751 2797 qua
1775 2745 1811 2782 in
1837 2758 1878 2782 re
1900 2758 1974 2782 non
1997 2742 2124 2782 solum

1247 2803 1371 2855 ipsius
1396 2802 1509 2841 Lucii
1539 2803 1658 2841 verba
1690 2815 1751 2839 me
1784 2802 2023 2846 confirmant,
2055 2800 2125 2837 tria

1248 2863 1287 2898 et
1318 2860 1431 2912 plura
1463 2860 1716 2898 exsorbuisse
1747 2857 1890 2910 pocula
1922 2871 1967 2895 se
1995 2857 2123 2895 dicen-

1249 2917 1311 2962 tis.
1339 2929 1439 2968 quae
1465 2916 1554 2955 inde
1580 2915 1710 2966 colligi
1734 2918 1866 2967 potest
1892 2928 1965 2952 non
1994 2912 2123 2951 admo-

1249 2973 1341 3011 dum
1372 2977 1486 3011 vasta
1516 2972 1656 3019 fuisse,
1683 2972 1756 3010 sed
1783 2971 1887 3022 quod
1915 2971 2030 3008 etiam
2057 2969 2122 3007 im-

1248 3030 1437 3081 patientia
1483 3029 1711 3067 libidinosae
1749 3027 1902 3065 Fotidis
1941 3025 2123 3077 exprimi-

1251 3091 1326 3126 tur.
1355 3100 1455 3136 quae
1480 3085 1644 3124 Lucium
1670 3098 1718 3122 ne
1744 3084 1934 3123 modicum
1964 3082 2121 3134 quidem

1252 3143 1454 3182 exhaurire
1480 3142 1659 3194 poculum
1685 3155 1809 3194 passa
1834 3141 1924 3192 est]
