2155 3590
701 166 892 208 LIBER
921 167 1015 207 vll.
1075 167 1202 207 CAP.
1233 167 1307 207 IV.
1808 170 1890 213 529

99 276 300 331 quemdam
315 275 547 318 convenisse
561 276 773 329 hominem,
791 286 830 320 et
843 286 949 320 statu
961 293 1169 334 procerum
1183 285 1222 319 et
1235 284 1364 318 aetate
1377 277 1576 329 iuvenem,
1592 287 1632 319 et
1645 293 1809 334 corpore
1822 294 1888 322 va-

96 339 213 384 stum,
231 340 270 373 et
281 347 399 373 manu
413 340 631 384 strenuum,
648 334 760 388 eique
773 336 947 376 suasisse
961 349 1007 376 ac
1021 335 1185 388 denique
1199 334 1459 388 persuasisse,
1476 341 1520 374 ut
1532 348 1669 375 manus
1685 336 1888 377 hebetatas

95 389 244 429 diutina
261 389 420 443 pigritia
433 390 589 430 tandem
601 391 772 431 referret
783 392 832 432 ad
846 393 998 446 frugem
1012 392 1229 442 meliorem,
1249 391 1430 444 bonoque
1443 391 1638 431 secundae
1653 392 1740 431 dum
1755 400 1889 446 posset

93 495 152 522 eG.
162 495 221 523 1.a
234 502 274 524 m.
284 503 314 529 p.
327 503 385 529 pro
398 497 448 532 et,
463 496 546 529 quod
559 502 580 524 a
591 503 666 524 m.s.
680 499 857 525 correctum
870 499 930 525 est.
965 499 1062 524 statu
1070 503 1250 532 procerum
1263 495 1374 524 inveni
1387 498 1417 524 et
1430 495 1844 532 edd.vett.Elm.F.11.3.G.
1855 499 1884 525 1.

92 541 233 566 statura
247 541 282 569 G.
296 541 327 568 2.
341 541 377 568 Ρ.
390 541 428 568 D.
450 543 479 568 et
498 540 570 568 sine
590 541 685 568 dubio
704 541 738 569 in
754 544 827 569 cett.
841 549 966 576 quoque
979 542 1068 569 codd.
1082 543 1196 570 U’ow.
1208 541 1384 577 PricaeuS,
1408 540 1529 569 Florid.
1576 539 1751 568 strennum
1770 543 1809 570 D.
1827 550 1885 576 pro

89 585 275 613 strenuum.
313 583 446 612 diutina
458 585 490 612 in
500 586 534 612 G.
545 586 602 613 ‘l.a
615 592 712 614 manu
725 587 836 614 eadem
850 587 883 614 in
896 586 1043 621 margine
1057 587 1201 615 additum
1214 590 1275 623 est⁷
1290 593 1386 619 quum
1399 585 1433 613 in
1446 588 1599 614 contextu
1613 593 1677 613 non
1691 590 1886 619 compareat.

89 626 243 667 deferret
256 631 292 658 G.
308 631 337 658 1.
351 631 386 658 0.
422 627 607 656 molliorem
621 632 657 659 G.
670 631 701 658 2.
715 631 754 659 D.
785 630 1011 667 bonorumque
1021 633 1056 660 G.
1071 633 1102 658 2.
1116 632 1151 659 Ρ.
1165 633 1204 660 Ι).
1241 630 1388 667 beneque
1401 629 1425 659 f.
1451 628 1599 666 bonoque
1612 628 1886 669 seelerefruere-

91 675 149 700 tur
161 674 195 702 Ο.
219 675 261 702 Et
273 675 321 702 ita
333 675 431 703 etiam
445 675 481 702 G.
499 676 526 702 1.
540 676 597 703 sed
610 673 736 702 scelere
748 683 768 703 a
781 683 821 703 m.
836 684 862 704 s.
877 676 1021 704 additum
1035 679 1093 711 est,
1115 683 1212 710 quum
1225 675 1318 711 prius
1329 677 1461 711 lacuna,
1477 681 1559 709 quae
1573 682 1613 702 ex
1626 682 1744 703 rasura
1756 675 1886 703 videtur

86 717 245 754 profecta,
259 722 361 754 esset;
376 719 566 757 frueretur
584 720 658 748 dein
675 727 696 748 a
707 728 747 748 m.
762 728 791 754 p.
805 720 937 748 lineolis
951 724 1148 754 expunctum
1162 724 1220 749 est.
1243 722 1279 748 ln
1292 720 1438 754 margine
1451 721 1565 755 glossa
1577 720 1688 747 addita
1702 722 1768 757 est,
1789 727 1886 753 qnam

87 763 234 796 equidem
251 771 317 792 non
336 764 498 800 intelligo,
530 771 551 793 a
568 772 667 793 manu
685 766 848 793 secunda:
882 768 915 793 ut
932 773 996 793 non
1015 766 1057 793 sit
1077 766 1124 793 ita
1143 765 1270 794 canalis
1290 765 1323 792 in
1343 764 1525 801 largiendo,
1557 766 1730 793 thesaurus
1749 772 1823 799 ymo
1843 764 1887 793 sit

85 813 220 837 avarus.
267 807 392 836 scelere
410 810 482 838 sine
496 810 592 838 dubio
606 818 647 838 ex
658 812 743 838 male
755 810 920 839 intellecto
934 810 1122 845 compendio
1135 814 1240 838 ortum
1252 812 1301 838 est
1322 807 1394 836 sede
1405 809 1427 837 i.
1441 817 1468 837 e.
1483 807 1660 838 secundae.

86 906 243 945 quoque
266 894 370 933 velle
396 909 444 934 ea
467 900 666 947 potestate
690 897 762 943 uti,
789 898 853 948 qui
867 910 953 934 sen-

84 963 155 988 sus
186 953 352 990 auctoris
383 965 476 990 esse
512 952 648 999 debet,
687 954 800 1004 eique
836 953 954 991 etiam

81 1005 286 1057 adfingitur
311 1022 334 1046 a
357 1007 554 1046 Beroaldo
582 1012 620 1046 et
644 1008 676 1046 F
680 1009 814 1048 lorido.
839 1008 953 1047 Hunc

82 1075 175 1112 ergo
190 1067 232 1101 ut
245 1064 527 1114 exprimamus,
552 1068 644 1116 post
657 1078 794 1103 vocem
808 1079 951 1104 renun-

81 1119 235 1158 ciantes
259 1120 348 1158 addi
376 1132 532 1170 quoque
547 1121 665 1158 debet
677 1134 734 1166 se,
760 1122 832 1159 nisi
849 1121 948 1159 velis

77 1174 253 1225 recipere
277 1189 299 1213 e
324 1175 358 1213 F
359 1176 435 1214 ulv.
448 1176 550 1227 Reg.
569 1181 608 1215 et
621 1176 720 1214 Fux.
739 1181 949 1216 senectam.

77 1229 136 1268 At
159 1231 338 1272 iuventus
367 1234 553 1284 potestati
583 1233 809 1283 tyrannicae
840 1245 949 1270 exer-

78 1285 226 1323 cendae
250 1289 376 1339 aptior
401 1291 480 1332 est,
506 1302 622 1338 quam
646 1293 837 1327 senectus.
886 1288 948 1326 Ac

74 1342 272 1380 rarissime
307 1342 478 1382 latrones
503 1343 596 1382 liunt
619 1357 757 1389 senes,
793 1357 867 1381 nec
899 1357 948 1382 ea

73 1411 148 1449 spe
177 1399 333 1449 rapinas
357 1412 453 1438 suas
478 1403 677 1445 exercent,
702 1404 745 1437 ut
771 1401 805 1437 in
830 1413 945 1437 sene-

73 1457 178 1492 ctute
201 1454 249 1493 iis
274 1455 421 1501 vivant,
453 1456 573 1494 instar
601 1456 764 1494 militnm
794 1460 944 1494 vetera-

72 1524 227 1555 norum,
263 1511 313 1549 de
338 1512 491 1562 ‘quibus
527 1512 616 1550 hine
648 1511 796 1550 Caesar
838 1512 942 1563 apud

71 1565 220 1606 Lucan.
255 1565 281 1606 I.
319 1570 411 1608 343.
454 1568 687 1620 Conferet
721 1570 944 1621 eoesanqais

74 1636 155 1675 quo
173 1636 215 1661 se
227 1629 328 1675 post
341 1624 446 1663 bella
459 1625 663 1664 senectus?
693 1624 836 1675 Neque
855 1637 942 1662 eam

70 1678 196 1717 fuisse
219 1683 388 1718 mentem
412 1684 562 1724 nostm,
593 1681 747 1719 abunde
779 1694 801 1718 e
826 1693 939 1732 seqq.

68 1738 186 1786 patet.
219 1734 476 1787 corruperunt
499 1736 640 1775 librarii
665 1742 824 1782 sectam,
851 1738 941 1788 quia

67 1790 253 1830 videbant
276 1805 409 1830 casum
432 1793 539 1830 verbi
564 1796 754 1845 conferre
779 1793 937 1832 deesse.

68 1846 228 1899 Optime
257 1861 349 1886 vero
383 1853 519 1887 cuncta
543 1849 774 1900 procedunt:
807 1849 939 1888 Malle

67 1916 108 1942 se
139 1907 330 1956 conferre
360 1906 419 1944 acl
448 1906 580 1944 instar
616 1906 700 1943 sive
731 1906 937 1956 imaginem

66 1961 308 2013 tyrannicae
319 1962 555 2011 potestatis,
581 1966 729 2000 sectam
742 1975 853 2000 suam
867 1975 938 2012 per

64 2014 359 2066 adpositionem.
396 2016 608 2055 Latronum
621 2021 733 2055 secta
746 2021 807 2054 est
819 2018 938 2056 instar

63 2071 293 2121 tyrannidis.
349 2071 426 2124 [Ea
449 2077 578 2110 mente
601 2073 715 2111 vertit
743 2074 935 2123 interpres

64 2125 404 2178 Francogallicus:
435 2129 525 2179 qu'il
555 2143 584 2180 y
613 2143 660 2166 en
692 2130 794 2167 avait
817 2129 934 2167 beau-

65 2196 186 2234 coup,
213 2183 295 2233 qui,
321 2182 380 2222 las
405 2184 524 2222 d'une
543 2184 736 2223 condition
757 2185 880 2222 basse
895 2188 935 2222 et

63 2239 208 2277 servile
221 2239 403 2278 aimaient
420 2240 509 2279 bien
519 2242 740 2280 embrasser
752 2255 800 2278 un
816 2254 934 2291 genre

65 2295 116 2333 de
139 2296 220 2341 vie,
245 2296 310 2346 qui
333 2297 453 2334 tenait
471 2297 521 2335 de
541 2296 578 2335 la
596 2298 806 2348 puissance
825 2302 864 2336 et
882 2297 932 2335 de

63 2349 384 2402 l’indepeudance
398 2353 470 2390 des
486 2352 584 2392 Rois
600 2357 639 2391 et
653 2353 823 2391 Rodios:
839 2355 934 2392 dass

64 2407 156 2446 sehr
185 2409 285 2447 ciele
315 2408 491 2448 lzerzlt'clt
514 2423 619 2461 yern
641 2409 861 2461 froin-illia
888 2424 933 2448 :n

63 2463 176 2502 ihrer
193 2464 469 2517 Gesellselzaft
492 2466 724 2517 iiber-aelam
748 2466 933 2510 wardon,

62 2533 130 2558 um
159 2520 247 2559 siclt
277 2534 355 2560 nur
385 2523 475 2560 dem
507 2522 630 2560 Ioclte
661 2522 735 2560 cler
759 2521 934 2561 Kneclzt-

63 2575 203 2627 schast
225 2591 271 2616 zu
296 2578 508 2624 entdehen,
533 2578 621 2617 und
646 2578 708 2616 bei
731 2578 851 2616 ilmen
870 2579 934 2616 ein

60 2632 186 2682 freies
210 2632 488 2672 Herrenleben
517 2648 563 2672 zu
590 2634 756 2685 filleren.
804 2633 934 2672 Unum

61 2699 155 2725 vero
178 2700 242 2725 me
267 2688 445 2740 impedit,
475 2703 525 2728 ne
554 2689 655 2728 hanc
679 2689 783 2729 Oud.
813 2689 933 2740 expli-

62 2743 251 2782 cationem
265 2746 526 2797 comprobem.
536 2747 679 2795 quia,si
692 2746 791 2784 haee
805 2747 934 2784 dicere

61 2797 254 2838 voluisset
288 2805 440 2847 auctor,
476 2803 604 2854 potius
635 2806 844 2852 exspecto.
876 2802 934 2840 ad

63 2859 211 2894 sectam
222 2870 351 2903 suam,
365 2859 493 2897 instar
507 2860 692 2912 (yrannt’s
702 2859 932 2909 potestatis,

63 2912 402 2960 quamviceversa,
417 2914 477 2951 vel
493 2917 596 2952 certe
610 2915 667 2952 acl
678 2914 932 2964 repetendum

62 2969 156 3004 erat.
192 2966 280 3006 Huc
297 2970 460 3015 accedit,
482 2971 585 3021 quod
605 2971 663 3009 ml
680 2971 810 3009 instar
829 2970 932 3020 apud

59 3020 272 3072 Apuleium
285 3037 442 3077 semper
453 3026 644 3078 significat
656 3026 705 3064 ad
719 3025 932 3064 similitudi-

61 3089 150 3115 nem
164 3081 204 3116 et
221 3079 392 3120 adverbii
411 3084 518 3121 vices
538 3084 722 3127 sustinet,
748 3084 800 3120 ita
812 3086 854 3120 ut
867 3082 932 3119 mi-

60 3145 143 3170 rum
156 3135 225 3181 sit,
250 3136 283 3173 si
303 3138 362 3177 ad
380 3138 441 3178 hie
461 3153 483 3177 e
501 3139 620 3178 verbo
636 3141 828 3191 conferre
840 3152 931 3190 pen-

1013 896 1116 943 deat,
1131 897 1235 947 quod
1250 898 1272 934 ii
1287 896 1427 934 librarii
1441 896 1517 934 iam
1532 899 1734 942 testantur,
1750 896 1814 946 qui
1828 895 1886 934 acl

1012 954 1200 992 omittunt.
1225 952 1522 1002 Bernhardyus,
1543 951 1590 990 V.
1611 950 1679 997 CL,
1703 965 1820 1002 quem
1835 965 1882 989 eo

1011 1008 1173 1046 deloco
1205 1008 1399 1053 consului,
1436 1008 1559 1045 voluit
1594 1012 1741 1046 sectam
1770 1021 1884 1046 suam.

1011 1067 1203 1116 conferre
1216 1078 1309 1102 esse
1322 1067 1541 1102 sectatores
1555 1076 1601 1100 se
1615 1064 1822 1114 praebere,
1844 1068 1883 1101 et

1009 1124 1158 1158 sectam
1184 1127 1295 1158 suam
1317 1121 1371 1158 -ita
1404 1119 1592 1164 evehere,
1624 1123 1667 1157 ut
1695 1120 1882 1171 potestati
1929 1164 1934 1167 ,

1007 1177 1232 1226 tyrannicae
1274 1177 1394 1213 instar
1429 1176 1495 1221 sitg
1545 1188 1646 1226 quae
1687 1175 1882 1213 sententia

1009 1232 1163 1269 omnino
1190 1230 1497 1282 comprobatur]

1063 1292 1182 1327 stata.
1255 1286 1357 1326 Oud.
1408 1299 1643 1336 quamquam
1689 1287 1880 1338 scriptura

1005 1348 1113 1383 statu
1137 1343 1339 1394 probetur,
1366 1355 1480 1392 quam
1507 1355 1557 1379 ex
1572 1341 1720 1380 Colum.
1736 1342 1822 1380 Vll.
1840 1346 1877 1383 9.

1004 1399 1034 1449 ξ.
1074 1404 1110 1439 2.
1154 1399 1335 1450 Scrofae
1372 1397 1612 1448 probantur
1649 1398 1879 1450 Ionyissimi

1003 1460 1169 1495 statas.
1185 1455 1233 1493 ib.
1252 1458 1312 1494 1‘2.
1329 1453 1359 1503 ᾧ.
1376 1457 1413 1493 9.
1427 1458 1584 1493 status
1598 1453 1862 1505 lonyiorpro

1002 1513 1261 1563 (laetiorque.
1287 1509 1388 1548 Vlll.
1406 1514 1441 1549 2.
1464 1510 1494 1560 ξ.
1511 1512 1546 1549 9.
1566 1509 1610 1547 in
1629 1509 1878 1561 yallz'nacez‘s

1001 1573 1153 1607 status
1178 1568 1306 1607 altior
1321 1566 1546 1619 quaeritur,
1562 1568 1691 1603 tamen
1708 1566 1799 1616 quia
1812 1564 1877 1602 hic

999 1624 1210 1675 separatim
1235 1623 1284 1661 de
1310 1623 1482 1671 corporis
1507 1620 1612 1659 mole
1637 1622 1688 1659 sit
1708 1619 1875 1667 locutus,

1000 1680 1134 1718 (licens
1167 1692 1344 1730 corpore
1372 1683 1545 1723 vastum,
1582 1678 1708 1728 magis
1745 1676 1876 1729 placet

998 1738 1034 1774 ei
1065 1749 1152 1775 cum
1183 1734 1269 1774 aliis
1295 1734 1410 1773 lectio
1441 1738 1611 1773 statura.
1663 1732 1735 1785 [At
1766 1746 1873 1784 egre-

997 1794 1061 1843 gie
1091 1796 1192 1831 errat
1221 1790 1323 1830 Oud.
1372 1789 1475 1828 Nam
1505 1789 1567 1828 hic
1597 1803 1673 1827 non
1705 1789 1755 1827 de
1792 1803 1873 1828 cor-

996 1849 1102 1900 poris
1115 1848 1219 1886 mole
1232 1852 1361 1887 status
1378 1844 1672 1896 intelligendum
1693 1849 1772 1890 est,
1796 1846 1872 1884 sed

997 1905 1046 1943 de
1077 1904 1223 1953 figurae
1253 1908 1294 1942 et
1321 1902 1374 1941 fili
1406 1902 1582 1953 corporis
1617 1902 1869 1953 proceritate;

995 1961 1045 1999 de
1081 1961 1205 1998 obeso
1242 1971 1406 2010 corpore
1443 1958 1587 1996 deinde
1622 1970 1751 1996 sermo
1794 1961 1872 1996 est.

995 2018 1136 2057 Status
1160 2030 1250 2054 vero
1274 2016 1377 2053 idem
1403 2018 1483 2058 est,
1510 2013 1612 2064 qnod
1626 2018 1794 2053 statura.
1821 2012 1870 2051 cf.

991 2072 1182 2111 Buenem.
1197 2072 1247 2110 ad
1259 2071 1437 2110 Lactant.
1452 2069 1590 2108 Institt.
1604 2068 1689 2108 Vll.
1705 2073 1742 2110 9.
1756 2068 1787 2119 §.
1804 2074 1867 2109 11.

991 2143 1030 2181 p.
1052 2133 1144 2170 907.
1170 2127 1297 2166 Etiam
1324 2126 1519 2166 sufficiunt
1543 2125 1738 2176 exempla,
1765 2138 1868 2176 quae

992 2199 1042 2223 ex
1057 2184 1206 2224 Colum.
1222 2183 1342 2222 allata
1366 2186 1473 2228 sunt,
1500 2183 1560 2220 cni
1575 2181 1699 2220 addas
1716 2181 1865 2220 Colum.

993 2241 1021 2279 1.
1049 2245 1085 2282 9.
1112 2241 1413 2293 Lonyz'ssinmm
1440 2252 1636 2291 quemque
1661 2243 1867 2277 aratorem

987 2299 1220 2351 foetemus.-
1265 2296 1528 2335 mediastinus
1568 2294 1867 2347 qualiscunque

991 2359 1148 2394 status
1173 2357 1314 2404 potest
1341 2366 1438 2397 esse,
1473 2350 1694 2390 dnmmodo
1714 2363 1865 2401 perpe-

991 2410 1133 2449 tiendo
1147 2409 1284 2448 labori
1302 2409 1355 2448 sit
1372 2408 1556 2446 idoneus.
1583 2405 1640 2444 lta
1652 2407 1736 2443 vice
1749 2419 1864 2444 versa

992 2471 1148 2505 statura
1155 2478 1225 2516 pro
1238 2469 1366 2503 status
1379 2462 1689 2512 dixitAugustin.
1699 2465 1862 2499 enarrat.

991 2522 1026 2559 in
1037 2519 1424 2560 Psalm.LXVlll.8.
1441 2518 1563 2557 TJV.
1580 2517 1674 2559 P.2.
1687 2531 1724 2568 p.
1742 2521 1861 2557 1008.

990 2577 1037 2616 B.
1053 2578 1146 2617 edit.
1164 2577 1230 2616 alt.
1248 2575 1388 2615 Paris.:
1416 2576 1599 2614 Erecta
1616 2575 1773 2626 quippe
1785 2577 1862 2612 sla·

991 2639 1087 2673 tura
1112 2637 1325 2685 exspectat
1347 2645 1455 2683 spem
1480 2631 1701 2682 repositam
1719 2629 1796 2667 sibi
1818 2629 1861 2666 in

992 2691 1122 2735 coelo,
1143 2702 1219 2740 qua
1238 2689 1433 2727 sententia
1451 2686 1683 2725 Lactantius
1704 2697 1864 2735 semper

991 2750 1117 2785 statas
1140 2750 1275 2785 rectus
1310 2744 1403 2782 dicit
1439 2741 1691 2781 cfiBuenem.
1717 2740 1765 2777 ad
1793 2740 1861 2778 1.6.

991 2800 1111 2840 Plura
1124 2801 1308 2852 exempla
1320 2799 1524 2851 praebebit
1537 2798 1587 2835 du
1596 2796 1716 2845 Cang.
1725 2795 1861 2834 Gloss.

990 2857 1079 2896 Lat.
1088 2871 1160 2897 s.v.
1168 2862 1306 2897 status.
1320 2855 1377 2894 lta
1385 2854 1489 2906 apud
1498 2853 1530 2891 T
1535 2853 1658 2891 ertull.
1668 2852 1717 2889 (le
1727 2851 1863 2902 Spect.

992 2928 1026 2952 6.
1044 2918 1106 2954 12.
1122 2915 1307 2966 captivos
1326 2911 1391 2950 rel
1410 2910 1527 2948 mali
1553 2913 1707 2948 status
1730 2921 1863 2947 servos

990 2971 1160 3009 mercati
1190 2971 1232 3008 in
1257 2967 1442 3019 exequiis
1466 2964 1734 3003 irnnrolabant
1754 2968 1862 3002 recte

990 3026 1165 3077 suppleri
1190 3038 1240 3063 ex
1264 3024 1348 3062 cod.
1373 3021 1574 3072 Agobardi
1599 3024 1712 3071 puto,
1743 3024 1783 3058 et
1812 3020 1863 3058 de

991 3083 1115 3120 servis
1128 3079 1331 3119 imbecillis
1348 3083 1387 3117 et
1400 3078 1573 3116 distortis
1587 3074 1772 3125 intelligo,
1798 3077 1862 3127 qui

991 3137 1042 3176 ad
1067 3151 1188 3188 opera
1215 3135 1391 3175 facienda
1415 3134 1544 3172 minus
1564 3136 1672 3170 erant
1696 3131 1860 3184 i‹lonei.]

1482 3200 1537 3241 34
