2155 3590
684 162 871 202 LIBER
906 161 1001 202 VII.
1047 160 1189 201 CAP.
1218 159 1269 199 11.
1801 157 1878 199 521

106 277 264 318 sceleris
289 275 551 329 inquirerent.
601 274 711 315 Haec
737 289 782 315 eo
809 282 1041 325 enarrante,
1069 273 1215 315 veteris
1240 273 1420 312 fortunae
1451 277 1490 310 et
1513 270 1614 310 illius
1640 268 1744 309 beati
1768 268 1881 308 Lucii

105 333 396 387 praesentisque
422 345 632 372 aerumnae
656 338 696 371 et
720 332 887 372 infelicis
913 331 1013 371 asini
1045 332 1149 371 faeta
1179 327 1488 382 comparatione,
1523 326 1742 365 medullitus
1772 325 1883 378 inge-

102 391 268 429 mebam.
319 388 522 441 subiitque
543 402 624 438 me,
654 402 730 427 non
757 389 802 428 de
828 387 947 427 nihilo
967 387 1113 428 veteris
1129 386 1355 439 priscaeque
1376 383 1575 423 doetrinae
1590 382 1696 422 viros
1719 381 1883 420 finxisse

103 459 147 485 ac
178 444 472 498 pronuntiasse,
512 458 665 484 caecam
694 451 731 483 et
756 458 916 498 prorsus
941 444 1189 483 exoculatam
1215 455 1302 482 esse-
1327 438 1563 480 Fortunam:
1602 451 1700 490 quae
1731 450 1884 490 semper

103 515 192 541 suas
219 514 311 555 opes
337 501 384 540 ad
408 500 531 540 malos
557 507 596 540 et
619 500 801 551 indignos
828 501 1026 550 conserat,
1061 514 1131 539 nee
1157 511 1337 551 umquam
1361 495 1503 536 iudicio
1530 507 1758 548 quemquam
1785 506 1884 532 mor-

101 616 237 645 sceleris
251 617 451 646 desideratur
464 617 497 646 111
511 617 532 646 f.
580 617 751 655 inquirent
763 618 821 646 l-Zd.
836 619 910 646 Bas.
928 619 955 645 1.
1003 614 1087 643 haee
1101 624 1136 643 eo
1150 617 1186 644 F.
1201 617 1230 643 3.
1246 616 1281 643 G.
1296 616 1325 642 1.
1340 615 1370 641 2.
1384 615 1422 642 D.
1436 613 1472 642 P.
1485 613 1523 640 R.
1538 611 1559 639 f.
1575 619 1604 645 p.
1619 606 1647 637 ὃ.
1666 611 1737 638 qut
1752 611 1782 637 2.
1801 610 1884 636 Elm.

100 663 239 692 Scriver.
252 663 371 691 Florid.
398 665 434 692 In
449 666 522 691 cett.
536 661 591 689 hic
604 671 640 689 eo
651 685 658 697 ‚
685 666 717 690 ut
733 663 858 696 peccari
873 664 1006 690 assolet.
1054 663 1250 688 enarrante.
1274 661 1312 687 In
1326 661 1394 687 solo
1410 658 1475 692 legi
1488 657 1524 685 F.
1539 658 1569 684 3.
1594 658 1630 683 In
1650 658 1721 682 cett.
1737 654 1886 681 omnihus

99 708 217 743 legitur
229 711 408 736 narrante.
455 707 669 746 z'tzforlunal’
681 709 716 736 G.
734 709 761 736 1.
776 709 810 736 Ο.
825 715 865 736 ex
879 709 989 740 glossa
1004 714 1057 740 pro
1071 705 1228 744 infelicis.
1276 702 1465 730 medullitus
1479 699 1728 737 ingemiscebam
1743 696 1772 725 d.
1798 702 1826 726 et
1841 699 1888 725 ita

97 753 177 789 legit
190 753 240 781 vir
253 754 366 782 doctus
380 754 419 781 ad
434 753 609 789 marginem
625 754 699 781 edit.
712 753 837 781 Vieent.
851 760 952 780 meae.
988 750 1155 788 subiitque
1168 758 1217 777 me
1230 750 1304 778 113.
1320 751 1354 776 G.
1367 750 1393 776 1.
1408 750 1438 775 2².
1452 749 1487 776 P.
1500 748 1538 775 D.
1553 747 1587 774 0.
1603 745 1622 773 f.
1659 743 1760 772 stabile·
1771 746 1885 779 alque,

98 806 160 826 non
174 797 279 825 subiti·
291 801 410 834 atque,
436 801 468 826 ut
483 799 561 826 oud.
578 800 772 832 praebebant
787 801 949 831 excerpta,
965 796 1095 825 collatio
1108 797 1143 824 F.
1160 797 1188 824 1.
1202 793 1434 828 Lindenbrogii
1447 794 1594 827 praebet,
1615 790 1669 824 qui
1682 789 1887 816 scribendum

97 843 173 871 hinc
187 851 259 872 esse
272 844 462 871 arbitratur:
489 842 578 870 subit
591 844 724 880 itaque.
751 850 846 876 quam
860 842 1078 870 coniecturam
1091 843 1172 869 Elm.
1187 848 1241 874 pro
1257 847 1343 867 more
1357 839 1483 866 furatus
1497 840 1556 865 est.
1583 836 1661 864 Oud.
1681 833 1888 862 coniecturae

98 887 292 925 subitaeque
315 892 428 923 postea
454 889 618 922 poenituit.
655 887 754 916 subiit
774 887 891 923 itaque
910 894 959 913 me
979 890 1069 914 extat
1087 886 1120 914 in
1140 887 1188 914 ed.
1202 885 1343 912 Seriver.
1368 885 1405 911 In
1419 886 1490 911 cett.
1505 882 1595 910 codd.
1610 883 1639 908 et
1653 880 1721 908 edd.
1736 877 1887 905 subibat-

99 940 161 969 que
174 941 240 968 me,
266 934 332 961 nisi
345 934 426 967 quod
440 935 523 961 Elm.
537 933 656 961 vitiose
670 933 781 960 scribit
797 931 997 969 subibarque
1011 938 1071 959 me.
1118 929 1156 957 de
1169 927 1292 957 nichilo
1309 930 1344 956 G.
1362 930 1389 956 1.
1414 925 1452 954 de
1466 925 1557 954 nullo
1574 933 1627 960 pro
1642 923 1680 951 de
1692 921 1796 951 ut‘lu'lo
1815 923 1854 951 Ι).
1868 929 1888 950 a

97 986 137 1006 m.
153 986 182 1012 p.
208 976 247 1005 de
259 977 368 1005 nullos
383 985 403 1006 a
416 986 455 1007 m.
470 987 497 1006 s.
545 977 758 1016 *ciros-fuisse
773 977 794 1005 f.
810 978 923 1010 inepte.
971 978 1002 1002 ee
1013 975 1257 1012 pronuntiasse
1271 976 1307 1003 G.
1326 975 1352 1001 1.
1368 980 1439 1001 am.
1457 981 1484 1006 p.
1499 972 1555 999 sed
1569 978 1589 998 a
1602 979 1642 998 m.
1656 978 1682 998 s.
1719 977 1761 996 ac
1780 976 1888 996 corre-

97 1026 182 1051 ctum
207 1027 266 1051 est.
313 1031 452 1050 caenam
478 1031 533 1057 pro
559 1031 695 1050 caecam
720 1024 833 1051 Venet.
854 1024 885 1050 2.
933 1019 1167 1048 exosculatum
1193 1027 1230 1048 π.
1278 1026 1423 1055 unquam
1449 1016 1482 1044 ὺι
1508 1014 1630 1043 iudr'cio
1654 1016 1817 1042 Boxhorn.
1848 1013 1888 1040 ad

97 1065 261 1102 spartian.
277 1069 374 1096 Hadr.
388 1069 423 1096 Τ.
438 1070 493 1096 111.
507 1069 590 1096 Ilist.
603 1069 687 1103 Aug.
703 1076 732 1102 p.
748 1068 824 1096 770.
840 1067 981 1101 reponit,
1007 1066 1085 1099 quia
1103 1065 1152 1093 sic
1174 1072 1194 1093 a
1213 1064 1379 1092 veteribus
1398 1065 1503 1091 locum
1522 1064 1606 1090 huuc
1619 1061 1787 1088 laudatum
1799 1065 1890 1092 repe-

98 1113 190 1150 rerit,
216 1117 245 1141 et
261 1114 385 1147 passim
397 1113 560 1147 Apuleius
575 1113 696 1146 aliique
709 1115 793 1141 haue
808 1112 1079 1146 praepositionem
1094 1112 1267 1144 adponant.
1293 1109 1353 1135 Sed
1369 1108 1421 1136 hic
1436 1115 1496 1134 non
1512 1105 1696 1134 admiserim
1712 1112 1783 1132 cum
1797 1103 1889 1137 0ud.‚

96 1158 287 1191 praesertim
306 1166 402 1191 quum
421 1158 619 1192 praepositio
643 1157 677 1184 in
697 1164 862 1190 nunquam
887 1157 1045 1192 abundet,
1072 1162 1155 1189 quae
1171 1154 1236 1182 fere
1258 1152 1400 1181 omnium
1414 1151 1547 1185 Apuleii
1568 1150 1725 1178 editorum
1744 1151 1792 1177 est
1812 1156 1889 1176 sen-

98 1202 209 1231 tentia.
256 1201 380 1230 iudicio
395 1210 598 1240 quamquam
613 1203 661 1230 ed.
677 1210 722 1236 pr.

97 1291 237 1327 ceteris
268 1289 426 1328 aliorum
457 1289 684 1339 scriptorum
717 1288 814 1325 locis
840 1288 965 1324 inveni

95 1349 247 1396 praeter
260 1349 411 1396 poetas,
437 1358 537 1394 quos
550 1345 658 1382 metri
672 1345 766 1382 ratio
782 1344 966 1381 recedere

97 1402 146 1439 ab
178 1401 254 1439 1100
278 1414 351 1439 usu
377 1401 552 1451 cogebat.
585 1400 633 1438 cs.
661 1399 841 1450 exempla
866 1412 966 1450 quae

96 1457 264 1496 cumulat
288 1457 390 1495 Oud.
417 1457 467 1495 ad
493 1456 605 1494 Caes.
631 1455 678 1494 B.
695 1456 740 1494 G.
755 1455 780 1494 l.
796 1460 860 1496 49.
882 1456 912 1505 δ.
928 1460 966 1495 3.

97 1513 302 1564 Kreyssig.
313 1512 525 1551 comment.
541 1513 590 1551 de
600 1512 697 1550 Sall.
708 1512 855 1550 Histor.
872 1511 892 1548 Ι.
904 1510 964 1549 111.

96 1569 138 1608 1”1·.
165 1569 210 1609 P.
237 1569 279 1608 11.
305 1583 341 1620 p.
360 1575 421 1609 11.
448 1568 555 1607 Idem
581 1568 796 1606 offendisse
820 1568 968 1606 videtur

97 1625 289 1665 librarium
315 1625 400 1664 cod.
426 1625 451 1663 f.
477 1629 517 1663 et
531 1626 714 1670 Scriver„
741 1625 803 1676 qui
826 1624 968 1663 multos

95 1697 120 1721 71
130 1698 155 1721 u
162 1696 254 1721 mer
265 1696 288 1720 o
301 1683 408 1721 viros
416 1681 649 1732 praeferunt,
659 1695 730 1719 nec
742 1681 967 1730 refragarer,

97 1739 171 1776 nisi
197 1739 328 1789 optimi
360 1738 471 1776 codd.
499 1742 722 1776 constanter
746 1738 967 1775 inusitatum

98 1795 199 1833 hunc
226 1794 396 1833 ordinem
422 1794 656 1846 servarent]

154 1855 380 1890 enarrante.
430 1850 505 1902 [Ita
517 1851 632 1888 unius
647 1849 732 1888 cod.
749 1849 918 1887 Florent.
934 1852 969 1888 3.

98 1907 362 1945 auctoritatem
378 1911 538 1945 secutus
559 1907 594 1944 in
615 1910 725 1944 textu
749 1906 874 1957 posui.
907 1905 972 1943 Ad

96 1963 414 2012 significationem
430 1963 512 2000 fere
527 1962 618 2000 011111
633 1963 872 2012 discrepant.
899 1961 973 1998 sed

98 2020 133 2057 111
159 2019 261 2057 Mss.
287 2018 494 2069 aliquoties
519 2022 789 2069 permutantur.
830 2018 876 2055 es.
904 2017 971 2054 Dr.

97 2075 149 2113 ad
172 2074 258 2112 Liv.
284 2073 450 2112 XXVII.
478 2079 541 2114 50.
578 2074 610 2124 ὃ.
637 2078 672 2114 3.
711 2078 750 2112 et
785 2072 970 2111 Xxvul.

100 2135 163 2171 44.
190 2131 220 2179 ς.
248 2131 336 2182 21.]

154 2187 417 2238 inqemebam.
467 2185 682 2238 [Librarius
697 2185 781 2224 cod.
797 2184 969 2223 ‹lot-vill.

102 2243 210 2281 dedit
232 2243 562 2295 ireymniscebam.
591 2242 693 2291 quod
710 2242 880 2293 Apuleio
895 2241 970 2279 usi·

98 2299 334 2337 tritissimum
359 2302 431 2336 est.
459 2299 505 2336 cs.
532 2298 628 2336 Met.
655 2297 700 2336 11.
729 2312 763 2348 p.
794 2301 883 2338 124.
910 2302 970 2336 ta-

101 2357 205 2395 citus
240 2355 626 2407 inqemiscebam.
658 2367 697 2404 p.
730 2358 815 2394 164.
848 2354 971 2392 altius

99 2412 429 2464 inyemiscens.
456 2409 517 2448 III.
545 2424 582 2461 p.
613 2414 701 2450 192.
730 2410 972 2448 veliementer

101 2467 397 2515 inqemiscis.
446 2466 514 2504 IX.
545 2480 584 2517 p.
611 2470 703 2507 620.
734 2467 885 2506 tacitus
910 2466 971 2503 ἰη-

99 2525 420 2576 ῃεηιίεοονεηι.
448 2521 676 2573 1Χ.[1.666.
702 2524 886 2575 (Ji-ariter
912 2522 971 2559 ἰη-

99 2581 382 2633 yemiscens.
433 2577 485 2616 X.
522 2592 558 2629 p.
599 2583 691 2619 70¹2.
729 2579 876 2617 tacitus
911 2578 973 2616 in-

100 2636 428 2689 gemiscebam.
456 2635 539 2673 Sed
563 2635 659 2673 Met.
674 2635 722 2673 V.
749 2637 896 2684 p.371.
923 2633 973 2670 le-

103 2693 202 2743 gitur
238 2693 374 2730 iaeens
409 2691 696 2743 inqemebat.
744 2690 844 2728 Hinc
881 2689 973 2728 nihil

101 2748 326 2787 mutandum
352 2751 431 2793 est,
457 2761 530 2785 nec
553 2748 606 2785 ita
631 2747 805 2798 quidem,
841 2747 874 2784 si
898 2745 975 2784 hoc

103 2817 178 2843 uno
204 2803 291 2842 loco
318 2803 550 2856 legeretur]

163 2861 301 2900 ceteris
334 2861 581 2912 priscaeque
610 2859 829 2899 doctrinae
860 2859 974 2897 viros.

106 2915 200 2968 [Cur
213 2915 314 2955 Oud.
329 2917 524 2955 maluerit:
550 2921 717 2960 veteres,
743 2927 975 2966 quamquam

103 2972 302 3023 vulgatam
326 2987 401 3011 non
427 2973 597 3018 damnat,
623 2972 804 3023 equidem
830 2985 904 3008 1100
924 2971 976 3008 in·

105 3027 254 3079 telligo.
285 3027 402 3075 Quis
428 3030 529 3068 enim
554 3042 721 3080 unquam
753 3027 891 3066 dixerit
911 3041 977 3066 te·

108 3088 214 3123 teres-
232 3084 408 3124 lzomines
432 3091 470 3125 et
488 3087 655 3138 priscae
674 3085 890 3124 doctrinae
907 3097 976 3134 pro

108 3144 255 3180 veteres
268 3145 304 3180 εἰ
318 3141 433 3182 docti
446 3142 650 3181 hommes?
673 3141 762 3180 Non
776 3154 862 3180 raro
877 3140 977 3178 enim

1020 1287 1185 1338 priscus
1211 1289 1248 1322 et
1274 1289 1380 1323 retus
1407 1283 1608 1321 coniuncta
1633 1280 1736 1332 apud
1749 1279 1891 1318 Roma-

1025 1356 1097 1379 nos
1124 1341 1317 1390 leguntur.
1343 1344 1385 1378 ut
1404 1339 1542 1377 Graeci
1569 1350 1723 1388 quoque
1743 1334 1894 1387 ἀρχαῖος

1024 1400 1085 1436 καὶ
1100 1394 1263 1443 παλαιός
1277 1396 1470 1447 copulant.
1486 1394 1532 1432 cf.
1550 1393 1812 1432 (‘ic.Uuive1·s.
1828 1395 1891 1431 34.

1030 1454 1285 1493 Credendum
1320 1453 1508 1491 m'me'rum
1539 1455 1595 1489 est
1631 1449 1827 1487 veteribus
1857 1452 1893 1484 et

1021 1511 1195 1562 priscis,
1228 1514 1272 1549 ut
1295 1509 1426 1552 aiunt,
1461 1509 1556 1545 viris
1592 1505 1640 1543 cf.
1665 1503 1820 1542 Ruhnk.
1847 1503 1895 1540 ad

1027 1566 1130 1604 Veli.
1156 1564 1350 1604 Paterc.I.
1381 1568 1440 1605 16.
1466 1563 1495 1613 ὃ.
1513 1567 1550 1603 3.
1575 1576 1656 1601 uua
1679 1562 1896 1612 priscam

1027 1623 1140 1661 illam
1166 1628 1203 1661 et
1229 1627 1429 1660 veterem
1452 1620 1523 1659 sub
1541 1619 1724 1663 Cratino,
1740 1616 1895 1655 Aristo-

1022 1679 1162 1730 phane
1187 1684 1224 1717 et
1244 1677 1455 1729 Eupolide
1480 1674 1742 1715 comoediam.
1768 1672 1896 1710 Doed.

1028 1736 1242 1786 Synonym.
1277 1733 1320 1772 T.
1357 1733 1423 1772 lv.
1457 1746 1491 1783 p.
1525 1736 1576 1771 88
1609 1743 1669 1779 sq.
1719 1728 1897 1768 Ceterum

1027 1791 1221 1842 Apuleius
1246 1802 1468 1841 synonyma
1498 1791 1601 1826 amat
1637 1786 1686 1824 cf.
1711 1785 1806 1824 Met.
1833 1783 1896 1822 111.

1031 1852 1123 1898 11.21
1138 1853 1172 1887 1.
1188 1847 1328 1885 [retecti
1341 1850 1464 1897 atque
1477 1844 1642 1888 nudati,
1661 1842 1725 1880 ubi
1740 1841 1786 1880 cf.
1802 1840 1896 1878 Met.

1032 1903 1080 1940 Υ.
1095 1918 1132 1955 p.
1148 1907 1243 1944 334.
1256 1902 1495 1952 scrupulose
1509 1901 1757 1950 curioseque.
1785 1896 1833 1935 cs.
1849 1896 1896 1935 ad

1031 1959 1216 1997 Metxu.
1232 1972 1268 2010 p.
1284 1962 1376 1998 457.
1394 1958 1538 2008 spretis
1555 1961 1678 2007 atque
1692 1955 1899 1993 cantemus

1032 2020 1069 2053 et
1094 2016 1223 2053 statim
1245 2027 1406 2053 caecam
1421 2018 1460 2051 et
1469 2013 1596 2063 plane
1609 2008 1897 2059 exoculatam]

1089 2085 1269 2111 cae-cam.
1337 2068 1510 2107 Plurima
1545 2068 1594 2105 de
1630 2067 1705 2106 huc
1743 2066 1899 2103 levitate

1030 2131 1069 2165 et
1093 2126 1352 2165 inconstantia
1364 2125 1560 2163 Fortunae
1575 2122 1774 2173 exempla,
1800 2134 1900 2172 quae

1030 2198 1103 2221 11011
1131 2197 1179 2221 ex
1202 2185 1358 2228 virtute,
1390 2181 1464 2219 sed
1489 2194 1538 2218 ex
1564 2179 1719 2218 libidine
1744 2191 1902 2216 munera

1030 2253 1103 2278 sua
1126 2240 1347 2278 hominibus
1372 2238 1542 2283 metitur,
1569 2236 1727 2286 collegit
1740 2233 1901 2272 Prie-‚aul

1030 2296 1067 2334 h.
1095 2296 1116 2334 l.
1155 2295 1314 2347 Optime
1343 2293 1541 2333 Pacuvius
1571 2292 1675 2344 apud
1707 2292 1819 2329 Auct.
1852 2290 1900 2328 ad

1030 2351 1198 2390 Herenn.
1226 2351 1252 2390 I.
1281 2355 1345 2392 23.

1098 2423 1274 2451 Fortunam
1289 2422 1440 2450 insanam
1457 2428 1530 2448 esse
1544 2423 1572 2448 et
1588 2426 1719 2448 caeeam
1733 2421 1761 2446 et
1777 2420 1902 2445 brutam

1315 2467 1480 2501 perhibent
1497 2464 1697 2499 philosophi,

1100 2514 1252 2546 saxoque
1284 2513 1375 2541 illam
1402 2512 1526 2539 instare
1550 2512 1682 2543 ,1110111150
1714 2507 1904 2543 praedicant

1407 2556 1596 2586 volubilem.

1098 2603 1192 2640 Ideo,
1218 2610 1279 2636 quo
1298 2609 1415 2630 saxum
1441 2601 1605 2635 impulerit
1627 2599 1708 2634 fors,
1734 2603 1849 2626 eadere
1869 2605 1905 2625 eo

1318 2647 1476 2675 fortunam
1496 2648 1678 2675 autumant.

1103 2694 1241 2722 caecam
1256 2695 1293 2720 ob
1308 2699 1380 2721 eam
1393 2699 1458 2720 rem
1473 2699 1546 2719 esse
1565 2690 1680 2718 iterant
1691 2711 1698 2725 ‚
1726 2688 1805 2722 quia
1824 2687 1905 2716 1111111

1271 2740 1398 2772 cernat,
1424 2744 1485 2770 quo
1500 2745 1574 2764 sese
1587 2734 1728 2769 applicet
1740 2755 1747 2768 ,

1099 2784 1256 2811 insanam
1269 2786 1375 2810 autem
1396 2782 1506 2815 aiunt⁷
1534 2780 1611 2814 quia
1631 2783 1741 2813 atrox,
1769 2777 1904 2813 incerta,

1353 2825 1586 2859 instabilisque
1610 2824 1670 2858 sit;

1102 2873 1253 2909 Brutam,
1278 2872 1356 2906 quia
1382 2871 1515 2903 dignum
1541 2873 1638 2903 atque
1661 2868 1830 2903 indignum
1849 2876 1907 2897 ue-

1328 2920 1422 2950 queat
1444 2915 1682 2943 internoscere:

1036 2971 1100 3036 qni
1125 2983 1265 3009 versus
1290 2981 1360 3021 pro
1388 2967 1666 3006 commentario
1691 2966 1807 3005 huius
1832 2965 1906 3005 loci

1035 3031 1153 3123 S'nctid
1177 3082 1304 3121 nullos
1328 3085 1366 3120 et
1390 3081 1586 3133 indiynos
1605 3082 1805 3132 conferat.
1838 3078 1908 3132 [cs.

1036 3137 1282 3178 luvenam'l.
1298 3141 1377 3179 605
1392 3150 1480 3188 sqq.
1496 3135 1580 3175 vll.
1594 3139 1672 3177 197
1681 3149 1741 3188 sq.
1757 3134 1907 3174 Iacobs.
