2155 3590
717 97 984 137 CAPUT
1066 95 1141 135 ΙΙΙ.
1698 110 1829 136 Lxxxr

317 209 378 249 At
403 224 485 263 eyn
509 224 687 249 sermone
711 212 786 249 islo
810 209 978 249 tlIt'lesc'o

326 268 470 305 Varias
490 267 668 317 fabellas
692 281 915 311 conseram,
941 272 1062 319 utque
1085 279 1203 305 aures
1227 271 1315 305 luas

317 322 547 361 Benecolas
571 323 712 374 lepido
736 337 902 363 susurro
926 323 1195 374 permulceant

316 377 453 417 Modo
476 380 511 416 si
528 393 735 432 papyrum
760 378 1012 432 Aeygjptinm
1036 385 1079 417 m
1104 380 1273 429 ‹ez-(sulin-

317 435 496 474 Nilotict'
521 436 670 474 calami
695 437 934 486 iuscriptwn
958 450 1039 474 non
1063 436 1259 486 sprec-eris

316 489 543 542 Inspicere,
567 493 727 543 fi'yuras·
748 495 1022 544 fortunasque
1046 492 1246 529 hominnm
1271 494 1313 530 in
1339 491 1443 530 alias
1469 493 1665 544 imayincs

321 545 562 592 Conversus,
588 552 626 585 et
651 549 692 585 in
716 562 756 586 se
780 562 939 586 rursum
963 561 1073 587 724³.th
1099 553 1235 587 mutuo

318 605 532 653 Refectas,
558 609 603 643 ut
624 605 781 642 mireris
806 604 872 642 hic
897 605 1108 643 exordior.

37 659 156 710 Atqui
192 663 234 697 ut
268 660 423 711 penitus
460 659 622 710 liqueat,
659 673 753 697 esse
785 660 882 697 haec
912 665 1145 711 nugamenta
1175 664 1214 697 et
1243 662 1412 705 somnia,
1449 660 1588 699 demus
1613 661 1671 698 sic
1698 660 1771 711 legi
1799 661 1833 698 in

35 717 208 766 probatis
234 717 447 761 codicibus,
473 717 610 754 demus
636 717 851 754 versiculos
876 730 968 754 esse
993 717 1067 754 hos
1091 717 1251 755 metrica
1268 720 1415 755 ratione
1441 717 1669 768 dispositos.
1696 718 1834 755 demus

35 773 204 823 denique
233 774 282 811 ab
318 772 606 823 Epigrammate
637 772 805 811 Iambico
838 774 1055 820 bimembri,
1085 778 1126 811 ut
1158 774 1311 824 quidam
1336 776 1511 825 scripsit,
1544 774 1753 825 Apuleium
1780 774 1835 810 in-

35 830 205 879 cepisse.
237 828 442 875 ,Quaem
473 843 548 879 quo
581 834 695 880 pacto
725 834 959 880 temporum,
989 829 1249 880 syllabarum,
1279 830 1421 880 pedum
1454 831 1670 868 distributio
1703 832 1737 868 in
1776 830 1834 867 his

33 885 214 923 versibus
233 890 440 936 competat.
470 885 654 924 Profecto
669 885 875 924 Iambicum
898 900 1050 924 carmen
1071 885 1226 923 lambos
1242 887 1468 938 plerumque
1482 887 1638 938 paribus
1655 887 1752 924 locis
1772 900 1835 923 ex-

33 942 227 993 postulat,
253 942 314 979 hic
339 956 453 992 quam
475 943 694 981 rarissimus
708 942 862 980 iambus
887 943 1088 981 invenitur.
1136 942 1276 982 Contra
1291 943 1553 989 Trochaeum,
1578 942 1834 995 Pyrrichium.

34 997 369 1048 Amphimacrnm,
395 999 616 1050 nothosque
641 999 741 1037 alios
771 999 897 1050 pedes
922 999 1115 1043 videmus,
1141 1004 1181 1037 ut
1207 1000 1296 1037 nihil
1322 1000 1446 1038 minus
1471 1001 1670 1051 possimus
1696 1000 1835 1045 dicere.

35 1067 150 1104 quam
175 1054 384 1093 Iambicum
408 1055 484 1093 hoc
509 1068 603 1092 esse
628 1056 877 1106 epigramma.
924 1054 1012 1101 Quo
1039 1068 1087 1092 ex
1112 1069 1231 1094 censu
1250 1057 1283 1093 si
1305 1057 1538 1101 excluditur,
1563 1057 1683 1094 multo
1712 1057 1836 1094 minus

35 1112 170 1162 opinor
188 1112 224 1149 in
238 1110 462 1156 Phalerios,
483 1112 719 1151 Scazontas.
739 1111 1033 1162 Asclepiadeos
1052 1116 1116 1150 aut
1132 1112 1310 1150 Adonios
1329 1113 1526 1152 referetur.
1558 1113 1702 1151 Verum
1718 1113 1835 1150 credo

35 1181 130 1218 ego,
155 1167 219 1205 his
243 1169 393 1218 priores
419 1168 519 1206 duos
546 1168 762 1206 versiculos
788 1168 986 1212 arrisisse,
1019 1180 1117 1216 quos
1147 1170 1322 1218 speciem
1350 1169 1505 1218 quidem
1531 1170 1699 1220 aliquam
1725 1183 1835 1207 sena-

34 1224 173 1261 riorum
199 1237 292 1275 prae
315 1237 363 1261 se
389 1224 488 1262 ferre
513 1238 585 1262 non
607 1225 846 1274 negaverim,
872 1223 975 1274 quod
997 1224 1242 1262 nihilominus
1262 1225 1445 1263 credibile
1467 1226 1551 1269 suit,
1578 1240 1671 1265 casu
1691 1224 1836 1264 auctori

34 1280 249 1327 accidisse3
276 1294 362 1318 nam
389 1284 427 1318 et
450 1282 628 1318 senarios
653 1294 937 1332 saepenumero
963 1282 997 1317 in
1025 1279 1212 1318 Oratione
1237 1296 1284 1318 se
1309 1287 1449 1332 sponte
1475 1283 1587 1320 nohis
1619 1282 1758 1320 offerre
1784 1287 1837 1319 te-

33 1341 157 1376 statur
181 1336 237 1374 M.
265 1335 429 1375 Tullius.
489 1338 544 1375 At
579 1337 709 1375 dicunt
745 1337 900 1388 quidem
937 1350 1031 1374 esse
1061 1338 1213 1374 oumino
1240 1339 1424 1379 carmina:
1462 1339 1534 1376 sed
1565 1352 1614 1376 ex
1639 1339 1836 1389 multiplici

35 1406 197 1444 genere,
222 1397 264 1432 ut
288 1393 380 1431 illud
406 1394 618 1437 senarium,
644 1393 747 1432 aliud
773 1393 1020 1444 quadratum,
1051 1393 1156 1432 aliud
1187 1394 1445 1434 acatalecton.
1477 1395 1581 1433 aliud
1606 1395 1838 1446 hypercata-

36 1450 226 1488 lecticum.
285 1449 360 1488 Hie
390 1450 483 1488 illud
514 1450 643 1488 solum
673 1449 913 1502 respondere
945 1449 1038 1487 libet
1067 1464 1113 1488 ac
1144 1450 1193 1488 de
1225 1451 1338 1488 nobis
1369 1452 1569 1500 magnifice
1599 1452 1837 1502 praedicare.

36 1507 70 1544 si
96 1507 146 1545 ita
172 1519 220 1544 ex
247 1507 349 1544 vario
376 1507 575 1558 multiiugo
603 1506 870 1558 perplexoque
896 1507 1104 1544 carminum
1129 1521 1268 1545 acervo
1296 1509 1574 1558 epigrammata
1600 1510 1837 1546 coalescunt.

35 1562 359 1614 quandocumque
378 1564 534 1615 placeat
551 1567 673 1601 totum
688 1563 898 1615 Apuleium
917 1564 952 1600 in
967 1567 1089 1601 metra
1103 1564 1346 1602 concludere.
1380 1565 1461 1602 Sed
1481 1565 1675 1616 impendio
1698 1565 1838 1608 lontrin-

35 1633 99 1657 res
126 1621 161 1657 in
187 1633 227 1657 re
252 1624 329 1658 tam
354 1620 457 1657 tenui
485 1633 568 1657 eam
596 1621 645 1658 ob
673 1633 830 1658 causam
854 1619 1013 1665 suinms,
1041 1621 1146 1670 quod
1166 1621 1413 1671 probatorum
1439 1626 1476 1658 et
1502 1622 1739 1659 inveteratae
1764 1622 1838 1659 iam

37 1676 164 1713 famae
195 1676 359 1714 virorum
390 1678 614 1722 auctoritas9
646 1680 780 1714 nostro
812 1676 917 1727 quod
947 1690 1046 1715 nunc
1076 1677 1240 1729 primum
1272 1678 1439 1716 exoritur
1477 1679 1615 1716 nomini
1646 1679 1838 1715 sinistram

36 1733 255 1784 opinionem
281 1732 447 1770 conflare
471 1746 595 1784 posse
621 1733 839 1777 videbatur,
865 1733 899 1770 si
925 1733 1076 1770 illorum
1102 1733 1375 1784 praeiudicium
1402 1734 1436 1771 in
1460 1734 1532 1772 hac
1557 1748 1598 1772 re
1619 1735 1693 1772 vim
1714 1734 1840 1771 iudicii

35 1789 253 1829 habuisset.
312 1787 518 1840 Multoque
548 1789 715 1840 posthac
745 1790 915 1828 deterius
947 1790 997 1827 de
1029 1790 1198 1841 Apuleio
1229 1804 1301 1828 nos
1332 1791 1524 1828 statuisse
1557 1790 1736 1842 legentes
1767 1791 1840 1828 sibi

35 1846 275 1897 persuadere
300 1850 496 1898 poterant,
522 1847 555 1883 si
579 1846 782 1885 solventes
808 1845 936 1884 adhuc
960 1847 995 1883 in
1022 1845 1110 1897 ipso
1136 1850 1249 1897 portu
1274 1848 1591 1897 impegissemuS.
1635 1848 1689 1885 At
1715 1861 1842 1897 neque

35 1902 380 1953 praetereundum,
413 1902 566 1948 librum,
598 1904 657 1941 cui
689 1903 739 1941 de
768 1902 1020 1954 philosophia
1050 1917 1188 1941 nomen
1215 1908 1314 1949 erat,
1347 1903 1449 1941 falso
1476 1904 1549 1942 hoc
1573 1904 1682 1942 titulo
1709 1906 1841 1942 inscri-

35 1964 144 2010 ptum
176 1959 318 2005 fuisse,
349 1964 467 2009 atque
497 1959 690 1998 divulsum
720 1973 744 1997 a
774 1959 922 2010 reliquo
954 1973 1116 2010 corpore
1147 1961 1359 1997 membrum
1397 1960 1471 1998 huc
1502 1974 1627 2012 usque
1658 1961 1842 1998 iacuisse.

39 2015 112 2053 Est
141 2016 241 2054 enim
272 2016 358 2054 sive
389 2016 643 2067 fragmentum
673 2017 758 2053 sive
791 2016 887 2053 liber
917 2015 1015 2053 alter
1047 2016 1096 2053 de
1121 2014 1324 2054 Platonica
1349 2015 1537 2065 lsagoge,
1564 2017 1668 2067 quod
1695 2032 1766 2055 nos
1793 2030 1842 2054 ex

36 2073 304 2110 vetustissimo
330 2085 353 2110 e
378 2073 618 2124 Septimiana
648 2072 886 2110 bibliotheca
919 2072 1053 2110 codice
1085 2073 1362 2123 comperimus,
1394 2087 1480 2111 cum
1514 2075 1618 2112 milla
1643 2075 1843 2112 interiecta

38 2128 295 2167 distinctionis
330 2133 424 2166 nota
459 2129 571 2180 priori
610 2129 704 2166 libro
742 2142 828 2166 eum
868 2128 1087 2167 videremus
1124 2141 1326 2168 annexum.
1387 2129 1503 2175 Quod
1539 2136 1668 2169 autem
1707 2131 1843 2169 librum

39 2184 199 2223 alterurn
235 2185 366 2236 potius
403 2198 518 2235 quam
556 2185 810 2235 fragmentum
850 2186 1135 2229 censuerimus,
1172 2185 1317 2237 duplex
1354 2187 1466 2223 nobis
1501 2188 1598 2225 ratio
1634 2189 1841 2239 persuasit.

36 2239 208 2278 Primum
240 2242 345 2291 quod
376 2255 514 2278 nomen
549 2241 723 2279 Faustini
757 2241 818 2278 tilii
852 2241 967 2279 veluti
999 2242 1034 2279 in
1067 2243 1267 2292 prooemio
1299 2243 1466 2293 quodam
1498 2249 1631 2282 auctor
1656 2244 1843 2295 adpellat.

38 2297 180 2335 deinde
206 2298 306 2348 quod
334 2311 356 2335 a
381 2298 566 2349 principio
595 2300 730 2348 prioris
757 2298 840 2335 libri
866 2298 1054 2349 triplicem
1081 2299 1188 2350 ponit
1218 2298 1497 2350 philosophiae
1528 2301 1788 2351 partitionem.
1820 2313 1844 2337 a

36 2354 278 2406 naturalique
302 2355 540 2406 auspicatur,
565 2354 627 2392 hic
653 2368 743 2393 vero
769 2354 818 2391 de
842 2355 975 2392 morali
999 2356 1089 2405 agit.
1138 2354 1253 2394 Unde
1277 2357 1388 2394 nobis
1414 2358 1604 2394 coniicere
1627 2358 1745 2395 subiit
1768 2370 1842 2394 non

36 2411 155 2449 modo
181 2410 282 2449 hunc
307 2410 469 2449 alterum
495 2411 545 2448 de
570 2410 746 2448 Platonis
772 2411 955 2461 dogmate
980 2424 1075 2449 esse
1101 2411 1254 2455 librum:
1285 2413 1355 2450 sed
1389 2416 1429 2450 et
1453 2414 1570 2451 alium
1597 2427 1753 2465 quoque
1779 2413 1843 2450 de-

37 2467 218 2513 siderari,
249 2466 286 2506 in
313 2480 390 2518 quo
416 2467 466 2505 de
489 2467 666 2506 rationali
697 2468 838 2505 fuisset
869 2467 1153 2506 disserendum.
1215 2466 1445 2508 (juravimus
1472 2470 1599 2518 igitur,
1629 2475 1668 2507 ut
1694 2470 1843 2521 corpori

37 2524 252 2562 membrum
277 2524 497 2575 iungeretur
521 2529 651 2561 amoto
684 2525 834 2562 scilicet
866 2523 997 2561 libello
1025 2524 1074 2562 de
1102 2525 1188 2562 Deo
1216 2526 1408 2570 Socratis,
1435 2529 1498 2576 qui
1524 2531 1780 2577 praepostere
1806 2531 1844 2563 et

39 2580 254 2632 importune
283 2593 330 2618 se
361 2581 457 2618 inter
489 2580 588 2618 duos
620 2581 726 2625 illos,
758 2581 877 2618 veluti
909 2581 1006 2619 inter
1035 2581 1174 2620 fratres
1199 2582 1348 2620 alienus
1381 2583 1556 2632 quidam,
1589 2583 1844 2621 interiecerat.

39 2636 152 2675 Haec
170 2650 242 2675 nos
261 2650 307 2675 ac
325 2637 444 2675 multo
465 2637 576 2688 plura
596 2650 710 2688 quam
730 2637 792 2675 bic
810 2650 965 2675 narrare
984 2638 1034 2675 sit
1054 2638 1317 2683 commodum,
1342 2652 1460 2676 secus
1480 2653 1595 2690 quam
1616 2639 1651 2677 in
1667 2640 1844 2677 omuibus<

39 2692 287 2731 Editionibus
313 2693 518 2737 habeatur,
545 2698 583 2731 et
608 2693 682 2731 lide
708 2695 891 2744 antiquae
916 2694 1092 2733 lectionis
1122 2697 1336 2747 pensitam,
1367 2700 1406 2733 et
1436 2695 1636 2733 doctorum
1665 2697 1845 2739 virorum,

41 2763 142 2801 quos
167 2750 452 2795 consuluimus.
484 2750 620 2788 iudicio
646 2750 818 2788 adhibito
845 2751 1094 2789 correximus.
1154 2750 1267 2797 Quod
1295 2753 1327 2789 si
1355 2753 1388 2789 in
1418 2751 1608 2789 nonnullis
1634 2757 1699 2790 aut
1723 2753 1846 2803 negli-

41 2807 197 2854 gentiae
226 2811 291 2844 aut
320 2806 496 2844 ruditatis
526 2820 749 2856 arguemur,
779 2821 852 2844 non
879 2807 977 2845 adeo
1002 2821 1138 2846 sumus
1164 2808 1284 2846 nostri
1310 2808 1433 2858 ipsius
1460 2813 1671 2854 urinatores,
1702 2813 1742 2847 ut
1768 2823 1846 2847 me-

42 2862 203 2901 lioribus
227 2863 366 2901 cedere
390 2864 604 2914 poeniteat,
636 2867 676 2901 et
698 2865 732 2901 si
758 2876 857 2915 opus
882 2863 1011 2910 suerit,
1038 2864 1251 2902 Stesichori
1278 2864 1380 2901 illius
1405 2878 1530 2910 more,
1555 2879 1696 2903 canere
1714 2865 1845 2903 Palin-

43 2919 183 2957 odiam.
257 2918 411 2957 Etenim
442 2919 633 2957 eiusmodi
665 2924 728 2958 est
758 2920 949 2969 ingenium
975 2925 1166 2966 nostrum,
1192 2925 1231 2958 ut
1256 2920 1376 2972 pluris
1406 2920 1525 2958 multo
1550 2935 1708 2972 semper
1734 2924 1846 2960 nobis

44 2974 156 3014 suerit
185 2975 334 3021 doceri,
366 2989 481 3026 quam
513 2975 672 3015 laudari.
733 2975 877 3016 Valete
906 2977 1073 3016 studiosi
1105 2977 1401 3022 adolescentes,
1433 2982 1473 3015 et
1503 2978 1662 3030 Apuleii
1687 2980 1845 3017 enchiri-

43 3031 133 3070 dion
158 3031 270 3072 hilari
295 3032 422 3072 fronte
445 3032 647 3084 suscipite.

1469 3101 1487 3139 f
