2155 3590
620 145 810 188 LIBER
844 145 917 186 VI.

75 263 157 312 dio,
185 267 230 301 ut
246 259 424 312 aiebant,
451 266 611 300 nostrae
631 259 844 301 tarditatis.
870 257 957 300 Nee
975 272 1036 299 me
1056 265 1187 300 tamen
1204 256 1412 298 mediocris
1434 255 1440 312 Ι
1462 257 1646 312 carpebat
1659 255 1859 312 scrupulus
1884 266 1950 300 432

977 145 1106 186 CAP.
1135 144 1300 186 XXVI.

1778 143 1862 186 489

71 387 228 427 scapulas
241 391 276 419 G.
301 385 427 425 (neque
440 387 612 427 scapulas,
633 392 664 417 ut
679 389 758 418 oud.
772 391 925 424 excerpta
942 387 1181 424 exhibuerunt)
1206 389 1240 417 P.
1260 389 1299 416 D.

71 498 316 538 difficillimus
330 503 403 546 est,
429 512 544 550 quem
558 499 776 538 coniectura
789 504 934 538 tantum

69 557 196 595 sanari
209 569 333 607 posse
347 560 451 606 puto.
471 555 690 594 Beroaldus
704 556 802 594 haec
817 557 936 594 verba

69 612 306 663 interpretari
331 612 477 658 omisit,
503 612 722 663 desperans
747 613 860 657 forte,
886 625 933 650 se

67 669 169 707 bene
183 668 447 720 expliciturum
463 682 567 706 esse.
599 668 780 707 Floridus
805 673 934 706 tamen

67 724 233 763 reddidit
245 738 316 776 per
328 727 579 776 reportaturi
583 726 759 778 fastidia
773 730 935 763 nostrae

69 781 307 826 tardidatis,
335 782 474 831 quibus
489 786 597 832 patet
612 795 697 819 eum
712 795 782 833 per
796 782 937 820 taedia

68 837 313 889 intellexisse
328 850 461 883 onera,
487 838 614 876 adhuc
627 838 678 875 ibi
691 838 837 883 relicta,
863 838 935 875 sed

67 898 220 933 ceteras
241 897 510 944 praeterquam
537 895 639 945 quod
660 895 866 933 durissime
885 894 937 931 ita

67 949 220 988 locutus
236 949 335 988 foret
347 954 490 996 auctor,
501 950 669 989 latrones
686 965 758 989 non
773 950 935 1001 relique·

65 1010 151 1045 rant
163 1007 213 1044 ibi
223 1010 356 1057 raptas
370 1020 433 1044 res
448 1007 497 1044 ob
511 1007 728 1045 tarditatem
744 1008 852 1051 asini,
862 1006 936 1044 sed

67 1063 172 1114 quod
194 1062 328 1114 plures
366 1066 524 1113 gestare
549 1077 621 1101 non
659 1068 856 1114 potuerat,
892 1066 935 1100 ut

66 1122 239 1170 apertum
254 1124 317 1157 est
331 1133 353 1156 e
367 1120 706 1171 praecedentibus.
722 1120 933 1169 Vulgatum

63 1180 192 1214 tamen
209 1189 281 1213 non
290 1177 416 1226 magis
430 1175 591 1225 intelligi
606 1181 749 1226 potest,
760 1189 831 1213 nec
845 1175 935 1226 qnid

65 1232 113 1270 ibi
129 1231 493 1270 volueritwasseus
503 1234 700 1284 refecturi
715 1232 936 1270 conficiens.

64 1288 118 1326 At
126 1286 228 1326 Ond.
238 1289 469 1339 suspicatur,
478 1289 645 1325 auctoris
655 1292 821 1326 mentem
836 1287 937 1326 hanc

64 1357 177 1389 esse,
215 1344 276 1392 (id
302 1344 404 1394 quod
430 1345 504 1382 iam
541 1345 724 1394 exposuit
754 1346 788 1382 in
815 1344 932 1382 Misc.

63 1398 507 1439 Observ.V01.11.T.111.
523 1404 648 1450 p.453
659 1403 673 1449 )
686 1417 698 1439 .·
722 1399 932 1444 Latrones,

63 1457 211 1496 relae‘clo
241 1455 320 1494 illic
339 1457 448 1494 asino
482 1470 590 1506 prae
624 1457 766 1495 taedio
804 1457 934 1507 ipsias

65 1513 275 1552 tarditatIs
299 1513 406 1551 solos
436 1512 599 1558 abiisse,
630 1514 714 1550 suis
741 1514 840 1565 ipsis
866 1513 934 1550 hu—

64 1570 179 1607 meris
193 1568 427 1614 adlaturos,
453 1582 527 1606 non
542 1570 745 1608 relaturos
759 1583 817 1614 ea.
833 1582 934 1619 quae

62 1627 97 1664 in
112 1624 304 1677 spelunca
317 1625 445 1664 adbuc
462 1625 719 1676 reliquerant,
746 1626 847 1664 unde
865 1640 935 1664 ra-

63 1683 173 1734 pinis
201 1682 283 1721 suis
315 1684 448 1721 onusti
479 1695 571 1719 mox
600 1687 859 1726 revertuntur,
898 1686 936 1720 et

62 1739 98 1776 in
124 1736 289 1776 Lucium
314 1750 399 1776 cum
425 1737 559 1789 puella
589 1738 854 1790 aufugientem
884 1740 936 1776 in-

63 1794 193 1833 cidunt
205 1807 242 1845 p.
257 1798 350 1834 441.
378 1794 461 1832 Sed
475 1795 566 1845 quid
580 1795 781 1847 scripserit
793 1799 938 1840 auctor,

63 1852 151 1902 ipse
174 1850 313 1890 nescit.
340 1849 514 1890 Coniecit
537 1851 766 1902 aliquando:
792 1853 939 1892 reh‘cto

63 1920 139 1953 me,
165 1907 319 1952 taedio,
343 1912 389 1947 ut
413 1908 592 1953 aiebant,
617 1913 785 1947 nostrae
809 1908 938 1947 tardi-

64 1965 160 2002 tatis
175 1962 234 2000 vel
255 1977 361 2015 prae
385 1964 537 2002 altiore
562 1965 721 2009 taedio,
746 1969 787 2002 ut
813 1965 937 2004 altius

66 2020 246 2059 taedium
260 2018 403 2057 dictum
418 2020 481 2066 sit,
508 2034 583 2070 quo
599 2020 725 2059 altior
740 2021 936 2065 vindicta,

65 2074 152 2121 alia,
178 2075 228 2112 de
243 2076 384 2125 quibus
399 2076 460 2127 egi
475 2075 525 2113 ad
540 2076 937 2127 Met.lV.p.244.ve1

65 2144 126 2170 me
138 2131 237 2170 licto
246 2144 354 2183 prae
373 2132 513 2171 taedio
531 2132 596 2170 vel
615 2133 777 2185 reliqua
798 2133 937 2175 laturi,

66 2188 226 2232 taedio,
257 2187 364 2237 quod
388 2188 458 2225 Vir
489 2188 628 2226 doetus
653 2188 703 2226 ad
728 2201 849 2239 marg.
877 2188 938 2227 ed.

68 2242 175 2282 Colv.
190 2244 366 2289 coniecit,
379 2244 444 2281 vel
457 2244 591 2283 relato
603 2246 652 2283 iis
664 2258 719 2283 sc.
735 2245 939 2283 comitibus

67 2299 131 2337 vel
155 2299 289 2339 relato
307 2301 407 2340 anui
421 2300 580 2347 taedio,
605 2301 690 2338 sive
704 2305 855 2339 narrato
871 2300 938 2346 illi,

65 2359 107 2394 ut
133 2369 180 2394 ea
203 2357 325 2408 probe
351 2356 562 2395 custodiret
585 2357 691 2395 illum
712 2357 938 2396 necandum.

67 2411 203 2462 (Quod
223 2417 353 2450 tamen
371 2412 456 2450 serri
471 2415 614 2463 nequit,
641 2413 731 2464 quia
756 2427 805 2451 ne
830 2415 941 2452 ratio-

67 2481 154 2507 nem
162 2469 694 2520 quidemhabuisselatrones
709 2470 805 2508 asini
819 2471 940 2516 necis,

66 2538 306 2577 praegressa
329 2528 551 2575 testantur.)
585 2525 686 2573 Quin
714 2526 804 2576 quia
828 2527 879 2565 sit
903 2527 939 2565 in

68 2579 118 2620 O.
143 2581 366 2628 relectiori,
393 2585 431 2620 ct
455 2582 596 2622 taedia
621 2586 752 2621 servet
775 2583 878 2620 idem
903 2584 939 2621 in

67 2650 208 2689 marg„
247 2638 300 2676 uti
331 2642 371 2676 et
400 2637 574 2677 Florent.
602 2638 764 2689 aliique,
797 2639 943 2678 divinat

69 2692 191 2740 Oud.,
223 2707 312 2732 num
341 2694 540 2745 reliquerit
570 2699 720 2740 auctor,
752 2695 944 2735 relecturi

69 2751 210 2790 taedia
234 2763 267 2789 s.
291 2751 493 2802 repetituri
517 2755 557 2789 et
580 2752 808 2790 recalcaturi
830 2753 942 2799 viam,

72 2817 186 2856 quam
199 2820 286 2846 cum
298 2807 448 2853 taedio,
473 2811 515 2846 ut
528 2808 702 2854 aiebant,
729 2821 823 2859 prae
844 2809 942 2847 asini

71 2864 111 2899 et
123 2863 211 2913 equi
222 2863 404 2902 tarditate
418 2865 568 2902 emensi
581 2864 730 2903 fuerint.
742 2865 944 2917 Hele-aere

72 2918 173 2956 enim
196 2931 244 2957 ea
266 2921 463 2959 sententia
487 2934 582 2959 esse
608 2921 943 2972 elegantissimum

73 2972 164 3013 coll.
198 2973 333 3015 Heius.
370 2977 540 3016 Advers.
567 2975 611 3016 ΙΙ.
650 2991 682 3017 c.
713 2982 753 3018 4.
785 2990 822 3028 p.
849 2980 942 3018 336.

73 3028 202 3069 Bentl.
228 3031 278 3071 ad
300 3032 436 3072 Horat.
461 3032 578 3073 Od.l.
594 3037 658 3074 34.
674 3038 710 3074 5.
735 3033 872 3071 Heins.
893 3033 941 3073 ad

74 3084 190 3125 ovid.
209 3085 316 3127 Fast.
335 3088 380 3128 Π.
403 3093 495 3131 550.
523 3089 589 3142 [cf.
615 3087 773 3129 Peerlk.
787 3089 836 3128 ad
848 3089 942 3128 Hor.

74 3140 100 3181 l.
126 3155 160 3182 c.
189 3141 274 3183 lntt.
305 3145 356 3186 ad
379 3145 495 3185 Ovid.
520 3146 619 3187 Met.
644 3146 712 3185 IV.
739 3150 832 3188 570.
881 3144 944 3184 Ex

992 503 1098 538 tanta
1121 513 1212 537 vero
1245 498 1548 536 coniecturarum
1581 495 1773 548 farragine
1797 497 1862 535 vix

992 570 1068 594 una
1103 560 1181 600 est,
1218 567 1319 605 quae
1347 553 1498 605 probari
1529 554 1667 603 possit.
1718 551 1862 591 Ultima

991 613 1184 651 relectzm'
1208 611 1346 650 taedia
1369 610 1588 659 neutiquam
1622 651 1626 654 ,
1687 609 1771 646 endi
1791 621 1863 658 po-

992 672 1080 706 test.
1120 667 1218 714 Quis
1238 668 1339 706 enim
1358 678 1524 716 unquam
1545 670 1586 703 ΐα
1661 679 1767 717 apro
1783 669 1861 703 tae-

994 725 1065 764 dia
1096 727 1184 763 vine
1214 723 1341 762 dicet?
1388 721 1538 760 Eadem
1569 722 1716 759 ratione
1747 722 1861 759 etiam

995 795 1132 825 onera,
1158 781 1297 819 taedia
1322 779 1505 818 nominari
1519 777 1661 816 liceret.
1686 777 1861 815 Mentem

993 837 1161 875 auctoris
1188 838 1286 874 bene
1311 838 1517 875 assecutus
1530 834 1680 872 videtur
1693 833 1809 878 Oud.,
1824 838 1863 871 et

994 907 1044 932 ex
1092 906 1139 930 ea
1185 893 1297 944 igitur
1332 892 1595 944 proficiscatur
1643 890 1861 928 emendatio

994 963 1161 988 necesse
1197 953 1270 988 est.
1323 949 1581 987 Recentiores
1617 949 1862 998 interpretes,

995 1005 1258 1055 francogallus
1283 1009 1322 1042 et
1345 1005 1498 1042 Rodius
1524 1005 1779 1041 coniecturam
1804 1016 1864 1041 re-

993 1063 1107 1115 liqna
1136 1062 1262 1101 laturi
1291 1060 1503 1112 amplexati
1534 1064 1624 1098 sunt
1648 1063 1863 1097 vertentes:

992 1118 1045 1156 Ils
1070 1118 1247 1162 alloient.
1275 1117 1442 1155 disoient
1466 1117 1533 1155 ils.
1560 1117 1684 1167 querir
1705 1116 1740 1153 le
1757 1119 1864 1153 reste

994 1175 1045 1212 du
1069 1175 1194 1219 butin,
1233 1173 1350 1224 qu’ils
1383 1173 1539 1211 avoient
1567 1172 1650 1219 fait,
1688 1172 1781 1210 dont
1814 1171 1864 1209 ils

995 1231 1191 1269 n‘avaient
1214 1243 1266 1280 pu
1292 1243 1389 1267 nous
1417 1229 1599 1279 charger‚
1631 1232 1670 1266 et
1694 1228 1865 1266 Rodius:

996 1288 1107 1325 dmm
1126 1291 1299 1324 rannten
1325 1287 1381 1324 sie
1394 1286 1594 1324 abermals
1608 1286 1749 1337 lem-Hy
1762 1287 1865 1336 fort,

990 1357 1056 1381 um
1072 1343 1143 1380 acle
1155 1344 1211 1380 sie
1225 1341 1503 1393 sayten,.noe·h
1521 1342 1588 1379 die
1602 1342 1715 1380 letzte
1729 1341 1865 1380 Nach-

993 1399 1070 1438 lese
1084 1413 1129 1437 :u
1145 1398 1293 1436 holten.
1311 1398 1468 1436 Taedio
1482 1402 1645 1436 nostrae
1658 1397 1869 1436 tarditatis

991 1455 1113 1492 verba
1138 1454 1230 1492 mihi
1256 1458 1334 1491 tam
1360 1466 1459 1492 sana
1483 1453 1661 1490 videntur
1687 1465 1801 1498 esse,
1826 1456 1868 1490 ut

992 1510 1190 1549 emendari
1215 1524 1289 1548 non
1317 1510 1498 1548 debeant.
1536 1508 1664 1555 Quum
1690 1510 1788 1546 enim
1815 1510 1868 1547 la-

992 1572 1126 1606 trones
1157 1566 1335 1606 taederet
1365 1579 1497 1604 morae
1530 1569 1647 1616 atque
1677 1565 1868 1603 tarditatis

993 1625 1268 1668 iumentorum,
1306 1623 1408 1661 domi
1446 1635 1493 1660 ea
1517 1622 1771 1673 reliquerunt,
1803 1621 1869 1659 ad-

994 1681 1104 1719 scitis
1133 1680 1345 1718 vulneratis
1379 1678 1604 1723 comitibus,
1637 1679 1700 1730 qui
1726 1678 1870 1716 ferrent

997 1752 1044 1776 ea
1070 1750 1205 1783 onera,
1244 1750 1345 1786 quae
1377 1734 1543 1786 alioquin
1576 1735 1756 1773 iumentis
1782 1748 1868 1787 por-

995 1793 1114 1832 tanda
1152 1793 1337 1839 fuissent,
1376 1796 1415 1830 et
1451 1804 1632 1830 caussam
1670 1791 1785 1829 huius
1815 1792 1870 1829 rei

997 1851 1203 1889 comitibus
1229 1849 1328 1900 ipsis
1353 1848 1570 1887 tarditatem
1603 1848 1701 1886 asini
1728 1847 1869 1886 indica-

995 1910 1093 1946 runt.
1140 1905 1181 1944 ln
1213 1905 1302 1943 solo
1341 1906 1453 1955 igitur
1478 1904 1669 1942 vocabulo
1698 1904 1871 1943 relaturi

997 1963 1178 2000 mendum
1193 1963 1313 2000 totius
1329 1962 1400 1999 loci
1422 1961 1556 1998 inesse
1570 1960 1730 1998 videtur.
1768 1959 1871 2006 Quid

998 2033 1088 2056 vero
1121 2019 1295 2058 relaturi
1323 2017 1398 2055 sibi
1425 2017 1535 2061 velit,
1568 2017 1632 2054 vix
1662 2020 1795 2069 potest
1818 2018 1870 2054 in-

995 2075 1130 2126 telligi.
1179 2074 1300 2119 Nam,
1339 2073 1443 2125 quod
1478 2074 1581 2111 bene
1616 2074 1691 2111 iam
1726 2074 1874 2111 monuit

997 2131 1118 2177 Oud.,
1145 2145 1219 2170 non
1243 2130 1457 2169 retulerunt
1474 2131 1574 2170 istas
1588 2130 1771 2181 praedas,
1798 2129 1873 2167 sed

999 2187 1234 2233 adtulerunt,
1261 2191 1301 2225 et
1317 2200 1383 2224 res
1404 2186 1485 2224 sere
1506 2187 1557 2225 ita
1571 2187 1778 2236 cogitanda
1791 2189 1872 2224 est:

999 2243 1192 2283 Latrones
1218 2245 1337 2288 enim,
1364 2245 1427 2294 qni
1452 2244 1594 2282 ceteris
1619 2244 1693 2280 iam
1719 2244 1755 2281 in
1782 2256 1873 2294 spe-

999 2300 1112 2339 lunca
1148 2300 1395 2338 versantibus
1431 2300 1670 2338 advenerant
1699 2313 1736 2351 p.
1765 2303 1871 2343 4⁶29„

997 2370 1162 2408 magnas
1187 2356 1357 2409 praedas
1382 2355 1648 2394 latrocinando
1680 2356 1874 2407 corripue-

1000 2418 1101 2460 rant,
1146 2427 1305 2464 ‹piarum
1347 2426 1462 2451 unam
1498 2416 1649 2464 partem
1686 2413 1759 2464 ipsi
1797 2411 1873 2448 iam

1000 2470 1219 2509 adtulerant
1247 2469 1419 2508 cf.ibid.:
1447 2470 1627 2509 latrones
1652 2469 1876 2507 adveniunt

1001 2528 1144 2566 onusti.
1192 2525 1402 2577 Reliquam
1428 2539 1519 2563 vero
1545 2524 1663 2576 longe
1687 2522 1875 2563 maiorem

1000 2586 1148 2634 partem
1175 2583 1210 2620 in
1242 2582 1433 2633 spelunca
1458 2581 1627 2632 quadam
1653 2580 1875 2619 occultave-

1000 2642 1104 2683 rant,
1131 2643 1170 2677 et
1194 2639 1397 2677 comitibus
1422 2638 1634 2677 vulneratis
1660 2637 1762 2675 domi
1787 2634 1876 2674 reli-

1002 2696 1092 2742 ctis,
1124 2709 1211 2734 cum
1243 2708 1344 2746 equo
1371 2699 1411 2732 et
1436 2696 1545 2732 asino
1571 2693 1621 2731 ad
1646 2694 1760 2731 istam
1785 2706 1876 2744 spe-

1003 2752 1157 2790 luncam
1170 2755 1388 2796 recurrunt,
1404 2755 1534 2789 cetera
1548 2750 1761 2789 advecturi.
1795 2747 1878 2800 Ipsi

1000 2822 1072 2860 per
1096 2808 1173 2847 hoc
1196 2810 1268 2846 iter
1291 2821 1367 2845 non
1383 2808 1509 2845 onusti
1525 2810 1650 2851 erant,
1675 2809 1877 2857 uteprae-

1003 2865 1231 2903 cedentibus
1256 2868 1391 2915 potest
1421 2862 1602 2913 intelligi,
1631 2861 1704 2900 sed
1729 2865 1876 2900 tantum

1001 2921 1170 2960 iumenta
1185 2935 1222 2974 p.
1237 2924 1330 2961 430.
1347 2919 1458 2959 mule
1475 2919 1611 2958 multis
1635 2923 1800 2957 onustos
1814 2932 1877 2958 re-

1004 2977 1075 3017 bus
1098 2991 1267 3023 rursum,
1293 2990 1342 3015 ne
1367 2975 1573 3014 breviculo
1600 2974 1763 3027 quidem
1786 2979 1878 3014 tem-

997 3047 1106 3085 pore
1134 3036 1330 3086 refectos,
1370 3033 1499 3071 ociter
1522 3031 1740 3071 reducunt.
1794 3030 1879 3070 Sed

1003 3091 1093 3141 quia
1116 3103 1166 3128 ne
1192 3089 1241 3127 ab
1266 3088 1445 3127 iumentis
1472 3087 1630 3138 quidem
1660 3088 1787 3126 omnia
1811 3087 1878 3126 do-

1001 3159 1105 3185 mum
1129 3149 1328 3198 reportata
1352 3148 1472 3192 erant,
1498 3143 1626 3184 denuo
1652 3142 1702 3183 ad
1720 3142 1878 3196 spelun-
