2221 3667
285 157 366 199 508

541 157 586 197 L.
620 156 839 197 APULEH
869 156 1812 199 MADAL'RENSISMETAMORPHOSEON

283 282 400 309 manu
437 276 616 321 secutus,
655 271 847 325 prehenso
884 271 967 310 loro
1004 276 1221 308 retrorsum
1259 282 1319 308 me
1363 269 1688 323 circumtorquel,
1734 286 1806 311 neo
1842 272 1968 312 baculi
2006 287 2073 312 uo-

284 388 397 414 'l'olum
411 389 604 416 vocabulum
618 391 707 416 abest
723 389 755 416 in
770 389 804 415 F.
825 390 867 416 1..
882 388 913 414 in
929 394 989 419 quo
1002 386 1134 418 legitur:
1155 388 1186 412 el
1201 394 1302 413 mmm
1317 385 1442 413 inirem
1456 389 1600 415 serulus.
1633 395 1734 414 mmm
1748 392 1881 416 secutus
1899 391 1935 417 F.
1950 391 1978 417 3.
1994 392 2029 417 G.
2048 391 2075 417 1.

284 432 358 466 (qui
372 434 465 460 babet
480 439 618 461 securus
632 442 687 468 pro
701 435 850 465 see-ntus)
872 434 907 459 G.
928 433 958 458 2².
977 432 1013 460 Ρ.
1033 432 1070 459 D.
1087 432 1122 459 B.
1143 435 1171 459 el
1191 439 1302 459 omues
1316 432 1472 460 edtl.vett.
1507 431 1633 458 iniectu
1649 437 1715 466 post
1731 441 1849 461 'uanus
1862 435 1982 462 addunt
1997 435 2032 462 F.
2050 437 2076 462 l.

284 477 306 504 f.
321 478 358 505 R.
375 474 393 503 d
418 479 500 506 Elm.
515 479 656 507 Seriver.
672 478 790 506 Floria.
816 484 916 502 mmm
938 478 1048 503 exulat
1069 478 1108 503 ab
1130 478 1212 504 lunt.
1233 477 1261 504 ¹2.

283 522 432 550 Colvium
458 526 485 550 et
512 526 615 556 Mara.
643 525 718 551 Bas.
742 524 772 550 2.
798 523 832 548 In
847 524 917 549 cett.
935 528 1069 556 prenso.

283 569 471 601 pronomine
484 568 584 596 minio
598 570 711 596 deleto.
758 564 880 593 bacula
894 567 931 594 D.

286 670 396 711 613„
424 669 486 716 qui
512 671 682 704 nostrum
710 678 864 715 quoque
897 666 1022 703 locum
1048 669 1152 703 recte

283 721 500 761 vindicavit.
556 722 704 760 Eadem
741 721 1021 770 significatione
1058 722 1152 760 dixit

284 779 403 830 Apul.
430 779 523 816 Met.
551 776 613 815 Ill.
647 791 681 828 p.
709 781 801 817 210.
843 778 977 823 Quam
1012 779 1152 817 vellem

280 840 540 886 praestare
578 833 666 879 tibi,
708 834 820 886 quod
856 836 975 886 cupis
1013 839 1053 873 et
1085 834 1149 873 x‘l.

284 906 319 942 p.
338 895 429 931 390.
456 891 528 929 sed
547 895 691 929 contra
712 891 954 929 voluntatem
978 892 1149 936 Veneris,

282 961 406 987 nurus
420 960 542 991 meae.
567 951 829 998 praestare
848 961 907 985 me
917 948 1060 998 pudor
1072 962 1153 986 ηοη

282 1005 342 1042 sil.
360 1003 483 1040 Huius
494 1003 662 1041 notionis
677 1003 1031 1054 exemplaplurima
1041 1005 1154 1042 etiam

280 1073 329 1097 ex
339 1058 525 1096 Cicerone
538 1060 727 1110 praebent
741 1060 880 1098 lexica.
912 1060 1025 1106 Quae
1039 1074 1153 1111 quam

281 1119 446 1164 cognata
470 1117 520 1153 sit
546 1116 696 1166 utrique
723 1117 931 1162 vocabulo,
966 1118 1055 1155 iude
1081 1118 1153 1155 iam

280 1176 411 1223 potest
425 1172 603 1223 intelligi,
630 1174 733 1224 quod
748 1174 907 1224 saepius
922 1175 1155 1224 coniungun-

278 1233 338 1267 tur
363 1229 409 1266 ct'.
438 1228 539 1267 sort.
554 1230 603 1268 ad
619 1228 695 1268 sic.
712 1231 762 1268 ad
775 1230 929 1269 Divers.
945 1229 1072 1281 Epist.
1088 1230 1152 1269 lv.

280 1290 317 1325 8.
334 1286 460 1324 Doed.
478 1287 694 1338 Synonym.
717 1286 761 1325 T.
777 1287 844 1325 lv.
861 1301 896 1338 p.
917 1291 1006 1328 ¹132.
1034 1288 1152 1325 Suam

279 1356 370 1380 vero
407 1344 639 1381 sententiam
665 1342 768 1382 Oud.
805 1345 840 1382 in
868 1343 964 1381 libro
997 1343 1152 1382 edendo

279 1403 505 1438 mutaverat.
554 1399 657 1438 Nam
683 1402 789 1450 prius
814 1402 849 1438 in
876 1400 1046 1439 Miscell.
1073 1400 1153 1438 Ob-

278 1468 380 1493 serv.
409 1455 498 1495 Vol.
515 1454 560 1494 ll.
589 1455 633 1495 T.
648 1455 711 1494 Ill.
734 1470 770 1508 p.
786 1461 879 1496 454.
905 1457 1152 1495 scribendum

279 1512 461 1563 opinatus
475 1517 537 1550 est
548 1513 832 1564 praehibemus
845 1515 866 1551 i.
877 1526 910 1550 e.
926 1526 1151 1565 repraesen-

277 1573 406 1607 tamus
421 1570 495 1606 iam
510 1570 595 1614 tibi,
610 1570 713 1620 quod
729 1571 900 1620 quaeris,
916 1570 1151 1621 praesidium

279 1625 366 1664 coll.
406 1624 494 1665 Par.
532 1625 630 1663 Lex.
667 1624 815 1671 Plaut,
854 1627 958 1676 quod
984 1631 1091 1665 extat
1116 1626 1150 1663 in

278 1682 406 1720 Plaut.
433 1681 540 1720 Meu.
560 1682 604 1720 V.
627 1686 662 1722 2.
689 1687 756 1722 51.
788 1683 835 1721 V.
864 1688 901 1722 5.
930 1689 990 1723 ll«.
1041 1682 1150 1720 Pers.

277 1738 339 1776 Ill.
357 1742 393 1778 3.
410 1743 472 1779 25.
490 1738 636 1777 Pseud.
653 1738 678 1777 l.
695 1744 727 1779 2.
746 1738 1015 1779 50.Pers.111.
1032 1743 1067 1779 3.
1086 1743 1151 1779 25.

277 1795 346 1834 lv.
362 1799 397 1835 3.
412 1799 479 1835 49.
506 1794 608 1834 Rud.
624 1794 651 1834 l.
667 1800 702 1836 2.
718 1799 782 1836 50.
798 1794 945 1834 Pseud.
961 1795 987 1833 Ι.
1005 1800 1040 1836 3.
1059 1799 1150 1836 148.

277 1851 340 1888 ’1)(1
371 1851 604 1890 confusione
635 1852 813 1890 vocabuli
840 1853 1090 1903 perhibendi
1115 1856 1153 1890 et

272 1908 504 1960 praebendi
523 1908 675 1947 confert
688 1907 789 1947 Oud.
806 1908 940 1947 Burm.
954 1909 1004 1947 ad
1020 1908 1152 1955 Quint.

279 1964 305 2003 Ι.
334 1969 367 2005 1.
395 1978 432 2015 p.
450 1969 511 2005 17.
540 1965 658 2003 (ἔνου.
685 1965 732 2003 ad
760 1964 1149 2017 Plin.XXXV.10.]

334 2026 373 2060 et
402 2022 460 2060 ad
487 2026 682 2073 parentes
719 2026 820 2061 tuns.
885 2022 1044 2075 [Mirum
1076 2026 1151 2066 est,

276 2078 472 2128 quomodo
494 2078 529 2116 in
546 2077 740 2116 nonnullis
760 2079 870 2117 codd.
888 2080 1151 2130 compendio-

275 2149 360 2174 sum
385 2135 444 2174 ad
469 2140 559 2174 tuos
584 2136 660 2174 iter
686 2134 853 2181 legatur,
881 2136 916 2173 in
944 2136 1033 2174 aliis
1058 2149 1150 2173 vero

275 2193 402 2241 iisque
429 2193 584 2243 optimis
610 2196 650 2230 ct
669 2192 728 2230 ad
746 2197 940 2244 parentes
954 2197 1046 2231 tuos
1060 2194 1150 2231 iter.

276 2250 330 2286 At
342 2247 417 2285 hoc
433 2261 480 2285 eo
495 2249 621 2298 magis
636 2249 769 2286 mirum
781 2252 853 2293 est.
864 2249 968 2299 quod
984 2249 1007 2285 ii
1023 2249 1150 2289 codd..

275 2305 339 2356 qui
373 2306 707 2357 eompemliosmu.
739 2306 935 2344 omittunt.
964 2311 1155 2357 parentes

275 2361 440 2406 addunt,
467 2365 507 2398 et
531 2362 617 2400 vice
642 2374 767 2399 versa.
813 2362 913 2400 Nam
931 2376 1032 2412 quos
1048 2362 1153 2413 equi-

274 2418 365 2456 dem
390 2417 568 2456 conferre
593 2418 699 2469 potui
733 2418 866 2458 codd..
897 2418 1081 2469 religiose
1114 2418 1149 2456 id

273 2478 449 2521 servant,
477 2488 547 2513 nec
562 2475 708 2519 dubito.
728 2476 816 2525 quin
832 2476 882 2512 de
896 2474 1026 2514 Oxou.
1042 2475 1151 2513 (101-

274 2531 353 2570 vill.
393 2536 432 2569 et
464 2530 562 2570 Fux.
599 2531 704 2569 idem
743 2532 895 2582 probari
929 2532 1079 2572 liceret.
1118 2532 1151 2569 si

275 2588 496 2626 accuratius
522 2588 651 2626 collati
679 2591 826 2626 essent.
876 2588 1018 2638 Neque
1051 2590 1151 2626 enim

273 2644 466 2683 satisfacit
495 2644 599 2684 Oud.
625 2646 837 2689 sententia,
870 2646 933 2694 qui
967 2658 988 2681 e
1014 2645 1153 2695 glossa

273 2705 383 2752 putat
402 2707 598 2752 parentes
622 2702 843 2752 irrepsisse.
893 2701 994 2739 Nam
1032 2715 1152 2752 supra

274 2758 425 2796 dixerat
437 2771 473 2808 p.
489 2759 583 2798 441.
601 2759 716 2810 quod
729 2759 787 2797 ud
808 2763 1041 2809 parentes
1066 2759 1150 2797 eins

273 2829 319 2853 ca
334 2815 492 2854 scilicet
506 2816 634 2854 iretur
647 2815 721 2853 ria.
748 2814 836 2852 Nec
857 2814 1017 2852 Luciani
1032 2815 1151 2852 verba

274 2885 304 2908 c.
327 2875 390 2911 24.
411 2885 448 2922 p.
465 2874 558 2911 592.
585 2869 686 2910 ἀλλὰ
711 2874 822 2923 δεῦρο
843 2871 902 2909 ii‘h
920 2866 1017 2923 πρὸς
1038 2869 1148 2922 ἡμᾶς,

275 2925 375 2977 ἡμεῖς
398 2942 439 2966 σε
463 2935 540 2974 τοῖς
565 2930 713 2974 οἰκείοις
743 2924 1007 2978 ἀποδώσομεν.
1047 2927 1147 2965 Nam

273 2985 306 3020 si
336 2989 528 3034 parentes
559 2984 610 3022 de
642 2989 752 3035 patre
777 2988 816 3023 ct
841 2988 965 3023 matre
989 2982 1149 3034 puellae

273 3039 490 3089 intelligere
514 3040 630 3085 nolis,
654 3041 703 3079 ad
730 3042 970 3093 propinquos
997 3044 1035 3078 et
1061 3055 1147 3079 con-

272 3097 512 3145 sanguineos
538 3097 683 3135 referre
708 3098 853 3149 poteris
880 3097 927 3135 ct.
949 3097 1147 3136 Snakenb.

273 3152 308 3190 in
324 3152 400 3191 ind.
415 3152 515 3192 Curt.
531 3167 562 3192 S.
574 3167 606 3192 v.
623 3152 790 3192 Casaub.
807 3154 855 3192 ad
871 3153 1146 3205 Capit.Anton.

1117 520 1189 548 loro
1203 529 1266 550 non
1281 525 1442 557 comparet
1458 521 1489 550 in
1503 523 1541 551 D.

1306 474 1473 511 prehenso
1488 478 1568 505 123.
1583 479 1618 505 G.
1638 479 1663 505 1.
1678 480 1708 505 2.
1723 475 1752 505 δ’.
1774 480 1811 506 l).
1827 480 1897 507 edd.
1912 482 1988 507 velt.
2003 484 2077 507 aule

1590 530 1639 549 me
1659 525 1827 550 retrosum
1847 531 1897 550 me
1918 524 1954 551 G.
1975 524 2079 558 priore

1210 665 1360 706 Philas.
1386 679 1416 705 c.
1444 670 1479 706 5.
1507 666 1551 705 T.
1567 666 1592 705 l.
1620 680 1656 717 p.
1672 670 1763 707 309.
1790 666 1876 705 Hoc
1901 680 1992 704 vero
2019 680 2080 704 ne-

1210 723 1424 761 cessarium
1440 737 1514 761 uon
1531 726 1604 761 est.
1632 722 1893 774 Hincputavi.
1921 723 2080 774 optimo-

1208 793 1290 817 rum
1306 779 1480 818 codicum
1504 780 1714 817 auctoritati
1736 780 2081 831 obtemperandum

1210 849 1313 873 esse.
1341 840 1381 873 ut
1396 837 1727 887 compendiosmu
1743 837 1934 881 elicerem,
1950 850 2080 887 quam-

1209 905 1325 942 quam
1357 905 1431 930 uon
1464 905 1582 942 nego,
1620 893 1849 931 vocabulum
1887 892 2081 943 quoddam

1214 948 1354 989 latere.
1381 962 1457 998 quo
1482 949 1581 987 baec
1607 948 1680 987 loci
1706 949 1922 1000 corruptela
1947 950 2083 987 exoriri

1213 1006 1391 1056 potuerit.
1443 1004 1656 1056 Utrumque
1678 1007 1778 1044 enim
1799 1007 1832 1043 iu
1848 1010 1958 1044 textu
1970 1018 2082 1056 repo-

1213 1076 1305 1099 nere
1336 1076 1410 1100 nou
1436 1075 1558 1100 ausus
1582 1062 1703 1114 sum.]

1270 1123 1307 1157 et
1321 1133 1422 1158 mws
1435 1133 1554 1157 mann
1567 1123 1735 1158 seculus.
1785 1118 1824 1157 lu
1839 1119 1914 1156 hoc
1928 1132 2083 1170 quoque

1215 1175 1302 1213 loeo
1319 1175 1589 1213 constituendo
1604 1175 1651 1212 ab
1678 1175 1780 1214 Oud.
1796 1176 1989 1213 sententia
2008 1175 2084 1213 dis-

1213 1233 1327 1270 cessi.
1378 1231 1548 1269 Primum
1576 1232 1674 1269 enim
1700 1236 1827 1283 putat.
1858 1233 2011 1272 iniecta
2035 1245 2085 1270 ex

1213 1288 1328 1327 codd.
1356 1288 1452 1326 Fux.
1479 1288 1579 1338 Rog.
1608 1292 1646 1325 et
1671 1287 1845 1327 d'Orvill.
1873 1302 1957 1327 cum
1983 1287 2083 1326 Elm.

1213 1345 1334 1383 seriv.
1350 1349 1388 1382 et
1404 1344 1546 1383 Florid.
1563 1344 1810 1383 inserendum
1827 1344 1969 1389 fuisse,
1996 1345 2083 1395 quia

1212 1401 1450 1453 saepissime
1465 1403 1516 1439 ita
1529 1401 1721 1451 Apuleius
1736 1402 1874 1440 dixerit
1889 1401 1975 1440 coll.
1986 1400 2082 1440 Met.

1213 1457 1240 1496 1.
1265 1471 1300 1508 p.
1328 1462 1394 1498 30.
1431 1459 1613 1496 iniecta
1650 1472 1790 1497 manu
1827 1463 1866 1497 et
1897 1457 1924 1497 1.
1956 1471 1990 1508 p.
2020 1461 2082 1498 79.

1213 1515 1395 1553 iniecta
1417 1515 1597 1553 deoetra
1619 1515 1904 1554 clenoenterme
1924 1514 2084 1553 trahere

1211 1571 1416 1609 adoritur.
1440 1570 1483 1608 ll.
1497 1584 1532 1621 p.
1545 1576 1559 1609 1
1571 1574 1633 1612 (36.
1651 1572 1798 1610 iniecta
1813 1586 1933 1610 uuum
1948 1585 2083 1609 nasum

1206 1627 1434 1679 prehendo.
1462 1625 1525 1665 lll.
1550 1640 1586 1677 p.
1611 1631 1702 1667 191.
1727 1628 1878 1666 iniecta.
1905 1641 2084 1666 manu...

1210 1697 1343 1722 secam
1367 1685 1553 1722 attraxit.
1581 1682 1643 1722 Ill.
1669 1696 1706 1734 p.
1738 1687 1827 1724 195.
1855 1698 1992 1722 manu
2014 1686 2085 1736 fir-

1210 1741 1326 1778 nn'ler
1351 1741 1537 1778 iniecta
1563 1754 1621 1778 me
1642 1741 1857 1792 producit.
1903 1740 1983 1778 Sed
2010 1753 2084 1778 non

1211 1795 1682 1841 consideravitoud„hos
1697 1810 1834 1834 omnes
1849 1797 1959 1834 locos
1970 1796 2085 1847 plane

1211 1853 1287 1892 alia
1312 1853 1460 1891 ratione
1493 1866 1586 1890 esse
1612 1853 1901 1904 intelligendos.
1950 1852 1990 1891 lu
2020 1853 2086 1904 ‘his

1211 1909 1311 1947 enim
1338 1910 1604 1947 necessarium
1631 1916 1728 1955 erat,
1755 1910 1994 1962 participium
2021 1909 2086 1947 ad-

1211 1965 1382 2007 deretur.
1410 1979 1527 2015 quum
1547 1967 1699 2005 iniecta
1720 1981 1840 2006 mmm
1859 1966 2086 2004 enuntiatio-

1210 2036 1297 2060 nem
1320 2022 1489 2061 efficiant
1509 2037 1532 2060 a
1546 2022 1694 2072 reliqua
1710 2023 1782 2061 loci
1798 2024 2087 2061 constructione

1210 2079 1328 2130 plane
1352 2079 1583 2118 seiunctam.
1608 2078 1681 2117 Hic
1694 2093 1786 2117 vero
1800 2094 1921 2118 manu.
1936 2080 2087 2118 Iniecta,

1211 2137 1448 2175 emmtiatum
1471 2150 1543 2173 non
1560 2140 1621 2173 est
1634 2136 1844 2186 singulare,
1854 2135 1958 2173 sede
1971 2136 2088 2174 totius

1213 2193 1286 2231 loci
1313 2193 1463 2231 ratione
1488 2192 1644 2243 pendet.
1684 2192 1786 2239 Quia
1811 2205 1901 2230 vero
1926 2192 2088 2242 saepius

1211 2263 1257 2288 ea
1273 2250 1390 2287 dictio
1407 2250 1441 2287 in
1457 2263 1531 2287 usu
1547 2253 1609 2286 est
1627 2249 1731 2300 apud
1745 2248 1974 2301 Apuleium,
2000 2248 2089 2286 binc

1215 2306 1358 2344 sactum
1386 2319 1482 2343 esse
1508 2307 1740 2357 putaverim.
1778 2309 1819 2343 ut
1855 2319 1876 2343 a
1911 2305 2087 2349 librariis,

1213 2364 1277 2414 qui
1315 2362 1389 2400 loci
1416 2363 1741 2401 constructionem
1779 2376 1852 2400 uon
1891 2366 2089 2413 caperent,

1212 2419 1454 2471 participium
1481 2431 1576 2456 esse
1602 2419 1801 2457 intrusum.
1830 2419 1961 2457 lllmm
1987 2419 2087 2455 enim

1211 2476 1435 2527 simpliciter
1461 2475 1601 2513 dictum
1629 2479 1701 2521 est,
1728 2479 1769 2513 ut
1794 2475 1888 2513 Met.
1916 2473 1942 2514 l.
1968 2488 2005 2526 p.
2021 2478 2086 2515 80.

1212 2537 1251 2570 et
1280 2533 1436 2571 «liviam
1467 2532 1796 2571 iureiurando
1826 2536 1994 2571 secutus.
2044 2530 2087 2569 ll.

1211 2602 1248 2639 p.
1269 2593 1359 2628 117.
1387 2588 1502 2641 quod
1522 2588 1676 2627 dictum
1701 2590 1801 2627 risu
1825 2593 1994 2627 secutus.
2024 2586 2089 2626 Ill.

1211 2659 1247 2697 p.
1263 2649 1358 2685 203.
1373 2650 1411 2683 et
1424 2645 1583 2683 verbum
1600 2647 1742 2697 facto
1761 2649 1930 2684 secutus.
1955 2643 2087 2694 Magis

1210 2715 1303 2739 vero
1330 2701 1487 2739 offendo
1515 2702 1549 2739 in
1581 2702 1795 2751 scripturae
1827 2701 2088 2751 discrepantia

1209 2772 1313 2798 unus
1338 2762 1378 2795 et
1402 2758 1574 2797 rerbmn.
1624 2757 1712 2795 Hoc
1743 2770 1812 2807 pro
1844 2757 2088 2807 glossemate

1209 2815 1326 2853 etiam
1358 2814 1558 2852 habuerim
1598 2813 1855 2858 librariorum,
1893 2813 1957 2863 qui
1996 2813 2084 2864 quid

1209 2886 1313 2911 wms
1338 2871 1400 2909 hic
1425 2872 1631 2921 repetitum
1657 2870 1730 2907 sibi
1759 2869 1897 2910 vellet.
1925 2884 1999 2907 nou
2026 2883 2086 2908 ca-

1208 2928 1380 2980 piebant,
1405 2941 1478 2965 nec
1497 2926 1693 2978 quomodo
1708 2926 2008 2964 construendum
2023 2939 2088 2964 es-

1207 2988 1280 3023 set.
1307 2984 1455 3023 Rarum
1469 2997 1566 3022 Sane
1581 2987 1643 3021 est
1657 2982 1733 3020 hoc
1749 2983 1931 3033 loquendi
1946 2995 2085 3032 genus,

1208 3054 1326 3093 quum
1352 3042 1388 3079 in
1414 3041 1488 3078 hac
1512 3039 1855 3092 phrasiApuleius
1876 3038 2085 3077 ablativum

1206 3110 1336 3149 neque
1363 3110 1453 3135 vero
1479 3096 1742 3135 accusativum
1759 3097 1919 3141 omittat,
1934 3098 1976 3133 ut
1989 3094 2084 3133 Met.

1207 3153 1256 3195 X.
1285 3167 1320 3205 p.
1345 3157 1438 3195 708.
1467 3152 1581 3205 quod
1606 3152 1636 3191 d
1645 3153 1658 3190 ἰ
1668 3157 1746 3191 ctu
1757 3166 1791 3190 m
1817 3153 2006 3191 <lominus
2029 3165 2084 3191 se-
