2155 3590
642 130 829 170 LIBER
859 130 931 170 IV.
985 129 1109 170 CAP.
1140 128 1306 169 XXVI.
1785 129 1868 172 279

79 245 267 286 diatorum
299 242 464 297 impetus
496 244 542 284 ad
573 243 664 284 belli
696 243 832 283 fac-iem
861 243 1042 284 saeviens
1069 242 1180 283 nudis
1205 249 1245 282 et
1268 241 1424 281 infertis
1456 242 1707 282 mucronibus
1733 256 1867 282 corus·

79 314 171 342 caus
202 314 279 340 non
311 300 440 350 caedi,
474 314 551 340 non
583 300 743 353 rapinae
777 314 913 340 manus
944 300 1134 349 afferunt,
1167 299 1234 339 sed
1260 299 1380 338 denso
1407 297 1716 351 conglobatoque
1742 312 1866 339 cuneo

78 355 293 398 cubiculum
326 363 500 396 nostruin
533 357 724 396 invadunt
756 356 948 409 protinus.
998 355 1085 396 Nee
1115 355 1193 395 ullo
1224 355 1269 395 de
1296 354 1552 393 familiaribus
1579 355 1725 394 nostris
1751 368 1865 408 repu-

77 419 221 468 gnante
245 425 291 452 ac
316 426 365 452 ne
389 413 582 452 tantillum
609 413 762 465 quidem
788 412 1019 462 resistente,
1056 412 1259 461 miseram,
1294 410 1517 451 exanimem
1550 424 1669 450 saevo
1701 424 1862 464 pavore,

75 469 224 523 trepido
249 469 295 508 de
320 468 445 508 medio
471 469 607 508 matris
634 469 783 522 gremio
809 481 990 521 rapuere.
1031 467 1098 509 Sic
1124 468 1301 508 adinstar
1324 466 1589 508 Athracidis
1613 467 1677 507 vel
1698 467 1703 523 Ι
1726 466 1863 508 Prote-

75 524 162 566 silai
187 525 380 579 dispestae
405 525 721 578 disturbataeque
747 525 918 578 nuptiae.

70 642 199 681 facium
211 642 326 671 Venet.
339 643 370 671 2.
417 641 513 670 nudis
528 644 619 671 abest
635 650 654 671 a
667 651 695 677 p.
744 642 883 682 infertis
897 643 932 670 F.
949 644 976 671 1.
992 645 1021 671 3.
1037 652 1070 676 φ.
1084 645 1167 671 Iunt.
1183 645 1212 672 2.
1235 641 1376 670 incertis
1389 644 1423 671 0.
1437 642 1555 671 n.Vic.
1569 644 1652 670 lunt.
1668 643 1697 669 1.
1712 642 1787 669 Aid.
1798 643 1863 669 Ve-

71 691 134 717 net.
147 689 178 716 2.
194 687 295 716 Basii.
309 686 432 726 inferis
447 696 475 722 p.
503 688 640 715 insertis
655 690 690 716 G.
709 690 736 716 1.
750 690 781 716 2.
797 690 831 716 P.
847 690 884 717 D.
899 689 935 716 R.
954 688 973 716 f.
989 692 1016 716 et
1032 692 1156 716 ceterae
1171 689 1239 716 edd.
1254 691 1329 716 vett.
1377 690 1558 715 coruscant
1573 689 1686 716 Vener.
1703 688 1730 715 2.
1779 684 1861 721 ciffi-

70 732 126 761 su‘t
143 739 198 767 pro
217 729 372 769 afferunt
392 735 428 761 G.
453 735 480 761 ’1.
502 735 530 761 2.
550 735 589 762 D.
611 734 645 761 P.
666 743 698 766 φ.
735 730 867 768 nffli.⁷·il
884 733 903 761 f.
931 730 1130 767 arisin.1·it0.
1168 731 1215 760 ad
1224 733 1356 770 ferrum
1377 742 1405 767 p.
1452 731 1582 768 dempsit
1599 734 1634 761 G.
1654 733 1680 759 l.
1729 730 1863 767 conglo-

70 777 148 806 bato
162 777 284 806 omissa
298 778 458 811 particula
473 787 500 812 p.
516 776 544 806 δ.
593 777 857 815 conglobatique
872 780 906 806 G.
924 780 951 806 l.
966 780 1000 806 0.
1050 778 1140 804 einen
1155 780 1190 806 G.
1206 780 1236 807 2.
1251 780 1287 807 Ι).
1302 785 1320 806 a
1334 786 1373 806 m.
1389 786 1416 812 p.
1464 785 1524 805 nec
1545 780 1631 805 tunt.
1652 779 1686 805 G.
1705 778 1731 804 1.
1747 784 1819 804 am.
1834 785 1862 805 s.

69 818 163 850 soevo
188 824 225 851 G.
241 824 268 851 1.
319 821 446 858 trepido
461 832 571 852 omnes
585 826 663 851 Mss.
679 828 707 852 et
722 825 791 852 edd.
806 827 881 852 vett.
895 825 1014 857 legunt.
1067 821 1230 859 trepidam
1245 825 1279 852 Ο.
1329 821 1491 859 trrpidum
1506 824 1541 851 Β.
1591 820 1742 858 trepidae
1756 822 1829 849 inde
1843 829 1864 849 a

68 869 176 896 KVow.
193 868 225 896 in
240 870 416 896 nonnullas
430 870 499 897 edd.
515 870 654 903 irrepsit.
691 877 761 896 meo
778 878 831 903 pro
845 866 948 895 medio
963 870 999 896 l).
1016 875 1035 896 a
1048 876 1087 896 m.
1105 877 1134 902 ῃ.
1169 868 1277 895 matri
1288 871 1323 897 G.
1340 870 1367 897 ¹2.
1385 870 1418 897 P.
1456 875 1598 904 sapuere
1611 869 1648 896 D.
1663 875 1682 895 a
1696 875 1735 895 m.
1751 875 1778 901 p.
1818 864 1865 893 ml

67 913 181 941 instar
194 913 267 942 F.1.
281 914 311 941 3.
327 915 362 941 G.
380 915 407 940 ’1.
424 916 453 942 2.
469 916 503 943 P.
518 916 555 942 D.
571 915 604 942 O.
622 916 654 942 Β.
670 916 706 943 R.
723 923 751 948 p.
767 911 794 943 ὃ.
821 916 903 942 lunt.
919 915 948 941 ⁸2.
976 914 1079 941 Ceteri
1094 915 1180 942 codd.
1196 917 1224 942 et
1240 915 1308 942 edd.
1322 917 1398 942 vett.
1424 914 1473 940 sse
1486 914 1609 942 instar.
1647 910 1774 939 Attidis
1784 912 1818 940 F.
1834 913 1860 940 1.

67 959 97 987 3.
111 959 158 987 ed.
174 966 219 992 pr.
268 955 417 985 Aethalis
431 960 464 987 Ο.
482 967 510 993 p.
549 957 678 987 Atridis
692 961 727 988 G.
743 962 772 988 2.
788 961 825 988 D.
841 960 875 987 P.
892 968 923 991 ψ.
950 955 1104 986 Athridis
1118 961 1153 987 G.
1174 961 1199 987 l.
1217 959 1236 986 f.
1256 961 1292 987 R.
1342 956 1456 994 Agidis
1477 961 1511 987 B.
1561 956 1697 986 Paridis
1717 955 1745 986 ὃ.
1795 953 1861 983 Αν-

67 1001 145 1030 tr'dis
163 1005 276 1032 Venet.
295 1005 325 1031 2.
382 1001 544 1031 Amareis
560 1006 672 1033 Venet.
688 1007 717 1032 4.
744 1006 819 1033 BaS.
838 1006 864 1032 1.
891 1001 1054 1030 Arthacis
1081 1005 1183 1032 Paris.
1210 1001 1407 1031 Athracidis
1426 1005 1499 1032 Am.
1514 1008 1542 1032 et
1556 1006 1638 1033 lum.
1656 1005 1682 1031 1.
1697 1005 1727 1030 2.
1774 999 1861 1028 Pra—

27 1044 30 1047 ’
67 1048 185 1076 lesr'em'
196 1049 231 1076 F.
253 1049 320 1076 1.3.
336 1051 372 1077 G.
392 1051 416 1077 l.
433 1051 468 1077 P.
482 1051 518 1077 R.
536 1049 555 1078 f.
571 1047 599 1077 ὁὶ
626 1048 756 1085 (inquo
772 1058 788 1078 a
804 1057 843 1077 m.
859 1045 1104 1087 s.protes1'lae)
1132 1050 1166 1076 B.
1181 1051 1228 1077 ed.
1245 1057 1287 1082 pr.
1303 1050 1415 1077 Vener.
1432 1051 1460 1077 2.
1477 1052 1505 1077 4.
1522 1050 1627 1077 Paris.
1672 1045 1863 1085 protesilae·

65 1095 100 1122 G.
114 1095 145 1121 2.
158 1095 197 1122 D.
246 1091 397 1120 Pit-imm·
414 1095 512 1123 celeri
532 1096 620 1123 codd.
641 1094 669 1123 'et
689 1096 758 1123 edd.
774 1097 902 1123 hahent.
940 1092 993 1119 rel
1010 1091 1160 1120 Pir-imm·
1177 1093 1229 1121 cel
1243 1092 1426 1120 Protesilai
1445 1095 1545 1122 nasu.
1561 1096 1590 1122 2.
1612 1095 1703 1123 Colv.
1718 1094 1859 1122 Vulcani.

62 1137 161 1168 Mero.
179 1140 289 1167 Wow.
310 1142 338 1168 et
359 1140 444 1167 Prie.
492 1138 671 1175 dispectae.
697 1141 765 1175 Ego
787 1140 818 1167 in
838 1139 986 1166 omnibus
1000 1141 1097 1173 mss,
1124 1146 1202 1172 quos
1217 1138 1355 1167 conferri
1370 1139 1476 1173 licuit,
1502 1139 1623 1168 inwni.
1650 1141 1683 1168 ln
1697 1140 1766 1167 edd.
1782 1141 1860 1167 vett.

62 1180 254 1221 despectae,
281 1185 362 1218 quod
380 1185 413 1212 in
429 1185 592 1219 plerisque
616 1184 713 1213 Codd.
734 1185 815 1220 legi,
834 1186 919 1212 male
932 1184 1117 1217 pronuntiat
1132 1185 1210 1212 Oud.

60 1293 62 1295 ·
117 1272 289 1323 infertis.
316 1271 443 1323 [Haec
463 1271 493 1309 F
498 1271 645 1310 lorentt.
672 1271 785 1309 codd.
812 1270 925 1308 lectio

62 1329 172 1366 unice
193 1329 476 1379 comprobatur,
496 1341 610 1378 quum
626 1328 688 1367 alii
702 1327 812 1365 aliter
826 1327 927 1365 hunc

62 1384 188 1422 locum
232 1385 480 1423 constituant:
530 1383 726 1423 stewech.
764 1384 927 1422 coniecit

61 1441 224 1480 incertis
236 1440 418 1479 Beroald.
444 1442 613 1485 insertis,
629 1441 754 1479 5Vow.
775 1445 815 1478 et
828 1439 925 1478 Prie.

61 1497 229 1548 infestis,
249 1496 406 1535 Modius
421 1498 600 1542 insecta-‚-
625 1496 726 1535 Oud.
742 1496 926 1535 Beroaldi

62 1553 318 1591 coniecturam
332 1557 491 1591 secutus
507 1555 679 1593 inserere
691 1554 824 1593 nudos
836 1554 927 1605 yla-

61 1608 152 1648 dios
174 1613 280 1647 recte
305 1609 378 1648 dici
403 1609 573 1661 explicat
597 1624 687 1656 eos,
720 1612 782 1661 qui
809 1611 927 1660 impe-

59 1668 138 1703 tum
170 1665 206 1703 in
238 1666 387 1704 turbam
420 1666 581 1713 sactum,
612 1667 806 1718 dissipent
843 1680 926 1717 pro-

58 1722 157 1760 iectu
184 1720 408 1772 gladiorum,
434 1723 499 1761 vel
520 1725 655 1762 ianuae
676 1727 835 1774 apertae
852 1723 927 1761 iam

58 1778 264 1828 importent
293 1778 458 1829 gladios.
518 1780 600 1818 Sed
630 1781 814 1832 impetum
840 1781 927 1829 quis

59 1833 320 1886 dissipaverat
351 1839 390 1873 et
420 1836 605 1886 quorum?
647 1836 791 1875 Nullus
825 1837 925 1874 enim

59 1890 109 1928 de
134 1889 384 1929 familiaribus
410 1897 614 1943 repugnat,
646 1897 686 1931 ut
714 1906 826 1943 seqq.
859 1892 924 1930 do-

59 1950 164 1993 cent,
195 1949 250 1985 rei
274 1951 433 1999 stupore
459 1950 584 1999 captis
611 1950 798 1988 omnibus.
863 1949 923 1987 In-

54 2006 190 2056 ferius
214 2017 306 2041 vero
332 2008 394 2041 est
419 2005 551 2043 (Zeusis
574 2006 850 2051 mucronibus,
882 2006 923 2042 in

58 2073 179 2098 unam
199 2061 428 2112 conyeriem
449 2061 672 2106 cumulatis,
699 2064 757 2110 (ut
776 2062 810 2099 in
832 2074 921 2111 sqq.

58 2114 149 2153 dicit
184 2116 308 2155 denso
345 2117 676 2169 conqlobatoque
711 2121 854 2166 cuneo)
891 2121 931 2155 et

58 2171 292 2210 anxietatem
324 2172 502 2223 exprimit
531 2173 705 2223 puellae,
743 2186 844 2224 quae
876 2173 928 2211 la-

57 2232 190 2266 trones
222 2228 437 2266 cubiculum
461 2230 665 2277 ingressos
690 2229 927 2280 adspiciens,

58 2283 151 2322 nihil
177 2285 248 2322 nisi
273 2283 426 2335 gladios
453 2285 613 2324 viderat.
663 2286 727 2324 Ab
748 2287 928 2338 infercio

59 2341 158 2378 enim
183 2340 223 2379 fit
247 2342 421 2393 infersus
444 2345 484 2379 et
507 2343 690 2394 insertus.
738 2340 858 2381 Plura
877 2342 927 2380 de

58 2395 119 2435 his
150 2397 377 2447 compositis
408 2397 532 2436 dicam
562 2398 612 2435 ad
636 2395 732 2436 Met.
758 2397 862 2437 VIII.
887 2412 923 2449 p.

61 2457 152 2494 551.
177 2454 280 2491 ‘inter
305 2456 495 2505 conferta
519 2457 705 2493 iumenta.
764 2453 924 2493 Praetu-

59 2507 156 2547 lisse
182 2509 284 2547 enim
311 2509 459 2548 videtur
470 2510 664 2561 Apuleius
684 2510 845 2549 sormam
865 2512 923 2550 in-

45 2567 199 2617 sertus.
258 2564 315 2604 Ita
340 2564 501 2605 Tertull.
533 2567 683 2605 advers.
712 2567 833 2606 Marc.
860 2566 921 2606 III.

63 2625 124 2662 1⁰.
148 2634 184 2672 p.
200 2625 292 2662 402.
318 2621 366 2660 D.
393 2622 534 2673 Rigalt.
560 2625 755 2675 infersam
779 2629 922 2663 sterco-

60 2677 171 2717 ribus
200 2678 304 2717 dixit.
364 2678 498 2717 'Minus
533 2679 675 2718 arridet
710 2681 928 2719 coniectura

60 2734 232 2785 infestis,
263 2748 363 2786 quae
395 2735 568 2786 vestigiis
592 2735 693 2774 Mss.
727 2736 841 2787 longe
866 2740 927 2775 est

62 2790 243 2840 proxima.
300 2791 407 2829 Alibi
432 2793 615 2843 cogitavit
639 2792 741 2831 Oud.
767 2796 925 2845 confer·

63 2846 112 2884 tis
139 2846 203 2884 vel
232 2847 269 2885 in
299 2848 421 2887 nudis
451 2853 490 2886 et
514 2850 556 2887 in
581 2850 701 2888 rectis
726 2851 924 2889 mucroni-

65 2899 135 2940 bus
163 2915 397 2950 coruscans,
428 2908 470 2943 ut
499 2906 541 2944 in
570 2906 829 2945 mucronibus
859 2920 923 2944 co-

64 2969 226 2998 ruscare
271 2959 442 2999 dicantur
494 2961 731 3011 gladiatores
772 2961 926 3011 gladios

47 3017 219 3052 exertos
243 3015 454 3063 vibrantes,
479 3021 521 3056 ut
543 3019 586 3057 in
611 3019 744 3062 armis,
769 3019 811 3056 in
833 3019 923 3071 yla-

68 3067 147 3108 diis
186 3083 279 3118 esse3
327 3085 427 3124 quae
468 3078 596 3113 tamen
641 3074 804 3112 conferri
850 3089 922 3113 non

66 3129 239 3174 possunt.
274 3128 323 3166 cf.
348 3129 397 3168 ad
422 3129 518 3170 Met.
543 3130 612 3170 XI.
638 3144 673 3181 p.
700 3130 810 3183 736]

1258 1182 1426 1220 dispestne
1439 1188 1524 1212 extat
1541 1184 1572 1213 in
1589 1192 1650 1212 uno
1664 1186 1699 1213 B.

1042 1271 1218 1322 trepido.
1282 1269 1413 1322 [Hunc
1444 1271 1570 1309 locum
1603 1285 1718 1321 quum
1749 1273 1859 1309 inter-

985 1333 1116 1377 pretes
1150 1341 1222 1365 non
1254 1327 1528 1376 intelligerent,
1561 1332 1693 1365 contra
1723 1341 1858 1365 omnes

987 1383 1098 1421 codd.
1132 1383 1401 1425 emendarunt.
1440 1388 1479 1422 ut
1510 1398 1533 1422 a
1565 1384 1737 1422 VVower.
1770 1384 1857 1422 iude

986 1439 1189 1490 glossema
1203 1440 1287 1478 cod.
1320 1439 1356 1478 Ο
1372 1441 1578 1492 trepidam
1593 1440 1654 1478 vel
1670 1441 1859 1491 trepidae

985 1496 1175 1535 editiones
1191 1497 1448 1547 occupaverit.
1472 1496 1555 1547 Ego
1570 1497 1736 1548 trepido
1750 1498 1857 1534 resti-

986 1557 1100 1591 tuens
1126 1554 1177 1592 ita
1203 1552 1329 1591 locum
1356 1553 1471 1591 velim
1497 1555 1731 1604 interpungi,
1762 1567 1857 1592 exa-

987 1612 1127 1649 nimem
1142 1623 1264 1649 saevo
1274 1624 1446 1662 pavore,
1473 1611 1639 1661 trepido
1654 1610 1705 1649 dc
1719 1611 1857 1649 uentris

985 1668 1154 1718 yremio.
1189 1666 1405 1713 Quominus
1432 1667 1531 1704 enim
1557 1680 1679 1705 saevo
1694 1679 1857 1718 pavore

987 1723 1191 1775 trepidam
1223 1725 1517 1775 coniungantur,
1549 1723 1678 1761 obstat
1701 1726 1854 1760 senten-

985 1780 1118 1817 tiarum
1157 1780 1366 1825 connexio,
1403 1793 1519 1831 quum
1552 1793 1651 1830 quae
1683 1783 1756 1817 iam
1789 1793 1855 1818 ea·-

985 1837 1128 1875 animis
1153 1840 1215 1874 est
1239 1837 1390 1887 puella,
1424 1836 1564 1873 deinde
1590 1836 1758 1888 trepida
1779 1850 1854 1887 pu-

985 1905 1082 1931 trore
1117 1893 1190 1930 dici
1228 1897 1407 1943 nequeat.
1468 1893 1723 1931 Exanimurc
1753 1893 1855 1930 enim

985 1962 1075 1986 vero
1100 1953 1141 1986 ut
1166 1962 1334 1988 enecare
1358 1949 1408 1987 de
1435 1949 1612 1986 omnibus
1633 1949 1855 1987 commotio-

983 2005 1095 2043 nibus
1109 2005 1275 2043 Romani
1301 2005 1447 2050 dicunt,
1474 2004 1613 2055 quibus
1639 2006 1788 2043 animus
1803 2005 1856 2043 ita

981 2061 1242 2112 perturbatur,
1268 2066 1309 2100 ut
1333 2061 1381 2099 de
1407 2061 1504 2099 sede
1529 2075 1603 2099 sua.
1627 2062 1739 2111 quasi
1765 2061 1856 2100 deii-

988 2119 1105 2155 ciatur
1136 2117 1183 2156 cs.
1210 2117 1398 2156 Schmidt.
1424 2118 1471 2155 ad
1499 2116 1632 2157 Horat.
1659 2117 1783 2169 Epist.
1809 2116 1855 2155 lI.

990 2178 1024 2213 1.
1055 2177 1146 2213 178.
1172 2173 1260 2212 Non
1292 2174 1419 2212 solum
1451 2173 1565 2212 filiam
1595 2174 1668 2212 sed
1694 2178 1855 2212 matrem

988 2243 1142 2281 quoque
1167 2234 1245 2269 tani
1270 2231 1469 2282 repentino
1492 2232 1637 2281 inipetu
1652 2230 1853 2270 confusam

986 2286 1111 2324 fuisse
1136 2291 1441 2325 consentaneum
1467 2291 1546 2332 est,
1578 2291 1619 2325 ut
1644 2288 1792 2338 trepida
1816 2291 1856 2325 et

985 2344 1124 2381 mentis
1170 2344 1295 2395 impos
1338 2344 1414 2381 tilia
1451 2356 1500 2381 ex
1534 2344 1685 2395 trepido
1721 2345 1854 2383 matris

982 2399 1127 2450 gremio
1151 2399 1383 2451 raperetur]

1040 2455 1282 2495 Athracidis
1314 2456 1381 2495 vel
1414 2457 1652 2496 Protesilai.
1709 2455 1852 2501 Quam-

982 2525 1096 2562 quam
1121 2513 1252 2564 optimi
1277 2512 1387 2551 codd.
1410 2513 1564 2552 Attidis
1590 2513 1648 2550 vel
1673 2512 1853 2551 Althidis

981 2569 1187 2619 praebent,
1219 2568 1318 2607 hanc
1348 2573 1475 2608 tamen
1508 2569 1691 2607 Ber-oaldi
1723 2582 1851 2606 eruen-

981 2625 1174 2664 dationem
1189 2627 1223 2663 in
1238 2630 1384 2663 textum
1401 2626 1571 2676 recipere
1585 2625 1850 2669 nondubitavi,

986 2682 1093 2731 quia,
1131 2682 1314 2732 quidquid
1353 2683 1438 2733 ipse
1476 2682 1642 2733 legendo
1680 2682 1852 2732 comperi

985 2737 1047 2775 vel
1079 2739 1128 2776 ab
1159 2738 1246 2777 aliis
1273 2738 1511 2788 explorando
1548 2737 1733 2789 cognovi,
1772 2737 1850 2776 nul-

983 2794 1063 2832 lum
1095 2808 1233 2833 nomen
1271 2795 1427 2834 inveniri
1466 2799 1611 2845 potest,
1651 2794 1755 2845 quod
1786 2808 1850 2832 no·

981 2854 1062 2890 stro
1076 2851 1162 2889 loco
1177 2852 1226 2889 sit
1240 2853 1378 2902 aptius.
1412 2851 1603 2890 Athracis
1627 2851 1728 2888 enim
1746 2850 1851 2902 apud

981 2906 1096 2946 Ovid.
1134 2907 1292 2946 Heroid.
1328 2906 1456 2946 XVII.
1493 2911 1588 2948 240.
1647 2909 1782 2945 Amor.
1819 2906 1848 2945 I.

985 2968 1020 3004 4.
1046 2968 1082 3004 8.
1115 2963 1192 3002 lilia
1220 2963 1404 3002 Athracis
1433 2962 1696 3015 Hippodamia
1731 2964 1849 3002 nomi-

982 3024 1104 3065 natur,
1129 3021 1237 3059 cuius
1263 3034 1349 3059 cum
1375 3019 1568 3058 Pirithoo
1594 3021 1750 3070 nuptiae
1781 3033 1850 3070 per

982 3075 1086 3115 seras
1105 3076 1354 3128 Lapitharum
1381 3080 1420 3113 et
1445 3075 1721 3114 Centaurorum
1747 3077 1848 3114 rixas

981 3136 1022 3171 ct
1079 3133 1194 3171 modo
1254 3136 1396 3183 nuptae
1455 3133 1628 3184 rapinam
1681 3134 1847 3172 omnium
