2221 3667
334 135 387 178 14

335 248 461 301 ciunt]
495 261 580 286 eam
607 246 855 287 Thessaliam
884 261 936 287 ex
962 247 1121 301 negotio
1148 246 1340 301 petebam.

246 310 287 345 12
334 304 441 343 brica
467 303 627 344 vallium
653 303 660 359 Ι
688 311 727 343 et
752 304 907 344 roscida
937 305 1124 359 cespitum
1152 311 1191 344 et
1219 303 1379 358 glebosa
1405 316 1627 357 camporum
1655 301 1803 342 emensi
1829 315 1889 341 mc
1915 314 2013 354 equo
2039 298 2137 340 indi-

581 134 628 173 L.
660 132 879 173 APULEll
910 130 1313 173 MADAURENSIS
1345 128 1887 172 METAMORPHOSEON

1402 244 1613 298 Postquam
1648 245 1770 284 ardua
1802 243 1989 284 montium
2016 249 2055 283 et
2079 242 2136 283 lu-

331 424 512 458 poslquam
528 420 640 448 ardua
659 424 721 450 Ms.
745 422 835 450 Colv.
857 423 891 450 F.
908 423 937 451 3.
953 424 991 450 l).
1006 430 1036 451 a.
1051 430 1090 450 m.
1106 431 1133 450 s.
1181 420 1333 449 Iubbrz'ca
1348 423 1383 449 G.
1431 418 1549 447 rosida
1562 420 1595 448 in
1611 420 1679 448 cod.
1694 420 1890 447 Petrarchae
1904 417 2039 452 praefat.
2053 425 2140 452 oper.

335 468 377 495 ad
391 469 554 495 Socratem
570 467 701 495 fratrem
716 471 745 495 ct
760 468 808 495 ed.
830 468 932 496 Venet
957 470 986 496 ⁶2.

1035 467 1157 495 emersi
1169 475 1218 493 me
1231 468 1312 495 113.
1328 468 1365 495 D.
1381 468 1416 494 G.
1432 467 1466 494 P.
1482 468 1517 494 B.
1534 469 1562 493 et
1577 466 1665 493 euin.
1687 469 1764 493 vett.
1790 466 1878 492 Male
1891 465 2003 492 u'ow.
2017 470 2058 491 ex
2072 463 2140 491 cod.

335 513 371 540 P.
392 513 531 540 emensz'c
546 516 574 539 et
590 514 732 541 oudend.
748 512 835 540 enisi
848 513 1063 542 fabricantur.
1085 513 1290 547 compendio,
1311 513 1393 546 quod
1411 515 1491 539 teste
1505 514 1622 539 (iraev.
1637 511 1669 539 in
1683 519 1719 539 eo
1733 513 1824 538 extat
1836 507 1931 537 em'sae'
1946 510 2031 538 male
2045 509 2142 537 intel-

335 559 428 586 lecto.
445 565 584 586 ‹mielzsa
597 559 632 586 F.
652 560 677 586 1.
692 560 723 587 2.

337 657 426 696 qua,
453 646 636 696 originem
656 660 679 684 a
693 645 903 684 Plutarcho
919 646 1084 689 deducit,
1112 658 1212 683 com-

335 704 478 740 moveri
518 706 686 754 poterat,
732 706 772 740 ut
809 703 911 740 initio
948 704 1023 740 iam
1056 702 1212 753 Apuleii

336 759 517 797 familiam
550 760 866 797 commemorarit.
922 757 1049 804 Quam
1088 759 1212 796 incon-

336 816 505 854 siderate
524 819 650 854 tamen
671 817 692 853 ii
715 816 874 864 egerint,
900 813 964 864 qui
985 815 1085 853 hanc
1104 814 1213 853 Lucii

336 874 495 924 stirpem
521 873 569 911 ad
595 873 722 923 ipsum
746 871 957 923 Apuleium
982 871 1124 910 referre
1149 885 1213 908 vo-

338 930 484 974 luerint,
511 942 559 966 ex
584 929 772 980 prioribus
805 927 944 968 elucet.
970 931 1010 966 ut
1034 928 1212 979 Lipsium

336 988 465 1025 mirer.
499 986 561 1035 qui
600 984 723 1023 Elect.
763 984 790 1023 Ι.
832 989 893 1025 18.
933 985 1005 1024 has
1045 985 1213 1024 fabellas

337 1042 515 1094 repetiit]

393 1099 464 1137 ille
494 1098 597 1148 quod
629 1099 663 1136 in
696 1099 864 1137 nonnull.
899 1098 1020 1137 (Wodd.
1058 1100 1093 1136 in
1128 1100 1214 1150 ipse

338 1159 610 1194 commutatum
648 1159 726 1195 est.
777 1155 900 1194 laudis
940 1156 1001 1193 vel
1041 1156 1214 1207 vituperii

338 1212 536 1250 adiectivis
561 1213 796 1263 saepissime
820 1212 972 1251 additur
1003 1213 1069 1264 [cl'.
1095 1212 1214 1263 Apul.

337 1268 433 1307 Met.
464 1268 530 1307 lV.
562 1283 599 1320 p.
627 1272 719 1309 269.
752 1269 802 1308 X.
834 1283 872 1321 p.
900 1274 992 1310 712.
1025 1270 1073 1308 al.
1101 1270 1209 1307 Serv.

338 1325 387 1364 ad
408 1326 514 1377 Virg.
534 1326 634 1364 Aen.
655 1325 705 1364 X.
733 1329 825 1366 677.
852 1325 986 1365 Heins.
1014 1327 1061 1365 ad
1088 1326 1211 1364 eiusd.

337 1381 382 1421 L.
404 1381 489 1420 Vll.
519 1387 610 1423 110.
636 1381 777 1421 Tibull.
804 1382 829 1421 Ι.
856 1382 923 1422 IV.
953 1388 1016 1422 19.
1041 1382 1212 1421 Broukh.

337 1439 388 1477 ad
418 1437 533 1491 Prop.
567 1438 609 1478 II.
637 1444 672 1480 7.
708 1444 769 1479 17.
801 1439 932 1478 Burm.
962 1440 1013 1478 ad
1042 1439 1159 1492 Prop.
1186 1439 1212 1478 l.

392 1554 570 1604 prodita
594 1552 723 1591 Burm.
749 1553 796 1591 ad
825 1553 898 1592 Ov.
926 1553 1022 1592 Met.
1044 1554 1092 1592 V.
1121 1558 1213 1593 517.

339 1609 453 1648 edita
478 1624 501 1648 a
526 1623 638 1648 nonn.
661 1609 765 1647 Mss.
789 1610 865 1661 legi
889 1611 1021 1649 scribit
1045 1611 1118 1648 sed
1144 1624 1217 1649 nec

339 1666 442 1705 Oud.
480 1680 550 1704 nec
587 1680 661 1717 ego
699 1667 872 1705 codicem
909 1668 1141 1713 invenimus,
1180 1669 1213 1706 in

340 1736 416 1773 quo
442 1723 537 1761 illud
560 1724 779 1775 reperiatur.
806 1724 855 1762 de
878 1726 1073 1776 proditus
1098 1725 1144 1763 cf.
1166 1725 1216 1763 ad

339 1779 434 1818 Met.
484 1779 549 1819 lV.
603 1794 640 1832 p.
690 1785 782 1821 274.
839 1780 996 1833 [Barth.
1045 1782 1215 1821 Advers.

338 1835 524 1875 XXXIII.
554 1842 588 1877 1.
613 1852 650 1889 p.
681 1837 817 1890 1526]

396 1907 484 1933 eam
509 1894 758 1933 Thessaliam
782 1895 830 1933 cf.
857 1895 907 1934 ad
932 1893 1075 1934 Florid.
1103 1893 1149 1934 ll.
1177 1909 1214 1947 p.

340 1955 405 1991 24.
438 1950 698 1990 Becicliemus
735 1950 861 2003 Epist.
892 1951 1020 1991 XXII.
1058 1954 1093 1990 in
1129 1954 1213 1991 suis

340 2008 451 2046 codd.
473 2008 561 2046 addi
581 2010 632 2047 ait
657 2011 714 2055 (ut
740 2010 854 2047 etiam
868 2009 973 2048 Junt..
990 2014 1027 2050 2.
1053 2011 1214 2061 recepit)

341 2065 566 2104 ‹lucrantes›
602 2065 792 2104 seduente
834 2066 937 2116 quod
979 2080 1049 2118 per
1083 2081 1215 2118 puero

339 2123 463 2160 unico
482 2136 541 2161 ¹mc
560 2127 748 2174 sequente
766 2124 936 2175 explicat
956 2127 994 2161 et
1007 2122 1109 2161 Oud.
1129 2137 1214 2175 pro-

340 2179 463 2221 batur,
484 2192 600 2229 quum
615 2179 807 2229 Apuleius
829 2180 890 2218 hic
908 2181 1140 2218 mentionem
1161 2181 1214 2219 sa-

342 2249 430 2273 cere
455 2235 585 2274 famuli
611 2236 771 2282 debeat,
798 2238 861 2287 qui
887 2237 1040 2275 demum
1069 2237 1149 2276 libr.
1171 2237 1214 2276 11.

341 2306 377 2344 p.
407 2295 496 2333 168.
523 2291 586 2330 ΙΙΙ.
612 2307 649 2344 p.
680 2297 768 2333 188.
796 2298 834 2332 et
860 2297 952 2334 227.
986 2308 1216 2333 commemo-

340 2352 454 2387 ratur.
487 2349 588 2401 [Sed
614 2350 704 2399 quid,
731 2352 813 2388 eius
841 2352 982 2389 mentio
1009 2351 1109 2389 adeo
1134 2355 1217 2391 erat

341 2407 574 2451 necessaria,
594 2410 636 2444 ut
657 2410 787 2445 contra
801 2408 913 2446 codd.
928 2412 1081 2446 ceteros
1100 2409 1217 2447 verba

340 2463 588 2508 intrudantur,
612 2465 838 2515 praesertim
858 2478 973 2514 quum
994 2465 1216 2503 Becichemi

340 2521 547 2559 auctoritas
572 2524 650 2558 tam
670 2520 772 2559 male
791 2521 934 2566 audiat,
960 2525 1000 2559 ut
1018 2523 1101 2559 suis
1114 2519 1218 2560 Mss.

341 2577 501 2615 stabiliri
515 2577 817 2616 additamentum
831 2578 1010 2616 dubitem.
1037 2577 1124 2616 Nisi
1139 2578 1217 2617 Be-

342 2633 514 2672 cichemo
529 2635 601 2686 ipsi
612 2633 906 2679 debeturlectio.
922 2635 1022 2672 docti
1037 2635 1216 2673 estlibra-

342 2691 395 2735 rii,
421 2692 479 2729 cui
499 2690 659 2729 Lucian.
680 2685 764 2737 ὄνος
783 2695 872 2729 ante
892 2691 1028 2729 oculos
1049 2693 1217 2731 versaba

342 2751 416 2785 tur:
438 2744 592 2798 Ἀπῄειν
614 2748 704 2786 ποτὲ
723 2751 773 2793 εἰς
791 2748 1002 2788 Θετταλίαν
1025 2779 1033 2787 .
1055 2779 1062 2787 .
1085 2779 1092 2787 .
1119 2780 1126 2787 .
1152 2754 1217 2787 θε-

339 2801 470 2855 ράπων
493 2802 701 2856 ἠκολούθει
725 2802 784 2851 εἷς.
823 2804 938 2851 Quid,
964 2806 997 2843 si
1023 2804 1139 2857 plane
1165 2807 1216 2843 in-

341 2864 470 2912 eptum
518 2865 599 2900 erat
634 2862 820 2913 Apuleio,
864 2861 957 2901 talia
991 2864 1214 2914 apponere?

339 2916 443 2955 Nam
467 2932 540 2956 non
566 2932 665 2957 unus
691 2922 772 2957 erat
790 2932 899 2970 puer,
926 2919 1213 2971 quiApuleium

341 2975 376 3012 in
408 2973 655 3014 Thessaliam
688 2976 952 3022 comitabatur,
981 2976 1055 3014 sed
1082 2976 1214 3028 plures

339 3034 473 3083 aperte
509 3035 863 3071 commemorantur.
905 3032 991 3071 Lib.
1031 3032 1077 3071 ll.
1114 3033 1214 3071 enim

339 3101 378 3140 p.
408 3091 498 3128 124.
530 3088 636 3126 dicit:
667 3103 760 3128 nam
790 3094 829 3128 et
853 3091 996 3142 pneris
1021 3095 1141 3129 extra
1168 3090 1212 3129 Ιί-

339 3158 427 3185 men
451 3174 461 3185 .
486 3175 496 3186 .
522 3175 531 3185 .
557 3172 568 3185 .
595 3145 812 3185 distratum
832 3149 985 3199 fuerat,
1011 3147 1074 3187 ubi
1100 3147 1211 3186 Beci-

773 558 806 586 in
821 566 903 596 equo
920 566 1003 587 unus
1017 559 1270 594 c‹›d.T010sa11.‚
1286 557 1385 586 ceteri
1399 565 1509 586 omnes
1523 561 1552 585 et
1568 558 1643 584 edu.
1656 559 1733 585 velt.
1758 563 1809 582 mc
1822 563 1916 592 equo.

1272 645 1433 683 cliemus
1474 659 1606 696 puero
1650 644 1857 683 emendare
1911 641 2052 688 voluit,
2106 644 2143 679 et

1272 703 1377 753 pueri
1420 702 1469 740 ad
1518 701 1675 739 Milonis
1723 714 1860 739 servos
1904 699 2034 738 referri
2081 712 2143 736 ne-

1273 761 1428 807 queunt,
1454 759 1518 808 qui
1542 758 1636 797 Met.
1663 758 1689 796 1.
1715 772 1752 810 p.
1780 761 1845 798 67.
1867 761 2035 809 praeter
2059 756 2144 795 πηί-

1274 829 1363 854 cam
1391 829 1473 853 rmm
1500 816 1641 867 pascit
1671 815 1913 853 ancillulam
1937 818 1975 853 et
2004 813 2146 852 habitu

1272 872 1459 910 mendico
1484 884 1638 923 semper
1656 872 1823 911 incedit.
1858 870 1999 909 Plures
2024 869 2146 908 Lucio

1272 928 1374 965 domi
1414 928 1536 965 fuisse
1574 927 1741 966 famulos
1773 931 1935 980 apparet
1968 940 2018 965 ex
2049 925 2145 965 Met.

1272 984 1341 1023 XI.
1368 999 1405 1036 p.
1433 985 1543 1036 798]

1330 1055 1383 1080 ex
1412 1043 1590 1093 neyotio.
1618 1041 1794 1093 [Lucian.
1821 1037 1906 1088 61»ος
1923 1055 1961 1093 p.
1988 1043 2081 1081 568.
2106 1035 2150 1091 ἦν

1275 1101 1317 1137 δέ
1338 1113 1402 1149 μοι
1426 1095 1609 1151 amomon)
1633 1113 1674 1137 τε
1699 1094 1930 1150 συμβόλαιον
1960 1100 2040 1136 ἐκεῖ
2057 1094 2150 1149 πρὸς

1274 1149 1484 1207 ἅνθρωποι»
1508 1152 1713 1208 ἐπιχώριον.
1762 1155 1825 1193 De
1850 1154 2149 1207 praepositionis

1275 1214 1310 1250 vi
1336 1212 1382 1251 cs.
1410 1212 1535 1251 Hand.
1562 1213 1612 1251 ad
1639 1212 1809 1251 'l'urselt
1836 1211 1879 1251 11.
1906 1226 1942 1264 p.
1971 1211 2081 1264 643]

1328 1270 1465 1308 ardua
1503 1270 1696 1309 montium
1733 1269 1780 1308 cs.
1813 1269 1863 1308 ad
1893 1268 1991 1307 Met.
2017 1267 2084 1306 IV.
2110 1281 2146 1319 p.

1330 1384 1558 1435 Postquam.
1583 1385 1720 1422 ardna
1746 1414 1753 1420 .
1782 1415 1789 1422 .
1817 1413 1825 1421 .
1852 1383 2002 1422 emersi.
2041 1381 2152 1420 Haec

1273 1441 1461 1492 scriptura
1474 1440 1644 1491 vulgaris
1659 1444 1699 1478 ut
1714 1440 1886 1479 latinitati
1901 1439 2089 1478 contraria
2102 1439 2150 1477 ab

1273 1497 1453 1536 Oudend.
1469 1497 1643 1542 reiicitur,
1658 1497 1746 1535 licet
1759 1497 1862 1549 apud
1871 1497 1911 1535 M
1919 1494 2042 1535 anil.I.
2061 1498 2151 1536 116.

1276 1558 1411 1592 tantas
1437 1567 1640 1605 mnergwrc
1664 1554 1788 1593 moles
1814 1553 1962 1605 [Bentl.
1991 1553 2153 1591 coniecit

1276 1610 1478 1662 evincere]
1518 1610 1678 1658 legatur.
1734 1610 1833 1649 Hinc
1874 1612 1986 1649 unice
2022 1622 2153 1648 veram

1277 1681 1369 1705 esse
1417 1668 1506 1706 dicit
1553 1666 1597 1705 F.
1642 1668 1846 1706 lectionem
1886 1672 1981 1720 post
2018 1667 2153 1706 ardua

1276 1738 1443 1769 emensa,
1468 1725 1667 1776 participio
1686 1726 1849 1776 passiva
1866 1727 2052 1776 usurpato
2076 1725 2152 1774 sig-

1277 1782 1510 1825 nificatione.
1560 1781 1597 1819 id
1640 1782 1744 1833 quod
1780 1783 1939 1834 saepius
1977 1781 2154 1827 occurrit;

1277 1838 1322 1877 cf.
1351 1838 1417 1876 Dr.
1445 1840 1492 1877 ad
1516 1838 1584 1876 Sil.
1606 1836 1635 1877 Ι.
1669 1843 1760 1879 636.
1789 1838 1852 1877 111.
1886 1841 1979 1879 648.
2011 1837 2153 1877 Markl.

1274 1895 1324 1934 ad
1345 1896 1442 1934 Stat.
1464 1895 1560 1934 Silv.
1577 1894 1638 1934 111.
1656 1900 1693 1935 5.
1716 1901 1750 1936 7.
1773 1911 1809 1948 p.
1826 1899 1919 1936 292.
1933 1895 1994 1934 ed.
2010 1894 2153 1933 Dresd.

1273 1952 1391 2004 Apul.
1419 1952 1485 1992 IX.
1516 1966 1553 2004 p.
1582 1956 1673 1993 675.
1706 1952 1791 1991 VH.
1826 1967 1862 2004 p.
1895 1956 1989 1993 383.
2022 1951 2155 2003 [Haec

1276 2023 1510 2060 quamquam
1541 2011 1768 2062 probantur,
1800 2011 1834 2047 in
1867 2023 1914 2047 eo
1944 2013 2072 2048 tamen
2098 2022 2154 2047 er·

1274 2068 1370 2105 ravit
1383 2066 1499 2111 oud„
1526 2067 1628 2117 quod
1654 2080 1857 2119 emer-ryme
1882 2067 2007 2105 activo
2031 2079 2154 2104 sensu

1275 2125 1443 2175 positum
1466 2123 1638 2162 latinitati
1657 2137 1875 2176 repugnare
1900 2127 2019 2176 putat.
2052 2123 2154 2161 Sunt

1275 2182 1374 2219 enim
1400 2181 1601 2233 exempla,
1628 2194 1730 2231 quae
1754 2184 1886 2219 contra
1909 2180 2020 2219 codd.
2047 2179 2153 2218 nullo

1275 2238 1391 2276 modo
1411 2242 1578 2290 possunt
1591 2237 1735 2281 induci,
1757 2237 1803 2276 cf.
1819 2237 1951 2276 Eckst.
1967 2237 2017 2276 ad
2031 2237 2151 2275 Voss

1276 2295 1394 2333 Arist.
1421 2294 1483 2334 III.
1510 2309 1546 2346 p.
1573 2296 1664 2335 962.
1692 2294 1806 2333 Misc.
1831 2293 1929 2333 Obs.
1956 2294 2046 2332 Vol.
2065 2293 2152 2332 Vll.

1276 2350 1321 2390 P.
1357 2356 1390 2391 1.
1422 2366 1459 2403 p.
1487 2356 1599 2396 363„
1630 2352 1693 2389 ubi
1720 2352 1828 2402 larga
1852 2365 1967 2390 manu
1990 2349 2154 2403 plurima

1277 2408 1495 2448 afferuntur.
1545 2407 1658 2454 Quod
1681 2409 1884 2458 quominus
1908 2408 1971 2447 hic
1995 2420 2151 2460 recepe-

1275 2466 1362 2510 rim,
1400 2479 1446 2503 eo
1483 2465 1689 2517 impedior,
1733 2466 1910 2515 quoniam
1949 2477 2153 2519 enzer-clere

1278 2535 1309 2560 c.
1347 2521 1572 2560 accusativo
1609 2523 1775 2560 iunctum
1802 2526 1863 2560 est
1888 2523 2151 2575 edere,·pro-

1278 2579 1393 2621 dere..
1443 2580 1635 2623 mtn'ttere,
1685 2592 1785 2629 quae
1822 2579 2049 2631 significatio
2090 2578 2152 2617 hic

1279 2635 1402 2673 locum
1428 2635 1573 2674 habere
1600 2650 1673 2674 non
1700 2640 1841 2687 potest.
1879 2635 1919 2674 ln
1939 2637 1985 2674 iis
2004 2638 2151 2674 tantum

1278 2692 1373 2730 locis
1388 2694 1540 2746 emeryi
1559 2694 1719 2745 probum
1739 2693 1882 2737 iudico,
1907 2693 1970 2731 ubi
1993 2692 2043 2730 de
2063 2691 2151 2731 sole

1276 2762 1404 2787 sermo
1431 2753 1515 2794 est,
1564 2763 1614 2788 ex
1656 2763 1804 2788 oceano
1845 2752 2053 2799 surgente,
2101 2748 2149 2788 cf.

1275 2806 1398 2845 Bach.
1423 2807 1473 2845 ad
1497 2805 1612 2845 Ovid.
1643 2806 1739 2846 Met.
1769 2806 1859 2845 XV.
1889 2810 1979 2847 186.
2021 2804 2150 2852 Quum

1274 2877 1365 2901 vero
1379 2876 1516 2902 omnes
1532 2865 1697 2910 omnino,
1712 2862 1797 2903 siF.
1807 2864 2023 2916 exceperis,
2037 2862 2151 2902 codd.

1274 2921 1414 2960 emersi
1439 2924 1660 2960 constanter
1684 2921 1884 2965 retineant,
1910 2920 2148 2959 hunelocum

1274 2978 1325 3016 ita
1344 2978 1619 3017 constituerim:
1647 2978 1873 3030 Postquam
1893 2978 2029 3017 ardua
2041 2991 2147 3016 mon-

1273 3035 1371 3073 tium
1389 3064 1398 3073 .
1424 3064 1433 3073 .
1459 3066 1467 3074 .
1495 3036 1650 3074 emensi.
1678 3033 1923 3085 Quamquam
1937 3035 2037 3072 enim
2051 3035 2146 3079 scie,

1272 3092 1412 3130 emetio
1421 3091 1557 3131 anullo
1565 3092 1750 3143 scriptore
1759 3091 2009 3144 comprobari,
2018 3094 2145 3129 tamen

1272 3147 1364 3199 quid
1388 3149 1531 3194 obstat,
1557 3149 1646 3200 quin
1672 3147 1772 3188 hanc
1796 3148 1957 3187 sormam
1983 3148 2146 3188 activam
