2221 3667
303 161 412 204 1062
556 159 601 198 L.
628 157 848 197 APULEll
879 156 1284 197 MADAURENSIS
1314 157 1862 200 METAMORPHOSEON

302 270 454 314 scilicet
478 271 645 312 famulos
673 284 780 311 meos
807 284 880 311 nec
905 284 984 310 non
1010 277 1050 310 et
1075 284 1213 324 equum
1241 284 1393 324 quoque
1419 271 1526 311 illum
1553 285 1680 312 meum
1711 272 1966 323 reducentes,
1993 287 2107 327 quem

214 337 276 370 797
304 331 459 370 diverse
485 328 716 368 distractum
743 334 858 367 notae
881 326 887 383 Ι
909 327 1104 367 dorsualis
1130 326 1331 380 agnitione
1364 335 1719 382 recuperaverant.-
1754 341 1875 382 quare
1906 330 2107 370 solertiam

305 385 432 427 somni
458 392 537 424 tum
565 384 738 424 mirabar
763 384 825 423 vel
853 384 1048 434 maxime,
1078 385 1178 437 quod
1205 391 1362 438 praeter
1387 385 1685 438 congruentiam
1712 384 1893 425 lucrosae
1919 385 2107 439 pollicita-

303 442 423 482 tionis
450 447 685 495 argumento
711 440 816 481 servi
845 439 1010 481 Candidi
1039 454 1178 494 equum
1205 440 1299 480 mibi
1324 441 1555 481 reddidisset
1583 441 1714 481 colore
1741 442 1961 481 candidum.

305 593 449 632 cognitis
468 591 598 621 seilicet
611 590 761 632 famulis
775 592 856 620 meis
875 593 966 622 codd.
982 592 1112 627 plurimi
1127 596 1158 621 et
1171 594 1242 622 edd.
1279 596 1443 630 cognatos
1456 591 1586 621 seilicet
1592 591 1750 632 famulos
1769 600 1858 621 meos
1878 594 1914 623 B.
1952 591 2111 632 famulo:

304 648 369 669 non
383 639 478 668 estin
499 647 528 673 p.
577 646 721 675 aequum
740 639 869 667 vict-nt.
918 637 1116 665 reducentes
1134 639 1170 667 F.
1192 640 1221 667 1.
1241 639 1271 666 3.
1291 640 1326 668 G.
1348 640 1384 668 P.
1404 640 1438 668 0.
1458 640 1496 668 D.
1516 648 1546 674 p.
1566 641 1603 667 R.
1624 635 1653 667 δ.
1673 642 1704 667 et
1718 640 1753 667 B.
1775 642 1857 667 teste
1876 640 1960 668 Elm.
1996 640 2058 667 Sed
2078 638 2112 667 in

305 687 413 713 collat.
440 685 596 713 Modiana
614 684 786 712 varietatis
804 684 886 711 nihil
905 687 1071 712 enotatum
1090 687 1149 711 est.
1185 683 1331 719 cognitio
1353 685 1388 712 P.
1437 685 1534 711 <carie
1553 692 1607 719 pro
1625 682 1757 711 diverse
1777 686 1812 713 B.
1838 692 1879 713 ex
1904 686 2111 716 glossemate.

304 729 461 757 diversae
481 730 552 758 edd.
572 731 743 763 quaedam.
791 727 986 756 districtum
1007 728 1027 757 f.
1077 731 1174 756 nocte
1194 738 1249 764 nro
1268 732 1370 756 notae
1390 731 1425 758 G.
1446 731 1483 758 1).
1505 731 1541 758 P.
1588 729 1777 766 cognitione
1795 731 1831 759 B.
1852 738 1883 763 p.
1904 727 1933 758 δ.
1954 721 2024 757 edd.
2039 733 2114 757 ante

305 777 396 805 Colv.
422 774 615 811 agitatione
627 776 664 803 L.
678 775 772 803 Colv.
792 775 886 802 Vulc.
904 776 931 804 l.
958 776 994 803 In
1013 777 1087 803 cett.
1107 774 1292 811 agnitione.
1340 778 1631 811 recuperaverunt
1649 777 1764 804 Venet.
1785 777 1815 803 4.
1836 775 1942 804 Paris.
1990 774 2113 803 somam

306 823 342 849 G.
361 822 401 849 D.
440 823 508 848 tum
527 822 645 848 abesse
664 820 697 847 in
718 821 752 848 P.
775 820 907 847 adnotat
926 821 1006 848 Oud.
1046 823 1158 847 lamen
1179 828 1234 854 pro
1256 822 1324 847 eum
1343 821 1380 849 B.
1423 824 1569 857 praeter
1587 822 1699 849 exulat
1719 828 1737 849 a
1757 820 1797 856 s.‚
1823 828 1878 855 pro
1897 827 1958 854 quo
1973 823 2116 857 propter

306 869 402 895 habet
421 862 450 894 δ’.
499 864 677 902 lue-rosque
696 866 732 893 G.
754 865 788 893 P.
810 866 844 893 0.
865 863 901 892 1..
923 865 944 894 f.
964 862 993 894 δ’.
1014 866 1097 899 quod
1116 866 1227 894 Brant.
1242 865 1387 894 defendit
1405 874 1447 894 ex
1459 868 1539 895 Non.
1556 875 1585 901 1).
1599 865 1674 894 210.
1688 866 1746 894 Ed.
1763 868 1862 895 merc.
1883 873 1901 894 a
1915 865 2115 894 nominativo

306 910 432 939 ltu-rus.
469 909 691 947 lucrosasque
705 911 742 938 D.
793 908 1015 938 reddidissent
1031 912 1065 939 Ο.
1103 909 1356 947 respondissent
1369 912 1404 940 G.
1419 913 1456 939 D.
1472 913 1507 940 P.
1534 910 1648 946 [etiam
1669 911 1702 939 in
1723 911 1883 944 excerptis
1898 911 1937 939 ad
1952 917 2053 945 marg.
2065 911 2114 939 ed.

306 958 414 993 cmv„
434 957 521 985 unde
534 964 622 985 error
635 956 713 984 mini
728 959 860 984 exortus
874 955 1002 984 videtur
1016 964 1090 985 esse
1104 957 1182 985 Oud.
1193 975 1201 991 ‚
1222 957 1277 990 qui
1291 957 1404 985 scribit
1421 957 1452 985 in
1467 958 1503 985 B.
1518 957 1582 990 legi
1608 955 1932 993 resprmdissentqne.
1958 955 2117 984 In'wtriis

307 1003 394 1031 enim
406 1002 602 1030 lectionibus
615 1002 655 1029 ad
669 1009 770 1035 marg.
786 1001 935 1030 ed.Colv.
949 1002 1105 1036 scriptum
1121 1005 1168 1030 est
1184 1000 1472 1038 respondis-senen.
1487 1010 1551 1036 qua
1566 1002 1673 1031 littera
1687 1002 1837 1035 signatur
1849 1002 1916 1031 cod.
1932 1001 2116 1037 Palatinus,

307 1048 390 1082 quod
406 1054 468 1085 qne
481 1049 594 1081 legens
609 1048 688 1074 Oud.
704 1048 743 1075 ad
759 1048 844 1075 Bert.
858 1047 1018 1081 pertinere
1033 1047 1191 1082 punivit]

313 1195 430 1234 quam
451 1180 568 1219 Fotis
585 1193 646 1218 me
664 1181 721 1219 ad
741 1181 967 1230 capistrum
982 1181 1189 1232 adcyissct

310 1238 419 1277 vualo
443 1252 515 1277 seco
547 1250 706 1281 errore,
732 1240 770 1274 et
785 1236 955 1275 Rodius:
984 1237 1057 1276 Als
1073 1238 1189 1276 Fotis

311 1308 384 1333 ans
416 1293 592 1333 Verselm
630 1294 734 1333 micle
772 1308 856 1332 zum
884 1294 1090 1346 Lanssoler
1120 1308 1188 1347 ye-

310 1351 456 1390 maclzt.
474 1350 579 1389 Medi
589 1351 828 1389 nominantur
837 1364 1000 1397 errores,
1015 1352 1104 1401 quia
1119 1364 1189 1402 per

313 1421 461 1446 venena
477 1411 516 1445 et
535 1407 819 1445 incantationes
840 1408 1187 1446 committebantur.

315 1465 361 1504 cf.
388 1464 438 1503 ad
463 1464 558 1502 Met.
588 1462 629 1501 ll.
655 1477 692 1514 p.
720 1468 785 1504 86.
811 1464 953 1503 naulis
977 1464 1161 1516 artibus]

372 1536 422 1561 ac
436 1523 616 1571 cognati,
636 1520 793 1559 scilieet
815 1521 996 1570 famulos
1009 1534 1190 1560 meos....

316 1579 564 1617 reducentes.
637 1576 750 1614 Hanc
791 1576 995 1614 lectionem
1028 1590 1078 1614 ex
1103 1590 1188 1615 men

317 1634 579 1685 qualicunque
616 1634 837 1671 coniectura
869 1634 970 1672 dedi.
1019 1634 1190 1671 W'ower.

316 1692 378 1729 vel
417 1692 548 1742 potius
586 1690 879 1728 Seliickeradus
911 1692 1101 1742 cofflzalis
1138 1704 1191 1729 sc.

312 1748 494 1799 fanmlos
517 1761 624 1786 meos
701 1747 990 1786 reducentibus
1015 1747 1192 1785 correxit.

317 1817 432 1856 quam
469 1803 780 1842 emendationem
820 1803 903 1841 fere
929 1816 1066 1841 onmes
1092 1803 1191 1841 Edd.

317 1861 440 1899 secuti
467 1864 568 1900 sunt.
618 1860 699 1898 Sed
726 1864 832 1898 recte
859 1860 933 1899 iam
961 1860 1052 1898 vidit
1078 1860 1193 1899 Oud..

319 1918 525 1956 lectionem
553 1917 667 1955 codd.
694 1918 934 1957 reducentes
964 1918 1194 1968 interpretes
1221 1934 1223 1936 ·

316 1976 528 2013 admonere
564 1974 773 2018 debuisse,
812 1988 887 2012 non
933 1987 1064 2013 verum
1101 1987 1196 2012 esse

319 2033 509 2084 coquetis
532 2031 833 2070 reducentibus.
862 2030 961 2069 Hinc
975 2031 1197 2070 emendavit

318 2091 423 2141 ipse:
451 2092 652 2140 coymzios
677 2088 783 2133 scil„
807 2088 990 2140 famulos
1009 2102 1114 2127 meos
1138 2102 1195 2127 re-

326 2147 531 2189 ducentes,
541 2148 790 2196 utcoynatos
803 2146 1098 2195 coniungeretur
1112 2158 1197 2184 cum

318 2203 567 2254 reliqueram
603 2200 735 2238 deleto
772 2201 839 2238 illo
873 2201 1057 2253 famulos
1094 2201 1195 2253 quod

319 2261 603 2297 antecesserat.
642 2257 719 2295 Vel
747 2259 862 2296 etiam
888 2259 1105 2309 simplicius
1132 2273 1196 2298 co—

318 2316 440 2369 ¹quati
475 2328 529 2353 sc.
566 2315 855 2365 superveniunt.
918 2314 1197 2367 [Coniecturae

321 2372 424 2411 Oud.
440 2370 598 2409 obsistit
611 2371 844 2410 vocabulum
858 2372 1122 2424 reliqueram,
1148 2372 1197 2410 ad

323 2434 525 2482 coymttos
549 2428 704 2465 minime
729 2432 873 2480 aptum.
934 2428 971 2465 ls
997 2429 1098 2467 enim
1123 2444 1198 2468 non

322 2486 531 2536 reliquerat
562 2489 771 2535 cognatos,
804 2486 893 2535 quia
923 2489 1040 2524 antea
1065 2499 1199 2524 secum

324 2556 396 2581 non
413 2542 596 2586 duxerat,
622 2542 685 2580 vel
700 2544 732 2579 si
748 2542 825 2580 alia
837 2542 987 2580 ratione
1001 2543 1199 2594 explicare

323 2599 423 2637 velis
449 2599 498 2637 de
518 2612 578 2643 ec,
606 2599 667 2649 qui
695 2600 744 2636 ab
770 2600 816 2637 iis
842 2599 1040 2646 discessit,
1066 2613 1199 2651 super-

323 2657 439 2695 lluum
477 2655 594 2708 plane
630 2660 694 2693 est
729 2655 1046 2695 additamentum.
1100 2656 1200 2695 Hinc

323 2717 430 2765 puto,
451 2725 522 2750 eos
537 2712 649 2750 codd.
665 2716 867 2763 corruptos
881 2725 993 2759 esse,
1008 2713 1043 2751 in
1059 2714 1200 2764 quibus

324 2770 431 2822 prius
463 2782 547 2807 voe.
577 2769 760 2821 famulos
792 2769 924 2816 deest,
962 2784 1038 2808 non
1065 2783 1136 2809 eos
1162 2771 1197 2807 in

326 2827 466 2877 quibus
491 2826 552 2864 bis
578 2826 727 2877 legitur.
771 2825 858 2877 Ego
885 2827 1034 2878 corrigo
1060 2841 1110 2867 ac
1135 2841 1200 2867 co-

324 2884 465 2935 ῃηατί,
497 2882 656 2921 scilicet
681 2883 863 2933 famulos
888 2897 994 2923 meos
1019 2898 1094 2923 nec
1119 2898 1202 2923 non

327 2945 363 2978 ct
388 2953 533 2992 equum
622 2940 873 2979 reducentes.
920 2939 1094 2980 Primum
1120 2955 1202 2979 cor-

326 3000 479 3046 ruptum
504 2999 567 3034 est
592 2997 764 3049 coqnati
783 2996 818 3034 in
839 2998 1018 3050 coqniti,
1044 3002 1123 3036 tum
1140 2997 1205 3037 ad—

1246 1181 1492 1231 significatur,
1518 1182 1603 1219 voci
1619 1182 1790 1234 coynili,
1817 1180 1919 1219 unde
1939 1181 2119 1233 cognitis

1248 1243 1465 1291 corruptum
1499 1243 1577 1285 est,
1612 1251 1688 1290 quo
1722 1236 1823 1276 facto
1855 1238 2119 1276 necessarium

1247 1299 1352 1341 erat,
1392 1296 1574 1347 stimulos
1609 1308 1714 1334 meos
1752 1297 2047 1333 commutaretur
2082 1295 2119 1331 in

1244 1352 1416 1402 fcmmlis
1430 1354 1533 1391 meis.
1572 1352 1775 1390 Sententia
1789 1352 2034 1403 apertissima
2048 1354 2120 1390 est.

1249 1409 1348 1446 Sunt
1367 1413 1496 1447 tamen
1519 1409 1581 1460 qui
1603 1409 1703 1447 hunc
1717 1408 1844 1446 locum
1864 1408 2001 1447 altiore
2015 1408 2120 1445 labo-

1250 1478 1333 1503 rare
1358 1466 1518 1503 vulnere
1544 1466 1690 1509 dicant,
1717 1465 1855 1516 quiain
1871 1466 2120 1516 praegressis

1251 1522 1326 1560 iam
1358 1521 1408 1559 de
1434 1523 1623 1575 coymilis
1655 1525 1694 1559 et
1715 1522 1994 1572 firmiliure'bzcs
2020 1521 2123 1559 sama

1252 1580 1388 1616 excitis
1425 1579 1472 1617 ad
1511 1579 1675 1616 Lucium
1711 1578 1957 1616 venientibus
1993 1591 2122 1616 sermo

1252 1634 1384 1679 fucrit:
1416 1649 1454 1687 p.
1488 1639 1580 1676 791.
1616 1635 1828 1685 confestim
1853 1635 2032 1687 denique-
2053 1636 2122 1685 fa-

1250 1692 1428 1731 miliares
1454 1707 1504 1732 ac
1529 1692 1720 1731 vernulae
1747 1692 1898 1744 quique
1917 1691 2123 1743 mihipra-

1252 1749 1365 1786 :cimo
1391 1762 1500 1788 nexu
1528 1748 1738 1801 sunyniuis
1764 1747 2037 1787 cohaerebant

1253 1805 1311 1843 ad
1335 1819 1465 1845 meum
1488 1807 1691 1857 festivam
1714 1803 1829 1844 illico
1854 1810 2123 1857 conspectum.

1254 1860 1328 1900 Hic
1354 1875 1446 1900 vero
1467 1861 1517 1899 de
1533 1861 1744 1900 Thessalia
1758 1874 1888 1899 sermo
1904 1865 1982 1908 est,
2009 1874 2123 1913 quam

1254 1920 1450 1970 regionem
1465 1919 1624 1970 patriam
1648 1918 1831 1963 nominat,
1858 1918 2004 1970 quippe
2025 1931 2127 1968 quae

1254 1979 1452 2015 maternae
1462 1975 1619 2026 originis
1629 1979 1739 2013 esset
1752 1976 1955 2026 pr‹)sapia;
1971 1974 2020 2014 cs.
2028 1973 2125 2013 Met.

1256 2032 1282 2071 l.
1298 2046 1336 2084 p.
1354 2035 1416 2073 11.
1432 2032 1532 2071 Hinc
1547 2036 1653 2070 recte
1668 2032 1782 2070 vertit
1795 2031 1966 2070 Rodius:
1992 2031 2128 2071 Meine

1255 2089 1539 2129 mitteerh'cleen
1575 2089 1901 2129 Ancerwandten
1932 2089 2127 2132 bruchton

1256 2148 1313 2186 se'e
1336 2147 1413 2185 mr'r
1438 2146 1550 2185 vebs!
1577 2146 1664 2185 dem
1692 2145 1889 2198 Pferde.]

1313 2265 1433 2300 nolae
1457 2260 1666 2299 dorsualis
1689 2260 1913 2312 aquitimze.
1983 2257 2127 2298 Notam

1256 2318 1358 2357 hane
1399 2316 1621 2355 don-sualem
1665 2316 1889 2355 Beroaldus
1931 2316 2130 2355 existimat

1259 2374 1385 2413 fuisse
1400 2372 1748 2419 natm·alem,P1·ic.
1763 2386 1854 2410 vero
1865 2373 2128 2424 factiticc'am,

1261 2431 1364 2482 quod
1391 2431 1586 2482 posterius
1611 2430 1702 2468 mihi
1729 2443 1815 2468 eum
1829 2428 1931 2468 Oud.
1957 2434 2130 2481 praesta-

1259 2488 1377 2527 bilius
1402 2488 1553 2526 videtur
1576 2500 1682 2526 esse.
1745 2486 1817 2525 Est
1843 2486 1954 2537 igitur
1979 2486 2130 2525 inustus

1258 2545 1467 2585 character.
1506 2543 1606 2583 Prie.
1622 2543 1773 2582 confert
1787 2542 1876 2581 lsid.
1891 2538 2024 2594 Origg.
2039 2542 2130 2581 XX.

1261 2606 1323 2643 16.
1341 2606 1377 2642 7.
1401 2602 1619 2641 character
1634 2605 1691 2639 est
1706 2603 1864 2653 ferrum.
1890 2600 2131 2645 coloratum,

1262 2673 1341 2712 quo
1363 2664 1507 2697 notae
1523 2657 1752 2710 pecudibus
1765 2658 1995 2696 inurmetur.
2022 2656 2129 2707 Vin-g.

1260 2715 1407 2765 Georg.
1423 2714 1486 2753 ΙΙΙ.
1505 2719 1594 2755 158.
1622 2715 1899 2765 continuoque
1922 2717 2068 2752 notas
2092 2718 2130 2751 ct

1259 2773 1425 2811 momina
1448 2773 1582 2825 flentis
1608 2773 1787 2811 inurunt.
1824 2768 2055 2807 Commentt.
2080 2769 2131 2807 ad

1263 2830 1413 2868 Auson.
1428 2829 1478 2867 de
1493 2828 1548 2867 Cl.
1564 2827 1657 2866 Urb.
1673 2826 1735 2866 lll.
1754 2831 1816 2867 11.
1843 2826 1978 2878 quale's
1995 2827 2129 2865 inusta

1264 2886 1367 2924 solet
1388 2886 1551 2939 yeneris
1573 2889 1691 2924 nota
1717 2888 1864 2923 certa·
1937 2878 2134 2938 [Plurima

1262 2942 1339 2981 buc
1365 2942 1590 2993 pertinentia
1618 2940 1726 2980 dabit
1749 2938 1883 2990 Argol.
1909 2938 1958 2977 ad
1972 2937 2132 2977 Panvin.

1265 3000 1316 3038 (le
1339 2999 1440 3038 Lud.
1468 2998 1564 3038 Circ.
1596 2998 1632 3036 in
1667 2997 1806 3036 Graev.
1833 2993 1954 3034 Thes.
1992 2994 2037 3034 T.
2064 2994 2133 3035 IX.

328 3052 455 3091 haesit
481 3053 605 3092 littera
629 3067 676 3098 s.‚
704 3066 779 3104 quo
799 3054 1031 3106 compendio
1051 3056 1208 3096 scilicet
1264 3069 1302 3108 p.
1332 3060 1429 3103 14‘2;
1455 3055 1503 3095 cf.
1529 3055 1651 3094 Voss.
1679 3053 1809 3104 Etym.
1835 3065 1866 3090 s.
1883 3066 1916 3092 v.
1942 3052 2131 3106 quarum]
