2155 3590
619 149 806 188 LIBER
831 149 958 190 VIII.
1017 148 1145 189 CAP.
1172 147 1292 187 VIII.
1781 145 1863 190 673

71 270 135 302 tuo
164 268 391 316 permaneat
415 262 542 302 nostri
562 261 778 317 memoria,
806 262 869 302 vel
889 262 1055 302 acerbae
1080 261 1217 301 mortis
1243 273 1352 300 meac
1379 273 1492 299 casus
1520 258 1656 298 foedus
1684 258 1861 298 caritatis

70 318 310 369 intercidit*‚
338 318 474 371 quovis
500 317 576 358 alio
602 317 754 358 felicius
780 319 988 369 maritare,
1016 318 1129 358 modo
1158 316 1163 372 Ι
1190 330 1238 357 ne
1263 316 1302 356 in
1327 314 1527 369 Thrasylli
1555 328 1712 354 inanum
1738 315 1860 354 sacri-
1887 323 1950 355 53⁶2

68 375 192 428 legam
220 374 452 424 convenias,
481 388 580 414 neve
606 388 823 414 sermonem
855 375 1059 425 conferas,
1095 388 1166 414 nec
1197 385 1371 413 mensam
1403 370 1633 420 accumbas,
1667 384 1740 410 nec
1772 378 1860 410 toro

67 431 309 484 acquiescas.
360 429 470 484 Fuge
497 431 572 470 mei
597 431 843 484 percussoris
870 438 1073 471 cruentam
1100 431 1318 470 dexteram.
1347 425 1440 468 Noli
1467 426 1677 481 parricidio
1703 427 1858 481 nuptias

61 561 246 595 permanat
257 560 292 587 F.
307 561 337 588 3.
357 561 559 594 permaneat
575 561 610 587 G.
626 561 639 587 1
649 581 655 587 .
670 562 701 587 2.
715 561 749 587 0.
765 561 800 588 Ρ.
818 560 837 588 f.
851 561 889 588 D.
910 559 1105 596 permaniet
1116 556 1145 587 δ.
1168 560 1205 587 Iu
1220 560 1293 586 cett.
1305 558 1493 594 permanet.
1541 557 1662 582 nostra
1677 556 1712 582 Ο.
1761 554 1826 581 mei
1838 555 1860 582 f.

63 607 98 631 et
111 612 166 638 pro
180 601 267 631 vem.
277 613 307 639 p.
332 602 494 632 indicitL.
510 608 590 632 teste
598 604 686 633 Coiv.
700 606 763 632 Sed
778 605 810 632 in
824 607 883 633 lioc
897 606 965 633 cod.
979 604 1214 634 monenteOud.
1231 606 1278 631 est
1291 599 1501 629 inter-Adicit
1513 600 1639 628 librarii
1654 600 1861 627 aberratione

63 650 147 677 sicut
161 651 398 683 typothetarum
407 649 544 683 eulpain
553 650 882 678 Edd.Vice11t.Venet.
890 652 1012 679 2.Iunt.
1026 652 1051 678 1.
1060 652 1089 677 2.
1099 652 1145 677 est
1157 646 1342 675 interdicit.
1368 646 1530 684 quovt'sF.
1538 646 1568 674 3.
1578 646 1613 673 G.
1625 646 1652 673 1.
1663 646 1692 673 ἱ).
1702 652 1737 672 π.
1748 648 1776 672 et
1786 645 1859 672 sinc

64 694 158 722 dubio
171 698 245 723 cett.
270 694 399 730 quoivis
407 695 442 722 Β.
453 695 590 722 testibus
599 695 726 728 Sciopp.
741 698 769 722 el
779 696 874 727 Elm.,
890 700 920 723 at
936 696 968 723 in
982 697 1055 723 coll.
1065 694 1209 723 Madian.
1223 693 1306 721 nihil
1320 692 1523 721 emendatum
1538 693 1597 725 est,
1607 693 1636 718 et
1644 689 1859 718 verisimilius

63 739 199 773 videtur.
216 740 247 766 in
258 739 396 767 Restam
410 738 526 776 quovis
541 739 616 774 legi.
626 740 845 773 quiavulgata
857 740 954 768 lectio
969 740 1015 767 ita
1028 742 1134 768 habet.
1161 737 1292 775 quoivis
1305 740 1394 766 extat
1407 736 1570 764 inFiorid.
1580 736 1629 763 ed.
1644 736 1727 762 sola.
1753 733 1858 761 cuivis

63 785 210 812 ῑνητνέτ.
220 784 396 812 Elm.Pric.
431 783 599 810 maritare
603 783 747 822 felicius
763 785 784 812 s.
820 783 977 811 Thessali
988 792 1044 819 pro
1057 782 1367 820 ThrasylliVicent.
1403 787 1524 808 manus
1537 778 1726 816 sacrilegas
1740 780 1775 807 G.
1786 780 1798 806 1
1808 802 1814 807 .
1824 780 1857 807 0.

61 835 222 855 rouseras
241 829 361 857 frustra
379 831 503 857 malum
526 829 631 858 Seriv.
651 830 684 857 in
705 830 829 858 Anecd.
852 830 928 864 phil.
948 838 979 864 p.
999 830 1052 857 37.
1074 833 1102 857 ct
1123 829 1209 858 Prie.
1234 828 1275 857 cf.
1290 828 1330 856 ad
1345 829 1421 855 Met.
1434 828 1459 855 Ι.
1479 834 1509 861 p.
1522 827 1552 853 2.

1601 833 1642 852 ne
1653 831 1800 851 mensam
1822 826 1857 852 L.

61 876 96 901 G.
112 875 142 902 1.
158 875 186 902 2.
202 882 231 908 p.
248 873 268 901 f.
283 870 311 902 δ.
326 875 476 907 D.ed.1›r.
491 875 618 903 Vicent.
633 875 748 903 Venet.
763 875 793 903 2.
807 876 890 903 lunt.
908 876 936 903 1.
951 875 1025 903 ΑΜ.
1051 876 1087 903 In
1101 876 1185 902 lum.
1201 875 1231 901 2.
1246 880 1287 900 ne
1300 879 1466 900 mansam.
1491 873 1526 899 ln
1541 873 1613 898 cett.
1627 877 1687 897 nec
1699 875 1858 896 mensam.

60 917 207 946 ner-ubas
222 919 242 947 f.
290 926 330 945 ne
346 917 443 945 lltoro
458 921 493 948 G.
514 921 539 947 l.

58 964 151 1037 (2ιῖὶέ
169 965 263 1038 ll'ulc.
294 963 516 1001 aequiesehas
536 966 571 993 G.
593 966 621 994 1.
659 964 852 1002 acquiesces
869 966 909 994 D.

59 1120 135 1158 quo
160 1108 291 1146 referri
317 1109 462 1159 possit‚·
485 1108 587 1146 unde
613 1109 842 1147 coniecturis
867 1112 921 1153 ai,

58 1166 109 1210 ci,
136 1165 207 1202 hei.
228 1165 417 1203 similibus
451 1166 575 1203 locum
608 1165 837 1215 interpretes
862 1177 924 1201 sa-

57 1234 146 1258 nare
171 1221 396 1264 studebant,
433 1235 534 1271 quae
566 1224 748 1271 quantum
774 1221 823 1258 ab
851 1219 924 1258 loci

57 1276 249 1327 elegantia
263 1281 301 1315 et
313 1277 569 1315 concinnitate
582 1276 776 1322 recedant,
785 1277 925 1327 cuique

55 1332 288 1384 intelligitur.
312 1333 466 1371 Deinde
485 1334 617 1384 optimi
638 1332 794 1371 codices
814 1345 924 1383 prae-

54 1390 145 1427 bent
193 1389 254 1427 vel
299 1394 542 1442 permaneat
588 1388 650 1426 vel
693 1392 922 1440 permanat,

54 1445 157 1496 quod
192 1447 388 1498 posterius
420 1446 521 1483 sin‘e‘
546 1443 661 1483 dubio
705 1444 923 1495 corruptela

52 1503 188 1552 prioris
230 1506 309 1548 est,
353 1503 442 1553 quia
485 1501 638 1540 dativus
675 1502 727 1539 ita
763 1500 921 1539 defendi

51 1558 193 1610 nequit.
208 1557 283 1605 Qui
297 1559 558 1597 coniunctivus
573 1556 922 1609 quumretinendus

52 1617 120 1660 sit,
154 1615 432 1666 impedimento
463 1618 525 1653 est
555 1615 805 1666 subsequens
835 1626 922 1652 voc,

52 1672 280 1718 intercidit,
307 1671 411 1723 quod
431 1685 479 1709 ea
498 1671 724 1710 condicione
744 1671 778 1707 in
800 1671 919 1708 ‘luter-

51 1728 201 1767 ciclerit
225 1727 507 1766 emendandum
535 1731 658 1777 esset.
701 1727 922 1766 Permanet

49 1785 162 1830 enim,
189 1784 292 1836 quod
307 1784 370 1822 alii
385 1785 542 1823 codices
556 1784 718 1830 habent,
745 1786 919 1835 apertum

50 1844 114 1878 est
139 1843 414 1880 correctionem
441 1855 533 1879 esse
566 1840 822 1885 librariorum,
856 1839 917 1890 qni

47 1897 245 1948 quomodo
271 1902 434 1949 uterque
460 1896 600 1936 modus
621 1897 681 1934 uni
704 1895 919 1948 particulae

48 1955 83 1992 in
109 1954 246 1994 eadem
268 1955 527 1993 enuntiatione
547 1954 648 2004 iungi
663 1955 814 2004 posset,
842 1966 915 1989 non

49 2010 327 2062 intelligebant.
352 2009 549 2048 Putabant
561 2010 674 2054 euim,
690 2007 915 2059 particulam

49 2068 82 2105 .ςὶ
107 2080 157 2104 ex
174 2080 408 2119 praegresso
431 2066 625 2104 enuntiato
645 2065 694 2104 ad
719 2064 917 2116 posterius

50 2122 309 2175 supplendam
347 2136 453 2161 esse.
502 2120 555 2160 Ut
587 2122 637 2159 ita
675 2119 749 2158 dici
787 2120 915 2162 liceat,

50 2179 123 2218 hoc
147 2183 275 2218 tamen
303 2179 389 2218 loco
415 2177 640 2230 particulam
671 2175 790 2232 aegre
815 2175 916 2215 desi-

48 2236 281 2281 deraverim,
308 2235 412 2287 quod
437 2238 682 2286 opponuntur
705 2233 779 2272 sibi
801 2246 916 2270 enun-

50 2293 248 2338 tiationes,
275 2305 435 2343 quarum
459 2295 621 2342 utraque
655 2289 918 2328 necessarium

49 2353 132 2387 erat
159 2363 183 2387 a
213 2349 403 2400 particula
437 2350 470 2386 si
505 2348 708 2399 inciperet,
747 2359 823 2397 qua
858 2346 918 2383 vis

51 2406 310 2457 oppositionis
335 2407 551 2455 augeretur.
585 2401 699 2441 Unde
713 2398 918 2458 Oridisen·

46 2463 224 2508 tentiam,
251 2462 315 2513 qui
335 2461 548 2513 particulae
569 2459 820 2497 omissionem
843 2472 917 2496 non

47 2518 259 2565 tolerabat,
285 2518 450 2569 probare
465 2530 630 2568 nequeo,
645 2515 678 2553 si
693 2518 784 2567 post
798 2528 919 2570 caras
949 2562 951 2566 Α

48 2579 115 2613 aut
128 2576 310 2614 caritatis
323 2573 613 2624 interponentis,
639 2571 823 2609 Floridus
837 2574 919 2621 tex·

50 2633 102 2669 tui
127 2631 288 2670 inseruit
313 2631 374 2670 rel
395 2631 439 2669 si.
487 2629 619 2667 Tertio
646 2623 813 2678 denique
831 2626 915 2665 loc'o

49 2687 237 2739 particula
260 2689 340 2727 iam
365 2686 460 2725 dura
484 2690 563 2731 est,
590 2698 663 2723 nec
687 2684 827 2722 iustam
842 2679 917 2721 'ex-

50 2743 219 2795 plicandi
243 2744 428 2782 rationem
454 2742 637 2787 admittit,
665 2753 764 2791 quae
791 2741 918 2777 onmia

47 2804 276 2850 argumento
301 2803 408 2846 sunt,
432 2799 534 2837 hunc
559 2797 686 2836 locum
713 2809 826 2847 quam
850 2796 918 2833 mi·

48 2856 210 2894 serrime
223 2869 316 2895 esse
329 2857 610 2908 perturbatum,
634 2856 673 2891 et
686 2851 918 2895 coniecturis

50 2916 197 2950 tantum
227 2913 355 2952 sanari
386 2925 520 2964 posse.
570 2909 762 2961 Equidem
800 2921 915 2959 quum

52 2968 263 3019 probabile·
280 2969 372 3020 quid
395 2968 533 3008 afferre
558 2981 633 3005 non
659 2965 829 3017 possim,
860 2964 914 3002 lo-

51 3038 137 3062 cum
157 3037 207 3062 ex
219 3024 323 3065 Mss.
339 3026 567 3064 auctoritate
586 3023 775 3074 integrum
795 3034 914 3074 appo-

50 3081 130 3126 sui,
164 3081 352 3120 asterisco
387 3081 538 3126 addito,
581 3092 658 3130 quo
695 3073 914 3129 corruptum

51 3150 138 3175 eum
168 3150 262 3176 esse
291 3138 464 3177 iudicavi.
507 3135 666 3175 Colvius
696 3128 915 3173 emendavit

587 919 766 956 aquiescas
780 920 815 947 F.
833 921 861 948 1.
881 920 1084 954 negligemIa
1095 920 1310 952 Lindenbrog.
1326 918 1361 945 B.
1382 918 1430 945 ed.
1452 925 1498 951 pr.
1512 916 1640 945 Vicent.
1653 916 1768 944 Vener.
1783 916 1812 943 ⁸2.
1827 916 1858 942 4,

957 963 1023 991 mei
1039 966 1152 993 exulat
1172 971 1192 993 a
1211 964 1291 992 Coll.
1311 963 1408 991 Voss.

1457 960 1617 989 dextram
1637 957 1666 988 ὁ.
1708 967 1757 996 pa
1762 958 1859 986 trici-

985 1121 1056 1159 pro
1090 1108 1170 1147 ccl.-
1201 1121 1292 1153 nec,
1325 1105 1557 1144 sententiam
1592 1104 1664 1142 loci
1698 1117 1772 1142 non
1806 1104 1858 1141 in-

984 1162 1204 1216 telligens]

1045 1221 1184 1272 quovis
1221 1220 1306 1258 alio
1342 1219 1546 1257 maritare.
1597 1217 1856 1270 [Disceptant

985 1277 1216 1326 interpretes
1233 1276 1372 1327 quot-is
1385 1274 1469 1312 alio
1491 1279 1615 1312 utrum
1635 1274 1792 1312 dativus
1806 1287 1855 1311 an

985 1332 1181 1370 ablativus
1206 1332 1270 1370 sit.
1307 1331 1467 1368 Accedo
1493 1329 1598 1370 Oud.
1623 1330 1855 1375 Sententiae,

986 1389 1049 1439 qui
1082 1402 1130 1425 ex
1160 1386 1255 1426 Hor.
1288 1386 1413 1437 Epod.
1448 1390 1483 1426 2.
1517 1390 1540 1426 9
1573 1400 1632 1438 sq.
1669 1386 1855 1425 Adulta

986 1446 1122 1484 ritiznn
1160 1444 1449 1495 propa-(line
1492 1442 1610 1482 Alias
1655 1443 1856 1480 marita!

984 1501 1150 1539 arbores
1176 1504 1215 1538 et
1240 1497 1496 1539 Od.111.5.6.
1525 1499 1696 1537 Milesne
1725 1499 1859 1536 Crassi

984 1558 1161 1608 coniayc
1186 1556 1365 1595 barbara
1387 1556 1538 1607 Turpis
1561 1555 1729 1594 marnas
1752 1554 1860 1592 ‘va'oeae't

983 1619 1020 1652 et
1051 1613 1223 1652 hostium
1249 1616 1342 1658 ete„
1374 1611 1438 1649 ubi
1471 1615 1577 1649 recte
1603 1611 1855 1662 coniungunt:

982 1671 1147 1709 martias
1164 1670 1340 1720 conia-qe
1357 1668 1555 1714 barbara,
1569 1667 1779 1705 ablativum
1795 1666 1856 1704 hic

981 1740 1073 1764 esse
1087 1726 1231 1763 statuit.
1259 1724 1505 1775 Quamquam
1525 1723 1680 1762 dativus
1700 1735 1856 1774 quoque

980 1796 1049 1835 per
1079 1796 1125 1820 se
1156 1785 1291 1833 potest
1320 1781 1577 1832 comprobari,
1609 1780 1855 1831 potissimum

981 1853 1097 1890 quum
1124 1838 1223 1876 lmuc
1250 1837 1410 1875 formam
1436 1837 1607 1888 Apuleio
1639 1850 1714 1874 non
1739 1836 1854 1874 inusi-

980 1899 1099 1933 tatam
1137 1894 1261 1932 fuisse
1306 1893 1516 1932 viderimus
1558 1893 1609 1931 ad
1644 1890 1741 1930 Met.
1768 1890 1853 1930 VII.

980 1965 1016 2002 p.
1035 1955 1145 1997 450„
1172 1950 1235 1988 ubi
1262 1949 1309 1987 cf.
1325 1954 1364 1988 et
1380 1949 1513 1988 Eckst.
1530 1949 1581 1988 ad
1595 1948 1717 1988 Voss.
1730 1948 1852 1986 Arist.

979 2006 1023 2045 T.
1040 2005 1102 2045 111.
1130 2021 1166 2058 p.
1184 2010 1275 2047 928.
1302 2010 1342 2044 et
1366 2009 1461 2046 931.
1487 2005 1543 2044 lta
1568 2004 1852 2043 emendandum

977 2067 1070 2115 puto
1106 2063 1232 2101 locum
1262 2062 1364 2101 Dict.
1398 2062 1499 2100 Cret.
1531 2061 1594 2100 III.
1627 2065 1693 2102 26.
1723 2074 1854 2113 neque

980 2122 1078 2172 quoi
1103 2120 1261 2158 beatam
1281 2133 1362 2158 esse
1377 2118 1531 2158 licitam
1546 2119 1614 2164 sit,
1640 2118 1704 2156 ubi
1719 2116 1851 2169 optimi

979 2176 1094 2215 codd.
1127 2175 1242 2228 quod
1271 2176 1478 2227 praebent,
1509 2175 1558 2212 ab
1584 2173 1739 2213 Deder.
1764 2187 1851 2211 cum

978 2231 1178 2271 Obrechto
1203 2231 1239 2270 in
1266 2232 1333 2271 cni
1357 2235 1553 2270 mutatum.
1588 2230 1774 2282 idemque
1797 2230 1851 2266 vi-

979 2289 1073 2326 tium
1099 2288 1269 2327 sortasse
1294 2288 1390 2326 latet
1415 2289 1450 2326 in
1473 2288 1559 2325 loco
1574 2285 1849 2326 Lact.l'lacid.

980 2345 1114 2383 Enarr.
1140 2343 1244 2383 XIII.
1272 2344 1347 2382 fab.
1363 2349 1402 2385 2.
1426 2348 1579 2396 p.872,
1606 2343 1669 2382 ubi
1695 2342 1850 2394 legitur:

982 2401 1152 2442 Hecuba
1240 2415 1293 2440 ex
1316 2402 1488 2454 reliquis
1514 2400 1667 2446 liberis,
1696 2400 1767 2452 qai
1790 2413 1849 2437 ‘re-

979 2459 1142 2497 stabant
1173 2458 1313 2504 orbae,
1342 2458 1601 2512 Polydorum
1624 2456 1743 2509 apud
1767 2455 1850 2494 Po-

981 2514 1212 2568 lymestma,
1246 2515 1316 2567 qai
1348 2514 1557 2567 qztoreclam
1583 2515 1727 2565 fuerat
1755 2512 1848 2550 edu-

980 2576 1113 2617 catus,
1147 2575 1272 2623 putat
1300 2570 1542 2609 incolmnem
1572 2582 1748 2614 numere,
1785 2565 1848 2605 ubi

980 2627 1052 2680 qai
1069 2630 1217 2680 sacrat
1241 2627 1438 2666 educatus
1468 2630 1534 2664 aut
1559 2625 1685 2663 active
1710 2621 1850 2662 intelli-

978 2680 1146 2735 gendum
1160 2682 1221 2720 vel
1237 2693 1305 2734 pro
1322 2684 1413 2736 qai.-
1441 2683 1540 2735 quoi
1559 2683 1643 2720 sive
1657 2684 1849 2718 exurente

976 2739 1106 2792 potius
1120 2739 1358 2791 grammatici
1379 2741 1446 2778 cui
1460 2737 1666 2789 legendum
1689 2741 1763 2783 est,
1785 2736 1847 2773 vel

979 2796 1050 2850 qai
1078 2796 1279 2835 relativum
1311 2796 1534 2834 inconcinna
1563 2794 1711 2832 ratione
1742 2797 1846 2844 post-

974 2853 1146 2904 positum
1170 2855 1231 2890 est
1255 2852 1385 2890 verbis
1410 2851 1527 2903 apud
1551 2849 1848 2902 Polymestora.

976 2907 1217 2962 Polydorus
1230 2909 1329 2946 enim
1344 2908 1443 2946 iilius
1458 2906 1598 2945 Priami
1614 2904 1846 2951 exHecuba,

974 2963 1192 3003 initio'belli
1209 2963 1365 3002 Troiani
1385 2977 1469 3001 cum
1491 2975 1631 3011 magno
1652 2962 1731 2998 auri
1753 2964 1845 3012 pon-

974 3022 1068 3059 dere
1109 3020 1402 3074 conservandus
1440 3017 1721 3070 Polymestori,
1765 3018 1844 3067 regi

946 3079 947 3082 ’
974 3076 1183 3123 Thraciae,
1211 3080 1291 3115 erat
1315 3077 1472 3114 missus.
1511 3073 1558 3114 cs.
1591 3073 1734 3124 Hyuiu.
1769 3073 1849 3111 sab.

973 3132 1099 3187 cix]

1417 3199 1470 3247 43
