2221 3667
316 169 398 212 636

587 170 633 208 L.
665 169 884 209 APULEII
916 168 1311 210 MADAURENSIS
1341 168 1883 211 METAMORPHOSEON

227 284 290 318 506
320 279 508 336 'civitate
544 280 721 332 iuvenis,
761 281 956 323 natalibus
991 279 1253 336 praenobilis,
1293 279 1420 321 *loco
1452 280 1582 322 clarus
1616 288 1656 322 et
1684 283 1871 335 pecuniae
1903 283 1977 324 fuit
2011 285 2109 325 satis

314 416 378 446 quo
392 407 509 437 clarus
522 409 558 438 F.
573 411 603 438 1.
617 410 648 438 3.
674 409 733 447 qui
744 408 861 438 clarus
874 412 910 438 G.
927 411 956 437 1.
969 409 1000 437 2.
1014 409 1051 436 Ρ.
1066 409 1100 437 Ο.
1113 408 1152 436 D.
1166 406 1203 437 R.
1217 407 1240 436 f.
1254 404 1284 437 δ.
1308 414 1392 445 equo
1406 407 1522 437 clarus
1535 409 1572 437 Β.
1586 412 1616 438 et
1630 409 1700 438 edd.
1714 413 1790 438 vett.
1805 413 1835 438 et
1855 414 1963 440 receti.
1982 416 2108 446 praeter

312 454 388 482 edit.
403 462 451 489 pr.
464 454 580 484 Vener.
594 455 626 483 2.
638 455 767 484 vicent.
792 457 829 484 In
843 453 1012 483 nonnullis
1024 453 1118 482 libris
1131 453 1199 488 legi
1212 451 1285 480 loco
1298 451 1415 482 clarus
1430 453 1522 483 testis
1535 457 1584 483 est
1596 455 1787 483 Beroaldus.
1812 454 1947 489 Lipsius
1962 458 2109 485 emendat

312 505 431 536 aeque.
468 496 603 528 chartis
614 507 672 534 pro
686 498 802 527 clarus
814 501 911 528 habet
922 499 961 527 R.
974 497 996 526 f.
1037 505 1076 524 eo
1084 497 1251 534 pecuniae
1262 498 1299 527 F.
1316 500 1345 527 1.
1360 500 1391 528 3.
1405 507 1435 534 p.
1449 499 1579 528 vicent.
1605 499 1711 528 Ceteri
1725 500 1816 528 codd.
1830 503 1861 528 et
1871 500 1941 528 edd.
1955 503 2111 534 praebent

311 546 348 571 et
359 543 542 583 pecuniae,
566 546 651 579 quod
669 548 752 574 teste
769 546 852 573 Elm.
873 543 970 572 etiam
989 543 1024 572 ln
1042 543 1079 572 F.
1095 544 1124 572 1.
1143 543 1273 578 legitur.
1322 542 1423 571 simul
1433 544 1585 583 profuit,
1605 544 1689 579 quod
1702 544 1826 579 primus
1845 545 1986 573 restituit
2000 546 2109 583 Colv.,

311 589 391 618 dant
408 590 516 627 codd„
541 593 670 625 praeter
687 591 724 619 F.
747 591 774 617 1.
794 590 825 617 3.
846 589 881 616 Ο.
901 589 938 617 Ρ.
959 588 979 617 f.
1001 589 1038 616 G.
1059 589 1088 616 1.
1108 589 1140 616 2.
1159 589 1198 617 D.
1222 589 1359 618 Veteres
1378 596 1456 618 vero
1469 590 1540 618 edd.
1559 588 1778 628 habentfun’t.
1803 588 1900 616 valde
1913 588 2059 626 locuples
2073 591 2110 619 P.

310 629 485 672 (Neutrum
498 634 644 674 necfuz't
655 642 714 663 nec
728 632 829 662 simul
839 640 1029 668 comparare
1043 633 1077 662 in
1091 635 1127 662 G.
1144 634 1172 661 1.
1185 633 1289 662 Colin.
1303 637 1334 663 et
1347 635 1424 664 Bas,
1440 635 1485 671 1.‚
1511 635 1591 664 Oud.
1605 634 1699 664 testis
1712 637 1771 665 est.
1796 635 1859 663 Sed
1874 636 1912 664 de
1926 636 1961 664 G.
1976 636 2006 664 1.
2021 642 2110 664 erra-

310 679 370 708 vit.
393 681 431 709 In
443 687 480 709 eo
493 680 579 710 enim
591 683 625 709 ut
637 679 672 709 in
686 679 803 708 ceteris
817 681 853 705 et
857 678 1024 715 pecuniae
1028 678 1109 718 suit
1120 676 1222 707 simul
1231 676 1352 717 Iocnpl.
1366 678 1490 715 extat.)

311 801 428 840 quem
457 788 604 840 aliquot
628 788 716 827 edd.
741 792 903 827 secutae
927 793 1035 835 sunt,
1068 788 1183 827 eiecit

310 846 639 898 praepositionem
662 846 719 884 in.
744 844 843 883 Tam
868 845 1054 883 contortis
1079 845 1182 884 enim

311 901 624 953 adpositionibus
649 901 703 940 uti
729 915 804 939 non
829 900 935 939 solet
958 905 1101 940 auctor.

368 958 459 997 loco
496 958 645 997 claras.
704 957 856 996 Locum
892 959 1061 996 omnium
1096 959 1183 997 sine

309 1013 426 1052 dubio
451 1013 716 1053 difficillimum
735 1014 955 1053 coniectura
974 1014 1184 1053 emendare

308 1070 458 1116 studui,
473 1082 575 1120 quae
589 1063 771 1121 quantum
786 1069 1003 1122 intelligere
1015 1084 1182 1124 possum

308 1126 492 1177 optimam
515 1127 680 1178 praebet
702 1128 954 1173 sententiam,
985 1140 1102 1179 quum
1133 1140 1182 1165 ex

305 1182 410 1222 Mss.
448 1187 593 1222 certum
629 1183 721 1234 quid
755 1184 875 1223 statui
909 1187 1094 1235 nequeat.
1139 1183 1181 1222 In

305 1242 455 1277 textum
478 1243 608 1278 tamen
633 1240 809 1291 recipere
834 1252 921 1278 eam
945 1240 1066 1286 nolui,
1092 1240 1184 1291 quia

305 1295 396 1333 mihi
412 1309 487 1334 non
500 1296 770 1336 satisfecerim.
807 1295 1057 1349 Propositum
1071 1298 1183 1348 igitur

305 1364 435 1390 meum
460 1356 639 1398 secutus,
678 1353 772 1393 loco
806 1354 986 1406 reposui,
1024 1353 1129 1404 quod
1157 1367 1182 1391 a

305 1408 501 1448 nonnullis
521 1408 629 1448 libris
641 1409 864 1449 Beroaldus
883 1410 974 1449 dicit
989 1411 1180 1462 praeberi,

307 1478 545 1517 quamquam¹
561 1466 646 1504 eius
665 1466 794 1505 verbis
813 1480 888 1505 non
906 1471 1051 1505 tantam
1065 1467 1181 1505 fidem

308 1520 451 1561 habeo.
488 1520 724 1573 Priusquam
755 1535 848 1562 vero
873 1536 1000 1561 meam
1024 1527 1180 1561 senten-

305 1577 399 1616 tiam
424 1579 640 1618 accuratius
677 1592 890 1631 exponam,
927 1579 1043 1618 liceat
1079 1583 1181 1617 cete-

305 1648 432 1673 rorum
452 1635 703 1687 interpretum
723 1636 941 1674 sententias
967 1636 1177 1688 explicare.

306 1690 430 1743 Equo
461 1691 600 1732 clarus
628 1693 767 1743 probat
796 1691 977 1730 Roaldus
1009 1706 1059 1731 ex
1089 1692 1179 1743 Epi—

305 1747 530 1797 grammatis
545 1749 648 1799 apud
659 1748 801 1787 Aldum
812 1762 847 1799 p.
858 1752 950 1790 656.
962 1753 998 1788 2.
1014 1747 1178 1795 EQUO.

303 1801 426 1841 PUB.
452 1802 731 1844 ORNATUS.
758 1804 915 1851 EQUO.
941 1803 1062 1844 PUB.
1088 1804 1181 1843 HO-

304 1858 591 1906 NORATUS,
617 1862 676 1900 cui
703 1861 924 1900 sententiae
944 1860 1180 1912 suffragatur

305 1915 482 1961 Colvius,
514 1917 579 1968 qui
609 1930 711 1969 equo
736 1917 894 1969 publico
919 1917 1178 1956 condonatum

304 1971 529 2023 intelligens
572 1987 624 2012 ex
660 1973 817 2025 Ulpiani
854 1974 990 2026 fragm.
1042 1973 1176 2012 affert:

304 2029 400 2069 Hoc
431 2030 609 2081 amplius
639 2031 950 2083 principalibus
987 2033 1177 2070 constita-

303 2085 485 2125 tionibus
510 2100 740 2128 concessum
764 2093 823 2127 est
843 2088 1016 2133 mzdieri,
1042 2088 1084 2126 ‘in
1098 2088 1178 2127 lioc

302 2142 463 2181 donare
486 2143 573 2182 viro
598 2158 688 2190 saw,
720 2149 767 2184 nt
795 2145 829 2183 is
853 2144 904 2183 ab
928 2145 1179 2196 imperatore

304 2199 391 2237 luto
411 2199 526 2238 clavo
552 2200 616 2239 vel
638 2214 762 2253 equo
782 2200 989 2253 publico
1016 2201 1181 2240 similive

303 2255 458 2294 honore
481 2256 716 2296 honoretur.
750 2257 803 2295 At
826 2270 931 2309 equo
957 2257 1095 2297 clarus
1118 2257 1181 2295 hic

301 2312 518 2362 significare
533 2313 728 2364 equestris
743 2313 886 2352 ordinis
894 2314 1016 2351 virum
1031 2317 1070 2351 et
1078 2327 1179 2365 equo

301 2368 459 2419 publico
474 2368 705 2408 honoratum
721 2373 779 2420 (ut
793 2370 908 2408 etiam
918 2370 950 2408 F
954 2369 1086 2409 orcell.
1101 2384 1135 2409 s.
1145 2383 1178 2409 v.

300 2426 499 2478 exposuit)
514 2439 601 2464 cum
613 2425 717 2466 Oud.
731 2427 888 2466 credam
901 2430 992 2465 tunc
1003 2427 1097 2465 viris
1112 2426 1177 2465 do-

300 2482 385 2527 ctis,
395 2495 511 2532 quum
525 2483 784 2533 probaverint,
792 2497 936 2535 equum
948 2483 1175 2535 simpliciter

299 2539 352 2576 ita
364 2551 533 2589 unquam
547 2544 775 2591 usurpatum
790 2553 980 2585 esse,non
994 2540 1174 2578 adiuncta

299 2594 467 2645 quadam
502 2595 757 2646 dignoscendi
794 2599 903 2642 nota,
943 2597 1172 2649 praesertim

301 2664 417 2701 quum
431 2651 467 2689 in
487 2651 593 2691 nullo
609 2653 646 2691 id
661 2657 815 2705 praeter
833 2652 938 2692 Bert.
960 2654 1174 2692 inveniatur

300 2707 446 2746 codice.
470 2707 694 2748 Beroaldus
718 2711 755 2748 in
774 2709 969 2749 nonnullis
989 2710 1093 2748 Mss.
1119 2708 1171 2748 l‘e-

299 2764 409 2813 gisse
434 2778 480 2803 se
500 2764 591 2804 dicit
611 2767 724 2812 loco,
751 2766 857 2817 quod
874 2771 1016 2818 posset
1029 2766 1172 2817 exponi

299 2820 412 2859 domi
429 2835 526 2862 suae
545 2827 588 2861 et
604 2824 824 2875 inpatriae
838 2824 1019 2870 civitate,
1044 2822 1108 2861 vel
1122 2823 1172 2861 de

298 2876 444 2925 ordine,
469 2891 640 2926 munere,
666 2880 852 2931 dignitate
881 2886 920 2918 et
943 2880 1172 2930 magistratu

297 2933 429 2982 potius
466 2935 586 2980 sumi,
625 2949 701 2987 quo
739 2937 906 2987 fungens
942 2936 1169 2987 effulgebat,

298 2992 432 3038 utpote
451 2991 646 3031 natalibus
665 2993 923 3044 praenobilis3
954 2992 1004 3031 de
1024 3006 1101 3044 qua
1120 2994 1170 3031 si—

299 3045 541 3091 gnificatione
584 3048 690 3089 Oud.
733 3054 933 3101 comparat
979 3049 1171 3089 dictiones

300 3101 432 3158 locum
447 3116 614 3154 capere,
640 3111 774 3145 tenere
785 3107 828 3145 in
842 3107 1058 3158 republica
1083 3106 1170 3145 Liv.

299 3156 364 3196 lV.
380 3160 444 3197 57.
464 3158 496 3207 ξ.
513 3164 574 3200 11.
595 3163 848 3212 primoribus
855 3168 1025 3215 patrum
1038 3164 1169 3217 splen-

1239 789 1342 828 dore
1364 789 1587 842 9ratiaque
1611 789 1669 829 ad
1687 789 1910 841 petendum
1930 803 2112 842 praepa-

1239 846 1359 890 ratis,
1387 846 1521 885 onmia
1546 846 1657 885 loca
1683 850 1817 885 tenere
1847 860 1878 884 c.
1914 849 1976 886 16.
2008 845 2041 895 ᾧ.
2073 850 2109 887 6.

1240 901 1291 940 ad
1316 915 1433 953 quem
1459 900 1586 941 locum
1617 901 1777 941 adeatur
1808 902 1976 941 Gronov.
2003 901 2113 940 Com-

1239 961 1356 998 ment.
1380 958 1430 996 ad
1451 957 1559 996 Suet.
1579 958 1681 1009 Aug.
1697 962 1762 998 54.
1789 959 2113 998 contradicerem

1241 1015 1328 1061 tibi,
1343 1015 1377 1054 si
1391 1014 1409 1053 l
1414 1028 1546 1054 ocum
1560 1014 1755 1054 haberem.
1770 1013 1899 1053 Burin.
1914 1015 1964 1052 ad
1980 1013 2110 1060 Quint.

1239 1068 1402 1110 lnst.V1.
1413 1074 1598 1122 3.p.547.
1626 1070 1692 1123 [cf.
1708 1070 1831 1111 Buen.
1841 1071 1891 1109 ad
1899 1070 2111 1109 Lact.lnst.

1240 1127 1289 1166 V.
1302 1128 1375 1179 1.§.
1387 1131 1451 1168 22.
1461 1140 1501 1178 p.
1511 1127 1621 1180 575]
1638 1126 1688 1166 Et
1700 1127 1776 1166 huc
1790 1127 1920 1166 facere
1937 1128 2112 1178 opinatur

1241 1182 1343 1223 Oud.
1368 1184 1602 1222 adiectivum
1627 1183 1782 1231 clarus,
1808 1184 1913 1235 quod
1926 1184 2112 1223 senatori-

1239 1241 1314 1279 bus
1356 1244 1397 1279 et
1436 1241 1727 1293 magistratibus
1768 1240 1843 1279 loci
1885 1240 2112 1279 condicione

1239 1295 1461 1348 splendidis
1490 1297 1690 1335 tribuerint
1712 1296 1880 1336 Romani
1912 1296 2110 1349 epitheton

1241 1353 1307 1406 [cf.
1322 1352 1421 1391 Plin.
1432 1352 1648 1405 Epist.vIl'.
1660 1357 1724 1394 33.
1742 1353 1938 1404 Lamprid.
1954 1352 2109 1404 Heliog.

1240 1423 1271 1449 c.
1298 1410 1353 1462 4,]
1393 1409 1524 1456 Quare
1549 1409 1615 1448 ille
1639 1409 1846 1461 amplexus
1871 1414 1952 1455 est,
1984 1409 2111 1448 donec

1238 1467 1380 1505 certius
1400 1466 1492 1517 quid
1516 1466 1741 1518 proferatur,
1766 1466 1869 1505 hanc
1893 1465 2111 1513 lectionem,

1239 1536 1341 1574 quae
1356 1523 1390 1560 ei
1411 1536 1434 1560 a
1448 1536 1545 1562 voce
1560 1523 1743 1574 locuples
1762 1523 1910 1561 videtur
1925 1536 2019 1560 esse
2043 1535 2109 1561 ex-

1238 1578 1369 1631 pulsa.
1416 1579 1471 1617 At
1503 1593 1553 1618 ex
1583 1579 1851 1617 nonnullorum
1878 1579 1992 1617 codd.
2018 1579 2110 1617 scri-

1236 1639 1350 1688 ptura
1361 1635 1530 1688 praefert
1541 1635 1788 1674 scribendum
1803 1635 1897 1680 loci,
1922 1639 1963 1673 ut
1976 1636 2111 1676 clarus

1238 1692 1447 1743 genitivum
1461 1693 1670 1730 adsciscat.
1698 1691 1765 1743 [cf.
1779 1691 1883 1729 vell.
1899 1691 1945 1731 ll.
1959 1696 1995 1732 5.
2016 1693 2109 1731 ela·

1237 1749 1459 1788 ‘tissimus
1483 1748 1743 1801 disciplinae.
1806 1747 1886 1786 Sed
1914 1748 2109 1795 confiteor,

1237 1804 1338 1843 hanc
1363 1804 1569 1843 lectionem
1583 1818 1658 1843 non
1672 1804 1914 1843 satisfacere.
1939 1803 2110 1843 Primum

1238 1862 1340 1899 enim
1372 1860 1487 1900 lectio
1519 1862 1612 1900 loco
1641 1860 1789 1900 facilior
1818 1874 1888 1912 per
1912 1875 1958 1899 se
1985 1865 2047 1899 est
2072 1865 2111 1898 et

1236 1918 1361 1956 tritius
1393 1921 1456 1956 est
1484 1917 1736 1963 vocabulum,
1773 1930 1889 1967 quam
1920 1917 2025 1968 quod
2056 1918 2107 1955 ita

1236 1974 1503 2026 corrupissent
1537 1973 1690 2013 librarii.
1760 1973 1861 2012 Dein
1899 1973 2109 2012 verisimile

1236 2045 1310 2070 non
1326 2035 1405 2076 est,
1431 2030 1626 2069 hominem
1642 2031 1755 2068 nimis
1774 2030 1952 2068 iuvenem
1966 2034 2109 2068 tantam

1235 2087 1426 2127 habuisse
1451 2088 1485 2125 in
1500 2087 1595 2126 urbe
1607 2087 1850 2137 dignitatem,
1877 2100 1992 2138 quam
2007 2086 2109 2125 Oud.

1234 2148 1372 2197 putare
1401 2144 1563 2182 videtur.
1612 2143 1713 2182 Hinc
1743 2143 1926 2182 emendat
1951 2144 2006 2182 vir
2030 2143 2109 2194 qui-

1239 2201 1330 2240 dam
1361 2201 1500 2239 doctus
1531 2202 1616 2240 avis
1645 2201 1782 2240 clarus
1811 2200 1834 2238 i.
1860 2213 1895 2238 e.
1920 2200 2108 2239 maiorum

1238 2258 1399 2309 egregie
1423 2257 1536 2296 factis
1569 2261 1609 2295 et
1633 2257 1771 2295 virtute
1807 2255 1953 2303 clarus,
1990 2269 2106 2307 quum

1237 2318 1354 2353 antea
1377 2314 1573 2366 Apuleius
1596 2313 1726 2352 verbis
1756 2313 1960 2353 natalibus
1986 2326 2107 2365 prae-

1237 2371 1386 2410 nobilis
1421 2371 1798 2422 praestantissimam
1829 2370 1984 2420 generis
2009 2381 2107 2408 suae

1236 2426 1478 2467 nobilitatem
1503 2431 1543 2465 et
1566 2430 1800 2465 vetustatem
1831 2426 1959 2476 gentis
1990 2425 2107 2476 signi—

1233 2484 1413 2524 ficaverit.
1444 2484 1527 2522 Sed
1553 2483 1749 2534 quomodo
1775 2484 1874 2522 satis
1899 2484 2011 2528 bene,
2035 2496 2105 2521 mr-

1234 2541 1383 2580 talibus
1403 2541 1662 2593 praenobilis
1678 2544 1727 2578 et
1755 2539 1840 2578 avis
1866 2540 2003 2579 clarus
2028 2538 2104 2576 dis-

1231 2597 1334 2636 cerni
1359 2597 1504 2648 possit,
1528 2611 1604 2636 non
1630 2596 1755 2634 video.
1794 2596 1918 2634 Simili
1943 2595 2026 2633 sere
2049 2608 2105 2633 ra·

1230 2655 1336 2693 tione
1396 2653 1510 2692 Ovid.
1544 2653 1651 2692 Fast.
1684 2652 1712 2691 Ι.
1748 2656 1841 2692 471.
1868 2652 1975 2690 dicit:
2021 2651 2107 2691 Hic

1227 2713 1314 2764 fuit
1361 2710 1556 2750 Evander
1571 2727 1583 2749 .-
1633 2710 1704 2762 qui
1742 2722 1987 2761 quamquam
2023 2708 2106 2747 cla·

1229 2781 1299 2807 rus
1323 2772 1517 2819 utroque,
1543 2766 1738 2806 Nobilior
1749 2778 1892 2804 sacrae
1903 2764 2106 2816 sanquine

1230 2824 1371 2863 matris
1395 2828 1485 2862 erat
1507 2827 1547 2861 et
1570 2822 1756 2874 explicari
1779 2822 1918 2871 possit.
1944 2820 2008 2859 Ob
2022 2820 2104 2871 glo-

1228 2881 1322 2919 riam
1348 2880 1479 2931 igitur,
1505 2893 1620 2931 quam
1634 2879 1800 2917 maiores
1815 2877 1899 2915 eius
1913 2877 1987 2915 sibi
2002 2889 2103 2915 com-

1228 2940 1473 2988 paraverant,
1486 2935 1636 2987 plurimi
1652 2936 1687 2973 in
1702 2935 1855 2973 civitate
1865 2931 2105 2984 Thrasyllus

1229 2992 1446 3032 habebatur
1471 2997 1511 3031 et
1534 2993 1631 3031 inter
1656 2993 1843 3043 primores
1867 2990 2102 3028 recenseba-

1229 3053 1299 3089 tur.
1352 3049 1543 3088 Fortasse
1572 3050 1714 3088 rectins
1744 3047 1859 3085 etiam
1893 3060 1971 3099 per
2007 3059 2104 3085 nvos

1230 3106 1366 3147 clarus
1396 3106 1593 3145 emendari
1623 3105 1766 3156 possit,
1798 3107 1840 3141 ut
1869 3101 2102 3154 compendio

1227 3176 1364 3216 pavos
1388 3167 1524 3202 exorta
1535 3163 1587 3201 sit
1607 3161 1722 3200 lectio
1745 3174 1827 3213 quo
1841 3161 1993 3200 clarus.
2019 3158 2099 3198 Sed
