2155 3590
670 159 862 200 LIBER
890 159 942 200 X.
1002 160 1132 200 CAP.
1157 159 1354 202 XXXII.
1830 159 1914 203 975

107 277 342 311 consonant.
405 269 558 324 Quibus
595 279 859 326 spectatorum
898 280 1058 328 pectora
1094 287 1216 314 suave
1253 272 1536 323 mulcentibus,
1575 273 1693 327 longe
1720 271 1728 329 1
1754 272 1917 314 suavior
1941 281 2040 321 [265]

104 327 244 368 Venus
269 327 419 382 placide
445 329 699 381 commoveri,
728 331 981 384 contantique.
1006 331 1111 371 lente
1135 329 1306 384 vestigio
1333 337 1372 370 et
1396 330 1540 370 leniter
1552 330 1804 385 fluctuante
1829 331 1916 385 spi-

106 383 209 424 nula
240 391 279 425 et
310 384 456 425 sensim
482 386 697 427 adnutante
729 386 855 440 capite
887 387 1014 441 coepit
1037 386 1242 436 incedere,
1276 386 1460 440 mollique
1487 387 1671 427 tibiarum
1696 400 1795 427 sono
1821 387 1916 427 deli-

103 441 203 482 catis
227 442 467 496 respondere
480 442 680 496 gestibus,
709 450 749 483 et
768 457 872 484 nunc
891 444 985 484 mite
1006 442 1325 493 conniventibus,
1348 457 1452 484 nunc
1473 457 1565 485 acre
1584 443 1916 484 comminantibus

103 554 206 576 venus
221 548 257 576 G.
272 549 301 577 1.
316 551 348 576 ut
363 556 475 577 omnes
489 549 579 577 codd.
594 552 622 577 et
637 550 706 577 edd.
722 549 755 577 in
770 553 939 585 contextu3
965 550 1021 578 sed
1036 549 1069 577 in
1083 557 1184 584 marg.
1201 552 1239 578 ab
1254 550 1366 578 eadem
1380 557 1478 578 manu
1502 553 1565 586 „at
1578 548 1727 579 verr'ns.“
1766 553 1916 577 cantau-

106 592 197 630 tw'que
209 595 245 622 L.
295 593 548 630 cunctarumque
564 593 584 623 f.
633 593 718 621 lenti
729 591 758 623 δ.
807 593 901 622 lenta
921 596 1035 623 Venet.
1056 596 1084 624 4.
1109 595 1216 624 Paris.
1237 595 1313 623 Bas.
1332 596 1377 630 1..
1404 596 1487 628 quod
1509 604 1564 630 pro
1585 596 1770 625 coniectura
1785 597 1826 624 ad
1840 595 1916 624 libri

105 639 157 667 sui
171 645 260 667 oram
274 646 399 673 quoque
413 639 590 673 adscripsit
604 639 655 668 vir
668 640 831 674 quispiam
846 640 1008 676 erminus,
1035 643 1117 668 teste
1132 641 1212 669 Oud.
1237 641 1388 674 Idemque
1401 644 1579 669 correctum
1593 641 1689 669 video
1704 642 1736 670 in
1750 649 1850 676 marg.
1865 642 1914 669 ed.

102 691 194 713 meae
213 684 341 712 Vicent.
390 687 425 711 et
436 688 510 713 ante
525 683 648 712 leniter
661 686 750 714 deest
765 685 800 714 F.
817 687 844 714 1.
861 685 914 719 (in
929 685 1091 719 excerptis
1106 686 1146 713 ad
1160 692 1260 719 marg.
1275 687 1324 714 ed.
1339 685 1451 720 cmv.)
1467 689 1502 713 G.
1520 687 1547 714 1.
1563 687 1592 713 2.
1607 687 1643 714 P.
1656 688 1695 715 D.
1711 689 1745 715 0.
1794 685 1916 713 lec-iter

102 732 258 763 quantum
271 730 340 758 scio
355 731 388 758 in
402 730 550 758 omnibus
564 734 611 759 est
627 732 716 759 codd.
730 735 758 759 et
774 731 844 759 edd.
866 735 994 765 praeter
1012 731 1046 759 F.
1062 732 1092 758 3.
1130 728 1350 768 fluctuantes
1367 729 1532 767 pinnulas
1552 738 1663 759 omnes
1683 733 1773 760 codd.
1794 732 1842 760 ed.
1865 739 1913 766 pr.

102 775 230 803 Vicent.
245 775 359 804 Venet.
374 778 405 803 2.
424 777 507 803 lunt.
531 777 559 803 1.
575 777 604 803 2.
618 776 694 804 Ald.
717 778 755 804 In
770 779 843 804 cett.
885 783 949 812 per
965 774 1140 812 pinnulas,
1168 783 1265 809 quam
1286 775 1559 810 praepositionem
1573 776 1669 804 uncis
1683 777 1815 805 inclusit
1830 778 1913 805 Elin.

101 820 295 849 Schikeraui
314 817 778 857 emendationemfluceuante
792 819 928 857 spinula
947 821 1046 849 tacite
1069 821 1134 849 iam
1154 824 1345 855 receperunt
1369 819 1478 849 u'ow.
1498 821 1604 849 Scriv.
1617 821 1703 850 Prie.
1730 822 1915 850 Virdoctus

103 865 136 893 in
156 873 258 901 marg.
278 867 326 895 ed.
347 867 476 894 Vicent.
496 874 587 894 meae
608 863 957 903 coniecitflnctuante
972 865 1103 902 pinula.
1147 865 1317 902 primulae
1337 868 1433 895 nabet
1447 867 1483 895 B.
1532 874 1664 894 sensum
1679 868 1716 894 G.
1730 869 1760 895 2.
1775 868 1814 895 D.
1850 865 1915 894 ad-

100 910 269 938 micranee
288 913 324 939 G.
344 913 375 940 2.

100 954 184 983 mire
199 958 235 985 G.
252 958 279 985 l.
294 958 325 985 2.
341 958 376 985 P.
390 958 428 986 D.
443 958 479 985 L.

101 1002 138 1030 G.
152 1002 183 1030 2.
196 1003 234 1031 P.
247 1003 285 1031 D.
310 1009 391 1030 aere
405 1004 441 1031 G.
458 1004 487 1031 1.

101 1091 212 1117 mae.
237 1077 388 1116 Auson.
412 1078 446 1116 in
471 1077 605 1130 Cupid.
622 1077 760 1116 Crucis.
779 1082 813 1119 6.
839 1077 974 1118 Barth.

101 1134 150 1172 ad
165 1133 408 1172 Nemes-,ul
424 1138 488 1175 24.
527 1134 630 1186 [tntt.
658 1135 707 1173 ad
734 1134 849 1174 Ovid.
877 1135 973 1174 Met.

100 1189 151 1229 X.
171 1195 262 1231 103.
283 1191 332 1229 ad
350 1191 498 1229 Arnob.
515 1191 577 1229 111.
597 1196 656 1230 15.
683 1192 976 1231 silvescentium

100 1247 310 1286 crinium
335 1249 369 1285 in
396 1247 519 1285 Orell.
546 1247 649 1286 Add.
677 1261 712 1298 p.
740 1252 832 1289 467.
862 1252 901 1285 et
926 1247 975 1285 ad

99 1303 262 1342 Anthol.
290 1303 378 1342 Lat.
407 1303 450 1341 T.
480 1303 526 1342 ll.
551 1317 587 1354 p.
617 1307 666 1343 65
679 1309 707 1343 4.
734 1303 888 1356 Burm.]

156 1360 484 1409 multiforabiles.
559 1359 745 1412 [Colvius
795 1360 976 1411 praetulit

98 1416 416 1468 multiforatiles,
465 1416 575 1454 cuius
623 1415 802 1454 iudicium
850 1418 974 1454 secuti

98 1475 189 1510 sunt
225 1472 372 1517 Wow..
404 1471 506 1511 Pric.
538 1476 577 1510 et
609 1471 743 1511 Heius.
775 1472 824 1510 ad
857 1472 974 1512 Ovid.

97 1528 195 1567 Met.
221 1527 289 1567 IX.
320 1532 414 1570 783.
449 1533 488 1568 et
518 1528 606 1568 ΧΗ.
643 1533 733 1570 158.
783 1529 846 1567 Α(1
880 1529 976 1568 Met.

97 1584 162 1624 Ill.
195 1598 231 1636 p.
260 1589 353 1626 204.
392 1586 465 1623 iam
504 1586 691 1637 proposui
729 1587 976 1632 sententiam,

97 1655 147 1680 ex
166 1642 266 1680 Mss.
288 1646 436 1681 tantum
462 1643 689 1680 auctoritate
714 1644 764 1680 de
788 1645 978 1695 scriptura

96 1712 222 1751 posse
246 1699 458 1745 diiudicari,
485 1698 589 1750 quod
610 1703 774 1749 utruque
797 1700 973 1738 formatio

98 1769 148 1793 ex
174 1755 356 1807 analogia
381 1756 663 1806 comprobatur.
707 1755 835 1802 Quum
862 1758 975 1807 igitur

97 1811 196 1850 Met.
225 1812 247 1851 1.
275 1827 307 1850 c.
341 1812 453 1850 codd.
481 1813 728 1850 consentiunt
758 1813 793 1850 in
823 1814 974 1866 perfia-

98 1868 218 1915 iilem,
245 1869 335 1907 dedi
363 1869 464 1907 hanc
491 1869 710 1915 lectionem,
737 1882 758 1906 e
785 1869 974 1907 contrario

96 1938 189 1964 vero
218 1925 316 1964 Met.
342 1924 409 1964 lv,
437 1939 472 1977 p.
500 1929 608 1971 276„
645 1926 710 1963 ubi
737 1926 869 1977 optimi
896 1927 974 1976 qui-

99 1995 176 2033 que
197 1982 454 2036 perslubz‘lem
477 1983 687 2034 praebent,
724 1984 777 2021 ita
806 1983 976 2020 scriben-

99 2039 188 2076 dum
216 2043 297 2083 est.
336 2052 571 2090 quamquam
606 2039 668 2077 hic
697 2053 766 2090 per
791 2039 974 2091 typothe-

97 2099 220 2134 tarum
258 2109 424 2133 crrorem
464 2095 712 2149 perflaie‘lem
755 2101 973 2148 corruptum

98 2152 226 2191 video.
277 2151 428 2191 Eadem
455 2154 504 2190 de
530 2166 670 2192 caussa
698 2153 974 2203 multiforabi-

99 2208 154 2248 les
178 2208 243 2247 hic
266 2210 434 2254 retineo,
461 2209 608 2248 Florid.
635 2224 673 2261 p.
704 2214 766 2249 10.
794 2209 972 2262 multifo-

96 2266 248 2305 ratiles.
297 2265 384 2304 Has
413 2267 528 2304 tibias
554 2263 809 2317 πολυτρήτους
835 2270 974 2304 vocant

98 2321 251 2361 Graeci.
285 2322 333 2361 cs.
349 2323 470 2361 salm.
493 2322 544 2361 ad
567 2322 691 2362 Solin.
710 2336 746 2374 p.
763 2327 826 2363 84.
852 2321 975 2362 Plura

96 2378 292 2432 proferam
318 2379 368 2418 ad
395 2379 499 2418 Flor.
526 2379 552 2419 Ι.
577 2380 632 2432 c.]

156 2437 343 2474 conlantt'
379 2436 482 2475 lente
517 2437 702 2489 vestiyc’o.
765 2435 841 2486 [cf.
877 2435 975 2474 infra

97 2490 166 2530 XI.
204 2505 241 2543 p.
279 2496 374 2532 811.
413 2493 728 2533 contabundo
761 2493 975 2532 clementer

98 2548 324 2588 incedebat
348 2550 529 2601 vestiyio.
586 2549 685 2588 Fere
710 2550 801 2587 item
827 2550 974 2588 descri-

97 2606 152 2643 bit
169 2619 350 2658 messum
371 2606 534 2645 Vener-[s
568 2605 786 2656 Reposian.
807 2606 855 2644 de
877 2605 973 2644 Con-

98 2663 183 2700 cub.
199 2662 315 2701 Mart.
330 2667 369 2701 et
383 2662 524 2700 Vener.
541 2667 594 2703 70
603 2675 710 2713 sqq:
737 2677 973 2715 suspenso

93 2719 272 2771 pollice,
299 2720 347 2758 ad
375 2733 490 2770 quem
519 2719 646 2757 locum
672 2719 720 2757 cs.
737 2718 865 2758 Burin.
892 2720 971 2758 An-

98 2773 194 2814 thot.
226 2775 315 2814 Lat.
350 2775 394 2815 T.
421 2775 466 2814 ll.
500 2789 535 2826 p.
563 2781 629 2816 45.
661 2780 700 2814 et
725 2775 910 2815 W'ernsd.
937 2776 974 2815 in

99 2828 211 2870 Poet.
237 2831 333 2872 Min.
362 2832 406 2871 Τ.
434 2832 500 2870 IV.
530 2846 564 2883 p.
593 2832 705 2885 329]

158 2887 301 2928 leniter
317 2891 545 2943 fluctuante
562 2889 742 2940 spinula.
785 2888 814 2926 C
819 2893 974 2941 orrupta

99 2942 214 2982 lectio
253 2944 391 2985 leviter
424 2948 672 2999 fluctuantes
703 2945 874 2997 pinulas
908 2946 974 2984 vel

94 3001 295 3052 pinnulas
318 3004 526 3041 commovit
550 3001 808 3048 Beroaldum,
833 3006 875 3041 ut
894 3016 974 3054 per

97 3057 274 3105 adderet,
299 3059 524 3111 Cupidines
550 3058 786 3110 intelligens.
812 3058 882 3097 vir
906 3059 972 3097 do-

100 3117 186 3153 ctus
224 3115 274 3154 ad
310 3129 429 3167 marg.
468 3116 528 3154 ed.
561 3116 646 3154 vic.
686 3129 776 3154 orae
808 3115 972 3153 adierit:

95 3171 391 3226 fluctuantibus
410 3172 610 3227 pinnulis,
653 3173 740 3212 sine
765 3172 881 3212 dubio
909 3186 971 3212 eo-

413 909 624 938 uahm‘ctante
643 913 679 940 P.
699 913 737 940 D.
786 919 943 939 sonorum
964 911 986 940 f.

1033 911 1205 948 gressibus
1225 920 1279 945 pro
1292 910 1442 949 gestibus
1456 911 1618 940 divinavit
1632 912 1800 940 Pricaeus.
1848 921 1914 939 uua

529 956 758 985 com'bemibus
772 959 808 986 G.
821 959 848 986 1.
858 959 888 986 2.
901 959 942 986 Ι).
968 956 1240 985 convenientibus
1254 958 1290 986 B.
1339 959 1373 984 et
1386 965 1474 984 nuuc
1487 964 1568 984 acre
1582 954 1612 986 δ.
1660 958 1747 984 ciere
1761 964 1818 993 pro
1832 965 1914 985 acre

1035 1077 1125 1117 dem
1155 1092 1290 1116 sensu.
1338 1078 1501 1117 Modius
1539 1078 1685 1131 aliquid
1722 1093 1913 1131 reponen-

1034 1135 1124 1174 dum
1150 1137 1311 1186 putavit,
1338 1135 1443 1185 quod
1469 1149 1604 1174 comas
1624 1150 1648 1175 a
1667 1135 1795 1174 fronte
1817 1150 1911 1188 pen-

1035 1191 1149 1230 dulas
1177 1192 1390 1237 denotaret,
1416 1196 1520 1230 teste
1545 1192 1706 1244 Sciopp.
1733 1194 1768 1230 in
1792 1193 1911 1244 Susp.

1035 1247 1079 1286 Il.
1111 1253 1172 1290 16.
1223 1248 1305 1286 Sed
1337 1250 1423 1286 sine
1453 1248 1533 1287 ullo
1561 1249 1677 1286 dubio
1705 1248 1913 1287 verissima

1034 1311 1097 1342 est
1122 1304 1365 1343 Schikeradii
1392 1305 1626 1350 emendatio,
1653 1318 1768 1357 quam
1793 1308 1912 1345 tacite

1033 1362 1107 1399 iarn
1133 1365 1363 1412 receperant
1381 1362 1620 1408 Wowerius,
1649 1366 1687 1400 et
1714 1361 1825 1408 Prie.³
1852 1376 1912 1401 re-

1035 1421 1096 1454 cte
1135 1418 1258 1456 citans
1291 1417 1387 1456 Met.
1422 1417 1468 1458 ΙΙ.
1501 1431 1537 1470 p.
1573 1422 1663 1458 105.
1704 1419 1762 1457 Et
1795 1418 1916 1458 simul

1032 1473 1207 1513 membra
1228 1488 1300 1513 sun
1328 1474 1504 1513 leniter
1527 1474 1785 1521 illubricans,
1813 1477 1913 1515 lum-

1038 1530 1098 1568 bis
1121 1531 1262 1569 sensim
1284 1530 1547 1576 vibrantibus,
1573 1532 1766 1582 spinam
1790 1532 1912 1571 mobi-

1038 1587 1113 1625 lem
1141 1588 1337 1639 quatiens,
1364 1587 1557 1626 decenter
1575 1588 1821 1634 inundabat,
1847 1589 1913 1626 ubi

1037 1643 1126 1681 vide
1151 1643 1272 1694 plura.
1323 1642 1457 1695 [Hanc
1484 1644 1689 1683 lectionem
1717 1658 1791 1696 ego
1819 1659 1912 1696 quo-

1038 1714 1114 1750 que
1140 1702 1173 1738 in
1201 1704 1311 1738 textu
1335 1703 1469 1751 reponi
1497 1702 1606 1739 iussi.
1644 1700 1912 1752 Corruptelam

1035 1757 1108 1794 loci
1147 1757 1248 1794 bene
1288 1760 1419 1807 potest
1455 1757 1616 1808 intelligi
1654 1759 1706 1796 ita
1737 1762 1911 1797 exortam

1034 1826 1148 1858 esse,
1197 1817 1239 1852 nt
1275 1813 1308 1851 S
1341 1813 1469 1853 littera
1505 1815 1710 1865 sequentis
1748 1815 1912 1853 voculae

1033 1869 1200 1922 spinula
1237 1870 1469 1908 adhaereret
1504 1884 1785 1922 praegressae,
1835 1885 1910 1923 quo

1035 1926 1139 1965 sacto
1178 1931 1219 1964 ut
1251 1927 1451 1978 pinnulas
1489 1927 1684 1977 legeretur
1726 1941 1911 1966 necessa-

1034 1985 1127 2021 rium
1155 1988 1248 2022 erat.
1288 1983 1351 2021 De
1376 1997 1417 2021 re
1444 1984 1493 2023 cs.
1519 1984 1643 2023 Orell.
1669 1986 1704 2022 in
1732 1986 1832 2024 Add.
1859 1986 1910 2024 ad

1032 2040 1181 2078 Arnob.
1202 2054 1236 2092 p.
1253 2043 1366 2088 479.;
1392 2040 1442 2078 de
1469 2041 1700 2080 dictionibus
1725 2041 1910 2080 Bur-mad

1032 2096 1195 2135 Antbol.
1229 2096 1317 2136 Lat.
1351 2096 1396 2136 Τ.
1421 2096 1447 2136 l.
1479 2112 1517 2150 p.
1550 2102 1642 2138 622.
1676 2102 1715 2136 et
1745 2113 1781 2150 p.
1816 2102 1909 2139 649.

1032 2152 1162 2191 luven.
1184 2152 1251 2191 ΧΙ.
1272 2157 1350 2194 164
1364 2168 1452 2204 sqq.
1492 2155 1661 2194 Leniter
1686 2169 1735 2193 ex
1762 2156 1908 2207 optimo

1033 2210 1117 2248 cod.
1138 2209 1310 2248 Floreat.
1334 2214 1370 2250 3.
1394 2215 1432 2248 et
1454 2210 1539 2250 loco
1560 2211 1655 2250 Met.
1671 2212 1731 2251 cit.
1747 2212 1907 2265 recepi.]

1090 2267 1280 2306 incedere
1296 2297 1423 2306 ......
1437 2269 1627 2320 yestt‘bns.
1691 2268 1909 2321 [Pricaeus

1033 2323 1217 2362 divinavit
1257 2324 1479 2375 9ressibus,
1525 2339 1640 2376 quam
1684 2339 1909 2377 perversam

1033 2394 1127 2419 esse
1161 2381 1365 2418 lectionem
1399 2381 1667 2420 demonstrant
1698 2383 1827 2421 Burni.
1852 2382 1910 2419 ‘ad

1033 2437 1194 2476 Anthol.
1228 2436 1314 2476 Lat.
1349 2437 1392 2476 T.
1421 2436 1464 2475 ll.
1496 2452 1534 2489 p.
1560 2443 1624 2478 45.
1659 2444 1698 2477 et
1725 2438 1910 2477 WVernsd.

1031 2495 1067 2532 in
1095 2493 1208 2531 Poet.
1234 2493 1329 2532 Min.
1363 2493 1407 2532 T.
1435 2493 1501 2533 lv,
1536 2509 1572 2547 p.
1600 2499 1693 2536 329.
1743 2495 1910 2546 Propter

1032 2550 1276 2589 antecedens
1307 2553 1408 2588 enim
1439 2552 1630 2591 incedere
1659 2554 1786 2590 minus
1817 2551 1909 2590 mihi

1031 2608 1198 2659 probare
1230 2620 1275 2645 se
1301 2611 1444 2659 potest.
1493 2609 1692 2648 Incedere
1723 2608 1773 2646 (le
1805 2622 1907 2647 coin-

1030 2664 1161 2715 posito
1189 2668 1229 2702 et
1254 2667 1366 2714 quasi
1391 2664 1578 2703 meditato
1604 2679 1746 2715 gressu
1764 2666 1908 2715 ubique

1031 2721 1182 2766 dicitur,
1219 2726 1261 2759 ut
1283 2721 1488 2772 psaltriae
1519 2721 1567 2760 cf.
1592 2721 1727 2761 Burm.
1753 2721 1802 2760 ad
1830 2722 1907 2759 An-

1033 2777 1127 2816 thol.
1155 2776 1241 2815 Lat.
1269 2777 1314 2816 T.
1341 2776 1384 2816 11.
1412 2791 1449 2829 p.
1469 2783 1558 2818 104.
1586 2779 1650 2830 qui
1677 2779 1726 2817 de
1752 2778 1907 2817 diverso

1034 2833 1148 2873 huius
1172 2834 1351 2873 vocabuli
1376 2848 1450 2872 usu
1475 2834 1600 2872 fusius
1632 2835 1804 2874 disserit.
1850 2833 1910 2873 lta

1033 2903 1121 2929 cum
1148 2890 1306 2928 fastidio
1333 2895 1372 2928 et
1395 2892 1580 2941 superbia
1612 2891 1907 2942 progredientes

1033 2946 1209 2984 dicuntur
1240 2948 1451 2992 ineederc3
1488 2948 1535 2986 ct.
1567 2947 1705 2987 Munk.
1735 2947 1785 2986 ad
1817 2947 1909 2986 Ful-

1032 3008 1134 3053 gent.
1162 3017 1198 3054 p.
1228 3006 1339 3049 620..
1377 3003 1427 3041 ‹le
1452 3003 1614 3055 puellis,
1652 3018 1737 3042 cum
1764 3018 1910 3056 pompa

1033 3059 1201 3111 quadam
1239 3063 1279 3098 et
1315 3064 1450 3097 ornatu
1492 3060 1628 3099 oculos
1672 3060 1834 3100 feriente
1871 3061 1908 3100 in

1029 3115 1229 3168 publicum
1261 3115 1541 3166 prodeuntibus
1571 3116 1703 3157 Burin.
1733 3117 1784 3157 ad
1814 3116 1909 3157 Pro·

1031 3176 1129 3226 pert.
1157 3171 1200 3212 11.
1231 3177 1292 3214 19.
1321 3171 1408 3228 79.]
