<?xml version="1.0" encoding="UTF-8"?>
<!DOCTYPE html PUBLIC "-//W3C//DTD XHTML 1.0 Transitional//EN"
    "http://www.w3.org/TR/xhtml1/DTD/xhtml1-transitional.dtd">
<html xmlns="http://www.w3.org/1999/xhtml" xml:lang="en" lang="en">
 <head>
  <title>
</title>
<meta http-equiv="Content-Type" content="text/html;charset=utf-8" />
  <meta name='ocr-system' content='tesseract 3.04.00' />
  <meta name='ocr-capabilities' content='ocr_page ocr_carea ocr_par ocr_line ocrx_word'/>
</head>
<body>
  <div class='ocr_page' id='page_1' title='image "./operaomnia01apuluoft/operaomnia01apuluoft_1177.png"; bbox 0 0 2155 3590; ppageno 0'>
   <div class='ocr_carea' id='block_1_1' title="bbox 673 154 947 195">
    <p class='ocr_par' dir='ltr' id='par_1_1' title="bbox 673 154 947 195">
     <span class='ocr_line' id='line_1_1' title="bbox 673 154 947 195; baseline 0 -1"><span class='ocrx_word' id='word_1_1' title='bbox 673 154 861 194; x_wconf 84' lang='lat' dir='ltr'>LIBER</span> <span class='ocrx_word' id='word_1_2' title='bbox 893 154 947 195; x_wconf 88' lang='lat' dir='ltr'><strong>X.</strong></span> 
     </span>
    </p>
   </div>
   <div class='ocr_carea' id='block_1_2' title="bbox 93 263 1959 322">
    <p class='ocr_par' dir='ltr' id='par_1_2' title="bbox 93 263 1959 322">
     <span class='ocr_line' id='line_1_2' title="bbox 93 263 1959 322; baseline 0.002 -20"><span class='ocrx_word' id='word_1_3' title='bbox 93 278 170 303; x_wconf 89' lang='lat' dir='ltr'><strong>non</strong></span> <span class='ocrx_word' id='word_1_4' title='bbox 207 263 334 316; x_wconf 82' lang='lat' dir='ltr'><strong>qualia</strong></span> <span class='ocrx_word' id='word_1_5' title='bbox 369 263 632 319; x_wconf 74' lang='lat' dir='ltr'><strong>inllupanari</strong></span> <span class='ocrx_word' id='word_1_6' title='bbox 668 266 796 305; x_wconf 83' lang='lat' dir='ltr'>solent</span> <span class='ocrx_word' id='word_1_7' title='bbox 830 266 978 306; x_wconf 82' lang='lat' dir='ltr'>basiola</span> <span class='ocrx_word' id='word_1_8' title='bbox 1014 265 1175 317; x_wconf 82' lang='lat' dir='ltr'><strong>iactari,</strong></span> <span class='ocrx_word' id='word_1_9' title='bbox 1209 267 1270 308; x_wconf 84' lang='lat' dir='ltr'><strong>vel</strong></span> <span class='ocrx_word' id='word_1_10' title='bbox 1294 268 1541 308; x_wconf 75' lang='lat' dir='ltr'>meretricum</span> <span class='ocrx_word' id='word_1_11' title='bbox 1575 269 1869 322; x_wconf 83' lang='lat' dir='ltr'>poscinummia,</span> <span class='ocrx_word' id='word_1_12' title='bbox 1893 271 1959 306; x_wconf 84' lang='lat'><strong>718</strong></span> 
     </span>
    </p>
   </div>
   <div class='ocr_carea' id='block_1_3' title="bbox 1005 155 1871 199">
    <p class='ocr_par' dir='ltr' id='par_1_3' title="bbox 1005 155 1871 199">
     <span class='ocr_line' id='line_1_3' title="bbox 1005 155 1871 199; baseline 0.005 -5"><span class='ocrx_word' id='word_1_13' title='bbox 1005 155 1134 196; x_wconf 86' lang='lat' dir='ltr'><strong>CAP.</strong></span> <span class='ocrx_word' id='word_1_14' title='bbox 1162 155 1283 197; x_wconf 85' lang='lat' dir='ltr'><strong>XXI.</strong></span> <span class='ocrx_word' id='word_1_15' title='bbox 1790 157 1871 199; x_wconf 78' lang='lat'><strong>933</strong></span> 
     </span>
    </p>
   </div>
   <div class='ocr_carea' id='block_1_4' title="bbox 91 388 1867 430">
    <p class='ocr_par' dir='ltr' id='par_1_4' title="bbox 91 388 1867 430">
     <span class='ocr_line' id='line_1_4' title="bbox 91 388 1867 430; baseline 0.004 -12"><span class='ocrx_word' id='word_1_16' title='bbox 91 388 275 428; x_wconf 65' lang='lat' dir='ltr'><strong>lupanaria</strong></span> <span class='ocrx_word' id='word_1_17' title='bbox 285 391 341 429; x_wconf 88' lang='lat' dir='ltr'><strong>L.,</strong></span> <span class='ocrx_word' id='word_1_18' title='bbox 365 390 451 419; x_wconf 81' lang='lat' dir='ltr'><strong>unde</strong></span> <span class='ocrx_word' id='word_1_19' title='bbox 462 391 594 420; x_wconf 82' lang='lat' dir='ltr'><strong>Brantio</strong></span> <span class='ocrx_word' id='word_1_20' title='bbox 612 398 677 421; x_wconf 84' lang='lat' dir='ltr'><strong>nou</strong></span> <span class='ocrx_word' id='word_1_21' title='bbox 689 392 881 427; x_wconf 79' lang='lat' dir='ltr'><strong>displicebat</strong></span> <span class='ocrx_word' id='word_1_22' title='bbox 893 390 1084 429; x_wconf 67' lang='lat' dir='ltr'><strong>lupanario.</strong></span> <span class='ocrx_word' id='word_1_23' title='bbox 1125 391 1336 430; x_wconf 67' lang='lat' dir='ltr'><strong>pessinuntia</strong></span> <span class='ocrx_word' id='word_1_24' title='bbox 1355 394 1391 423; x_wconf 76' lang='lat' dir='ltr'><strong>G.</strong></span> <span class='ocrx_word' id='word_1_25' title='bbox 1407 395 1435 423; x_wconf 80' lang='lat'><strong>1.</strong></span> <span class='ocrx_word' id='word_1_26' title='bbox 1460 394 1729 430; x_wconf 70' lang='lat' dir='ltr'><strong>posce‘nummu’ua</strong></span> <span class='ocrx_word' id='word_1_27' title='bbox 1741 395 1867 425; x_wconf 83' lang='lat' dir='ltr'><strong>vicent.</strong></span> 
     </span>
    </p>
   </div>
   <div class='ocr_carea' id='block_1_5' title="bbox 45 487 947 3170">
    <p class='ocr_par' dir='ltr' id='par_1_5' title="bbox 87 487 947 708">
     <span class='ocr_line' id='line_1_5' title="bbox 90 487 947 541; baseline 0.005 -16"><span class='ocrx_word' id='word_1_28' title='bbox 90 488 228 538; x_wconf 88' lang='lat' dir='ltr'><strong>cuique</strong></span> <span class='ocrx_word' id='word_1_29' title='bbox 262 487 442 526; x_wconf 87' lang='lat' dir='ltr'><strong>adiuncta</strong></span> <span class='ocrx_word' id='word_1_30' title='bbox 470 492 550 534; x_wconf 86' lang='lat' dir='ltr'><strong>est,</strong></span> <span class='ocrx_word' id='word_1_31' title='bbox 587 490 792 528; x_wconf 85' lang='lat' dir='ltr'><strong>eoleorum</strong></span> <span class='ocrx_word' id='word_1_32' title='bbox 822 503 947 541; x_wconf 86' lang='lat' dir='ltr'><strong>capu-</strong></span> 
     </span>
     <span class='ocr_line' id='line_1_6' title="bbox 91 544 946 596; baseline 0.001 -14"><span class='ocrx_word' id='word_1_33' title='bbox 91 544 152 582; x_wconf 86' lang='lat' dir='ltr'><strong>lus</strong></span> <span class='ocrx_word' id='word_1_34' title='bbox 195 544 297 581; x_wconf 86' lang='lat' dir='ltr'><strong>bene</strong></span> <span class='ocrx_word' id='word_1_35' title='bbox 337 544 575 582; x_wconf 84' lang='lat' dir='ltr'><strong>nominantur</strong></span> <span class='ocrx_word' id='word_1_36' title='bbox 617 546 705 596; x_wconf 87' lang='lat' dir='ltr'><strong>ipsa</strong></span> <span class='ocrx_word' id='word_1_37' title='bbox 746 545 946 596; x_wconf 87' lang='lat' dir='ltr'><strong>pudenda;</strong></span> 
     </span>
     <span class='ocr_line' id='line_1_7' title="bbox 88 600 946 651; baseline 0.003 -16"><span class='ocrx_word' id='word_1_38' title='bbox 88 600 262 650; x_wconf 80' lang='lat' dir='ltr'><strong>capulus</strong></span> <span class='ocrx_word' id='word_1_39' title='bbox 284 612 375 637; x_wconf 80' lang='lat' dir='ltr'><strong>vero</strong></span> <span class='ocrx_word' id='word_1_40' title='bbox 400 604 440 637; x_wconf 85' lang='lat' dir='ltr'><strong>ct</strong></span> <span class='ocrx_word' id='word_1_41' title='bbox 462 601 613 651; x_wconf 74' lang='lat' dir='ltr'><strong>iuyueu</strong></span> <span class='ocrx_word' id='word_1_42' title='bbox 649 602 737 651; x_wconf 87' lang='lat' dir='ltr'><strong>quia</strong></span> <span class='ocrx_word' id='word_1_43' title='bbox 766 601 866 638; x_wconf 89' lang='lat' dir='ltr'><strong>idem</strong></span> <span class='ocrx_word' id='word_1_44' title='bbox 898 601 946 638; x_wconf 86' lang='lat' dir='ltr'><strong>si-</strong></span> 
     </span>
     <span class='ocr_line' id='line_1_8' title="bbox 87 654 876 708; baseline 0.001 -15"><span class='ocrx_word' id='word_1_45' title='bbox 87 654 276 706; x_wconf 84' lang='lat' dir='ltr'><strong>gnificant,</strong></span> <span class='ocrx_word' id='word_1_46' title='bbox 299 669 373 694; x_wconf 89' lang='lat' dir='ltr'><strong>non</strong></span> <span class='ocrx_word' id='word_1_47' title='bbox 398 660 564 706; x_wconf 81' lang='lat' dir='ltr'><strong>possunt</strong></span> <span class='ocrx_word' id='word_1_48' title='bbox 588 657 639 694; x_wconf 86' lang='lat' dir='ltr'><strong>ita</strong></span> <span class='ocrx_word' id='word_1_49' title='bbox 664 657 876 708; x_wconf 62' lang='lat' dir='ltr'><strong>coniungi]</strong></span> 
     </span>
    </p>

    <p class='ocr_par' dir='ltr' id='par_1_6' title="bbox 62 710 944 1826">
     <span class='ocr_line' id='line_1_9' title="bbox 142 710 943 763; baseline 0.001 -13"><span class='ocrx_word' id='word_1_50' title='bbox 142 714 180 750; x_wconf 92' lang='grc'><strong>7.</strong></span> <span class='ocrx_word' id='word_1_51' title='bbox 209 712 260 751; x_wconf 90' lang='lat' dir='ltr'><strong>ab</strong></span> <span class='ocrx_word' id='word_1_52' title='bbox 281 711 440 751; x_wconf 86' lang='lat' dir='ltr'><strong>orcibus</strong></span> <span class='ocrx_word' id='word_1_53' title='bbox 455 713 662 763; x_wconf 74' lang='lat' dir='ltr'><strong>yanniens.</strong></span> <span class='ocrx_word' id='word_1_54' title='bbox 689 710 822 763; x_wconf 81' lang='lat' dir='ltr'><strong>[Putat</strong></span> <span class='ocrx_word' id='word_1_55' title='bbox 842 711 943 751; x_wconf 83' lang='lat' dir='ltr'><strong>Oud.</strong></span> 
     </span>
     <span class='ocr_line' id='line_1_10' title="bbox 87 766 944 817; baseline 0.002 -13"><span class='ocrx_word' id='word_1_56' title='bbox 87 766 290 817; x_wconf 87' lang='lat' dir='ltr'><strong>legendum</strong></span> <span class='ocrx_word' id='word_1_57' title='bbox 316 780 408 805; x_wconf 87' lang='lat' dir='ltr'><strong>esse</strong></span> <span class='ocrx_word' id='word_1_58' title='bbox 432 767 679 807; x_wconf 78' lang='lat' dir='ltr'><em>mordicibus</em></span> <span class='ocrx_word' id='word_1_59' title='bbox 708 768 770 805; x_wconf 91' lang='lat' dir='ltr'><strong>vel</strong></span> <span class='ocrx_word' id='word_1_60' title='bbox 795 782 821 806; x_wconf 88' lang='lat' dir='ltr'><strong>a</strong></span> <span class='ocrx_word' id='word_1_61' title='bbox 844 782 944 806; x_wconf 85' lang='lat' dir='ltr'><strong>mor·</strong></span> 
     </span>
     <span class='ocr_line' id='line_1_11' title="bbox 85 822 942 875; baseline -0.001 -13"><span class='ocrx_word' id='word_1_62' title='bbox 85 822 244 862; x_wconf 83' lang='lat' dir='ltr'><strong>dicibus</strong></span> <span class='ocrx_word' id='word_1_63' title='bbox 277 824 477 875; x_wconf 74' lang='lat' dir='ltr'><strong>yamziens</strong></span> <span class='ocrx_word' id='word_1_64' title='bbox 511 836 611 874; x_wconf 66' lang='lat'><strong>4390,-</strong></span> <span class='ocrx_word' id='word_1_65' title='bbox 646 823 807 862; x_wconf 89' lang='lat' dir='ltr'><strong>Lucium</strong></span> <span class='ocrx_word' id='word_1_66' title='bbox 843 825 942 861; x_wconf 89' lang='lat' dir='ltr'><strong>enim</strong></span> 
     </span>
     <span class='ocr_line' id='line_1_12' title="bbox 80 878 940 930; baseline 0 -12"><span class='ocrx_word' id='word_1_67' title='bbox 80 879 337 930; x_wconf 74' lang='lat' dir='ltr'><strong>yaunientem</strong></span> <span class='ocrx_word' id='word_1_68' title='bbox 383 878 559 929; x_wconf 82' lang='lat' dir='ltr'><strong>intelligi,</strong></span> <span class='ocrx_word' id='word_1_69' title='bbox 611 893 685 918; x_wconf 93' lang='lat' dir='ltr'><strong>non</strong></span> <span class='ocrx_word' id='word_1_70' title='bbox 733 879 940 919; x_wconf 90' lang='lat' dir='ltr'><strong>mulierem.</strong></span> 
     </span>
     <span class='ocr_line' id='line_1_13' title="bbox 81 933 939 986; baseline 0.002 -14"><span class='ocrx_word' id='word_1_71' title='bbox 81 933 198 986; x_wconf 88' lang='lat' dir='ltr'><strong>[Huic</strong></span> <span class='ocrx_word' id='word_1_72' title='bbox 227 934 483 972; x_wconf 84' lang='lat' dir='ltr'><strong>emendationi</strong></span> <span class='ocrx_word' id='word_1_73' title='bbox 514 935 660 976; x_wconf 80' lang='lat' dir='ltr'><strong>obstat.</strong></span> <span class='ocrx_word' id='word_1_74' title='bbox 698 935 802 985; x_wconf 87' lang='lat' dir='ltr'><strong>quod</strong></span> <span class='ocrx_word' id='word_1_75' title='bbox 838 949 939 974; x_wconf 84' lang='lat' dir='ltr'><strong>mor—</strong></span> 
     </span>
     <span class='ocr_line' id='line_1_14' title="bbox 80 990 940 1041; baseline 0.001 -13"><span class='ocrx_word' id='word_1_76' title='bbox 80 990 191 1029; x_wconf 82' lang='lat' dir='ltr'><strong>dices</strong></span> <span class='ocrx_word' id='word_1_77' title='bbox 221 991 271 1028; x_wconf 90' lang='lat' dir='ltr'><strong>de</strong></span> <span class='ocrx_word' id='word_1_78' title='bbox 294 990 377 1027; x_wconf 56' lang='lat' dir='ltr'><strong>VV.</strong></span> <span class='ocrx_word' id='word_1_79' title='bbox 406 990 496 1029; x_wconf 90' lang='lat' dir='ltr'><strong>DD.</strong></span> <span class='ocrx_word' id='word_1_80' title='bbox 522 992 715 1029; x_wconf 80' lang='lat' dir='ltr'><strong>sententia</strong></span> <span class='ocrx_word' id='word_1_81' title='bbox 745 992 819 1041; x_wconf 88' lang='lat' dir='ltr'><strong>ipsi</strong></span> <span class='ocrx_word' id='word_1_82' title='bbox 849 996 940 1029; x_wconf 88' lang='lat' dir='ltr'><strong>sunt</strong></span> 
     </span>
     <span class='ocr_line' id='line_1_15' title="bbox 78 1046 939 1096; baseline 0.001 -12"><span class='ocrx_word' id='word_1_83' title='bbox 78 1046 234 1092; x_wconf 88' lang='lat' dir='ltr'><strong>dentes,</strong></span> <span class='ocrx_word' id='word_1_84' title='bbox 265 1060 312 1085; x_wconf 90' lang='lat' dir='ltr'><strong>ac</strong></span> <span class='ocrx_word' id='word_1_85' title='bbox 335 1050 545 1096; x_wconf 82' lang='lat' dir='ltr'><strong>sequuntur</strong></span> <span class='ocrx_word' id='word_1_86' title='bbox 568 1048 703 1086; x_wconf 83' lang='lat' dir='ltr'><strong>verba:</strong></span> <span class='ocrx_word' id='word_1_87' title='bbox 734 1052 773 1086; x_wconf 83' lang='lat' dir='ltr'><strong>et</strong></span> <span class='ocrx_word' id='word_1_88' title='bbox 802 1048 939 1086; x_wconf 80' lang='lat' dir='ltr'><strong>dentes</strong></span> 
     </span>
     <span class='ocr_line' id='line_1_16' title="bbox 77 1102 937 1154; baseline 0 -14"><span class='ocrx_word' id='word_1_89' title='bbox 77 1102 135 1140; x_wconf 83' lang='lat' dir='ltr'><strong>ad</strong></span> <span class='ocrx_word' id='word_1_90' title='bbox 159 1102 290 1141; x_wconf 80' lang='lat' dir='ltr'><strong>Iovem</strong></span> <span class='ocrx_word' id='word_1_91' title='bbox 314 1103 487 1148; x_wconf 80' lang='lat' dir='ltr'><strong>elevans,</strong></span> <span class='ocrx_word' id='word_1_92' title='bbox 527 1116 627 1154; x_wconf 84' lang='lat' dir='ltr'><strong>quae</strong></span> <span class='ocrx_word' id='word_1_93' title='bbox 653 1103 706 1141; x_wconf 85' lang='lat' dir='ltr'><strong>ita</strong></span> <span class='ocrx_word' id='word_1_94' title='bbox 730 1103 811 1142; x_wconf 82' lang='lat' dir='ltr'><strong>fere</strong></span> <span class='ocrx_word' id='word_1_95' title='bbox 835 1102 937 1141; x_wconf 87' lang='lat' dir='ltr'><strong>idem</strong></span> 
     </span>
     <span class='ocr_line' id='line_1_17' title="bbox 76 1157 935 1208; baseline 0.001 -13"><span class='ocrx_word' id='word_1_96' title='bbox 76 1157 348 1208; x_wconf 77' lang='lat' dir='ltr'><strong>significarent,</strong></span> <span class='ocrx_word' id='word_1_97' title='bbox 375 1158 465 1196; x_wconf 89' lang='lat' dir='ltr'><strong>licet</strong></span> <span class='ocrx_word' id='word_1_98' title='bbox 493 1159 700 1198; x_wconf 80' lang='lat' dir='ltr'><strong>mordicus</strong></span> <span class='ocrx_word' id='word_1_99' title='bbox 724 1163 763 1197; x_wconf 83' lang='lat' dir='ltr'><strong>et</strong></span> <span class='ocrx_word' id='word_1_100' title='bbox 783 1159 935 1197; x_wconf 83' lang='lat' dir='ltr'><strong>mordi-</strong></span> 
     </span>
     <span class='ocr_line' id='line_1_18' title="bbox 76 1213 936 1265; baseline -0.001 -12"><span class='ocrx_word' id='word_1_101' title='bbox 76 1215 178 1254; x_wconf 75' lang='lat' dir='ltr'><strong>citus</strong></span> <span class='ocrx_word' id='word_1_102' title='bbox 200 1214 304 1265; x_wconf 86' lang='lat' dir='ltr'><strong>apud</strong></span> <span class='ocrx_word' id='word_1_103' title='bbox 334 1213 496 1252; x_wconf 85' lang='lat' dir='ltr'><strong>Latinos</strong></span> <span class='ocrx_word' id='word_1_104' title='bbox 525 1215 561 1252; x_wconf 90' lang='lat' dir='ltr'><strong>in</strong></span> <span class='ocrx_word' id='word_1_105' title='bbox 592 1228 665 1253; x_wconf 88' lang='lat' dir='ltr'><strong>usu</strong></span> <span class='ocrx_word' id='word_1_106' title='bbox 694 1214 820 1252; x_wconf 82' lang='lat' dir='ltr'><strong>fuisse</strong></span> <span class='ocrx_word' id='word_1_107' title='bbox 849 1215 936 1264; x_wconf 86' lang='lat' dir='ltr'><strong>ipse</strong></span> 
     </span>
     <span class='ocr_line' id='line_1_19' title="bbox 75 1269 931 1321; baseline 0.004 -14"><span class='ocrx_word' id='word_1_108' title='bbox 75 1283 148 1307; x_wconf 91' lang='lat' dir='ltr'><strong>non</strong></span> <span class='ocrx_word' id='word_1_109' title='bbox 173 1269 451 1308; x_wconf 79' lang='lat' dir='ltr'><strong>affirmaverim.</strong></span> <span class='ocrx_word' id='word_1_110' title='bbox 477 1269 525 1308; x_wconf 86' lang='lat' dir='ltr'><strong>cf.</strong></span> <span class='ocrx_word' id='word_1_111' title='bbox 540 1270 589 1308; x_wconf 88' lang='lat' dir='ltr'><strong>ad</strong></span> <span class='ocrx_word' id='word_1_112' title='bbox 602 1270 699 1308; x_wconf 86' lang='lat' dir='ltr'><strong>Met.</strong></span> <span class='ocrx_word' id='word_1_113' title='bbox 715 1269 777 1307; x_wconf 85' lang='lat'><strong>111.</strong></span> <span class='ocrx_word' id='word_1_114' title='bbox 792 1283 829 1321; x_wconf 88' lang='lat' dir='ltr'><strong>p.</strong></span> <span class='ocrx_word' id='word_1_115' title='bbox 839 1273 931 1310; x_wconf 80' lang='lat'><strong>223.</strong></span> 
     </span>
     <span class='ocr_line' id='line_1_20' title="bbox 73 1324 932 1376; baseline 0.002 -14"><span class='ocrx_word' id='word_1_116' title='bbox 73 1324 172 1363; x_wconf 91' lang='lat' dir='ltr'><strong>Tum</strong></span> <span class='ocrx_word' id='word_1_117' title='bbox 202 1326 254 1364; x_wconf 88' lang='lat' dir='ltr'><strong>ab</strong></span> <span class='ocrx_word' id='word_1_118' title='bbox 277 1325 524 1364; x_wconf 72' lang='lat' dir='ltr'><strong>mordicibus</strong></span> <span class='ocrx_word' id='word_1_119' title='bbox 554 1340 578 1364; x_wconf 86' lang='lat' dir='ltr'><strong>a</strong></span> <span class='ocrx_word' id='word_1_120' title='bbox 613 1325 726 1364; x_wconf 89' lang='lat' dir='ltr'><strong>codd.</strong></span> <span class='ocrx_word' id='word_1_121' title='bbox 756 1326 932 1376; x_wconf 80' lang='lat' dir='ltr'><strong>vestigiis</strong></span> 
     </span>
     <span class='ocr_line' id='line_1_21' title="bbox 71 1381 931 1432; baseline 0 -14"><span class='ocrx_word' id='word_1_122' title='bbox 71 1381 221 1418; x_wconf 84' lang='lat' dir='ltr'><strong>nimium</strong></span> <span class='ocrx_word' id='word_1_123' title='bbox 256 1381 420 1426; x_wconf 83' lang='lat' dir='ltr'><strong>recedit,</strong></span> <span class='ocrx_word' id='word_1_124' title='bbox 456 1382 508 1419; x_wconf 81' lang='lat' dir='ltr'><strong>ita</strong></span> <span class='ocrx_word' id='word_1_125' title='bbox 538 1384 579 1419; x_wconf 86' lang='lat' dir='ltr'><strong>ut</strong></span> <span class='ocrx_word' id='word_1_126' title='bbox 614 1382 847 1432; x_wconf 83' lang='lat' dir='ltr'><strong>probabilior</strong></span> <span class='ocrx_word' id='word_1_127' title='bbox 881 1382 931 1419; x_wconf 88' lang='lat' dir='ltr'><strong>vi-</strong></span> 
     </span>
     <span class='ocr_line' id='line_1_22' title="bbox 69 1436 932 1476; baseline 0.002 -2"><span class='ocrx_word' id='word_1_128' title='bbox 69 1437 204 1474; x_wconf 85' lang='lat' dir='ltr'><strong>deatur</strong></span> <span class='ocrx_word' id='word_1_129' title='bbox 237 1449 329 1474; x_wconf 87' lang='lat' dir='ltr'><strong>esse</strong></span> <span class='ocrx_word' id='word_1_130' title='bbox 364 1436 599 1475; x_wconf 87' lang='lat' dir='ltr'><strong>coniectura:</strong></span> <span class='ocrx_word' id='word_1_131' title='bbox 646 1437 697 1476; x_wconf 86' lang='lat' dir='ltr'><strong>ab</strong></span> <span class='ocrx_word' id='word_1_132' title='bbox 741 1437 932 1476; x_wconf 80' lang='lat' dir='ltr'><strong>orclu‘bus</strong></span> 
     </span>
     <span class='ocr_line' id='line_1_23' title="bbox 65 1492 928 1546; baseline -0.002 -14"><span class='ocrx_word' id='word_1_133' title='bbox 65 1493 236 1544; x_wconf 77' lang='lat' dir='ltr'><strong>yaniens</strong></span> <span class='ocrx_word' id='word_1_134' title='bbox 259 1492 320 1529; x_wconf 80' lang='lat' dir='ltr'><strong>vel</strong></span> <span class='ocrx_word' id='word_1_135' title='bbox 347 1493 398 1532; x_wconf 89' lang='lat' dir='ltr'><strong>ab</strong></span> <span class='ocrx_word' id='word_1_136' title='bbox 429 1494 631 1545; x_wconf 69' lang='lat' dir='ltr'><strong>unquibus</strong></span> <span class='ocrx_word' id='word_1_137' title='bbox 657 1495 846 1546; x_wconf 74' lang='lat' dir='ltr'><strong>yuuieus,</strong></span> <span class='ocrx_word' id='word_1_138' title='bbox 878 1493 928 1531; x_wconf 82' lang='lat' dir='ltr'><strong>ct&#39;.</strong></span> 
     </span>
     <span class='ocr_line' id='line_1_24' title="bbox 66 1547 926 1599; baseline 0.001 -13"><span class='ocrx_word' id='word_1_139' title='bbox 66 1548 117 1586; x_wconf 87' lang='lat' dir='ltr'><strong>ad</strong></span> <span class='ocrx_word' id='word_1_140' title='bbox 142 1548 236 1586; x_wconf 82' lang='lat' dir='ltr'><strong>Met.</strong></span> <span class='ocrx_word' id='word_1_141' title='bbox 261 1547 325 1587; x_wconf 88' lang='lat' dir='ltr'><strong>Ill.</strong></span> <span class='ocrx_word' id='word_1_142' title='bbox 349 1562 385 1599; x_wconf 87' lang='lat' dir='ltr'><strong>p.</strong></span> <span class='ocrx_word' id='word_1_143' title='bbox 411 1553 506 1589; x_wconf 80' lang='lat'><strong>210.</strong></span> <span class='ocrx_word' id='word_1_144' title='bbox 554 1549 697 1587; x_wconf 67' lang='lat' dir='ltr'><strong>Garrire</strong></span> <span class='ocrx_word' id='word_1_145' title='bbox 727 1552 789 1587; x_wconf 79' lang='lat' dir='ltr'><strong>est</strong></span> <span class='ocrx_word' id='word_1_146' title='bbox 820 1548 926 1587; x_wconf 84' lang='lat' dir='ltr'><strong>lasci-</strong></span> 
     </span>
     <span class='ocr_line' id='line_1_25' title="bbox 67 1604 925 1656; baseline 0.001 -14"><span class='ocrx_word' id='word_1_147' title='bbox 67 1605 157 1650; x_wconf 87' lang='lat' dir='ltr'><strong>vire,</strong></span> <span class='ocrx_word' id='word_1_148' title='bbox 184 1604 377 1652; x_wconf 82' lang='lat' dir='ltr'><strong>luxuriari3</strong></span> <span class='ocrx_word' id='word_1_149' title='bbox 402 1605 453 1643; x_wconf 86' lang='lat' dir='ltr'><strong>ab</strong></span> <span class='ocrx_word' id='word_1_150' title='bbox 480 1606 668 1644; x_wconf 78' lang='lat' dir='ltr'><strong>orchibus</strong></span> <span class='ocrx_word' id='word_1_151' title='bbox 698 1607 787 1656; x_wconf 86' lang='lat' dir='ltr'><strong>quia</strong></span> <span class='ocrx_word' id='word_1_152' title='bbox 811 1606 860 1644; x_wconf 88' lang='lat' dir='ltr'><strong>ab</strong></span> <span class='ocrx_word' id='word_1_153' title='bbox 886 1605 925 1643; x_wconf 94' lang='lat' dir='ltr'><strong>il-</strong></span> 
     </span>
     <span class='ocr_line' id='line_1_26' title="bbox 65 1660 923 1711; baseline 0 -13"><span class='ocrx_word' id='word_1_154' title='bbox 65 1660 113 1698; x_wconf 90' lang='lat' dir='ltr'><strong>lis</strong></span> <span class='ocrx_word' id='word_1_155' title='bbox 128 1664 281 1699; x_wconf 86' lang='lat' dir='ltr'><strong>emanat</strong></span> <span class='ocrx_word' id='word_1_156' title='bbox 295 1660 382 1699; x_wconf 84' lang='lat' dir='ltr'><strong>sons</strong></span> <span class='ocrx_word' id='word_1_157' title='bbox 396 1660 574 1699; x_wconf 89' lang='lat' dir='ltr'><strong>libidinis.</strong></span> <span class='ocrx_word' id='word_1_158' title='bbox 600 1661 662 1699; x_wconf 83' lang='lat' dir='ltr'><strong>Ab</strong></span> <span class='ocrx_word' id='word_1_159' title='bbox 677 1661 848 1711; x_wconf 72' lang='lat' dir='ltr'><strong>uugibus</strong></span> <span class='ocrx_word' id='word_1_160' title='bbox 861 1662 923 1699; x_wconf 78' lang='lat' dir='ltr'><strong>‹le-</strong></span> 
     </span>
     <span class='ocr_line' id='line_1_27' title="bbox 64 1716 922 1768; baseline 0.002 -14"><span class='ocrx_word' id='word_1_161' title='bbox 64 1716 167 1754; x_wconf 87' lang='lat' dir='ltr'><strong>fendi</strong></span> <span class='ocrx_word' id='word_1_162' title='bbox 181 1720 311 1767; x_wconf 87' lang='lat' dir='ltr'><strong>potest</strong></span> <span class='ocrx_word' id='word_1_163' title='bbox 323 1730 372 1754; x_wconf 85' lang='lat' dir='ltr'><strong>ex</strong></span> <span class='ocrx_word' id='word_1_164' title='bbox 386 1716 480 1755; x_wconf 83' lang='lat' dir='ltr'><strong>Met.</strong></span> <span class='ocrx_word' id='word_1_165' title='bbox 495 1730 530 1767; x_wconf 87' lang='lat' dir='ltr'><strong>p.</strong></span> <span class='ocrx_word' id='word_1_166' title='bbox 542 1721 634 1757; x_wconf 82' lang='lat'><strong>720.</strong></span> <span class='ocrx_word' id='word_1_167' title='bbox 655 1731 708 1756; x_wconf 73' lang='lat' dir='ltr'><strong>ecc</strong></span> <span class='ocrx_word' id='word_1_168' title='bbox 728 1719 922 1768; x_wconf 68' lang='lat' dir='ltr'><strong>unqicu·</strong></span> 
     </span>
     <span class='ocr_line' id='line_1_28' title="bbox 62 1771 922 1826; baseline 0 -15"><span class='ocrx_word' id='word_1_169' title='bbox 62 1773 121 1811; x_wconf 84' lang='lat' dir='ltr'><strong>lis</strong></span> <span class='ocrx_word' id='word_1_170' title='bbox 140 1774 461 1824; x_wconf 81' lang='lat' dir='ltr'><strong>perpruriscens.</strong></span> <span class='ocrx_word' id='word_1_171' title='bbox 491 1771 603 1810; x_wconf 85' lang='lat' dir='ltr'><strong>Prius</strong></span> <span class='ocrx_word' id='word_1_172' title='bbox 621 1774 745 1821; x_wconf 72' lang='lat' dir='ltr'><strong>magis</strong></span> <span class='ocrx_word' id='word_1_173' title='bbox 763 1773 922 1826; x_wconf 64' lang='lat' dir='ltr'><strong>placet]</strong></span> 
     </span>
    </p>

    <p class='ocr_par' dir='ltr' id='par_1_7' title="bbox 45 1830 922 3170">
     <span class='ocr_line' id='line_1_29' title="bbox 117 1830 922 1880; baseline 0.001 -13"><span class='ocrx_word' id='word_1_174' title='bbox 117 1832 153 1868; x_wconf 89' lang='lat'><strong>8.</strong></span> <span class='ocrx_word' id='word_1_175' title='bbox 191 1830 350 1880; x_wconf 85' lang='lat' dir='ltr'><strong>priapo</strong></span> <span class='ocrx_word' id='word_1_176' title='bbox 376 1830 586 1880; x_wconf 75' lang='lat' dir='ltr'><strong>frequenti</strong></span> <span class='ocrx_word' id='word_1_177' title='bbox 614 1830 795 1878; x_wconf 80' lang='lat' dir='ltr'><strong>frietura</strong></span> <span class='ocrx_word' id='word_1_178' title='bbox 823 1843 922 1880; x_wconf 86' lang='lat' dir='ltr'><strong>por-</strong></span> 
     </span>
     <span class='ocr_line' id='line_1_30' title="bbox 60 1883 919 1935; baseline 0.001 -12"><span class='ocrx_word' id='word_1_179' title='bbox 60 1884 260 1924; x_wconf 74' lang='lat' dir='ltr'><strong>m&#39;xabam.</strong></span> <span class='ocrx_word' id='word_1_180' title='bbox 308 1883 409 1922; x_wconf 81' lang='lat' dir='ltr'><strong>Oud.</strong></span> <span class='ocrx_word' id='word_1_181' title='bbox 435 1884 581 1923; x_wconf 83' lang='lat' dir='ltr'><strong>mavult</strong></span> <span class='ocrx_word' id='word_1_182' title='bbox 611 1885 802 1935; x_wconf 80' lang='lat' dir='ltr'><strong>Priapon</strong></span> <span class='ocrx_word' id='word_1_183' title='bbox 832 1886 853 1922; x_wconf 88' lang='lat' dir='ltr'><strong>i.</strong></span> <span class='ocrx_word' id='word_1_184' title='bbox 885 1898 919 1924; x_wconf 88' lang='lat' dir='ltr'><strong>e.</strong></span> 
     </span>
     <span class='ocr_line' id='line_1_31' title="bbox 59 1941 922 1992; baseline 0 -14"><span class='ocrx_word' id='word_1_185' title='bbox 59 1953 219 1992; x_wconf 85' lang='lat' dir='ltr'><strong>penem.</strong></span> <span class='ocrx_word' id='word_1_186' title='bbox 253 1941 526 1992; x_wconf 64' lang='lat' dir='ltr'><strong>porrici-ubam</strong></span> <span class='ocrx_word' id='word_1_187' title='bbox 549 1941 682 1978; x_wconf 89' lang='lat' dir='ltr'><strong>iterum</strong></span> <span class='ocrx_word' id='word_1_188' title='bbox 708 1942 922 1991; x_wconf 88' lang='lat' dir='ltr'><strong>iterumque</strong></span> 
     </span>
     <span class='ocr_line' id='line_1_32' title="bbox 60 1996 920 2047; baseline 0.002 -14"><span class='ocrx_word' id='word_1_189' title='bbox 60 1996 299 2047; x_wconf 77' lang='lat' dir='ltr'><strong>porrigebam</strong></span> <span class='ocrx_word' id='word_1_190' title='bbox 324 1996 535 2046; x_wconf 84' lang='lat' dir='ltr'><strong>explicans.</strong></span> <span class='ocrx_word' id='word_1_191' title='bbox 583 1997 715 2034; x_wconf 88' lang='lat' dir='ltr'><strong>Amari</strong></span> <span class='ocrx_word' id='word_1_192' title='bbox 747 1998 846 2034; x_wconf 89' lang='lat' dir='ltr'><strong>enim</strong></span> <span class='ocrx_word' id='word_1_193' title='bbox 870 1997 920 2035; x_wconf 90' lang='lat' dir='ltr'><strong>ab</strong></span> 
     </span>
     <span class='ocr_line' id='line_1_33' title="bbox 60 2051 919 2104; baseline 0 -14"><span class='ocrx_word' id='word_1_194' title='bbox 60 2051 225 2103; x_wconf 88' lang='lat' dir='ltr'><strong>Apuleio</strong></span> <span class='ocrx_word' id='word_1_195' title='bbox 242 2052 384 2090; x_wconf 85' lang='lat' dir='ltr'><strong>formas</strong></span> <span class='ocrx_word' id='word_1_196' title='bbox 406 2052 719 2103; x_wconf 82' lang='lat' dir='ltr'><strong>frequentativas.</strong></span> <span class='ocrx_word' id='word_1_197' title='bbox 740 2052 919 2104; x_wconf 81' lang='lat' dir='ltr'><strong>[Verum-</strong></span> 
     </span>
     <span class='ocr_line' id='line_1_34' title="bbox 57 2108 918 2159; baseline 0.001 -13"><span class='ocrx_word' id='word_1_198' title='bbox 57 2113 184 2146; x_wconf 85' lang='lat' dir='ltr'><strong>tamen</strong></span> <span class='ocrx_word' id='word_1_199' title='bbox 212 2108 485 2159; x_wconf 75' lang='lat' dir='ltr'><strong>porriccabam</strong></span> <span class='ocrx_word' id='word_1_200' title='bbox 515 2121 631 2158; x_wconf 84' lang='lat' dir='ltr'><strong>quam</strong></span> <span class='ocrx_word' id='word_1_201' title='bbox 660 2109 826 2146; x_wconf 87' lang='lat' dir='ltr'><strong>maxime</strong></span> <span class='ocrx_word' id='word_1_202' title='bbox 856 2122 918 2147; x_wconf 90' lang='lat' dir='ltr'><strong>su-</strong></span> 
     </span>
     <span class='ocr_line' id='line_1_35' title="bbox 55 2165 915 2216; baseline 0 -14"><span class='ocrx_word' id='word_1_203' title='bbox 55 2168 234 2216; x_wconf 87' lang='lat' dir='ltr'><strong>spectum</strong></span> <span class='ocrx_word' id='word_1_204' title='bbox 259 2167 334 2208; x_wconf 85' lang='lat' dir='ltr'><strong>est,</strong></span> <span class='ocrx_word' id='word_1_205' title='bbox 370 2176 601 2214; x_wconf 88' lang='lat' dir='ltr'><strong>quamquam</strong></span> <span class='ocrx_word' id='word_1_206' title='bbox 636 2165 816 2215; x_wconf 84' lang='lat' dir='ltr'><strong>analogia</strong></span> <span class='ocrx_word' id='word_1_207' title='bbox 849 2178 915 2203; x_wconf 88' lang='lat' dir='ltr'><strong>vo-</strong></span> 
     </span>
     <span class='ocr_line' id='line_1_36' title="bbox 55 2219 917 2266; baseline 0 -7"><span class='ocrx_word' id='word_1_208' title='bbox 55 2220 231 2259; x_wconf 86' lang='lat' dir='ltr'><strong>cabulum</strong></span> <span class='ocrx_word' id='word_1_209' title='bbox 257 2219 486 2263; x_wconf 84' lang='lat' dir='ltr'><strong>defenditur,</strong></span> <span class='ocrx_word' id='word_1_210' title='bbox 511 2224 552 2257; x_wconf 92' lang='lat' dir='ltr'><strong>ut</strong></span> <span class='ocrx_word' id='word_1_211' title='bbox 571 2234 689 2266; x_wconf 72' lang='lat' dir='ltr'><strong>neam,</strong></span> <span class='ocrx_word' id='word_1_212' title='bbox 709 2234 825 2265; x_wconf 73' lang='lat' dir='ltr'><strong>ceam,</strong></span> <span class='ocrx_word' id='word_1_213' title='bbox 839 2234 917 2259; x_wconf 85' lang='lat' dir='ltr'><strong>am-</strong></span> 
     </span>
     <span class='ocr_line' id='line_1_37' title="bbox 49 2275 915 2327; baseline -0.001 -12"><span class='ocrx_word' id='word_1_214' title='bbox 49 2277 217 2327; x_wconf 72' lang='lat' dir='ltr'><strong>plexor.</strong></span> <span class='ocrx_word' id='word_1_215' title='bbox 264 2275 366 2314; x_wconf 86' lang='lat' dir='ltr'><strong>Nam</strong></span> <span class='ocrx_word' id='word_1_216' title='bbox 391 2277 524 2313; x_wconf 83' lang='lat' dir='ltr'><strong>asinus</strong></span> <span class='ocrx_word' id='word_1_217' title='bbox 548 2277 741 2327; x_wconf 81' lang='lat' dir='ltr'><strong>porrigere</strong></span> <span class='ocrx_word' id='word_1_218' title='bbox 773 2276 794 2314; x_wconf 90' lang='lat' dir='ltr'><strong>i.</strong></span> <span class='ocrx_word' id='word_1_219' title='bbox 820 2289 853 2314; x_wconf 90' lang='lat' dir='ltr'><strong>e.</strong></span> <span class='ocrx_word' id='word_1_220' title='bbox 879 2276 915 2314; x_wconf 91' lang='lat' dir='ltr'><strong>in</strong></span> 
     </span>
     <span class='ocr_line' id='line_1_38' title="bbox 55 2331 914 2383; baseline -0.002 -13"><span class='ocrx_word' id='word_1_221' title='bbox 55 2333 208 2383; x_wconf 81' lang='lat' dir='ltr'><strong>longum</strong></span> <span class='ocrx_word' id='word_1_222' title='bbox 241 2331 452 2370; x_wconf 86' lang='lat' dir='ltr'><strong>extendere</strong></span> <span class='ocrx_word' id='word_1_223' title='bbox 481 2332 662 2382; x_wconf 85' lang='lat' dir='ltr'><strong>pudenda</strong></span> <span class='ocrx_word' id='word_1_224' title='bbox 697 2333 825 2383; x_wconf 86' lang='lat' dir='ltr'><strong>aptius</strong></span> <span class='ocrx_word' id='word_1_225' title='bbox 860 2332 914 2370; x_wconf 89' lang='lat' dir='ltr'><strong>di-</strong></span> 
     </span>
     <span class='ocr_line' id='line_1_39' title="bbox 52 2387 914 2438; baseline 0.001 -13"><span class='ocrx_word' id='word_1_226' title='bbox 52 2392 220 2433; x_wconf 84' lang='lat' dir='ltr'><strong>ceretur,</strong></span> <span class='ocrx_word' id='word_1_227' title='bbox 244 2388 279 2426; x_wconf 87' lang='lat' dir='ltr'><strong>si</strong></span> <span class='ocrx_word' id='word_1_228' title='bbox 300 2402 324 2426; x_wconf 90' lang='lat' dir='ltr'><strong>a</strong></span> <span class='ocrx_word' id='word_1_229' title='bbox 341 2402 415 2426; x_wconf 86' lang='lat' dir='ltr'><strong>sua</strong></span> <span class='ocrx_word' id='word_1_230' title='bbox 439 2388 561 2438; x_wconf 89' lang='lat' dir='ltr'><strong>ipsius</strong></span> <span class='ocrx_word' id='word_1_231' title='bbox 586 2387 738 2426; x_wconf 85' lang='lat' dir='ltr'><strong>frictura</strong></span> <span class='ocrx_word' id='word_1_232' title='bbox 760 2389 811 2426; x_wconf 82' lang='lat' dir='ltr'><strong>ad</strong></span> <span class='ocrx_word' id='word_1_233' title='bbox 836 2387 914 2426; x_wconf 86' lang='lat' dir='ltr'><strong>libi-</strong></span> 
     </span>
     <span class='ocr_line' id='line_1_40' title="bbox 53 2444 914 2494; baseline -0.001 -12"><span class='ocrx_word' id='word_1_234' title='bbox 53 2445 178 2483; x_wconf 88' lang='lat' dir='ltr'><strong>dinem</strong></span> <span class='ocrx_word' id='word_1_235' title='bbox 204 2445 454 2482; x_wconf 84' lang='lat' dir='ltr'><strong>incitarentur.</strong></span> <span class='ocrx_word' id='word_1_236' title='bbox 508 2444 606 2482; x_wconf 85' lang='lat' dir='ltr'><strong>Hinc</strong></span> <span class='ocrx_word' id='word_1_237' title='bbox 631 2444 811 2494; x_wconf 84' lang='lat' dir='ltr'><strong>equidem</strong></span> <span class='ocrx_word' id='word_1_238' title='bbox 835 2458 914 2482; x_wconf 89' lang='lat' dir='ltr'><strong>cor-</strong></span> 
     </span>
     <span class='ocr_line' id='line_1_41' title="bbox 50 2501 914 2552; baseline 0.001 -14"><span class='ocrx_word' id='word_1_239' title='bbox 50 2502 148 2552; x_wconf 87' lang='lat' dir='ltr'><strong>rigo:</strong></span> <span class='ocrx_word' id='word_1_240' title='bbox 180 2501 339 2552; x_wconf 79' lang='lat' dir='ltr'><strong>priapo</strong></span> <span class='ocrx_word' id='word_1_241' title='bbox 371 2501 578 2552; x_wconf 79' lang='lat' dir='ltr'><strong>frequenti</strong></span> <span class='ocrx_word' id='word_1_242' title='bbox 608 2502 792 2552; x_wconf 77' lang='lat' dir='ltr'><strong>frictura</strong></span> <span class='ocrx_word' id='word_1_243' title='bbox 819 2514 914 2551; x_wconf 87' lang='lat' dir='ltr'><strong>pro-</strong></span> 
     </span>
     <span class='ocr_line' id='line_1_42' title="bbox 51 2556 914 2608; baseline -0.001 -12"><span class='ocrx_word' id='word_1_244' title='bbox 51 2556 225 2596; x_wconf 77' lang='lat' dir='ltr'><strong>rixabar</strong></span> <span class='ocrx_word' id='word_1_245' title='bbox 255 2556 280 2594; x_wconf 86' lang='lat' dir='ltr'><strong>i.</strong></span> <span class='ocrx_word' id='word_1_246' title='bbox 303 2570 336 2594; x_wconf 86' lang='lat' dir='ltr'><strong>e.</strong></span> <span class='ocrx_word' id='word_1_247' title='bbox 362 2556 616 2602; x_wconf 88' lang='lat' dir='ltr'><strong>extendebar,</strong></span> <span class='ocrx_word' id='word_1_248' title='bbox 642 2556 701 2593; x_wconf 90' lang='lat' dir='ltr'><strong>vel</strong></span> <span class='ocrx_word' id='word_1_249' title='bbox 721 2557 914 2608; x_wconf 74' lang='lat' dir='ltr'><strong>prolixa-</strong></span> 
     </span>
     <span class='ocr_line' id='line_1_43' title="bbox 51 2612 912 2663; baseline 0 -11"><span class='ocrx_word' id='word_1_250' title='bbox 51 2614 126 2652; x_wconf 86' lang='lat' dir='ltr'><strong>bar</strong></span> <span class='ocrx_word' id='word_1_251' title='bbox 155 2612 217 2650; x_wconf 89' lang='lat' dir='ltr'><strong>vel</strong></span> <span class='ocrx_word' id='word_1_252' title='bbox 244 2612 490 2663; x_wconf 80' lang='lat' dir='ltr'><strong>proritabar</strong></span> <span class='ocrx_word' id='word_1_253' title='bbox 520 2613 540 2650; x_wconf 89' lang='lat' dir='ltr'><strong>i.</strong></span> <span class='ocrx_word' id='word_1_254' title='bbox 574 2625 606 2649; x_wconf 89' lang='lat' dir='ltr'><strong>e.</strong></span> <span class='ocrx_word' id='word_1_255' title='bbox 638 2612 824 2650; x_wconf 87' lang='lat' dir='ltr'><strong>invitabar</strong></span> <span class='ocrx_word' id='word_1_256' title='bbox 852 2625 912 2652; x_wconf 81' lang='lat' dir='ltr'><strong>sc.</strong></span> 
     </span>
     <span class='ocr_line' id='line_1_44' title="bbox 50 2668 911 2719; baseline 0 -12"><span class='ocrx_word' id='word_1_257' title='bbox 50 2668 101 2707; x_wconf 85' lang='lat' dir='ltr'><strong>ad</strong></span> <span class='ocrx_word' id='word_1_258' title='bbox 124 2668 330 2707; x_wconf 87' lang='lat' dir='ltr'><strong>libidinem.</strong></span> <span class='ocrx_word' id='word_1_259' title='bbox 379 2668 562 2719; x_wconf 79' lang='lat' dir='ltr'><strong>Priapus</strong></span> <span class='ocrx_word' id='word_1_260' title='bbox 591 2672 653 2706; x_wconf 88' lang='lat' dir='ltr'><strong>est</strong></span> <span class='ocrx_word' id='word_1_261' title='bbox 676 2668 712 2706; x_wconf 92' lang='lat' dir='ltr'><strong>h.</strong></span> <span class='ocrx_word' id='word_1_262' title='bbox 737 2668 762 2706; x_wconf 93' lang='lat' dir='ltr'><strong>l.</strong></span> <span class='ocrx_word' id='word_1_263' title='bbox 787 2669 911 2718; x_wconf 84' lang='lat' dir='ltr'><strong>penis.</strong></span> 
     </span>
     <span class='ocr_line' id='line_1_45' title="bbox 48 2723 910 2775; baseline -0.001 -12"><span class='ocrx_word' id='word_1_264' title='bbox 48 2724 150 2763; x_wconf 85' lang='lat' dir='ltr'><strong>Oud.</strong></span> <span class='ocrx_word' id='word_1_265' title='bbox 187 2729 384 2775; x_wconf 88' lang='lat' dir='ltr'><strong>comparat</strong></span> <span class='ocrx_word' id='word_1_266' title='bbox 418 2723 575 2762; x_wconf 86' lang='lat' dir='ltr'><strong>Diodor.</strong></span> <span class='ocrx_word' id='word_1_267' title='bbox 614 2723 733 2762; x_wconf 87' lang='lat' dir='ltr'><strong>Sicul.</strong></span> <span class='ocrx_word' id='word_1_268' title='bbox 770 2723 836 2762; x_wconf 93' lang='lat' dir='ltr'><strong>lV.</strong></span> <span class='ocrx_word' id='word_1_269' title='bbox 874 2728 910 2764; x_wconf 85' lang='grc'><strong>6,</strong></span> 
     </span>
     <span class='ocr_line' id='line_1_46' title="bbox 48 2779 910 2832; baseline -0.005 -11"><span class='ocrx_word' id='word_1_270' title='bbox 48 2794 86 2832; x_wconf 89' lang='lat' dir='ltr'><strong>p.</strong></span> <span class='ocrx_word' id='word_1_271' title='bbox 101 2784 194 2821; x_wconf 88' lang='grc'>251.</span> <span class='ocrx_word' id='word_1_272' title='bbox 219 2780 281 2818; x_wconf 89' lang='lat' dir='ltr'><strong>ed.</strong></span> <span class='ocrx_word' id='word_1_273' title='bbox 305 2780 482 2818; x_wconf 55' lang='lat' dir='ltr'><strong>WVessel.</strong></span> <span class='ocrx_word' id='word_1_274' title='bbox 507 2779 647 2831; x_wconf 79' lang='lat' dir='ltr'><strong>Beger.</strong></span> <span class='ocrx_word' id='word_1_275' title='bbox 674 2779 746 2818; x_wconf 81' lang='lat' dir='ltr'><strong>Th.</strong></span> <span class='ocrx_word' id='word_1_276' title='bbox 768 2779 910 2818; x_wconf 84' lang='lat' dir='ltr'><strong>Brand.</strong></span> 
     </span>
     <span class='ocr_line' id='line_1_47' title="bbox 49 2835 912 2887; baseline -0.001 -12"><span class='ocrx_word' id='word_1_277' title='bbox 49 2835 504 2887; x_wconf 83' lang='lat' dir='ltr'><strong>T.111.p.261.1uv.en</strong></span> <span class='ocrx_word' id='word_1_278' title='bbox 531 2835 574 2874; x_wconf 87' lang='lat' dir='ltr'><strong>Il.</strong></span> <span class='ocrx_word' id='word_1_279' title='bbox 607 2839 685 2881; x_wconf 65' lang='lat'><strong>95„</strong></span> <span class='ocrx_word' id='word_1_280' title='bbox 720 2835 770 2873; x_wconf 86' lang='lat' dir='ltr'><strong>ad</strong></span> <span class='ocrx_word' id='word_1_281' title='bbox 796 2848 912 2886; x_wconf 90' lang='lat' dir='ltr'><strong>quem</strong></span> 
     </span>
     <span class='ocr_line' id='line_1_48' title="bbox 47 2890 905 2944; baseline 0.004 -14"><span class='ocrx_word' id='word_1_282' title='bbox 47 2891 173 2931; x_wconf 89' lang='lat' dir='ltr'><strong>locum</strong></span> <span class='ocrx_word' id='word_1_283' title='bbox 197 2892 245 2931; x_wconf 85' lang='lat' dir='ltr'><strong>cf.</strong></span> <span class='ocrx_word' id='word_1_284' title='bbox 270 2891 430 2944; x_wconf 85' lang='lat' dir='ltr'><strong>Rupert.</strong></span> <span class='ocrx_word' id='word_1_285' title='bbox 462 2896 501 2930; x_wconf 91' lang='lat' dir='ltr'><strong>et</strong></span> <span class='ocrx_word' id='word_1_286' title='bbox 528 2892 579 2930; x_wconf 83' lang='lat' dir='ltr'><strong>ad</strong></span> <span class='ocrx_word' id='word_1_287' title='bbox 611 2892 693 2930; x_wconf 89' lang='lat' dir='ltr'><strong>Sat.</strong></span> <span class='ocrx_word' id='word_1_288' title='bbox 719 2890 785 2929; x_wconf 57' lang='lat'><strong>51</strong></span> <span class='ocrx_word' id='word_1_289' title='bbox 813 2895 905 2932; x_wconf 88' lang='lat'><strong>375.</strong></span> 
     </span>
     <span class='ocr_line' id='line_1_49' title="bbox 47 2948 906 3000; baseline -0.001 -14"><span class='ocrx_word' id='word_1_290' title='bbox 47 2948 202 3000; x_wconf 77' lang='lat' dir='ltr'><strong>Priapi</strong></span> <span class='ocrx_word' id='word_1_291' title='bbox 224 2961 363 2986; x_wconf 89' lang='lat' dir='ltr'><strong>nomen</strong></span> <span class='ocrx_word' id='word_1_292' title='bbox 388 2948 539 2999; x_wconf 83' lang='lat' dir='ltr'><strong>accepit</strong></span> <span class='ocrx_word' id='word_1_293' title='bbox 569 2952 634 2986; x_wconf 80' lang='lat' dir='ltr'><strong>aut</strong></span> <span class='ocrx_word' id='word_1_294' title='bbox 664 2948 712 2986; x_wconf 87' lang='lat' dir='ltr'><strong>ab</strong></span> <span class='ocrx_word' id='word_1_295' title='bbox 738 2948 821 2985; x_wconf 88' lang='lat' dir='ltr'><strong>eius</strong></span> <span class='ocrx_word' id='word_1_296' title='bbox 845 2961 906 2986; x_wconf 86' lang='lat' dir='ltr'><strong>sa-</strong></span> 
     </span>
     <span class='ocr_line' id='line_1_50' title="bbox 47 3004 908 3056; baseline 0 -14"><span class='ocrx_word' id='word_1_297' title='bbox 47 3004 202 3043; x_wconf 87' lang='lat' dir='ltr'><strong>lacitate</strong></span> <span class='ocrx_word' id='word_1_298' title='bbox 227 3017 273 3043; x_wconf 84' lang='lat' dir='ltr'><strong>ac</strong></span> <span class='ocrx_word' id='word_1_299' title='bbox 302 3006 443 3056; x_wconf 87' lang='lat' dir='ltr'><strong>pruritu</strong></span> <span class='ocrx_word' id='word_1_300' title='bbox 475 3007 509 3043; x_wconf 91' lang='lat' dir='ltr'><strong>in</strong></span> <span class='ocrx_word' id='word_1_301' title='bbox 540 3004 754 3050; x_wconf 70' lang='lat' dir='ltr'><strong>Venerem,</strong></span> <span class='ocrx_word' id='word_1_302' title='bbox 791 3008 856 3042; x_wconf 86' lang='lat' dir='ltr'><strong>aut</strong></span> <span class='ocrx_word' id='word_1_303' title='bbox 883 3017 908 3042; x_wconf 83' lang='lat' dir='ltr'><strong>a</strong></span> 
     </span>
     <span class='ocr_line' id='line_1_51' title="bbox 45 3058 907 3112; baseline -0.001 -14"><span class='ocrx_word' id='word_1_304' title='bbox 45 3060 306 3111; x_wconf 84' lang='lat' dir='ltr'><strong>magnitudine</strong></span> <span class='ocrx_word' id='word_1_305' title='bbox 340 3061 625 3112; x_wconf 72' lang='lat' dir='ltr'><strong>pudendorum,</strong></span> <span class='ocrx_word' id='word_1_306' title='bbox 666 3073 743 3112; x_wconf 87' lang='lat' dir='ltr'><strong>qua</strong></span> <span class='ocrx_word' id='word_1_307' title='bbox 776 3058 907 3110; x_wconf 86' lang='lat' dir='ltr'><strong>Priapi</strong></span> 
     </span>
     <span class='ocr_line' id='line_1_52' title="bbox 46 3115 436 3170; baseline 0.008 -17"><span class='ocrx_word' id='word_1_308' title='bbox 46 3115 169 3155; x_wconf 80' lang='lat' dir='ltr'><strong>fuisse</strong></span> <span class='ocrx_word' id='word_1_309' title='bbox 193 3116 436 3170; x_wconf 66' lang='lat' dir='ltr'><strong>referuntur]</strong></span> 
     </span>
    </p>
   </div>
   <div class='ocr_carea' id='block_1_6' title="bbox 963 490 1864 3109">
    <p class='ocr_par' dir='ltr' id='par_1_8' title="bbox 987 490 1864 1435">
     <span class='ocr_line' id='line_1_53' title="bbox 1060 490 1864 542; baseline 0.004 -13"><span class='ocrx_word' id='word_1_310' title='bbox 1060 493 1098 530; x_wconf 83' lang='lat'><strong>9.</strong></span> <span class='ocrx_word' id='word_1_311' title='bbox 1125 490 1273 541; x_wconf 81' lang='lat' dir='ltr'><strong>pando</strong></span> <span class='ocrx_word' id='word_1_312' title='bbox 1298 495 1337 529; x_wconf 80' lang='lat' dir='ltr'><strong>et</strong></span> <span class='ocrx_word' id='word_1_313' title='bbox 1363 491 1553 542; x_wconf 78' lang='lat' dir='ltr'><strong>repando</strong></span> <span class='ocrx_word' id='word_1_314' title='bbox 1582 497 1755 531; x_wconf 80' lang='lat' dir='ltr'><strong>ventrem</strong></span> <span class='ocrx_word' id='word_1_315' title='bbox 1782 505 1864 532; x_wconf 87' lang='lat' dir='ltr'><strong>sae-</strong></span> 
     </span>
     <span class='ocr_line' id='line_1_54' title="bbox 999 546 1863 597; baseline 0.003 -13"><span class='ocrx_word' id='word_1_316' title='bbox 999 546 1187 597; x_wconf 84' lang='lat' dir='ltr'><strong>piuscule</strong></span> <span class='ocrx_word' id='word_1_317' title='bbox 1222 546 1438 585; x_wconf 68' lang='lat' dir='ltr'><strong>iactabant.</strong></span> <span class='ocrx_word' id='word_1_318' title='bbox 1510 547 1684 587; x_wconf 81' lang='lat' dir='ltr'><strong>Pauclus</strong></span> <span class='ocrx_word' id='word_1_319' title='bbox 1725 552 1765 586; x_wconf 89' lang='lat' dir='ltr'><strong>et</strong></span> <span class='ocrx_word' id='word_1_320' title='bbox 1805 562 1863 587; x_wconf 83' lang='lat' dir='ltr'><strong>re-</strong></span> 
     </span>
     <span class='ocr_line' id='line_1_55' title="bbox 998 600 1863 652; baseline 0.002 -12"><span class='ocrx_word' id='word_1_321' title='bbox 998 601 1165 652; x_wconf 75' lang='lat' dir='ltr'><strong>pandus</strong></span> <span class='ocrx_word' id='word_1_322' title='bbox 1188 601 1374 652; x_wconf 83' lang='lat' dir='ltr'><strong>Priapus</strong></span> <span class='ocrx_word' id='word_1_323' title='bbox 1397 600 1688 651; x_wconf 83' lang='lat' dir='ltr'><strong>elegantissime</strong></span> <span class='ocrx_word' id='word_1_324' title='bbox 1718 603 1863 649; x_wconf 86' lang='lat' dir='ltr'><strong>dicitur,</strong></span> 
     </span>
     <span class='ocr_line' id='line_1_56' title="bbox 1001 656 1862 709; baseline 0.005 -15"><span class='ocrx_word' id='word_1_325' title='bbox 1001 656 1139 694; x_wconf 88' lang='lat' dir='ltr'><strong>similis</strong></span> <span class='ocrx_word' id='word_1_326' title='bbox 1160 657 1307 707; x_wconf 81' lang='lat' dir='ltr'><strong>pando</strong></span> <span class='ocrx_word' id='word_1_327' title='bbox 1331 662 1371 695; x_wconf 82' lang='lat' dir='ltr'><strong>et</strong></span> <span class='ocrx_word' id='word_1_328' title='bbox 1391 658 1581 708; x_wconf 79' lang='lat' dir='ltr'><strong>repando</strong></span> <span class='ocrx_word' id='word_1_329' title='bbox 1606 660 1693 709; x_wconf 82' lang='lat' dir='ltr'><strong>apii</strong></span> <span class='ocrx_word' id='word_1_330' title='bbox 1716 664 1862 706; x_wconf 80' lang='lat' dir='ltr'><strong>rostro,</strong></span> 
     </span>
     <span class='ocr_line' id='line_1_57' title="bbox 1002 711 1863 765; baseline 0.006 -16"><span class='ocrx_word' id='word_1_331' title='bbox 1002 711 1051 751; x_wconf 92' lang='lat' dir='ltr'><strong>cf.</strong></span> <span class='ocrx_word' id='word_1_332' title='bbox 1087 711 1201 751; x_wconf 87' lang='lat' dir='ltr'><strong>Ovid.</strong></span> <span class='ocrx_word' id='word_1_333' title='bbox 1225 712 1321 751; x_wconf 78' lang='lat' dir='ltr'><strong>Met.</strong></span> <span class='ocrx_word' id='word_1_334' title='bbox 1357 712 1410 752; x_wconf 93' lang='lat' dir='ltr'><strong>X.</strong></span> <span class='ocrx_word' id='word_1_335' title='bbox 1441 715 1533 752; x_wconf 85' lang='lat'><strong>713.</strong></span> <span class='ocrx_word' id='word_1_336' title='bbox 1579 712 1722 753; x_wconf 81' lang='lat' dir='ltr'><strong>Pacuv.</strong></span> <span class='ocrx_word' id='word_1_337' title='bbox 1759 716 1863 765; x_wconf 84' lang='lat' dir='ltr'><strong>apud</strong></span> 
     </span>
     <span class='ocr_line' id='line_1_58' title="bbox 1003 767 1861 821; baseline 0.005 -16"><span class='ocrx_word' id='word_1_338' title='bbox 1003 767 1131 813; x_wconf 80' lang='lat' dir='ltr'><strong>Quint.</strong></span> <span class='ocrx_word' id='word_1_339' title='bbox 1157 767 1183 806; x_wconf 88' lang='grc' dir='ltr'><strong>Ι.</strong></span> <span class='ocrx_word' id='word_1_340' title='bbox 1210 772 1245 808; x_wconf 89' lang='lat'><strong>5.</strong></span> <span class='ocrx_word' id='word_1_341' title='bbox 1272 767 1302 818; x_wconf 83' lang='lat'><strong>§.</strong></span> <span class='ocrx_word' id='word_1_342' title='bbox 1329 771 1393 808; x_wconf 89' lang='grc'><strong>67.</strong></span> <span class='ocrx_word' id='word_1_343' title='bbox 1417 769 1769 819; x_wconf 77' lang='lat' dir='ltr'><strong>repandirostrum</strong></span> <span class='ocrx_word' id='word_1_344' title='bbox 1790 784 1861 821; x_wconf 84' lang='lat' dir='ltr'><strong>pe-</strong></span> 
     </span>
     <span class='ocr_line' id='line_1_59' title="bbox 1001 822 1862 875; baseline 0.005 -13"><span class='ocrx_word' id='word_1_345' title='bbox 1001 837 1080 863; x_wconf 84' lang='lat' dir='ltr'><strong>cus.</strong></span> <span class='ocrx_word' id='word_1_346' title='bbox 1129 822 1200 875; x_wconf 85' lang='lat' dir='ltr'><strong>[cf.</strong></span> <span class='ocrx_word' id='word_1_347' title='bbox 1225 823 1360 862; x_wconf 85' lang='lat' dir='ltr'><strong>Heius.</strong></span> <span class='ocrx_word' id='word_1_348' title='bbox 1386 824 1436 862; x_wconf 87' lang='lat' dir='ltr'><strong>ad</strong></span> <span class='ocrx_word' id='word_1_349' title='bbox 1461 823 1575 862; x_wconf 89' lang='lat' dir='ltr'><strong>Ovid.</strong></span> <span class='ocrx_word' id='word_1_350' title='bbox 1600 825 1682 863; x_wconf 88' lang='lat' dir='ltr'><strong>Art.</strong></span> <span class='ocrx_word' id='word_1_351' title='bbox 1715 825 1741 863; x_wconf 89' lang='lat' dir='ltr'><strong>l.</strong></span> <span class='ocrx_word' id='word_1_352' title='bbox 1767 829 1862 866; x_wconf 85' lang='lat'><strong>318.</strong></span> 
     </span>
     <span class='ocr_line' id='line_1_60' title="bbox 998 878 1861 932; baseline 0.001 -14"><span class='ocrx_word' id='word_1_353' title='bbox 998 878 1185 918; x_wconf 81' lang='lat' dir='ltr'><strong>Doederl.</strong></span> <span class='ocrx_word' id='word_1_354' title='bbox 1212 879 1427 931; x_wconf 66' lang='lat' dir='ltr'><strong>S3monym.</strong></span> <span class='ocrx_word' id='word_1_355' title='bbox 1454 879 1498 918; x_wconf 85' lang='lat' dir='ltr'><strong>T.</strong></span> <span class='ocrx_word' id='word_1_356' title='bbox 1512 879 1578 918; x_wconf 81' lang='lat' dir='ltr'><strong>vl.</strong></span> <span class='ocrx_word' id='word_1_357' title='bbox 1603 895 1642 932; x_wconf 94' lang='lat' dir='ltr'><strong>p.</strong></span> <span class='ocrx_word' id='word_1_358' title='bbox 1662 884 1756 921; x_wconf 81' lang='lat'><strong>255.</strong></span> <span class='ocrx_word' id='word_1_359' title='bbox 1803 881 1861 920; x_wconf 81' lang='lat' dir='ltr'><strong>lta</strong></span> 
     </span>
     <span class='ocr_line' id='line_1_61' title="bbox 995 934 1860 988; baseline 0.002 -15"><span class='ocrx_word' id='word_1_360' title='bbox 995 935 1100 986; x_wconf 87' lang='lat' dir='ltr'><strong>apud</strong></span> <span class='ocrx_word' id='word_1_361' title='bbox 1123 934 1292 975; x_wconf 86' lang='lat' dir='ltr'><strong>Phaedr.</strong></span> <span class='ocrx_word' id='word_1_362' title='bbox 1316 935 1344 975; x_wconf 88' lang='lat' dir='ltr'><strong>I.</strong></span> <span class='ocrx_word' id='word_1_363' title='bbox 1369 939 1433 977; x_wconf 81' lang='lat'><strong>29.</strong></span> <span class='ocrx_word' id='word_1_364' title='bbox 1465 940 1490 976; x_wconf 93' lang='grc'>7</span> <span class='ocrx_word' id='word_1_365' title='bbox 1514 949 1601 986; x_wconf 87' lang='lat' dir='ltr'><strong>sqq.</strong></span> <span class='ocrx_word' id='word_1_366' title='bbox 1631 938 1765 975; x_wconf 85' lang='lat' dir='ltr'><strong>asinus</strong></span> <span class='ocrx_word' id='word_1_367' title='bbox 1795 951 1860 988; x_wconf 86' lang='lat' dir='ltr'><strong>pe-</strong></span> 
     </span>
     <span class='ocr_line' id='line_1_62' title="bbox 995 991 1859 1044; baseline 0.003 -16"><span class='ocrx_word' id='word_1_368' title='bbox 995 1005 1082 1029; x_wconf 88' lang='lat' dir='ltr'><strong>nem</strong></span> <span class='ocrx_word' id='word_1_369' title='bbox 1107 1005 1219 1028; x_wconf 79' lang='lat' dir='ltr'><strong>suum</strong></span> <span class='ocrx_word' id='word_1_370' title='bbox 1244 991 1457 1030; x_wconf 83' lang='lat' dir='ltr'><strong>demissum</strong></span> <span class='ocrx_word' id='word_1_371' title='bbox 1482 997 1680 1042; x_wconf 81' lang='lat' dir='ltr'><strong>comparat</strong></span> <span class='ocrx_word' id='word_1_372' title='bbox 1702 994 1783 1044; x_wconf 85' lang='lat' dir='ltr'><strong>apri</strong></span> <span class='ocrx_word' id='word_1_373' title='bbox 1803 1008 1859 1031; x_wconf 88' lang='lat' dir='ltr'><strong>ro-</strong></span> 
     </span>
     <span class='ocr_line' id='line_1_63' title="bbox 995 1049 1858 1099; baseline 0.003 -14"><span class='ocrx_word' id='word_1_374' title='bbox 995 1051 1093 1085; x_wconf 84' lang='lat' dir='ltr'><strong>stro:</strong></span> <span class='ocrx_word' id='word_1_375' title='bbox 1120 1049 1255 1087; x_wconf 78' lang='lat' dir='ltr'><strong>asinus</strong></span> <span class='ocrx_word' id='word_1_376' title='bbox 1279 1049 1448 1086; x_wconf 81' lang='lat' dir='ltr'><strong>demisso</strong></span> <span class='ocrx_word' id='word_1_377' title='bbox 1468 1061 1593 1099; x_wconf 80' lang='lat' dir='ltr'><strong>peue:</strong></span> <span class='ocrx_word' id='word_1_378' title='bbox 1624 1049 1801 1087; x_wconf 85' lang='lat' dir='ltr'><strong>Similem</strong></span> <span class='ocrx_word' id='word_1_379' title='bbox 1824 1051 1858 1088; x_wconf 86' lang='lat' dir='ltr'><strong>si</strong></span> 
     </span>
     <span class='ocr_line' id='line_1_64' title="bbox 994 1104 1860 1155; baseline 0.002 -13"><span class='ocrx_word' id='word_1_380' title='bbox 994 1117 1121 1155; x_wconf 72' lang='lat' dir='ltr'><strong>ueyas</strong></span> <span class='ocrx_word' id='word_1_381' title='bbox 1149 1104 1240 1143; x_wconf 82' lang='lat' dir='ltr'><strong>Tibi</strong></span> <span class='ocrx_word' id='word_1_382' title='bbox 1275 1117 1334 1142; x_wconf 89' lang='lat' dir='ltr'><strong>me</strong></span> <span class='ocrx_word' id='word_1_383' title='bbox 1368 1117 1464 1149; x_wconf 85' lang='lat' dir='ltr'><strong>esse,</strong></span> <span class='ocrx_word' id='word_1_384' title='bbox 1502 1109 1608 1143; x_wconf 80' lang='lat' dir='ltr'><strong>certe</strong></span> <span class='ocrx_word' id='word_1_385' title='bbox 1640 1105 1767 1143; x_wconf 84' lang='lat' dir='ltr'><strong>simile</strong></span> <span class='ocrx_word' id='word_1_386' title='bbox 1802 1110 1860 1144; x_wconf 82' lang='lat' dir='ltr'><strong>est</strong></span> 
     </span>
     <span class='ocr_line' id='line_1_65' title="bbox 994 1159 1855 1207; baseline 0.002 -10"><span class='ocrx_word' id='word_1_387' title='bbox 994 1159 1071 1198; x_wconf 75' lang='lat' dir='ltr'><strong>lcoc</strong></span> <span class='ocrx_word' id='word_1_388' title='bbox 1101 1164 1236 1198; x_wconf 82' lang='lat' dir='ltr'><strong>rostro</strong></span> <span class='ocrx_word' id='word_1_389' title='bbox 1268 1164 1347 1200; x_wconf 83' lang='lat' dir='ltr'><strong>tuo.</strong></span> <span class='ocrx_word' id='word_1_390' title='bbox 1406 1159 1544 1198; x_wconf 88' lang='lat' dir='ltr'><strong>Monet</strong></span> <span class='ocrx_word' id='word_1_391' title='bbox 1574 1159 1635 1198; x_wconf 89' lang='lat' dir='ltr'><strong>hic</strong></span> <span class='ocrx_word' id='word_1_392' title='bbox 1665 1159 1781 1207; x_wconf 65' lang='lat' dir='ltr'><strong>Oud„</strong></span> <span class='ocrx_word' id='word_1_393' title='bbox 1819 1162 1855 1199; x_wconf 89' lang='lat' dir='ltr'><strong>in</strong></span> 
     </span>
     <span class='ocr_line' id='line_1_66' title="bbox 991 1215 1856 1266; baseline 0.002 -14"><span class='ocrx_word' id='word_1_394' title='bbox 991 1215 1141 1253; x_wconf 88' lang='lat' dir='ltr'><strong>deliciis</strong></span> <span class='ocrx_word' id='word_1_395' title='bbox 1177 1228 1271 1253; x_wconf 88' lang='lat' dir='ltr'><strong>esse</strong></span> <span class='ocrx_word' id='word_1_396' title='bbox 1305 1217 1449 1254; x_wconf 88' lang='lat' dir='ltr'><strong>auctori</strong></span> <span class='ocrx_word' id='word_1_397' title='bbox 1483 1216 1602 1254; x_wconf 84' lang='lat' dir='ltr'><strong>verba</strong></span> <span class='ocrx_word' id='word_1_398' title='bbox 1638 1216 1856 1266; x_wconf 84' lang='lat' dir='ltr'><strong>frequenta-</strong></span> 
     </span>
     <span class='ocr_line' id='line_1_67' title="bbox 990 1270 1853 1323; baseline 0.001 -15"><span class='ocrx_word' id='word_1_399' title='bbox 990 1270 1085 1316; x_wconf 86' lang='lat' dir='ltr'><strong>tiva,</strong></span> <span class='ocrx_word' id='word_1_400' title='bbox 1123 1284 1173 1309; x_wconf 86' lang='lat' dir='ltr'><strong>ex</strong></span> <span class='ocrx_word' id='word_1_401' title='bbox 1198 1284 1273 1322; x_wconf 89' lang='lat' dir='ltr'><strong>quo</strong></span> <span class='ocrx_word' id='word_1_402' title='bbox 1299 1285 1373 1309; x_wconf 87' lang='lat' dir='ltr'><strong>usu</strong></span> <span class='ocrx_word' id='word_1_403' title='bbox 1403 1277 1560 1311; x_wconf 74' lang='lat' dir='ltr'><strong>iactare</strong></span> <span class='ocrx_word' id='word_1_404' title='bbox 1590 1273 1748 1322; x_wconf 80' lang='lat' dir='ltr'><strong>probat,</strong></span> <span class='ocrx_word' id='word_1_405' title='bbox 1785 1285 1853 1323; x_wconf 89' lang='lat' dir='ltr'><strong>pro</strong></span> 
     </span>
     <span class='ocr_line' id='line_1_68' title="bbox 990 1326 1855 1376; baseline 0.003 -13"><span class='ocrx_word' id='word_1_406' title='bbox 990 1338 1066 1376; x_wconf 87' lang='lat' dir='ltr'><strong>quo</strong></span> <span class='ocrx_word' id='word_1_407' title='bbox 1092 1326 1155 1364; x_wconf 87' lang='lat' dir='ltr'><strong>alii</strong></span> <span class='ocrx_word' id='word_1_408' title='bbox 1181 1332 1329 1366; x_wconf 68' lang='lat' dir='ltr'><strong>taxare</strong></span> <span class='ocrx_word' id='word_1_409' title='bbox 1353 1327 1528 1373; x_wconf 79' lang='lat' dir='ltr'><strong>dixerint,</strong></span> <span class='ocrx_word' id='word_1_410' title='bbox 1555 1328 1603 1366; x_wconf 85' lang='lat' dir='ltr'><strong>cl&#39;.</strong></span> <span class='ocrx_word' id='word_1_411' title='bbox 1631 1328 1750 1366; x_wconf 83' lang='lat' dir='ltr'><strong>Voss.</strong></span> <span class='ocrx_word' id='word_1_412' title='bbox 1772 1328 1855 1366; x_wconf 85' lang='lat' dir='ltr'><strong>Ari-</strong></span> 
     </span>
     <span class='ocr_line' id='line_1_69' title="bbox 987 1381 1468 1435; baseline 0.002 -16"><span class='ocrx_word' id='word_1_413' title='bbox 987 1382 1128 1420; x_wconf 83' lang='lat' dir='ltr'><strong>starch.</strong></span> <span class='ocrx_word' id='word_1_414' title='bbox 1155 1381 1199 1420; x_wconf 88' lang='lat' dir='ltr'><strong>T.</strong></span> <span class='ocrx_word' id='word_1_415' title='bbox 1226 1382 1269 1421; x_wconf 91' lang='lat' dir='ltr'><strong>ll.</strong></span> <span class='ocrx_word' id='word_1_416' title='bbox 1296 1397 1332 1433; x_wconf 88' lang='lat' dir='ltr'><strong>p.</strong></span> <span class='ocrx_word' id='word_1_417' title='bbox 1359 1383 1468 1435; x_wconf 65' lang='lat'><strong>903]</strong></span> 
     </span>
    </p>

    <p class='ocr_par' dir='ltr' id='par_1_9' title="bbox 980 1440 1853 1825">
     <span class='ocr_line' id='line_1_70' title="bbox 1047 1440 1853 1490; baseline 0.002 -14"><span class='ocrx_word' id='word_1_418' title='bbox 1047 1442 1108 1478; x_wconf 86' lang='lat'><strong>10.</strong></span> <span class='ocrx_word' id='word_1_419' title='bbox 1138 1440 1282 1489; x_wconf 69' lang='lat' dir='ltr'><strong>qenins</strong></span> <span class='ocrx_word' id='word_1_420' title='bbox 1312 1440 1332 1476; x_wconf 93' lang='lat' dir='ltr'><strong>i.</strong></span> <span class='ocrx_word' id='word_1_421' title='bbox 1358 1452 1393 1476; x_wconf 86' lang='lat' dir='ltr'><strong>e.</strong></span> <span class='ocrx_word' id='word_1_422' title='bbox 1417 1440 1615 1490; x_wconf 68' lang='lat' dir='ltr'><strong>yenitale,</strong></span> <span class='ocrx_word' id='word_1_423' title='bbox 1652 1440 1756 1490; x_wconf 88' lang='lat' dir='ltr'><strong>quod</strong></span> <span class='ocrx_word' id='word_1_424' title='bbox 1788 1454 1853 1478; x_wconf 90' lang='lat' dir='ltr'><strong>no-</strong></span> 
     </span>
     <span class='ocr_line' id='line_1_71' title="bbox 986 1494 1851 1544; baseline 0.005 -14"><span class='ocrx_word' id='word_1_425' title='bbox 986 1497 1067 1531; x_wconf 74' lang='lat' dir='ltr'><strong>ster</strong></span> <span class='ocrx_word' id='word_1_426' title='bbox 1108 1494 1252 1544; x_wconf 87' lang='lat' dir='ltr'><strong>aliique</strong></span> <span class='ocrx_word' id='word_1_427' title='bbox 1293 1500 1481 1533; x_wconf 69' lang='lat' dir='ltr'><strong>naturam</strong></span> <span class='ocrx_word' id='word_1_428' title='bbox 1523 1494 1653 1533; x_wconf 86' lang='lat' dir='ltr'><strong>solent</strong></span> <span class='ocrx_word' id='word_1_429' title='bbox 1698 1508 1851 1534; x_wconf 81' lang='lat' dir='ltr'><strong>vocare.</strong></span> 
     </span>
     <span class='ocr_line' id='line_1_72' title="bbox 984 1548 1851 1589; baseline 0.003 -3"><span class='ocrx_word' id='word_1_430' title='bbox 984 1548 1061 1587; x_wconf 88' lang='lat' dir='ltr'><strong>Pro</strong></span> <span class='ocrx_word' id='word_1_431' title='bbox 1098 1549 1208 1588; x_wconf 72' lang='lat' dir='ltr'><strong>anth.</strong></span> <span class='ocrx_word' id='word_1_432' title='bbox 1246 1556 1402 1588; x_wconf 78' lang='lat' dir='ltr'><strong>teneras</strong></span> <span class='ocrx_word' id='word_1_433' title='bbox 1438 1548 1540 1589; x_wconf 87' lang='lat' dir='ltr'><strong>Elm.</strong></span> <span class='ocrx_word' id='word_1_434' title='bbox 1580 1550 1713 1588; x_wconf 81' lang='lat' dir='ltr'><strong>scribit</strong></span> <span class='ocrx_word' id='word_1_435' title='bbox 1753 1553 1851 1589; x_wconf 81' lang='lat' dir='ltr'><strong>satis</strong></span> 
     </span>
     <span class='ocr_line' id='line_1_73' title="bbox 983 1605 1850 1655; baseline 0.003 -12"><span class='ocrx_word' id='word_1_436' title='bbox 983 1605 1222 1655; x_wconf 68' lang='lat' dir='ltr'><strong>ineleganter</strong></span> <span class='ocrx_word' id='word_1_437' title='bbox 1240 1620 1381 1645; x_wconf 71' lang='lat' dir='ltr'><strong>manus</strong></span> <span class='ocrx_word' id='word_1_438' title='bbox 1399 1611 1576 1649; x_wconf 49' lang='lat' dir='ltr'><strong>teneram</strong></span> <span class='ocrx_word' id='word_1_439' title='bbox 1608 1606 1710 1644; x_wconf 81' lang='lat' dir='ltr'><strong>ond.</strong></span> <span class='ocrx_word' id='word_1_440' title='bbox 1737 1612 1850 1646; x_wconf 74' lang='lat' dir='ltr'><strong>arius</strong></span> 
     </span>
     <span class='ocr_line' id='line_1_74' title="bbox 982 1662 1849 1712; baseline -0.001 -12"><span class='ocrx_word' id='word_1_441' title='bbox 982 1667 1156 1707; x_wconf 72' lang='lat' dir='ltr'><strong>teneros,</strong></span> <span class='ocrx_word' id='word_1_442' title='bbox 1199 1663 1257 1699; x_wconf 91' lang='lat' dir='ltr'><strong>cui</strong></span> <span class='ocrx_word' id='word_1_443' title='bbox 1299 1662 1438 1700; x_wconf 91' lang='lat' dir='ltr'><strong>melius</strong></span> <span class='ocrx_word' id='word_1_444' title='bbox 1478 1662 1572 1712; x_wconf 90' lang='lat' dir='ltr'><strong>quid</strong></span> <span class='ocrx_word' id='word_1_445' title='bbox 1611 1663 1849 1701; x_wconf 82' lang='lat' dir='ltr'><strong>substituere</strong></span> 
     </span>
     <span class='ocr_line' id='line_1_75' title="bbox 981 1717 1846 1768; baseline 0.002 -14"><span class='ocrx_word' id='word_1_446' title='bbox 981 1731 1056 1755; x_wconf 89' lang='lat' dir='ltr'><strong>non</strong></span> <span class='ocrx_word' id='word_1_447' title='bbox 1082 1717 1228 1765; x_wconf 86' lang='lat' dir='ltr'><strong>babeo,</strong></span> <span class='ocrx_word' id='word_1_448' title='bbox 1271 1730 1504 1768; x_wconf 84' lang='lat' dir='ltr'><strong>quamquam</strong></span> <span class='ocrx_word' id='word_1_449' title='bbox 1530 1719 1749 1758; x_wconf 82' lang='lat' dir='ltr'><strong>coniectura</strong></span> <span class='ocrx_word' id='word_1_450' title='bbox 1772 1733 1846 1757; x_wconf 90' lang='lat' dir='ltr'><strong>non</strong></span> 
     </span>
     <span class='ocr_line' id='line_1_76' title="bbox 980 1773 1174 1825; baseline 0.005 -14"><span class='ocrx_word' id='word_1_451' title='bbox 980 1773 1174 1825; x_wconf 83' lang='lat' dir='ltr'><strong>probatur.</strong></span> 
     </span>
    </p>

    <p class='ocr_par' dir='ltr' id='par_1_10' title="bbox 970 1828 1847 2484">
     <span class='ocr_line' id='line_1_77' title="bbox 1039 1828 1846 1879; baseline -0.001 -10"><span class='ocrx_word' id='word_1_452' title='bbox 1039 1834 1101 1869; x_wconf 84' lang='lat'><strong>11.</strong></span> <span class='ocrx_word' id='word_1_453' title='bbox 1145 1828 1312 1870; x_wconf 75' lang='lat' dir='ltr'><strong>lustrum</strong></span> <span class='ocrx_word' id='word_1_454' title='bbox 1345 1832 1481 1869; x_wconf 75' lang='lat' dir='ltr'><strong>sterni.</strong></span> <span class='ocrx_word' id='word_1_455' title='bbox 1542 1830 1846 1879; x_wconf 79' lang='lat' dir='ltr'><strong>Elegantissime</strong></span> 
     </span>
     <span class='ocr_line' id='line_1_78' title="bbox 979 1885 1847 1936; baseline 0 -12"><span class='ocrx_word' id='word_1_456' title='bbox 979 1885 1105 1924; x_wconf 84' lang='lat' dir='ltr'><strong>cubile</strong></span> <span class='ocrx_word' id='word_1_457' title='bbox 1135 1885 1228 1930; x_wconf 86' lang='lat' dir='ltr'><strong>hoc,</strong></span> <span class='ocrx_word' id='word_1_458' title='bbox 1258 1899 1334 1936; x_wconf 89' lang='lat' dir='ltr'><strong>quo</strong></span> <span class='ocrx_word' id='word_1_459' title='bbox 1365 1899 1450 1923; x_wconf 84' lang='lat' dir='ltr'><strong>cum</strong></span> <span class='ocrx_word' id='word_1_460' title='bbox 1475 1887 1586 1924; x_wconf 76' lang='lat' dir='ltr'><strong>asino</strong></span> <span class='ocrx_word' id='word_1_461' title='bbox 1612 1886 1755 1924; x_wconf 82' lang='lat' dir='ltr'><strong>femina</strong></span> <span class='ocrx_word' id='word_1_462' title='bbox 1780 1886 1847 1925; x_wconf 84' lang='lat' dir='ltr'><strong>illa.</strong></span> 
     </span>
     <span class='ocr_line' id='line_1_79' title="bbox 978 1942 1843 1988; baseline 0.001 -8"><span class='ocrx_word' id='word_1_463' title='bbox 978 1942 1235 1987; x_wconf 80' lang='lat' dir='ltr'><strong>concubuerit,</strong></span> <span class='ocrx_word' id='word_1_464' title='bbox 1246 1942 1413 1981; x_wconf 78' lang='lat' dir='ltr'><strong>lustrum</strong></span> <span class='ocrx_word' id='word_1_465' title='bbox 1422 1943 1562 1988; x_wconf 81' lang='lat' dir='ltr'><strong>vocari,</strong></span> <span class='ocrx_word' id='word_1_466' title='bbox 1572 1944 1731 1982; x_wconf 79' lang='lat' dir='ltr'><strong>adnotat</strong></span> <span class='ocrx_word' id='word_1_467' title='bbox 1741 1942 1843 1981; x_wconf 83' lang='lat' dir='ltr'><strong>oud.</strong></span> 
     </span>
     <span class='ocr_line' id='line_1_80' title="bbox 978 1997 1844 2048; baseline 0 -13"><span class='ocrx_word' id='word_1_468' title='bbox 978 1997 1083 2035; x_wconf 88' lang='lat' dir='ltr'><strong>Esse</strong></span> <span class='ocrx_word' id='word_1_469' title='bbox 1104 1997 1204 2035; x_wconf 91' lang='lat' dir='ltr'><strong>enim</strong></span> <span class='ocrx_word' id='word_1_470' title='bbox 1224 1998 1377 2048; x_wconf 84' lang='lat' dir='ltr'><strong>proprie</strong></span> <span class='ocrx_word' id='word_1_471' title='bbox 1395 1998 1522 2035; x_wconf 86' lang='lat' dir='ltr'><strong>cubile</strong></span> <span class='ocrx_word' id='word_1_472' title='bbox 1541 1999 1623 2048; x_wconf 85' lang='lat' dir='ltr'><strong>apri</strong></span> <span class='ocrx_word' id='word_1_473' title='bbox 1649 1998 1711 2035; x_wconf 81' lang='lat' dir='ltr'><strong>vel</strong></span> <span class='ocrx_word' id='word_1_474' title='bbox 1738 1998 1844 2037; x_wconf 87' lang='lat' dir='ltr'><strong>ferae</strong></span> 
     </span>
     <span class='ocr_line' id='line_1_81' title="bbox 979 2053 1842 2104; baseline 0.001 -14"><span class='ocrx_word' id='word_1_475' title='bbox 979 2055 1013 2091; x_wconf 92' lang='lat' dir='ltr'><strong>in</strong></span> <span class='ocrx_word' id='word_1_476' title='bbox 1038 2054 1156 2099; x_wconf 81' lang='lat' dir='ltr'><strong>silva,</strong></span> <span class='ocrx_word' id='word_1_477' title='bbox 1182 2053 1220 2090; x_wconf 84' lang='lat' dir='ltr'><strong>id</strong></span> <span class='ocrx_word' id='word_1_478' title='bbox 1245 2054 1349 2104; x_wconf 89' lang='lat' dir='ltr'><strong>quod</strong></span> <span class='ocrx_word' id='word_1_479' title='bbox 1375 2054 1615 2092; x_wconf 82' lang='lat' dir='ltr'><strong>notissimum</strong></span> <span class='ocrx_word' id='word_1_480' title='bbox 1642 2058 1716 2093; x_wconf 78' lang='lat' dir='ltr'><strong>est.</strong></span> <span class='ocrx_word' id='word_1_481' title='bbox 1763 2053 1842 2092; x_wconf 91' lang='lat' dir='ltr'><strong>Pro</strong></span> 
     </span>
     <span class='ocr_line' id='line_1_82' title="bbox 972 2108 1843 2161; baseline 0.001 -13"><span class='ocrx_word' id='word_1_482' title='bbox 972 2110 1150 2161; x_wconf 79' lang='lat' dir='ltr'><strong>putabat</strong></span> <span class='ocrx_word' id='word_1_483' title='bbox 1161 2108 1260 2147; x_wconf 89' lang='lat' dir='ltr'><strong>Elm.</strong></span> <span class='ocrx_word' id='word_1_484' title='bbox 1276 2110 1447 2148; x_wconf 88' lang='lat' dir='ltr'><strong>enotavit</strong></span> <span class='ocrx_word' id='word_1_485' title='bbox 1459 2110 1705 2150; x_wconf 81' lang='lat' dir='ltr'><strong>autumabat.</strong></span> <span class='ocrx_word' id='word_1_486' title='bbox 1730 2109 1843 2149; x_wconf 86' lang='lat' dir='ltr'><strong>Haec</strong></span> 
     </span>
     <span class='ocr_line' id='line_1_83' title="bbox 975 2166 1841 2217; baseline 0.001 -14"><span class='ocrx_word' id='word_1_487' title='bbox 975 2169 1174 2217; x_wconf 85' lang='lat' dir='ltr'><strong>postrema</strong></span> <span class='ocrx_word' id='word_1_488' title='bbox 1186 2166 1306 2204; x_wconf 86' lang='lat' dir='ltr'><strong>verba</strong></span> <span class='ocrx_word' id='word_1_489' title='bbox 1324 2170 1549 2217; x_wconf 85' lang='lat' dir='ltr'><strong>argumento</strong></span> <span class='ocrx_word' id='word_1_490' title='bbox 1562 2169 1663 2212; x_wconf 82' lang='lat' dir='ltr'><strong>sunt,</strong></span> <span class='ocrx_word' id='word_1_491' title='bbox 1683 2179 1707 2204; x_wconf 86' lang='lat' dir='ltr'><strong>a</strong></span> <span class='ocrx_word' id='word_1_492' title='bbox 1725 2180 1841 2204; x_wconf 85' lang='lat' dir='ltr'><strong>manu</strong></span> 
     </span>
     <span class='ocr_line' id='line_1_84' title="bbox 974 2221 1840 2273; baseline 0.001 -14"><span class='ocrx_word' id='word_1_493' title='bbox 974 2221 1130 2272; x_wconf 88' lang='lat' dir='ltr'><strong>Apuleii</strong></span> <span class='ocrx_word' id='word_1_494' title='bbox 1151 2222 1226 2260; x_wconf 86' lang='lat' dir='ltr'><strong>ista</strong></span> <span class='ocrx_word' id='word_1_495' title='bbox 1243 2221 1432 2272; x_wconf 87' lang='lat' dir='ltr'><strong>proficisci</strong></span> <span class='ocrx_word' id='word_1_496' title='bbox 1453 2235 1526 2259; x_wconf 92' lang='lat' dir='ltr'><strong>non</strong></span> <span class='ocrx_word' id='word_1_497' title='bbox 1546 2223 1738 2273; x_wconf 80' lang='lat' dir='ltr'><strong>potuisse,</strong></span> <span class='ocrx_word' id='word_1_498' title='bbox 1751 2236 1840 2260; x_wconf 88' lang='lat' dir='ltr'><strong>nam</strong></span> 
     </span>
     <span class='ocr_line' id='line_1_85' title="bbox 975 2278 1839 2317; baseline 0.001 -2"><span class='ocrx_word' id='word_1_499' title='bbox 975 2279 1098 2316; x_wconf 87' lang='lat' dir='ltr'><strong>lectus</strong></span> <span class='ocrx_word' id='word_1_500' title='bbox 1123 2278 1198 2316; x_wconf 88' lang='lat' dir='ltr'><strong>iam</strong></span> <span class='ocrx_word' id='word_1_501' title='bbox 1222 2281 1367 2316; x_wconf 83' lang='lat' dir='ltr'><strong>stratus</strong></span> <span class='ocrx_word' id='word_1_502' title='bbox 1399 2282 1482 2315; x_wconf 85' lang='lat' dir='ltr'><strong>erat</strong></span> <span class='ocrx_word' id='word_1_503' title='bbox 1511 2281 1625 2315; x_wconf 87' lang='lat' dir='ltr'><strong>antea</strong></span> <span class='ocrx_word' id='word_1_504' title='bbox 1649 2278 1698 2317; x_wconf 85' lang='lat' dir='ltr'><strong>ab</strong></span> <span class='ocrx_word' id='word_1_505' title='bbox 1723 2291 1839 2316; x_wconf 87' lang='lat' dir='ltr'><strong>eunu-</strong></span> 
     </span>
     <span class='ocr_line' id='line_1_86' title="bbox 972 2333 1837 2383; baseline 0.001 -12"><span class='ocrx_word' id='word_1_506' title='bbox 972 2333 1073 2377; x_wconf 87' lang='lat' dir='ltr'><strong>chis,</strong></span> <span class='ocrx_word' id='word_1_507' title='bbox 1105 2334 1208 2383; x_wconf 87' lang='lat' dir='ltr'><strong>iique</strong></span> <span class='ocrx_word' id='word_1_508' title='bbox 1238 2334 1313 2371; x_wconf 90' lang='lat' dir='ltr'><strong>iam</strong></span> <span class='ocrx_word' id='word_1_509' title='bbox 1338 2347 1362 2372; x_wconf 89' lang='lat' dir='ltr'><strong>a</strong></span> <span class='ocrx_word' id='word_1_510' title='bbox 1387 2333 1531 2371; x_wconf 78' lang='lat' dir='ltr'><strong>foribus</strong></span> <span class='ocrx_word' id='word_1_511' title='bbox 1556 2334 1690 2372; x_wconf 89' lang='lat' dir='ltr'><strong>remoti</strong></span> <span class='ocrx_word' id='word_1_512' title='bbox 1717 2338 1837 2380; x_wconf 87' lang='lat' dir='ltr'><strong>erant,</strong></span> 
     </span>
     <span class='ocr_line' id='line_1_87' title="bbox 972 2389 1836 2429; baseline 0.002 -3"><span class='ocrx_word' id='word_1_513' title='bbox 972 2390 1024 2428; x_wconf 87' lang='lat' dir='ltr'><strong>ita</strong></span> <span class='ocrx_word' id='word_1_514' title='bbox 1047 2394 1088 2428; x_wconf 90' lang='lat' dir='ltr'><strong>ut</strong></span> <span class='ocrx_word' id='word_1_515' title='bbox 1112 2389 1242 2427; x_wconf 84' lang='lat' dir='ltr'><strong>nullae</strong></span> <span class='ocrx_word' id='word_1_516' title='bbox 1273 2394 1410 2428; x_wconf 81' lang='lat' dir='ltr'><strong>essent</strong></span> <span class='ocrx_word' id='word_1_517' title='bbox 1434 2390 1531 2427; x_wconf 91' lang='lat' dir='ltr'><strong>inter</strong></span> <span class='ocrx_word' id='word_1_518' title='bbox 1556 2389 1629 2427; x_wconf 83' lang='lat' dir='ltr'><strong>bas</strong></span> <span class='ocrx_word' id='word_1_519' title='bbox 1655 2389 1836 2429; x_wconf 83' lang='lat' dir='ltr'><strong>lascivias</strong></span> 
     </span>
     <span class='ocr_line' id='line_1_88' title="bbox 970 2446 1282 2484; baseline 0.003 -2"><span class='ocrx_word' id='word_1_520' title='bbox 970 2446 1116 2484; x_wconf 86' lang='lat' dir='ltr'><strong>mulieri</strong></span> <span class='ocrx_word' id='word_1_521' title='bbox 1142 2459 1282 2483; x_wconf 82' lang='lat' dir='ltr'><strong>morae.</strong></span> 
     </span>
    </p>

    <p class='ocr_par' dir='ltr' id='par_1_11' title="bbox 963 2502 1836 3109">
     <span class='ocr_line' id='line_1_89' title="bbox 1026 2502 1836 2553; baseline 0 -13"><span class='ocrx_word' id='word_1_522' title='bbox 1026 2503 1278 2541; x_wconf 80' lang='lat' dir='ltr'><strong>meretricum</strong></span> <span class='ocrx_word' id='word_1_523' title='bbox 1298 2502 1594 2553; x_wconf 81' lang='lat' dir='ltr'><strong>poscinummia</strong></span> <span class='ocrx_word' id='word_1_524' title='bbox 1623 2506 1663 2539; x_wconf 87' lang='lat' dir='ltr'><strong>et</strong></span> <span class='ocrx_word' id='word_1_525' title='bbox 1690 2502 1836 2540; x_wconf 82' lang='lat' dir='ltr'><strong>adveu-</strong></span> 
     </span>
     <span class='ocr_line' id='line_1_90' title="bbox 972 2557 1835 2610; baseline -0.001 -14"><span class='ocrx_word' id='word_1_526' title='bbox 972 2563 1102 2597; x_wconf 82' lang='lat' dir='ltr'><strong>torum</strong></span> <span class='ocrx_word' id='word_1_527' title='bbox 1119 2558 1479 2610; x_wconf 72' lang='lat' dir='ltr'><strong>ueyantinummia.</strong></span> <span class='ocrx_word' id='word_1_528' title='bbox 1510 2557 1597 2596; x_wconf 73' lang='lat' dir='ltr'><strong>Nec</strong></span> <span class='ocrx_word' id='word_1_529' title='bbox 1608 2558 1764 2608; x_wconf 83' lang='lat' dir='ltr'><strong>vulgata</strong></span> <span class='ocrx_word' id='word_1_530' title='bbox 1783 2558 1835 2595; x_wconf 88' lang='lat' dir='ltr'><strong>le-</strong></span> 
     </span>
     <span class='ocr_line' id='line_1_91' title="bbox 969 2612 1832 2664; baseline 0 -13"><span class='ocrx_word' id='word_1_531' title='bbox 969 2615 1043 2651; x_wconf 81' lang='lat' dir='ltr'><strong>ctio</strong></span> <span class='ocrx_word' id='word_1_532' title='bbox 1069 2614 1340 2657; x_wconf 74' lang='lat' dir='ltr'><strong>advectorum,</strong></span> <span class='ocrx_word' id='word_1_533' title='bbox 1366 2627 1437 2651; x_wconf 92' lang='lat' dir='ltr'><strong>nec</strong></span> <span class='ocrx_word' id='word_1_534' title='bbox 1461 2613 1620 2664; x_wconf 83' lang='lat' dir='ltr'><strong>Sciopp.</strong></span> <span class='ocrx_word' id='word_1_535' title='bbox 1646 2617 1687 2651; x_wconf 86' lang='lat' dir='ltr'><strong>et</strong></span> <span class='ocrx_word' id='word_1_536' title='bbox 1711 2612 1832 2651; x_wconf 80' lang='lat' dir='ltr'><strong>d’Orl.</strong></span> 
     </span>
     <span class='ocr_line' id='line_1_92' title="bbox 968 2668 1832 2719; baseline 0 -12"><span class='ocrx_word' id='word_1_537' title='bbox 968 2670 1018 2708; x_wconf 86' lang='lat' dir='ltr'><strong>ad</strong></span> <span class='ocrx_word' id='word_1_538' title='bbox 1049 2669 1142 2707; x_wconf 84' lang='lat' dir='ltr'><strong>Tac.</strong></span> <span class='ocrx_word' id='word_1_539' title='bbox 1172 2670 1272 2707; x_wconf 87' lang='lat' dir='ltr'><strong>Ann.</strong></span> <span class='ocrx_word' id='word_1_540' title='bbox 1307 2668 1376 2707; x_wconf 89' lang='lat' dir='ltr'><strong>Xl.</strong></span> <span class='ocrx_word' id='word_1_541' title='bbox 1414 2682 1452 2719; x_wconf 86' lang='lat' dir='ltr'><strong>p.</strong></span> <span class='ocrx_word' id='word_1_542' title='bbox 1485 2673 1575 2709; x_wconf 90' lang='lat'><strong>573.</strong></span> <span class='ocrx_word' id='word_1_543' title='bbox 1613 2669 1832 2707; x_wconf 85' lang='lat' dir='ltr'><strong>emendatio</strong></span> 
     </span>
     <span class='ocr_line' id='line_1_93' title="bbox 969 2727 1830 2777; baseline -0.002 -12"><span class='ocrx_word' id='word_1_544' title='bbox 969 2727 1274 2769; x_wconf 74' lang='lat' dir='ltr'><strong>advocatorum,</strong></span> <span class='ocrx_word' id='word_1_545' title='bbox 1285 2738 1443 2775; x_wconf 88' lang='lat' dir='ltr'><strong>quorum</strong></span> <span class='ocrx_word' id='word_1_546' title='bbox 1457 2729 1546 2763; x_wconf 83' lang='lat' dir='ltr'><strong>nota</strong></span> <span class='ocrx_word' id='word_1_547' title='bbox 1560 2728 1748 2777; x_wconf 84' lang='lat' dir='ltr'><strong>perpetua</strong></span> <span class='ocrx_word' id='word_1_548' title='bbox 1756 2730 1830 2770; x_wconf 86' lang='lat' dir='ltr'><strong>est,</strong></span> 
     </span>
     <span class='ocr_line' id='line_1_94' title="bbox 970 2781 1829 2832; baseline 0.001 -13"><span class='ocrx_word' id='word_1_549' title='bbox 970 2794 1065 2819; x_wconf 81' lang='lat' dir='ltr'><strong>esse</strong></span> <span class='ocrx_word' id='word_1_550' title='bbox 1106 2782 1294 2832; x_wconf 84' lang='lat' dir='ltr'><strong>pecuniae</strong></span> <span class='ocrx_word' id='word_1_551' title='bbox 1336 2781 1541 2831; x_wconf 85' lang='lat' dir='ltr'><strong>accipitres</strong></span> <span class='ocrx_word' id='word_1_552' title='bbox 1583 2784 1621 2818; x_wconf 91' lang='lat' dir='ltr'><strong>et</strong></span> <span class='ocrx_word' id='word_1_553' title='bbox 1663 2784 1829 2820; x_wconf 77' lang='lat' dir='ltr'><strong>extorto-</strong></span> 
     </span>
     <span class='ocr_line' id='line_1_95' title="bbox 967 2836 1830 2887; baseline 0 -12"><span class='ocrx_word' id='word_1_554' title='bbox 967 2850 1046 2882; x_wconf 84' lang='lat' dir='ltr'><strong>res,</strong></span> <span class='ocrx_word' id='word_1_555' title='bbox 1060 2850 1227 2886; x_wconf 88' lang='lat' dir='ltr'><strong>unquam</strong></span> <span class='ocrx_word' id='word_1_556' title='bbox 1247 2840 1380 2887; x_wconf 85' lang='lat' dir='ltr'><strong>potest</strong></span> <span class='ocrx_word' id='word_1_557' title='bbox 1400 2837 1653 2886; x_wconf 86' lang='lat' dir='ltr'><strong>comprobari.</strong></span> <span class='ocrx_word' id='word_1_558' title='bbox 1688 2836 1830 2887; x_wconf 82' lang='lat' dir='ltr'><strong>Agitur</strong></span> 
     </span>
     <span class='ocr_line' id='line_1_96' title="bbox 963 2892 1831 2943; baseline -0.001 -12"><span class='ocrx_word' id='word_1_559' title='bbox 963 2894 1027 2932; x_wconf 89' lang='lat' dir='ltr'><strong>hic</strong></span> <span class='ocrx_word' id='word_1_560' title='bbox 1051 2892 1100 2930; x_wconf 86' lang='lat' dir='ltr'><strong>de</strong></span> <span class='ocrx_word' id='word_1_561' title='bbox 1124 2893 1245 2931; x_wconf 86' lang='lat' dir='ltr'><strong>basiis</strong></span> <span class='ocrx_word' id='word_1_562' title='bbox 1277 2893 1312 2930; x_wconf 93' lang='lat' dir='ltr'><strong>in</strong></span> <span class='ocrx_word' id='word_1_563' title='bbox 1345 2892 1539 2943; x_wconf 80' lang='lat' dir='ltr'><strong>lupanari</strong></span> <span class='ocrx_word' id='word_1_564' title='bbox 1572 2892 1704 2931; x_wconf 85' lang='lat' dir='ltr'><strong>iactari</strong></span> <span class='ocrx_word' id='word_1_565' title='bbox 1740 2893 1831 2931; x_wconf 87' lang='lat' dir='ltr'><strong>soli-</strong></span> 
     </span>
     <span class='ocr_line' id='line_1_97' title="bbox 963 2948 1831 2999; baseline 0 -12"><span class='ocrx_word' id='word_1_566' title='bbox 963 2951 1033 2995; x_wconf 81' lang='lat' dir='ltr'><strong>tis,</strong></span> <span class='ocrx_word' id='word_1_567' title='bbox 1065 2961 1141 2999; x_wconf 88' lang='lat' dir='ltr'><strong>quo</strong></span> <span class='ocrx_word' id='word_1_568' title='bbox 1172 2951 1308 2986; x_wconf 86' lang='lat' dir='ltr'><strong>euntes</strong></span> <span class='ocrx_word' id='word_1_569' title='bbox 1334 2948 1400 2985; x_wconf 80' lang='lat' dir='ltr'><strong>viri</strong></span> <span class='ocrx_word' id='word_1_570' title='bbox 1428 2952 1533 2985; x_wconf 89' lang='lat' dir='ltr'><strong>recte</strong></span> <span class='ocrx_word' id='word_1_571' title='bbox 1563 2948 1735 2986; x_wconf 87' lang='lat' dir='ltr'><strong>dicuntur</strong></span> <span class='ocrx_word' id='word_1_572' title='bbox 1758 2950 1831 2988; x_wconf 84' lang='lat' dir='ltr'><strong>ad-</strong></span> 
     </span>
     <span class='ocr_line' id='line_1_98' title="bbox 963 3004 1830 3053; baseline 0.002 -12"><span class='ocrx_word' id='word_1_573' title='bbox 963 3009 1159 3048; x_wconf 75' lang='lat' dir='ltr'><strong>ventores,</strong></span> <span class='ocrx_word' id='word_1_574' title='bbox 1184 3004 1285 3042; x_wconf 90' lang='lat' dir='ltr'><strong>sicut</strong></span> <span class='ocrx_word' id='word_1_575' title='bbox 1309 3004 1423 3041; x_wconf 85' lang='lat' dir='ltr'><strong>etiam</strong></span> <span class='ocrx_word' id='word_1_576' title='bbox 1448 3004 1597 3053; x_wconf 81' lang='lat' dir='ltr'><strong>passim</strong></span> <span class='ocrx_word' id='word_1_577' title='bbox 1621 3017 1669 3041; x_wconf 92' lang='lat' dir='ltr'><strong>eo</strong></span> <span class='ocrx_word' id='word_1_578' title='bbox 1695 3005 1830 3044; x_wconf 83' lang='lat' dir='ltr'><strong>venire</strong></span> 
     </span>
     <span class='ocr_line' id='line_1_99' title="bbox 965 3059 1827 3109; baseline 0.001 -12"><span class='ocrx_word' id='word_1_579' title='bbox 965 3060 1139 3098; x_wconf 81' lang='lat' dir='ltr'><strong>(licuntur</strong></span> <span class='ocrx_word' id='word_1_580' title='bbox 1173 3060 1409 3098; x_wconf 83' lang='lat' dir='ltr'><strong>meretrices.</strong></span> <span class='ocrx_word' id='word_1_581' title='bbox 1470 3059 1527 3096; x_wconf 86' lang='lat' dir='ltr'><strong>lta</strong></span> <span class='ocrx_word' id='word_1_582' title='bbox 1567 3072 1827 3109; x_wconf 87' lang='lat' dir='ltr'><strong>cauponarum</strong></span> 
     </span>
    </p>
   </div>
   <div class='ocr_carea' id='block_1_7' title="bbox 965 3114 1827 3167">
    <p class='ocr_par' dir='ltr' id='par_1_12' title="bbox 965 3114 1827 3167">
     <span class='ocr_line' id='line_1_100' title="bbox 965 3114 1827 3167; baseline 0.002 -14"><span class='ocrx_word' id='word_1_583' title='bbox 965 3116 1275 3167; x_wconf 84' lang='lat' dir='ltr'><strong>t&#39;requentatores</strong></span> <span class='ocrx_word' id='word_1_584' title='bbox 1299 3114 1418 3166; x_wconf 78' lang='lat' dir='ltr'><strong>Apul.</strong></span> <span class='ocrx_word' id='word_1_585' title='bbox 1442 3114 1539 3155; x_wconf 84' lang='lat' dir='ltr'><strong>Met.</strong></span> <span class='ocrx_word' id='word_1_586' title='bbox 1553 3114 1580 3154; x_wconf 86' lang='lat' dir='ltr'><strong>I.</strong></span> <span class='ocrx_word' id='word_1_587' title='bbox 1604 3128 1641 3167; x_wconf 92' lang='lat' dir='ltr'><strong>p.</strong></span> <span class='ocrx_word' id='word_1_588' title='bbox 1656 3118 1720 3157; x_wconf 83' lang='lat'><strong>39.</strong></span> <span class='ocrx_word' id='word_1_589' title='bbox 1745 3116 1827 3156; x_wconf 84' lang='lat' dir='ltr'><strong>ad-</strong></span> 
     </span>
    </p>
   </div>
  </div>
 </body>
</html>
