2155 3590
696 187 885 229 LIBER
913 187 987 226 XI.

1048 186 1173 227 CAP.
1206 187 1254 227 V.
1801 184 1884 227 997

99 307 202 342 totus
227 306 441 342 veneratur
465 299 586 340 orbis.
636 299 730 340 lude
762 299 984 354 primigenii
1006 299 1187 355 Phryges
1210 298 1524 340 Pessinunticam
1555 299 1668 339 deum
1699 305 1879 348 matrem,

98 443 204 468 torum
225 441 262 469 F.
281 441 312 469 3.
351 442 441 467 totas
461 442 497 468 G.
518 442 547 468 1.
574 440 677 468 totius
695 441 797 470 Venet
818 443 848 469 2.
894 439 1077 468 verebatur
1101 447 1137 467 π.
1183 437 1267 466 Inde
1281 437 1382 475 prim.
1400 439 1435 467 F.
1449 440 1479 467 3.
1498 439 1535 467 Β.
1560 446 1590 473 p.
1609 438 1679 467 edd.
1698 440 1772 466 ante
1791 437 1880 465 Colv.

93 487 132 515 In
155 488 229 514 cett.
253 492 312 514 me.
354 484 558 522 primigenia
575 486 614 514 D.
656 484 910 521 pessinumtant
932 483 1026 513 deum
1050 483 1087 512 F.
1105 486 1136 512 3.
1180 483 1301 519 possim
1320 483 1489 511 numnam
1510 481 1604 511 deum
1629 483 1711 511 G.2.
1753 482 1882 519 pessz'm

94 530 299 559 nummitant
319 527 413 557 deum.
437 531 476 558 J).
507 529 770 566 pessinumitemt
791 528 884 558 deum
905 531 941 560 G.
969 532 998 558 1.
1039 531 1077 558 In
1101 529 1249 564 plurimis
1273 529 1362 556 codd.
1389 529 1469 557 Oud.
1488 529 1567 557 dicit
1592 535 1666 556 esse
1685 526 1880 564 Ρεεοίηιηηι,

90 575 260 612 pessuma,
279 574 478 611 pessimum,
500 574 684 611 pessimun,
705 574 846 611 pessim,
872 573 962 603 dessz·
971 578 1000 604 et
1019 578 1084 603 tum
1103 573 1275 602 nmnitant
1286 576 1319 602 ut
1334 575 1370 602 G.
1385 575 1415 601 1.
1430 575 1459 601 2.
1473 574 1508 602 0.
1521 574 1557 601 P.
1592 572 1731 600 mittant
1746 572 1768 601 f.
1803 570 1882 599 mit-

96 623 173 649 tunt
189 619 226 650 L.
244 627 264 649 a
276 628 318 649 m.
336 628 367 655 p.
400 618 674 648 Dessinunticam
693 620 871 648 nominant
887 620 975 655 (non
995 618 1112 654 Bess.)
1131 621 1168 648 B.
1204 616 1454 646 Pessinuntiam
1473 618 1650 645 nominant
1666 618 1776 646 XVow.
1795 617 1882 646 Pritz.

92 668 130 696 In
154 669 227 695 cett.
256 663 523 693 Pessinuncicam
547 666 742 701 nominant,
772 666 856 694 unde
879 665 1054 694 videndum
1071 667 1120 693 est
1150 663 1326 691 nominant
1349 663 1484 697 optimos
1503 664 1592 691 codd.
1617 670 1680 690 non
1705 669 1882 697 agnoscere

93 718 265 744 errareque
284 711 361 739 Oud.
377 711 534 739 dicentem
549 719 605 745 pro
619 709 887 738 Pessinunta-am
907 710 940 738 in
959 711 1048 738 codd.
1068 713 1190 738 tantum
1206 717 1279 737 esse
1293 708 1473 744 pesa-imum
1493 711 1522 735 et
1542 710 1615 736 cett.
1635 705 1818 734 Nmm'aant
1833 710 1883 735 est

94 756 271 790 priscorum
284 756 439 784 editorum
454 757 595 790 pessima
609 755 807 791 emendatio,
833 755 1065 783 sententiarum
1079 754 1316 783 cohaerentiam
1335 761 1397 782 nou
1415 752 1676 787 intelligentium.
1712 750 1807 779 deam
1824 759 1881 786 pro

92 799 186 829 deum
201 802 236 830 G.
252 802 281 830 1.
305 798 431 828 donn'ne'
440 808 496 836 pro
510 798 603 828 deum
617 801 716 830 solita
728 800 932 829 aberratione
945 801 993 829 ed.
1006 807 1052 836 pr.
1065 800 1192 829 Vicent.
1205 800 1320 828 Venet.
1334 799 1365 827 2.
1385 801 1413 827 et
1433 799 1508 828 Bas.
1527 798 1555 827 1.

150 922 262 962 Inde.
323 921 409 974 [De
432 922 547 961 huius
571 919 785 973 particulae
808 934 883 959 usu
907 923 958 959 ita

91 978 218 1018 Hand.
250 978 419 1017 Turseli.
453 977 499 1017 T.
524 977 567 1016 ll.
594 991 630 1030 p.
656 981 749 1019 365.
781 977 957 1016 disserit:

91 1034 247 1082 „Quum
272 1035 367 1074 hinc
392 1039 430 1073 et
453 1035 569 1073 ilci-nc
600 1048 650 1072 ex
674 1035 841 1074 adverso
865 1035 957 1086 poni

91 1095 209 1143 atque
245 1093 358 1130 etiam
396 1092 444 1130 de
469 1104 592 1129 rerum
622 1091 843 1142 praesentia
874 1091 956 1128 sive

92 1148 141 1186 de
167 1148 281 1186 rebus
306 1148 580 1199 apparentibus
604 1161 674 1198 pro
699 1148 766 1187 Ιιὶο
791 1171 840 1176 -—-
867 1147 957 1186 illic

91 1205 165 1243 dici
190 1203 374 1250 solerent,
400 1204 501 1242 idem
527 1204 641 1242 etiam
666 1203 807 1242 sactum
834 1207 895 1241 est
919 1203 955 1241 in

91 1261 204 1306 inde,
241 1261 343 1311 quod
370 1274 442 1299 non
468 1264 612 1299 tantum
644 1259 694 1297 de
723 1263 846 1304 motu,
881 1259 955 1298 sed

90 1317 140 1355 de
165 1320 270 1355 statu
295 1317 409 1354 etiam
437 1329 563 1354 rerum
582 1320 799 1366 usurpatur,
825 1320 952 1354 tamen

91 1387 165 1411 non
192 1373 348 1423 antiquo
373 1385 497 1419 more3
527 1371 574 1409 cf.
590 1373 720 1410 Arntz.
747 1372 795 1410 ad
821 1370 955 1411 Aurel.

89 1429 191 1467 vict.
217 1428 267 1466 de
291 1428 395 1467 Viris
420 1427 476 1466 ΙΙΙ.
502 1427 547 1465 ΙΙ.
574 1431 637 1468 9.“
683 1426 806 1465 Porro
832 1427 954 1465 offen-

89 1485 189 1524 sioni
221 1488 300 1530 est,
336 1484 440 1535 quod
472 1484 507 1522 in
538 1497 650 1535 seqq.
677 1484 808 1534 optimi
840 1484 952 1522 codd.

90 1555 164 1580 non
194 1540 312 1580 illinc
341 1541 415 1579 sed
446 1541 535 1580 illic
564 1543 738 1586 servant,
770 1540 873 1591 quod
899 1543 953 1578 te-

88 1610 194 1636 mere
220 1596 361 1636 factum
387 1610 479 1635 esse
503 1610 618 1649 nego.
655 1596 824 1635 Primum
850 1597 952 1634 enim

88 1653 322 1693 monendum
347 1657 427 1700 est,
462 1655 498 1692 in
524 1653 702 1692 omnibus
726 1666 828 1704 quae
853 1666 954 1691 com-

89 1711 214 1762 parari
239 1709 344 1749 licuit
369 1710 559 1761 exemplis
585 1723 774 1760 nusquam
799 1710 896 1748 inde
916 1713 955 1747 et

88 1767 229 1813 illinc,
265 1766 339 1805 sed
374 1767 518 1817 ubique
554 1766 648 1805 hinc
688 1769 727 1804 et
761 1766 856 1804 inde
891 1764 956 1803 vel

87 1823 171 1861 vice
195 1835 312 1862 versa
334 1824 408 1861 sibi
434 1823 588 1873 opponi.
634 1822 822 1860 Recessit
845 1823 957 1872 igitur

87 1879 281 1931 Apuleius
305 1892 328 1917 a
353 1877 572 1931 quotidiano
602 1891 677 1917 usu
702 1878 851 1916 dicendi
877 1882 952 1916 ter-

87 1937 258 1986 tiumque
289 1936 407 1974 totius
437 1935 619 1974 enuntiati
649 1935 859 1972 membrum
885 1947 954 1985 per

87 1992 176 2032 illic
210 1992 436 2044 particulam
472 1992 671 2036 adnexuit,
708 1992 765 2029 cui
801 1991 954 2041 proprie

87 2049 150 2090 hic
174 2052 257 2087 erat
286 2047 415 2094 loeus,
453 2048 632 2099 quoniam
665 2047 759 2086 Ιιίηε
790 2051 829 2085 et
857 2047 955 2086 inde

87 2119 158 2157 pro
194 2105 262 2144 hic
295 2127 352 2134 —-
386 2105 476 2144 illic
511 2117 647 2142 revera
691 2104 819 2155 posita
853 2107 954 2142 sunt.

89 2161 177 2202 Hoc
201 2165 304 2200 certe
329 2165 509 2213 apparet,
541 2161 660 2200 illinc
684 2161 813 2211 potius
840 2172 954 2209 quam

88 2218 177 2258 illic
219 2230 312 2256 esse
354 2216 591 2256 librariorum
634 2216 954 2260 emendationem,

89 2275 153 2325 qui
188 2274 286 2313 inde
319 2277 359 2313 et
388 2274 484 2313 hinc
519 2273 593 2311 sibi
629 2272 869 2324 respondere
903 2273 955 2310 vi-

89 2331 230 2369 dentes
261 2330 378 2369 illr'nc
409 2343 564 2381 quoque
591 2329 836 2380 adaptarunt,
862 2328 954 2366 hoc-

89 2400 166 2438 que
189 2387 321 2425 vitium
346 2386 499 2425 facilius
530 2386 578 2424 ab
603 2386 649 2423 iis
678 2385 861 2423 committi
886 2398 952 2436 po-

87 2445 173 2489 tuit,
211 2443 275 2494 qui
304 2456 373 2494 pro
398 2442 495 2481 inde
520 2445 766 2492 corruperant
788 2454 865 2486 me,
901 2442 954 2479 ita

87 2503 129 2537 ut
153 2499 248 2539 hinc
277 2499 500 2537 necessario
532 2499 674 2550 opponi
708 2497 868 2536 deberet
892 2509 953 2535 se-

89 2556 220 2606 quenti
255 2555 372 2594 illt'nc
408 2555 543 2606 sicque
583 2555 672 2594 illic
712 2552 954 2592 intolerabile

90 2611 241 2650 fuisset.
291 2611 359 2650 Me
389 2625 477 2649 vero
509 2624 579 2662 pro
610 2611 708 2648 inde
735 2611 757 2648 ii
782 2623 955 2648 correxe-

87 2671 172 2706 runt
196 2666 354 2713 librarii,
381 2668 444 2718 qui
470 2668 504 2705 in
529 2680 641 2717 seqq.
667 2667 877 2705 ‘nominant
901 2667 952 2704 in—

87 2723 304 2767 trudebant,
324 2737 398 2762 non
414 2723 689 2774 intelligentes,
709 2722 826 2760 totius
840 2735 954 2760 enun-

88 2780 257 2819 tiationis
273 2780 597 2819 constructionem
611 2778 784 2831 pendere
798 2792 820 2816 e
834 2779 953 2817 verbo

88 2837 322 2888 appellant,
359 2835 464 2887 quod
493 2836 567 2874 tine
597 2835 779 2873 enuntiati
805 2835 953 2885 legitur,

88 2896 128 2931 et
151 2905 360 2943 pronomen
385 2906 462 2938 me,
494 2891 598 2943 quod
623 2904 672 2929 ex
695 2894 775 2929 toto
801 2894 954 2929 senten-

87 2949 223 2987 tiarum
248 2961 349 2987 nexu
373 2949 474 2987 bene
498 2948 679 2987 substitui
710 2948 853 2998 possit,
888 2960 952 2985 ve-

88 3004 289 3043 hementer
313 3005 594 3044 desiderantes.
630 3002 688 3042 Ita
706 3003 818 3054 igitur
836 3001 953 3043 lecto-

86 3060 192 3099 ribus
217 3073 428 3113 eorumque
453 3062 580 3112 captui
600 3060 866 3105 consulebant,
890 3073 954 3098 ne-

89 3129 164 3167 que
195 3130 287 3156 vero
318 3121 521 3156 contextus
552 3116 713 3168 puritati.
760 3113 954 3167 Equidem

87 3185 138 3215 ex
168 3173 323 3225 optimis
355 3174 554 3213 codicibus
585 3173 683 3213 inde
717 3172 863 3212 retinui.
907 3172 954 3211 οἵ.

1014 920 1111 959 Met.
1136 919 1204 959 XI.
1230 934 1267 972 p.
1283 924 1376 961 804.
1401 916 1741 959 hinc'clracones
1764 918 1880 956 inde

1012 977 1215 1031 yryphex
1263 976 1312 1015 de
1340 976 1484 1028 Dogm.
1513 974 1613 1014 Plat.
1646 974 1691 1014 ΙΙ.
1722 987 1760 1026 p.
1786 977 1878 1015 228.

1012 1033 1063 1072 de
1086 1033 1175 1071 Deo
1202 1033 1351 1072 Socrat.
1376 1046 1413 1084 p.
1443 1031 1551 1084 133]

1065 1090 1306 1142 primiyenii
1329 1089 1530 1142 Plcryyes.
1569 1087 1648 1140 [De
1671 1087 1733 1125 his
1759 1087 1880 1125 diver-

1013 1146 1071 1184 sis
1095 1147 1252 1196 reginae
1269 1145 1386 1184 Isidis
1406 1145 1621 1183 nominibus
1645 1157 1692 1182 ac
1712 1147 1880 1196 potesta-

1013 1203 1116 1241 tibus
1153 1202 1201 1241 cf.
1240 1202 1362 1254 Spon.
1393 1200 1563 1240 miscell.
1595 1199 1714 1240 Erud.
1745 1200 1878 1250 Antiq.

1014 1258 1160 1297 Sect.l.
1185 1259 1271 1297 Art.
1285 1257 1352 1296 Vl.
1378 1259 1412 1296 in
1439 1256 1577 1296 Polen.
1598 1256 1737 1308 Suppl.
1759 1254 1880 1294 Thes.

1015 1315 1141 1366 Antiq.
1169 1314 1215 1353 T.
1239 1314 1306 1352 lv,
1336 1329 1374 1366 p.
1401 1317 1492 1355 687.
1541 1313 1680 1351 Matth.
1705 1312 1881 1363 Aegypt.

1012 1370 1129 1422 Expl.
1157 1370 1197 1408 S.
1215 1370 1257 1410 C.
1282 1370 1330 1408 de
1344 1369 1487 1409 Bacch.
1513 1369 1604 1408 ibid.
1621 1368 1706 1407 T.1.
1732 1382 1770 1419 p.
1785 1372 1880 1409 801.

1012 1427 1062 1464 de
1087 1427 1125 1464 la
1150 1427 1318 1465 Chauss.
1345 1426 1394 1464 de
1418 1426 1536 1465 Deor.
1551 1424 1755 1464 Simulacr.
1781 1423 1878 1463 Tab.

1010 1481 1079 1521 XI.
1106 1484 1140 1521 in
1168 1483 1309 1522 Graev.
1337 1482 1461 1521 Thes.
1487 1481 1534 1521 Τ.
1559 1481 1606 1520 V.
1633 1494 1669 1532 p.
1697 1480 1806 1532 774]

1062 1539 1316 1591 primiyenii.
1378 1538 1574 1591 [Respicit
1592 1540 1725 1575 auctor
1749 1536 1800 1575 ad
1824 1536 1878 1575 fa-

1009 1596 1159 1642 bulam,
1199 1608 1301 1645 quae
1331 1594 1435 1647 apud
1465 1593 1656 1633 Herodot.
1686 1592 1732 1632 ll.
1765 1597 1800 1634 2.
1832 1593 1881 1631 de

1011 1651 1303 1691 Psammeticho
1332 1651 1486 1703 legitur,
1513 1651 1576 1702 qui
1602 1650 1880 1694 sciscitaturus,

1012 1709 1165 1760 quinam
1201 1708 1394 1746 hominum
1435 1706 1690 1745 vetustissimi
1728 1710 1880 1747 essent:

1011 1779 1157 1816 pueros
1188 1764 1342 1803 educari
1375 1765 1489 1802 iussit
1518 1775 1742 1814 caprearum
1779 1761 1891 1801 lacte·

1013 1822 1062 1860 ab
1087 1821 1279 1859 hominum
1306 1819 1587 1859 consuetudine
1610 1818 1728 1870 plane
1753 1820 1879 1857 seiun-

1011 1882 1109 1923 ctos,
1134 1882 1175 1916 ut
1198 1877 1389 1915 humanas
1403 1890 1524 1915 voces
1543 1875 1675 1915 audire
1694 1888 1767 1913 non
1788 1887 1879 1926 pos-

1011 1941 1110 1972 sent.
1159 1933 1235 1980 Qui
1272 1946 1358 1971 cum
1393 1933 1554 1985 primam
1595 1944 1731 1970 vocem
1771 1929 1881 1983 βεκὸς

1012 1990 1247 2036 edidissent,
1273 2002 1374 2039 quae
1399 1989 1503 2040 apud
1527 1987 1710 2039 Phrygas
1730 2001 1880 2039 panem

1013 2048 1187 2092 denotat,
1224 2059 1292 2083 rex
1323 2045 1413 2083 inde
1447 2045 1522 2083 hos
1558 2045 1718 2096 primam
1755 2044 1879 2081 fuisse

1014 2107 1168 2155 gentem
1182 2103 1256 2141 sibi
1273 2103 1484 2153 persuasit3
1512 2100 1560 2139 cf.
1575 2100 1658 2139 lntt.
1678 2100 1728 2139 ad
1743 2099 1878 2139 Claud.

1012 2162 1047 2199 in
1080 2159 1240 2210 Eutrop.
1272 2157 1316 2197 ll.
1344 2163 1436 2200 251.
1485 2156 1618 2196 Schol.
1655 2157 1706 2195 ad
1741 2156 1875 2208 Apoll.

1012 2215 1079 2255 IV.
1106 2215 1223 2268 272]

1070 2272 1394 2312 Pessimmticam
1420 2271 1539 2310 ‹lezim
1563 2275 1739 2309 matrem.
1776 2268 1878 2321 [Ma-

1013 2341 1184 2380 gnopere
1215 2331 1317 2366 errat
1347 2326 1468 2373 Oud.,
1506 2328 1568 2378 qui
1605 2326 1709 2378 quod
1744 2326 1877 2364 nullibi

1010 2386 1109 2423 alias
1135 2399 1184 2424 ea
1205 2385 1421 2423 terminatio
1448 2384 1617 2435 legatur,
1653 2396 1721 2433 pro
1748 2383 1877 2421 Pessi-

1009 2443 1220 2482 mmticam
1244 2440 1453 2479 emendare
1473 2439 1555 2479 vult
1579 2442 1644 2477 aut
1663 2439 1878 2477 Pessinun-

1011 2499 1108 2537 tiam
1131 2499 1375 2536 nominitant
1403 2500 1468 2535 aut
1498 2496 1723 2547 simpliciter
1748 2495 1878 2533 Pessi-

1011 2555 1194 2593 nuntiam
1218 2567 1266 2592 ex
1292 2552 1503 2592 Herodian.
1527 2551 1553 2591 Ι.
1580 2566 1610 2590 c.
1641 2556 1703 2592 11.
1729 2548 1749 2601 ἦ
1776 2554 1877 2589 Πεσ-

1011 2608 1198 2650 σινούιντια
1223 2607 1327 2654 θεός.
1383 2608 1628 2660 Quamquam
1653 2608 1749 2653 scio,
1774 2606 1878 2658 apud

1011 2670 1162 2705 ceteros
1197 2667 1427 2718 scriptores,
1463 2669 1504 2703 ut
1535 2665 1637 2715 apud
1663 2663 1765 2702 Geli.
1791 2662 1876 2701 Vll.

1014 2727 1078 2763 16.
1104 2722 1181 2761 Cic.
1206 2735 1275 2773 pro
1302 2722 1411 2760 Sext.
1438 2735 1468 2759 c.
1495 2725 1560 2762 26.
1586 2722 1617 2772 ξ.
1643 2725 1728 2765 56.,
1753 2719 1876 2758 termi-

1011 2780 1205 2818 nationem
1223 2775 1301 2829 legi
1315 2778 1607 2822 Pessinuntius,
1633 2781 1761 2815 tamen
1788 2789 1876 2813 con-

1011 2840 1068 2874 tra
1098 2835 1210 2874 codd.
1245 2835 1429 2886 optimos,
1467 2834 1529 2884 qui
1555 2833 1877 2873 Pessimmticam

1011 2896 1146 2943 aperte
1170 2891 1320 2942 iegunt,
1355 2889 1448 2928 nihil
1479 2893 1601 2935 muto,
1639 2889 1728 2940 quia
1757 2887 1876 2938 Apul.

1009 2948 1045 2986 in
1076 2947 1139 2986 his
1169 2947 1442 2986 adiectivorum
1473 2945 1671 2996 gentilium
1701 2945 1875 2982 termina-

1010 3004 1180 3042 tionibus
1205 3002 1466 3054 quotidianum
1491 3015 1604 3039 usum
1633 3015 1706 3038 non
1732 3001 1875 3050 ubique

1011 3061 1201 3111 sequitui-3
1231 3058 1287 3097 cf.
1313 3057 1362 3096 ad
1387 3057 1483 3096 Met.
1509 3057 1535 3096 Ι.
1560 3071 1599 3109 p.
1627 3060 1663 3097 7.
1695 3057 1876 3097 Tenedos

1014 3116 1298 3169 Spartiaca.
1342 3114 1384 3153 Si
1406 3127 1542 3152 onmes
1563 3113 1673 3152 codd.
1694 3117 1771 3152 tam
1791 3126 1875 3150 cor-

1012 3173 1110 3225 rupti
1137 3175 1290 3218 essent,
1319 3174 1362 3210 ut
1386 3171 1515 3221 optimi
1540 3173 1745 3222 apparent,
1781 3169 1876 3208 Pes-
