2155 3590
695 134 884 175 LIBER
912 134 962 175 X.
1023 133 1149 174 CAP.
1179 132 1254 174 111.
1758 127 1840 170 879

638 339 1074 388 CAPUT
1158 337 1265 385 ΙΙΙ.

172 459 280 514 Ergo
306 460 427 514 igitur
451 460 692 513 impatientia
718 461 864 500 furoris
889 461 1004 500 altius
1029 459 1178 513 agitata
1203 457 1391 498 diutinum
1426 456 1529 509 rupit
1552 454 1770 504 silentium,
1806 460 1841 494 et

62 517 106 557 atl
133 530 174 556 se
200 517 335 557 vocari
360 517 547 571 praecipit
571 517 705 556 tilium.
741 516 746 571 Ι
780 516 892 570 Quod
919 530 1060 556 nomen
1084 515 1124 555 in
1150 528 1196 554 eo
1223 514 1391 554 scilicet
1412 512 1496 566 ipso
1521 512 1588 551 sed
1614 525 1663 550 ue
1687 510 1843 550 ruboris

61 575 338 614 admoneretur
367 573 534 614 libenter
564 574 757 614 eraderet.
817 571 905 613 Nec
935 572 1165 612 adulescens
1197 582 1341 624 aegrae
1367 567 1541 622 parentis
1566 574 1742 607 moratus
1773 566 1843 605 im-

150 700 295 729 alterius
310 703 358 730 ed.
374 710 421 737 pr.
433 702 560 730 Vicent.
575 703 704 735 Venet..
731 709 822 735 quam
838 701 1006 729 lectionem
1020 700 1119 728 miror
1129 701 1212 728 Elin.
1226 698 1259 727 in
1274 696 1480 727 adnotatione
1499 694 1711 730 praetulisse,
1734 701 1845 728 quam-

60 747 111 775 vis
126 747 159 775 in
174 751 262 776 textu
278 755 394 781 ponere
407 755 477 776 eam
491 755 553 775 non
569 750 702 775 conatus
716 747 755 774 sit
766 768 773 782 ‚
801 753 935 780 eumque
949 749 1081 774 secutus
1096 748 1141 773 est
1157 745 1295 772 Scriver.
1320 742 1448 770 Primus
1460 741 1638 769 Beroaldus
1652 740 1846 774 >cripturam

60 792 201 821 omnium
220 793 310 821 codd.
330 793 490 827 reposuit,
516 792 693 820 coniiciens
714 794 879 825 praeterea
898 789 1054 817 alternis.
1079 791 1201 818 Locum
1221 789 1273 817 iiic
1293 789 1411 816 habere
1439 786 1552 820 nequit
1574 783 1719 812 alterins
1744 792 1790 812 sc.
1814 788 1845 811 ut

60 841 241 871 opponatur
258 839 364 865 morbo
384 838 536 865 naturali.
561 839 592 864 ls
611 836 695 864 euim
714 837 779 864 dici
799 836 903 869 nequit
916 834 1035 871 furor.
1060 832 1164 861 Amor
1184 835 1293 867 itaque
1312 840 1375 860 non
1393 830 1485 858 alter
1494 830 1615 870 furor,
1641 830 1697 858 sed
1712 827 1803 856 aleus
1817 838 1845 856 s.

61 884 246 910 vehemens.
271 882 314 910 cf.
328 882 413 910 Prie.
428 886 455 910 et
471 883 509 910 ad
526 884 600 909 Met.
616 882 668 909 lv.
683 889 710 914 p.
726 882 802 909 ⁴244.
827 879 860 907 in
886 879 1061 907 alcioris
1088 877 1255 906 vindic-lae
1270 877 1370 905 ricem
1381 898 1388 912 ‚
1416 876 1469 905 ubi
1483 877 1593 905 eadem
1607 879 1654 904 est
1674 875 1846 904 aberratio.

62 927 156 962 rupit
174 925 210 953 F.
229 929 257 956 1.
272 929 302 956 3.
316 929 352 956 Β.
372 928 441 956 edd.
455 930 530 955 vett.
551 934 652 960 usque
671 927 711 954 ad
725 927 831 960 Colv..
858 929 920 953 tum
943 927 1026 954 Elm.
1046 925 1186 952 Scriver.
1206 923 1325 951 Florid.
1361 920 1485 957 rumpit
1507 930 1536 955 p.
1561 922 1598 949 In
1619 924 1690 948 cett.
1710 917 1847 955 dirupit.

61 970 109 997 ud
121 978 157 999 se
175 973 264 1001 codd.
284 980 395 1000 omnes
414 976 441 1000 et
466 973 535 1000 edd.
555 972 627 999 iude
647 978 667 999 a
686 972 774 999 Coiv.
796 978 824 999 c.
842 972 924 997 lunt.
939 971 969 998 2.
994 973 1030 998 111
1045 974 1117 997 cett.
1133 969 1297 996 (uoluitur.
1340 966 1513 1004 praec-epil
1528 963 1557 994 δ.
1583 966 1644 994 Sed
1659 972 1695 993 eo
1710 968 1849 999 tempore

61 1024 123 1045 uon
138 1024 219 1051 opus
232 1020 280 1045 est
305 1017 347 1046 cf.
361 1018 399 1046 ad
416 1020 490 1045 Met.
504 1018 543 1044 ΙΙ.
558 1025 586 1050 p.
606 1017 678 1044 15¹..
704 1013 943 1050 introrupit
966 1017 999 1042 el
1013 1014 1234 1051 recognoscit.
1280 1013 1314 1039 iu
1329 1019 1383 1039 ms
1398 1011 1487 1048 ipsos
1499 1012 1535 1040 F.
1554 1013 1580 1039 l.
1596 1012 1626 1039 3.
1641 1012 1677 1039 G.
1697 1011 1722 1038 Ι.
1736 1009 1849 1046 2.((1111

63 1062 95 1089 iu
110 1062 223 1090 inmens
237 1063 352 1097 hahet)
366 1064 400 1090 0.
415 1063 450 1091 P.
464 1064 501 1090 D.
517 1063 552 1089 l..
568 1061 588 1088 f.
603 1069 639 1089 π.
654 1058 681 1088 δ.
709 1059 797 1097 quod
807 1068 925 1087 nouum.
936 1059 1042 1096 ipsum
1057 1060 1196 1087 Scriver.
1222 1060 1258 1086 lu
1274 1061 1345 1086 ceti.
1360 1057 1392 1083 ²¹11
1408 1065 1444 1083 eu
1459 1055 1541 1092 ipsu.
1577 1053 1636 1083 sed
1646 1065 1672 1083 s.
1687 1058 1738 1082 set
1751 1054 1850 1087 pieri-

63 1115 123 1140 que
143 1108 233 1136 codd.
253 1111 281 1135 et
303 1108 372 1135 edd.
392 1111 466 1135 vett.
490 1114 589 1139 usque
608 1108 645 1133 ad
663 1107 752 1134 Coiv.
772 1105 825 1139 qui
845 1105 967 1138 primus
985 1103 1112 1131 srilieet
1133 1103 1311 1131 substituit.
1337 1104 1386 1130 Ea
1404 1110 1480 1130 voce
1493 1101 1685 1129 carentedd.
1700 1100 1848 1128 Beroald.

62 1150 259 1179 admoneret
271 1149 300 1180 δ.
336 1149 573 1178 admoveretur
587 1151 665 1178 Coit.
681 1151 775 1178 Voss.
823 1148 982 1177 ecaderel
1003 1151 1036 1178 B.
1084 1147 1278 1175 adulescens
1299 1147 1408 1175 inveni
1428 1146 1460 1174 in
1479 1147 1549 1175 edd.
1563 1146 1653 1174 Colv.
1669 1146 1750 1173 Elui.
1766 1145 1850 1172 Prie.

62 1198 156 1225 Yuic.
172 1198 201 1224 2.
215 1197 318 1225 necin
335 1197 495 1230 excerptis
509 1197 598 1223 codd.
615 1196 666 1223 iiis
681 1195 767 1223 editt.
784 1195 960 1228 adscriptis
973 1195 1142 1228 iniit-quam
1158 1197 1313 1221 mutatum
1327 1196 1385 1220 est.
1411 1192 1508 1220 Codd.
1524 1191 1585 1219 mei
1599 1193 1634 1219 G.
1651 1194 1679 1218 et
1693 1191 1730 1218 D.
1756 1197 1850 1223 prae-

64 1244 138 1270 bent
157 1240 366 1277 adulescens,
392 1241 456 1269 nisi
475 1242 556 1274 quod
578 1242 613 1268 G.
639 1241 663 1268 Ι.
684 1241 780 1268 habet
798 1238 1004 1267 adolescens.
1029 1241 1115 1267 Idem
1135 1238 1167 1266 in
1187 1245 1273 1271 sequ.
1294 1244 1418 1271 quoque
1431 1236 1616 1264 observavi.
1640 1235 1796 1269 Equidem
1810 1242 1851 1262 ex

63 1288 202 1315 Florem.
216 1288 246 1315 3.
261 1287 429 1314 lectionem
443 1284 638 1312 adulescens
653 1284 790 1313 restitui.
815 1285 894 1312 Oud.
911 1285 949 1312 de
966 1292 1004 1312 ea
1019 1283 1098 1311 nihil
1114 1283 1294 1311 adnotavit.

1343 1288 1443 1318 aegre
1454 1280 1611 1317 parentis
1626 1280 1759 1309 coh-ius
1773 1280 1851 1307 dicit

63 1331 219 1364 plurimas
243 1334 332 1366 vulg.
347 1332 416 1359 edd.
430 1333 557 1359 nabere.
583 1330 644 1357 Sed
661 1329 741 1358 nihil
756 1333 805 1358 est
818 1329 882 1358 nisi
897 1336 937 1356 ae
956 1327 1145 1363 diphthongi
1165 1327 1427 1361 frequentissima
1445 1326 1610 1355 scribendi
1630 1326 1730 1362 ratio,
1756 1332 1851 1359 quam

62 1384 101 1403 ne
115 1383 361 1404 commemorare
373 1376 498 1410 quidem
513 1376 658 1404 debebat.

63 1489 142 1523 tum
166 1498 264 1523 sexu
289 1488 433 1536 agatur.
484 1484 565 1522 Sed
586 1483 779 1534 Apuleius
800 1498 872 1522 uon
894 1484 928 1521 iu

64 1540 136 1580 hac
166 1541 253 1579 sola
281 1555 321 1579 re
352 1541 578 1592 imperitiam
610 1540 846 1578 medicorum
877 1540 929 1578 di-

67 1598 201 1648 gnosci
227 1597 417 1649 potuisse,
443 1597 588 1649 quippe
607 1597 670 1648 qui
691 1596 737 1634 ad
760 1597 930 1647 corporis

68 1653 329 1692 valetudinem
354 1653 452 1691 haec
476 1654 588 1704 sigua
611 1652 824 1698 retulerint,
850 1653 931 1690 vult

66 1710 252 1756 indicare,
278 1709 351 1748 sed
375 1710 410 1747 in
436 1710 656 1747 universum
683 1709 731 1747 ad
763 1709 931 1759 qualem-

67 1780 216 1817 cunque
230 1767 371 1804 amoris
385 1766 485 1803 nimii
502 1765 668 1803 furorem
681 1796 690 1810 ,
715 1778 830 1815 quem
843 1765 933 1803 dicit

66 1821 205 1861 melius
230 1837 254 1861 a
277 1822 392 1860 docto
417 1822 606 1872 cupidinis
631 1834 822 1859 venereae
848 1834 930 1871 per-

67 1880 174 1918 nosci
188 1893 327 1931 posse,
354 1891 468 1928 quam
488 1892 510 1915 a
531 1878 707 1921 medicis,
733 1877 845 1916 animi
865 1877 928 1915 bu-

68 1937 167 1973 mani
181 1936 343 1986 eiusque
358 1934 553 1972 libidinum
569 1948 682 1977 111111111
697 1934 932 1984 saepissime

68 1991 378 2042 imperitissimis.
440 1990 538 2028 Hinc
573 1990 750 2042 aliquem
786 1989 930 2035 retinui.

68 2050 102 2086 iu
128 2049 348 2086 universum
371 2046 421 2084 de
436 2060 666 2097 quocunque
681 2046 833 2084 bomine
847 2046 932 2083 sive

71 2118 156 2143 nias
173 2107 235 2142 est
246 2104 330 2141 sive
345 2102 487 2141 semina
500 2103 655 2140 dictum.
679 2102 783 2140 Nos:
807 2103 932 2142 Ji'emz

71 2175 164 2199 man
178 2160 403 2199 Jemamlen
419 2159 521 2197 ohne
540 2158 805 2211 lsorperla'clee
822 2158 935 2197 [lisze

71 2217 245 2255 brennen
268 2214 403 2266 siaha]

126 2274 382 2326 [Ῐαῃναηίεηι.
440 2270 520 2322 [lta
542 2273 727 2323 slayrare
752 2275 788 2308 et
811 2273 936 2321 furor

70 2333 110 2367 et
130 2329 261 2380 furia,
286 2331 327 2366 ut
349 2327 385 2365 in
411 2339 523 2377 seqq.
548 2328 707 2378 saepius
734 2327 782 2364 de
806 2340 937 2364 amore

70 2386 255 2424 «licuntur.
305 2384 371 2422 Sic
384 2383 612 2421 emendandi
629 2396 764 2421 versus
780 2383 936 2421 Anthol.

70 2441 160 2481 Lat.
188 2439 234 2478 Τ.
261 2439 288 2479 Ι.
320 2454 356 2492 p.
387 2443 454 2480 16:
494 2439 540 2477 In
573 2441 709 2490 fam-las
744 2440 938 2491 iynesque

74 2497 234 2542 trahor,
261 2497 356 2536 licet
380 2496 475 2534 orbe
499 2509 674 2546 superno
703 2496 874 2547 Iupiter,
901 2500 939 2534 et

74 2554 167 2593 ultis
191 2554 312 2592 mulis
338 2553 530 2603 Neptune
551 2553 748 2603 [lagji-aris
780 2551 865 2600 (vel
891 2551 936 2589 li-

74 2610 219 2662 [μιν-ῖς.)
242 2608 395 2648 Abdita
408 2610 657 2661 flammarum
668 2608 755 2658 fert
767 2607 937 2646 vl‘nclnm

73 2668 117 2704 in
142 2666 318 2705 Tartara
347 2664 530 2715 Pluton]

132 2720 220 2760 CAP.
237 2719 301 2759 ΠΙ.
349 2721 614 2771 impatientia.
660 2720 740 2772 [De
753 2720 939 2770 signitica-

76 2777 181 2815 tione
208 2791 289 2815 voc.
316 2776 364 2815 cl'.
382 2776 481 2814 Ded.
507 2776 555 2813 ad
585 2775 847 2817 Diet.1C1·et.i.
877 2779 938 2816 13.

78 2832 214 2872 Gloss.
244 2847 281 2885 p.
314 2837 407 2873 255.
439 2846 461 2870 a
493 2845 568 2883 quo
600 2831 662 2869 bic
694 2831 802 2870 locus
839 2845 940 2869 eom·

77 2893 313 2927 memoratus
338 2889 434 2941 est]

134 2946 258 2996 rupit.
301 2946 423 2990 ond..
449 2945 511 2995 qui
537 2958 721 2996 rumpere
745 2943 941 2983 silentiam

79 3000 433 3051 frequentissimam
460 3014 554 3039 esse
579 3000 729 3038 dicendi
756 3000 943 3038 rationem

81 3061 286 3107 agnoscat,
310 3062 438 3095 tamen
466 3057 554 3108 quia
575 3061 705 3094 auctor
724 3058 941 3108 composita

80 3125 102 3154 a
134 3113 186 3153 de
222 3117 259 3155 et
295 3114 340 3158 di
375 3115 576 3153 verborum
615 3115 791 3169 impense
827 3117 940 3151 amet.

989 1497 1061 1520 non
1088 1482 1205 1520 audet
1238 1483 1399 1534 de'rupt't
1424 1481 1628 1518 lectionem
1655 1480 1853 1524 damnare,

990 1538 1106 1590 [quae
1145 1540 1216 1577 nisi
1254 1539 1370 1576 ceteri
1407 1537 1520 1575 codd.
1554 1537 1772 1582 obstarent,
1803 1550 1851 1574 eo

988 1596 1118 1647 potius
1144 1596 1264 1646 recipi
1290 1598 1447 1646 posset,
1473 1593 1577 1644 quod
1603 1592 1718 1643 longe
1742 1594 1851 1631 raris-

989 1653 1089 1690 sima
1114 1656 1176 1690 est
1202 1651 1354 1690 locutio.
1409 1650 1472 1688 De
1496 1663 1683 1701 rmnpere
1706 1662 1852 1693 vocem,

990 1708 1149 1746 silentia
1175 1711 1265 1753 etc..
1291 1720 1391 1757 quae
1416 1707 1466 1744 de
1497 1707 1541 1743 iis
1567 1706 1757 1751 dicuntur,
1789 1707 1852 1756 qui

990 1764 1051 1802 vel
1079 1768 1169 1814 post
1196 1764 1350 1813 longum
1380 1762 1574 1801 silentium
1604 1766 1855 1813 properanter

991 1822 1026 1858 in
1060 1821 1179 1858 verba
1209 1823 1410 1870 erumpunt
1439 1818 1502 1856 vel
1533 1819 1635 1856 inviti
1668 1819 1784 1856 verba
1809 1831 1854 1856 ac

991 1876 1172 1928 querelas
1204 1875 1403 1914 effundunt
1456 1875 1505 1914 cf.
1543 1874 1626 1912 intr.
1658 1875 1707 1913 ad
1740 1873 1853 1913 Ovid.

990 1933 1086 1971 Met.
1113 1931 1162 1969 X.
1193 1937 1280 1972 147.
1308 1931 1373 1969 Dr.
1401 1932 1448 1969 ad
1477 1930 1545 1969 Sil.
1573 1930 1637 1968 iv.
1665 1930 1774 1983 528]

1047 1991 1086 2026 ῐη
1114 2003 1160 2027 eo
1185 1988 1341 2027 scilicet
1367 1990 1454 2039 ipso
1482 1987 1549 2026 sed
1572 2000 1631 2025 ne.
1678 1986 1855 2039 [Plurimi

992 2045 1102 2083 codd.
1140 2059 1254 2095 quum
1287 2044 1455 2083 babeant
1485 2045 1525 2082 ’ἰη
1550 2058 1616 2082 eos
1640 2045 1749 2095 ipsos
1772 2044 1854 2088 sed,

992 2115 1078 2140 meo
1105 2101 1272 2151 periculo
1288 2100 1386 2139 lianc
1400 2100 1708 2151 ‹pialemcunque
1728 2112 1855 2137 emen-

994 2158 1184 2196 dationem
1210 2158 1244 2194 iu
1271 2161 1377 2194 textu
1404 2157 1526 2208 posui.
1577 2155 1691 2203 Quod
1705 2156 1854 2194 enimin

994 2214 1106 2253 codd.
1134 2214 1408 2251 vetustissimis
1433 2214 1617 2265 scriptum
1645 2212 1712 2251 fuit
1742 2214 1783 2250 in
1808 2225 1856 2251 eo

994 2285 1022 2309 s.
1047 2272 1138 2321 ‘ipso
1168 2271 1257 2313 sed,
1290 2270 1365 2307 lieri
1399 2269 1547 2308 facilius
1579 2271 1718 2320 potuit,
1756 2272 1797 2306 ut
1826 2283 1855 2307 s.

995 2341 1095 2377 quae
1133 2331 1222 2364 nota
1251 2326 1443 2364 scribendi
1471 2339 1554 2364 voc.
1590 2326 1745 2365 seilicet
1782 2330 1855 2364 est.

995 2383 1105 2433 priori
1137 2383 1326 2420 vocabulo
1359 2382 1606 2427 adhaereret,
1645 2395 1720 2432 quo
1752 2381 1855 2420 sacto

995 2441 1105 2491 ipsos
1137 2439 1274 2477 librarii
1306 2443 1372 2477 aut
1403 2439 1688 2477 commutabant
1724 2450 1857 2475 neces-

995 2497 1108 2542 sario,
1135 2500 1200 2534 aut
1224 2494 1427 2546 sequentis
1448 2494 1625 2532 vocabuli
1650 2495 1721 2533 secl
1739 2495 1857 2544 prima

995 2551 1120 2590 littera
1134 2565 1218 2590 cum
1239 2552 1329 2603 ipso
1348 2552 1382 2589 iu
1402 2551 1512 2589 codd.
1534 2551 1750 2589 arctissime
1770 2563 1857 2587 cou-

994 2609 1229 2659 iuugebatur.
1255 2607 1356 2645 Oud.
1383 2621 1404 2645 e
1430 2609 1617 2645 contrario
1639 2610 1745 2657 putat
1768 2606 1859 2644 scri-

995 2669 1102 2716 ptum
1129 2665 1250 2702 fuisse
1277 2665 1315 2701 ἱη
1341 2678 1387 2702 eo
1412 2665 1503 2715 ipso
1527 2663 1698 2708 scilieet,
1724 2666 1763 2700 et
1787 2663 1858 2713 pri·

996 2734 1097 2759 mum
1129 2722 1239 2772 ipsos
1269 2724 1483 2770 corruptum
1516 2723 1554 2757 ct
1584 2723 1723 2769 postea
1748 2732 1814 2757 eos
1837 2732 1859 2756 a

998 2777 1160 2814 librariis
1188 2780 1396 2814 correctum
1423 2790 1527 2813 esse.
1565 2774 1616 2813 Ut
1639 2775 1711 2813 sed
1736 2787 1861 2824 neque

997 2833 1152 2872 scilicet
1183 2846 1267 2870 cum
1300 2830 1409 2870 Colv.
1441 2836 1478 2869 et
1508 2844 1619 2881 seqq.
1651 2831 1861 2869 scriberem

999 2902 1061 2926 me
1085 2888 1236 2926 hortata
1262 2891 1323 2925 est
1348 2888 1458 2925 codd.
1485 2887 1703 2931 auctoritas,
1730 2899 1860 2938 quam-

1000 2958 1112 2995 quam
1140 2946 1220 2982 scio
1247 2943 1476 2994 compendia
1499 2943 1769 2995 particularum
1790 2943 1862 2981 sed

1000 3005 1038 3038 et
1051 3001 1204 3039 scillcet
1217 3002 1313 3038 iuter
1326 3013 1370 3037 se
1390 3000 1621 3038 commutari.
1659 2999 1863 3038 Sententia

1001 3061 1062 3095 est
1086 3056 1367 3107 apertissima]

1058 3113 1353 3153 admoneretur.
1409 3111 1660 3166 [Admonere
1696 3112 1861 3165 eleganti

1868 521 1933 553 683
