2155 3590
484 145 674 185 LIBER
709 146 784 185 111.
846 146 973 186 CAP.
1010 145 1218 185 XXVIII.
1249 144 1420 185 XXIX.
1771 146 1853 188 207

58 257 171 307 bulo,
199 263 386 310 quantum
418 265 584 311 possunt
615 258 866 312 gravioribus
902 258 1071 299 sarcinis
1095 265 1286 308 onerant,
1323 264 1364 297 et
1388 257 1501 296 domo
1526 256 1602 296 iam
1634 271 1761 298 vacua
1784 257 1854 297 mi,

58 320 199 354 nantes
228 313 378 354 baculis
410 314 600 368 exigunt,
634 329 790 368 unoque
827 316 873 355 de
910 315 1028 356 sociis
1066 315 1114 354 ad
1150 314 1452 368 speculandum,
1492 313 1557 366 qui
1588 313 1634 353 de
1665 313 1856 354 faeinoris

57 369 310 423 inquisitione
341 370 570 421 nunciaret,
598 371 754 422 relicto,
788 386 861 412 nos
889 371 1028 412 crebra
1052 371 1261 411 tundentes
1287 383 1357 424 per
1381 369 1470 409 avia
1495 369 1686 410 montium
1711 371 1857 414 ducunt

57 425 243 467 concitos.

575 577 1016 624 CAPUT
1110 577 1337 628 XXIX.

169 707 329 762 Iamque
360 723 493 750 rerum
524 716 722 749 tantarum
755 711 925 764 pondere
958 717 997 750 et
1027 710 1170 750 montis
1198 710 1310 750 ardui
1339 709 1487 749 vertice
1514 715 1554 749 ct
1577 708 1733 763 prolixo
1760 709 1857 748 salis

56 765 198 807 itincre
223 766 320 806 nihil
345 781 369 806 a
394 773 549 806 mortuo
574 765 816 807 differebam.
851 765 929 807 Sed
955 766 1048 807 mihi
1074 780 1164 807 sero
1190 766 1363 819 quidem,
1390 765 1496 806 serio
1521 772 1652 805 tamen
1677 764 1858 805 subvenit
1884 772 1945 805 231

52 866 219 908 poterant
227 871 445 910 gravioribus
459 875 495 902 L.
538 875 703 908 poterant
720 872 883 910 gravibus
904 874 938 901 G.
954 874 991 901 D.
1006 874 1042 901 P.
1057 874 1094 902 R.
1109 873 1144 902 0.
1160 872 1180 900 f.
1195 869 1224 901 ὃ.
1268 875 1384 909 polest
1394 870 1611 909 gravioribus
1625 872 1661 905 F.
1678 873 1707 900 1.
1719 871 1860 904 scriver.

57 917 173 949 edidit.
199 921 233 946 ut
246 920 387 946 Salmas.
402 925 444 946 ex
465 926 495 952 p.
511 918 703 951 adscripsit.
731 921 894 956 qnantum
904 920 1021 955 potest
1031 916 1203 954 gravibus.
1230 918 1309 946 Oud.
1324 919 1447 946 mavult
1463 924 1536 946 cum
1549 916 1705 952 Sopingio
1720 918 1758 945 ad
1774 924 1861 945 mar-

57 963 180 999 ginem,
207 966 371 1000 quaneum
386 965 479 998 pote.
500 954 558 990 οἷα
578 959 744 999 δυνατόν,
770 965 852 998 quod
874 971 935 991 non
949 963 1170 997 intelligentes
1185 963 1311 991 librarii
1322 965 1434 998 potest
1449 966 1478 991 et
1490 962 1698 998 inpulerant
1712 965 1861 991 mutave-

58 1006 130 1036 rim.
156 1007 198 1037 cf.
217 1011 294 1036 Met.
307 1010 330 1036 Ι.
354 1016 382 1042 p.
398 1009 450 1036 43.
499 1010 627 1044 quantu
652 1009 688 1036 B.
737 1006 955 1045 spectandum
975 1009 1010 1036 F.
1031 1009 1060 1036 1.
1082 1008 1166 1041 qnod
1184 1008 1220 1035 Ρ.
1240 1009 1270 1035 3.
1290 1008 1322 1035 in
1341 1015 1442 1043 marg.
1463 1009 1503 1035 ab
1515 1008 1628 1035 eadem
1642 1014 1739 1036 manu
1752 1009 1860 1036 habet.

57 1054 182 1082 Exorta
199 1057 249 1083 est
266 1055 347 1085 haec
367 1053 464 1081 lectio
483 1061 525 1081 ex
544 1054 731 1088 compendio
745 1051 984 1090 spec-’landum
1032 1051 1197 1085 nunciare
1209 1054 1287 1082 Bas.
1305 1054 1332 1086 1,
1358 1052 1532 1083 nunciam
1546 1054 1641 1085 Vult),
1655 1054 1686 1084 2.
1734 1060 1858 1084 ranan.-

58 1097 167 1126 eiam
182 1099 217 1126 G.
231 1099 270 1126 D.
308 1097 429 1125 crebra
441 1099 477 1127 F.
490 1100 517 1126 1.
532 1106 562 1132 p.
599 1097 714 1125 crebre
727 1095 756 1127 δ’.
804 1097 929 1126 ducant
944 1099 978 1127 Ο.
993 1099 1075 1127 unde
1087 1098 1167 1128 Oud.
1181 1097 1317 1126 coniecit
1333 1096 1487 1129 ductant.

147 1142 236 1170 serio
251 1141 380 1181 quidem
395 1144 442 1171 ed.
452 1152 500 1178 pr.
523 1146 563 1170 ac
576 1142 664 1170 serio
680 1145 715 1172 Β.
741 1144 828 1171 serio
846 1147 957 1170 tamen
970 1143 1006 1171 F.
1016 1143 1091 1170 3.Β.
1106 1145 1136 1170 et
1150 1143 1304 1170 etlumen.
1318 1144 1430 1171 u'ow.
1448 1144 1531 1171 Elm.
1548 1143 1637 1171 Con:
1652 1143 1758 1174 Paris.
1772 1146 1803 1177 M
1809 1152 1859 1171 er-

58 1188 134 1216 cen'.
160 1188 240 1217 Cett.
253 1189 341 1216 codd.
351 1191 379 1216 et
396 1189 465 1216 edd.
480 1190 596 1216 hahent
611 1186 737 1225 sedulo,
751 1190 833 1222 quod
846 1189 943 1217 etiam
957 1188 989 1216 in
1004 1187 1150 1222 margine
1164 1188 1238 1215 Ra.
1249 1190 1288 1215 ab
1303 1189 1416 1216 eadem
1430 1195 1527 1216 manu
1541 1192 1717 1216 correctum
1730 1189 1861 1224 legitur.

59 1273 159 1312 VIII.
186 1279 221 1314 7.
247 1275 277 1326 ᾧ.
307 1278 369 1315 10.
396 1274 485 1313 Ext.
503 1274 817 1313 val.Flaec.Yl.
834 1277 926 1315 309.

57 1328 293 1383 Petronxff94.
315 1330 382 1368 Dr.
404 1331 454 1369 ad
470 1330 538 1369 Sil.
553 1330 601 1368 V.
629 1335 721 1371 406.
748 1329 817 1368 ΙΧ.
834 1335 926 1370 549.

58 1386 145 1425 Val.
171 1386 280 1425 Max.
307 1385 371 1425 III.
399 1391 434 1426 7.
461 1387 490 1436 ὅ.
509 1392 544 1426 1.
571 1386 658 1425 Ext.
685 1386 733 1423 cs.
761 1386 811 1424 ad
831 1386 926 1424 Met.

59 1441 122 1482 lX.
137 1456 173 1494 p.
191 1447 283 1483 618.
310 1442 401 1494 Ipse
427 1443 598 1494 explicat
623 1444 786 1482 incitas.
817 1443 927 1481 latro-

58 1512 129 1538 nes
159 1512 231 1550 per
261 1501 399 1538 nimias
433 1513 533 1550 opes
563 1513 610 1537 se
641 1499 828 1551 expedire
853 1513 926 1538 non

58 1556 256 1607 potuisse,
295 1569 367 1595 nec
401 1555 545 1607 pedem
582 1569 814 1608 promovere
850 1556 930 1606 qui-

60 1613 176 1651 visse.
226 1612 328 1664 [Sed
360 1614 578 1651 accuratius
609 1626 690 1651 rem
723 1616 931 1664 pertracte-

58 1681 158 1708 mus.
185 1668 253 1708 Ad
277 1670 424 1709 incitas
447 1669 640 1709 redactus
661 1669 767 1708 lusor
787 1669 933 1707 dicitur.

60 1726 124 1776 qui
148 1724 324 1776 plurimis
350 1725 515 1764 calculis
540 1725 736 1776 spoliatus
760 1726 933 1776 reliquos

60 1781 189 1821 nullos
207 1781 328 1821 habet
351 1783 425 1820 nisi
449 1782 650 1834 alligatos,
676 1782 932 1833 quorumnul-

60 1837 138 1877 lurn
162 1851 321 1877 movere
345 1839 431 1876 sine
455 1852 596 1889 magno
617 1838 846 1877 detrimento
867 1852 933 1889 po-

60 1897 155 1933 test:
181 1895 369 1934 translate
394 1899 522 1934 autem
543 1895 677 1934 infelix
699 1899 738 1933 et
752 1895 931 1940 afflictus.

61 1952 126 2001 qui
145 1951 310 1991 fortunis
329 1955 369 1989 et
382 1953 522 2002 opibus
538 1953 710 2002 privatus
731 1953 765 1990 in
780 1965 931 1989 summa

60 2021 185 2046 rerum
209 2007 436 2046 difficultate
462 2012 500 2046 et
524 2008 674 2047 consilii
700 2009 828 2058 inopia
848 2021 931 2045 ver-

61 2068 186 2109 satur,
217 2068 258 2103 ut
278 2064 463 2115 expedire
476 2078 522 2102 se
536 2068 725 2115 nequeat,
751 2065 801 2102 uti
829 2065 931 2102 bene

62 2120 530 2172 interpretaturWernsd.
555 2122 591 2159 in
618 2120 778 2159 Excurs
794 2119 861 2158 XI.
882 2120 934 2158 ad

64 2176 184 2215 Seleii
209 2175 326 2216 Bassi
352 2176 477 2215 Carni.
507 2181 597 2218 180.
623 2178 658 2214 in
684 2175 796 2215 Poet.
816 2176 862 2215 L.
877 2176 933 2215 M.

65 2232 175 2271 Tom.
207 2231 274 2271 IV.
305 2246 342 2283 p.
369 2236 462 2273 419.
496 2232 545 2270 ef.
579 2233 726 2284 Scalig.
751 2233 933 2284 Append.

65 2288 115 2327 ad
141 2288 309 2328 Coniect.
336 2290 370 2328 in
396 2289 507 2328 Varr.
536 2289 599 2328 VI.
625 2304 666 2341 p.
696 2293 784 2331 186.
811 2289 932 2328 Salm.

65 2345 115 2384 ad
145 2345 306 2395 Vopisc.
339 2344 448 2384 Pron.
481 2360 511 2383 c.
541 2349 602 2386 13.
636 2345 680 2384 T.
707 2345 750 2384 II.
776 2359 812 2396 p.
840 2348 933 2386 739.

67 2405 157 2442 740.
189 2401 311 2440 Voss.
342 2403 462 2441 Arist.
495 2400 604 2440 Tom.
637 2401 663 2440 I.
695 2415 731 2452 p.
765 2406 844 2443 523
871 2416 932 2452 sq.

66 2458 196 2509 ibique
238 2457 417 2497 Fartsch.
456 2459 576 2496 Voss.
620 2457 789 2509 Etymol.
828 2472 859 2497 s.
897 2472 931 2497 v.

66 2515 164 2554 cieo.
193 2513 355 2553 Tauhm.
381 2515 432 2553 ad
456 2513 584 2553 Plaut.
613 2514 822 2555 Τι·ἰη.Ιί.4.
841 2519 931 2556 136.

66 2569 234 2609 Turneb.
266 2571 435 2609 Advers.
465 2570 633 2609 XXx'll.
666 2575 702 2612 3.
739 2584 775 2621 p.
813 2575 931 2612 1007.

66 2625 375 2678 Explicationem
389 2627 492 2666 Oud.
508 2641 741 2678 quamquam
756 2628 936 2678 equidem

68 2682 208 2733 probo,
233 2684 394 2734 primum
413 2687 540 2722 tamen
562 2684 674 2723 codd.
697 2687 789 2734 nptt.
805 2684 937 2723 obstat

68 2740 296 2785 auctoritas,
328 2740 468 2779 deinde
501 2739 657 2778 offendo
683 2742 718 2779 in
744 2753 841 2779 voce
865 2754 936 2780 ez.-

68 2800 214 2835 tremas
245 2796 367 2846 qnod,
399 2800 582 2847 quantum
613 2797 714 2843 scio,
746 2810 937 2848 nusquam

68 2851 258 2891 vocabulo
283 2854 430 2892 incitas
449 2852 619 2891 additum
633 2866 705 2891 nee
719 2852 855 2903 legitur
866 2867 939 2892 nec

70 2907 148 2959 legi
173 2912 315 2959 potest.
342 2909 390 2948 cf.
416 2908 552 2947 Gloss.
579 2909 669 2948 Isid.
694 2922 731 2960 p.
759 2913 850 2950 683.
876 2911 934 2949 ἰἠ·

73 2965 199 3003 citae.-
240 2966 381 3005 ultima
425 2966 618 3004 condicio
657 2969 932 3017 fortunarum.

71 3019 226 3058 Deinde
251 3021 423 3059 latrones
449 3021 642 3072 quomodo
668 3022 742 3060 dici
767 3026 934 3072 possunt

71 3089 222 3116 summa
232 3077 452 3128 opulentiae
459 3077 694 3116 abundantia
701 3077 832 3116 ultima
840 3091 934 3117 esse

73 3134 250 3183 perpessi
276 3138 316 3171 et
335 3134 381 3173 :ul
398 3134 544 3172 consilii
560 3134 750 3184 quandam
766 3135 932 3186 inopiam

986 1273 1160 1317 deducti,
1194 1278 1233 1312 ut
1263 1274 1326 1324 qui
1352 1287 1447 1312 sese
1474 1274 1719 1325 expedirent,
1751 1276 1857 1314 inve-

987 1331 1066 1368 nire
1086 1343 1159 1368 non
1179 1330 1371 1381 possent?
1399 1329 1499 1369 Nam
1522 1332 1653 1369 statim
1669 1331 1859 1377 videmus,

987 1399 1058 1424 eos
1084 1400 1158 1423 non
1185 1387 1236 1424 ita
1263 1385 1388 1424 fuisse
1414 1387 1565 1424 oonsilii
1593 1387 1742 1438 inopes.
1768 1387 1846 1427 For

986 1446 1096 1481 tasse
1121 1442 1232 1493 igitur
1258 1444 1399 1481 rectius
1425 1443 1638 1493 coniunges
1659 1445 1718 1483 acl
1730 1450 1861 1483 extre-

987 1513 1071 1537 mas
1094 1503 1216 1537 metas
1242 1500 1390 1538 nimine
1403 1500 1639 1550 opulentiae
1652 1502 1775 1538 nimio
1797 1502 1861 1540 de-

993 1555 1110 1594 ducti
1133 1557 1197 1602 (ut
1218 1556 1383 1594 ultimas
1407 1560 1531 1594 metas
1557 1557 1659 1595 vitae
1683 1556 1787 1594 idem
1812 1557 1865 1595 di-

991 1612 1046 1650 xit
1069 1611 1167 1650 Met.
1189 1611 1254 1654 w.
1275 1625 1310 1662 p.
1333 1615 1471 1660 281.)‚
1498 1613 1638 1663 quibus
1664 1614 1794 1652 verbis
1814 1615 1865 1652 si-

993 1668 1216 1719 gnificentur
1233 1682 1410 1708 sununae
1424 1669 1591 1708 divitiae.
1618 1668 1865 1721 Quamquam

993 1726 1093 1763 enim
1126 1724 1270 1776 globus
1302 1730 1385 1764 erat
1415 1725 1606 1764 latronum
1642 1730 1682 1764 et
1718 1732 1866 1766 armata

994 1781 1253 1826 l'actioffliinor
1265 1786 1394 1820 tamen
1411 1786 1492 1820 erat
1505 1795 1687 1821 numerus
1699 1783 1750 1821 ad
1764 1796 1864 1834 opes

993 1837 1215 1888 portandas.
1241 1844 1282 1876 ut
1306 1839 1457 1877 asinum
1483 1842 1525 1876 et
1548 1852 1691 1889 equum
1715 1840 1864 1890 gravio-

992 1895 1098 1932 ribus
1129 1895 1244 1932 etiam
1277 1896 1439 1933 sarcinis
1472 1899 1684 1934 onerarent.
1737 1894 1865 1934 Aliter

991 1950 1120 1989 locum
1144 1951 1374 1989 mendosum
1388 1950 1584 2003 explicare
1598 1965 1763 2002 nequeo,
1789 1954 1865 1995 etsi

992 2022 1065 2046 non
1098 2007 1251 2053 infitier,
1277 2007 1377 2046 hanc
1402 2022 1558 2059 quoque
1584 2010 1862 2059 interpretatio-

993 2077 1079 2102 nem
1121 2063 1282 2102 multnm
1325 2063 1471 2103 habere
1507 2064 1746 2104 offensionis.
1807 2064 1865 2104 Ita

993 2121 1117 2159 nimio
1142 2124 1205 2158 est
1228 2120 1454 2160 adverbium
1473 2125 1512 2159 et
1531 2123 1680 2160 incitas
1701 2121 1803 2161 docti
1825 2123 1864 2160 li—

993 2177 1104 2216 brarii
1130 2177 1280 2217 videtur
1304 2190 1399 2217 esse
1424 2178 1681 2230 emendatio.]

1048 2234 1258 2273 minantes.
1307 2233 1387 2285 [De
1423 2247 1497 2272 usu
1533 2234 1646 2273 huius
1683 2235 1863 2274 vocabuli

994 2289 1040 2328 es.
1068 2288 1152 2328 lntt.
1179 2290 1229 2328 ad
1248 2289 1357 2329 Fest.
1378 2305 1414 2342 p.
1431 2295 1523 2332 336.
1549 2290 1862 2330 l.inden1.v0ss.

992 2345 1162 2397 Etymol.
1189 2360 1220 2384 s.
1246 2360 1280 2386 V.
1308 2348 1438 2386 minor
1462 2361 1499 2399 p.
1514 2351 1608 2388 323.
1633 2347 1863 2391 Barth.Ad-

992 2416 1093 2441 vers.
1122 2401 1288 2441 XLVII.
1322 2408 1356 2443 7.
1384 2417 1420 2455 p.
1448 2408 1569 2445 2198.
1596 2403 1698 2443 Elm.
1725 2406 1760 2442 in
1786 2405 1862 2443 ind.

992 2459 1108 2511 Apul.
1124 2459 1187 2509 qui
1202 2461 1456 2510 posteriorum
1469 2465 1667 2499 auctorum
1682 2461 1864 2511 exempla

991 2515 1130 2555 adtulit
1159 2516 1334 2567 plurima.
1367 2516 1537 2556 Cramer.
1566 2517 1614 2555 ad
1643 2516 1778 2555 Schol.
1807 2517 1862 2555 lu-

996 2585 1080 2610 ven.
1105 2571 1170 2610 Vl.
1197 2577 1290 2613 327.
1316 2587 1352 2625 p.
1380 2573 1491 2626 251]

1053 2629 1207 2668 crebra.
1258 2629 1336 2681 [Ex
1361 2630 1472 2668 codd.
1499 2629 1542 2667 F.
1564 2634 1594 2669 1.
1610 2634 1649 2667 et
1660 2644 1698 2682 p.
1713 2644 1744 2668 e.
1760 2629 1861 2669 Oud.

997 2685 1142 2736 recepi,
1169 2686 1272 2736 quod
1299 2700 1371 2724 non
1400 2686 1579 2726 fecissem
1606 2687 1694 2731 nisi,
1720 2686 1799 2725 Ms.
1826 2701 1862 2738 p.

995 2741 1099 2780 idem
1128 2746 1319 2792 servaret,
1352 2744 1415 2793 qui
1446 2756 1532 2781 cum
1563 2742 1608 2781 F.
1641 2746 1677 2782 3.
1709 2756 1863 2783 accura-

995 2798 1145 2837 tissime
1170 2799 1359 2850 congruit,
1387 2803 1428 2837 ut
1451 2799 1588 2837 librarii
1609 2799 1684 2837 mei
1703 2799 1863 2851 diligen-

995 2854 1085 2893 tiam
1110 2854 1149 2892 id
1173 2854 1361 2905 effugisse
1388 2855 1574 2894 videatur.
1623 2855 1687 2893 De
1717 2857 1861 2896 crebra

991 2924 1111 2962 supra
1136 2912 1209 2950 iam
1236 2912 1377 2950 dictum
1404 2915 1466 2950 est
1491 2911 1586 2950 Met.
1613 2911 1660 2951 II.
1683 2926 1721 2964 p.
1750 2913 1859 2965 132]

1049 2966 1136 3006 CM».
1168 2967 1319 3006 XXIX.
1377 2968 1484 3006 nihil
1517 2983 1543 3007 a
1578 2973 1735 3008 mortuo
1772 2970 1859 3023 diff.

992 3022 1075 3076 [De
1099 3025 1293 3062 sententia
1317 3024 1364 3061 cf.
1391 3023 1522 3062 Barth.
1550 3024 1714 3064 Advers.
1727 3024 1859 3064 XXV.

992 3084 1030 3121 2.
1057 3094 1092 3131 p.
1122 3080 1258 3132 1214]

1047 3149 1135 3175 sero
1153 3137 1316 3188 quidem
1340 3139 1444 3176 serio
1471 3142 1612 3177 tamen.
1642 3138 1699 3176 Ex
1715 3139 1858 3190 optimo
