2155 3590
702 151 891 193 LIBER
918 152 969 192 V.

101 267 231 308 statim
252 264 459 324 {proximo
484 265 750 306 semirotundo
777 273 966 321 suggestu
989 272 1149 321 propter
1169 264 1473 305 instrumentum
1500 256 1753 306 coenatoruin
1781 272 1886 318 rata,
1911 273 1978 308 324

1030 151 1158 192 CAP.
1188 150 1264 191 111.
1805 151 1887 195 313

95 406 256 445 proximo
269 408 362 435 abest
374 412 394 434 a
407 402 436 435 δ.
483 407 639 442 suggestu
650 405 686 434 F.
703 406 732 434 1.
746 407 777 434 3.
792 407 827 435 G.
843 408 872 435 1.
886 408 918 435 2.
931 407 967 435 Ρ.
983 407 1017 435 Ο.
1031 408 1069 435 R.
1083 414 1114 441 ρ.
1128 406 1150 434 r.
1197 401 1441 441 semirotundo,
1466 406 1656 442 suggestum
1676 405 1724 434 ed.
1745 413 1791 440 pr.
1804 407 1888 435 Iunt.

103 454 132 481 1.
145 453 176 480 2.
189 452 302 480 Venet.
317 452 346 479 4.
365 452 440 479 Par.
455 454 483 479 et
496 452 533 479 B.
558 449 801 487 semirotundo,
828 454 985 488 suggestu
1005 453 1078 480 Ald.
1104 448 1365 479 senu'rotundnm
1385 452 1574 488 suggestum
1595 447 1622 478 δ.
1670 453 1889 478 coenatorum

99 497 134 526 F.
149 492 180 525 3.
194 498 229 525 G.
246 497 273 525 1.
288 497 318 523 2.
330 497 369 524 Ι).
383 496 417 524 0.
432 493 460 524 δ.
475 497 546 524 edd.
560 499 636 525 vett.
650 497 797 526 Beroald.
812 497 994 525 emendavit
1007 497 1247 524 coenatorium.

101 617 148 657 cf.
161 615 315 657 Met.11.
339 630 378 668 p.
401 620 491 657 152.
528 618 658 656 nostri
682 618 754 655 vim
776 631 965 669 praesen·

101 674 260 714 tarium.
291 672 392 712 VlII.
426 677 519 714 522.
550 673 608 712 ad
631 674 761 712 nostri
784 675 964 713 similitu-

100 731 245 770 dinem.
270 729 337 768 IX.
358 744 394 782 p.
411 733 503 770 641.
524 730 676 783 absque
698 744 813 769 noxa
838 732 966 769 nostri

100 790 188 825 cett.
214 790 253 824 et
276 788 350 825 mei
375 785 412 824 in
433 785 550 838 Apol.
566 799 602 837 p.
619 789 712 826 386.
738 788 966 825 accusatio-

101 857 186 882 nem
198 844 284 882 mei.
298 857 334 894 p.
349 847 443 883 450.
458 843 515 882 acl
528 843 723 881 invidiam
736 843 810 880 mei
825 856 860 893 p.
872 847 964 884 569.

99 901 158 939 ad
180 900 479 940 accusationem
503 900 588 938 mei.
615 897 889 937 Pronominum
904 901 964 939 tui

99 960 139 994 et
170 957 290 995 vestri
320 955 465 993 nullum
497 955 679 1007 equidem
710 955 835 993 inveni
860 956 964 1006 apud

101 1012 306 1063 Apuleium
333 1011 571 1062 exemplum,
597 1011 702 1063 quod
727 1011 802 1050 huc
832 1012 965 1050 referri

98 1069 240 1121 possit]
273 1067 373 1106 Oud.
406 1073 601 1118 comparat
626 1068 674 1105 de
699 1068 772 1107 hac
797 1072 965 1106 constru-

99 1126 224 1163 ctione
248 1124 335 1163 dict.
361 1138 434 1163 sua
458 1125 507 1162 ad
534 1123 647 1163 Caes.
670 1123 725 1162 B..
743 1124 789 1163 G.
804 1123 831 1162 I.
858 1129 893 1164 4.
916 1124 966 1162 ad

98 1182 206 1220 Suet.
234 1179 346 1219 Caes.
374 1195 404 1219 c.
431 1184 496 1221 30.

154 1240 318 1289 visoque
330 1238 461 1276 statim
471 1238 669 1287 proximo
687 1236 963 1275 semirotundo

97 1299 290 1347 suqyestu
300 1297 489 1345 propter.
507 1292 804 1344 [Diversissima
816 1293 965 1330 ratione

100 1349 160 1388 hic
196 1349 308 1388 locus
345 1350 393 1387 ab
429 1349 702 1399 interpretibus
741 1349 963 1386 intellectus

97 1410 176 1451 est,
209 1419 369 1457 quorum
401 1418 447 1443 ne
478 1418 576 1443 unus
609 1404 763 1456 quidem
789 1404 878 1443 mihi
903 1419 964 1443 sa·

97 1463 251 1501 tisfacit.
299 1460 436 1499 Lectio
468 1462 635 1499 omnium
667 1461 747 1499 fere
779 1461 892 1500 codd.
917 1475 965 1500 ea

98 1523 175 1565 est,
209 1532 308 1569 quae
341 1532 363 1556 a
393 1531 454 1555 me
487 1519 522 1555 in
556 1517 679 1556 fronte
704 1518 963 1556 adnotationis

97 1579 159 1614 est
204 1576 429 1627 perscripta.
488 1574 587 1612 Hinc
634 1578 764 1625 potest
809 1575 967 1625 percipi,

95 1637 270 1684 propter
295 1631 462 1669 adverbii
490 1631 576 1670 loco
596 1645 690 1669 esse
709 1631 891 1682 positum,
917 1631 968 1669 de

99 1702 175 1740 quo
199 1701 273 1726 usu
305 1688 379 1725 iam
411 1687 486 1725 dixi
513 1687 563 1725 ad
593 1687 688 1726 Met.
716 1686 782 1726 IV.
809 1701 845 1738 p.
872 1692 965 1728 243.

97 1745 243 1783 Verum
273 1743 348 1782 hac
379 1743 544 1783 lectione
574 1744 766 1790 admissa,
798 1744 967 1782 abunda-

97 1802 152 1840 bit
176 1800 405 1839 vocabulum
422 1802 640 1852 prooet'mo,
665 1800 769 1838 unde
783 1799 883 1839 Oud.
904 1814 966 1838 se-

99 1859 222 1908 quitur
247 1857 332 1895 cod.
358 1856 554 1902 d'Orvill.‚
581 1857 643 1908 qui
666 1858 864 1908 proximo
890 1871 965 1895 non

99 1915 291 1965 agnoscit,
318 1913 381 1950 vel
407 1913 587 1951 emendat
607 1927 807 1964 propere,
834 1914 966 1952 distin-

99 1971 227 2009 ctione
252 1973 343 2021 post
367 1975 561 2022 suyyestu
585 1970 725 2020 posita.
773 1968 966 2021 Equidem

98 2026 218 2078 plane
248 2026 359 2064 aliter
390 2025 516 2064 locum
548 2025 712 2076 explico.
761 2025 967 2077 Vituperat

99 2083 199 2121 enim
225 2083 357 2120 iniuria
386 2095 458 2120 sua
482 2081 583 2120 Oud.
614 2082 863 2133 interpretes,
902 2084 966 2133 qui

100 2138 414 2178 semirotuudum
438 2152 506 2189 pro
520 2138 762 2176 substantivo
784 2138 967 2183 habeant,

100 2199 333 2247 suyyestum
363 2208 452 2232 vero
478 2208 546 2245 pro
572 2208 723 2240 mensa,
755 2208 871 2245 quum
895 2208 967 2233 nec

99 2251 215 2289 huius
239 2263 311 2289 nee
334 2250 440 2289 illius
465 2249 752 2301 significationis
772 2250 892 2289 ullum
912 2251 966 2289 af-

103 2307 189 2345 ferri
213 2308 341 2358 possit
366 2307 599 2357 exemplum.
647 2307 712 2344 Ad
738 2308 966 2346 vocabulum

101 2364 417 2403 semirotundum
453 2362 529 2401 hoc
572 2363 661 2401 licet
703 2364 864 2414 opponi,
903 2378 966 2402 au·

102 2419 276 2458 ctoritate
296 2419 334 2458 id
353 2420 419 2457 niti
443 2419 562 2457 nostri
587 2423 733 2457 tantum
751 2419 966 2470 scriptoris,

101 2475 136 2514 si
161 2474 297 2513 lexicis
329 2475 428 2513 tides
452 2476 632 2513 habenda
657 2480 738 2520 est,
769 2477 831 2525 qui
857 2490 966 2526 prae-

100 2535 159 2570 ter
193 2531 295 2570 hunc
330 2531 456 2570 locum
492 2531 588 2570 Met.
620 2531 689 2570 XI.
726 2545 762 2582 p.
791 2536 881 2572 766.
919 2546 966 2570 eo

101 2601 198 2626 usus
234 2591 314 2626 est:
343 2593 557 2640 suyyestus
588 2602 678 2625 vero
709 2589 794 2626 sive
823 2603 967 2641 δυρρε-

102 2649 203 2684 stum
221 2646 375 2696 proprie
396 2644 523 2682 locum
544 2647 773 2683 eminentem
795 2658 844 2683 ex
867 2650 969 2683 terra

104 2699 228 2739 aliave
251 2701 412 2740 materia
435 2705 638 2751 suggesta,
663 2701 801 2739 deinde
826 2715 968 2753 pegma

105 2755 168 2794 vel
192 2757 381 2809 pulpitum
406 2757 613 2806 significat,
646 2771 695 2795 ex
721 2770 796 2808 quo
822 2759 857 2796 in
884 2771 971 2797 con-

106 2813 216 2850 cione
228 2815 347 2852 verba
367 2813 460 2851 fiunt
472 2814 507 2851 in
522 2813 719 2865 populum.
768 2814 870 2853 Hinc
884 2828 973 2865 pos-

106 2881 240 2907 sumus
263 2870 377 2908 nobis
400 2883 572 2915 sumere,
597 2875 809 2922 snyyestus
827 2870 889 2908 hic
908 2871 971 2909 de-

109 2927 240 2963 notare
269 2926 486 2965 machinam
518 2926 711 2977 quandam
745 2927 805 2964 vel
836 2927 972 2965 instru-

109 2984 293 3029 mentum,
321 2982 422 3032 quod
449 2982 564 3021 altius
589 2987 673 3020 erat
690 2986 729 3020 et
746 2983 873 3034 magis
893 2983 971 3022 edi-

109 3038 189 3074 tum
218 3050 266 3076 ex
295 3037 414 3084 terra,'
442 3043 484 3077 ut
513 3051 563 3076 ex
592 3039 669 3077 hoc
697 3039 853 3090 quidem
883 3053 970 3078 sen-

109 3091 306 3132 tentiarum
328 3108 432 3133 nexu
455 3109 629 3133 mensam
650 3099 766 3145 queat
783 3096 969 3135 indicare:

111 3159 339 3201 quamquam
375 3165 448 3190 non
479 3152 717 3203 negaverim,
747 3166 818 3204 per
847 3166 894 3191 se
917 3154 970 3192 ita

1025 618 1097 656 dici
1132 632 1208 656 non
1244 630 1379 669 posse.
1435 617 1764 657 Semirotundum
1796 631 1889 658 vero

1025 678 1087 713 est
1108 674 1410 720 substantivum,
1444 687 1520 725 quo
1551 673 1745 725 Apuleius
1770 674 1889 713 Ιιεηιίρ

1025 731 1196 785 cyclium
1210 745 1241 769 s.
1251 731 1472 783 stipadium
1487 744 1519 768 s.
1534 732 1663 783 siyma
1676 731 1891 782 exprimere

1024 788 1163 826 voluit.
1189 791 1374 837 totusque
1389 787 1499 825 locus
1513 788 1563 824 ita
1578 791 1640 825 est
1654 787 1889 825 constituen-

1025 844 1116 882 dus:
1142 843 1263 882 videt
1285 842 1446 895 Psyche
1469 844 1762 882 instrumentum
1792 845 1890 881 satis

1024 900 1187 945 editum,
1231 900 1335 950 quod
1371 899 1633 939 semirotundo
1669 914 1701 938 s.
1737 900 1891 951 sigmati

1024 961 1106 995 erat
1135 956 1395 1002 simillimum,
1426 957 1526 995 unde
1550 957 1728 1007 putabat,
1753 970 1892 996 coena-

1024 1013 1160 1051 toriam
1187 1026 1279 1051 esse
1302 1027 1496 1058 mensam,
1521 1012 1679 1052 refectui
1704 1026 1776 1051 suo
1791 1026 1892 1052 com·

1024 1069 1191 1108 modam.
1239 1070 1449 1108 Auctorem
1481 1070 1580 1107 enim
1606 1069 1892 1108 similitudinem

1024 1129 1169 1163 tantum
1195 1126 1363 1164 indicare
1376 1126 1568 1171 voluisse,
1594 1139 1694 1176 quae
1707 1127 1803 1165 inter
1815 1127 1892 1165 hoc

1024 1183 1317 1220 instrumentum
1354 1190 1393 1220 et
1427 1182 1697 1233 hemicyclium
1732 1184 1891 1221 interce-

1025 1238 1150 1284 deret,
1177 1251 1305 1289 neque
1331 1251 1420 1276 vero
1440 1237 1537 1277 hanc
1555 1252 1731 1277 mensam
1752 1240 1891 1290 ipsam,

1025 1307 1074 1331 ex
1109 1295 1238 1332 verbis
1275 1295 1358 1332 eius
1396 1295 1578 1333 facillime
1613 1299 1744 1346 potest
1779 1296 1891 1335 effici.

1026 1350 1315 1389 Semirotmzdo
1340 1352 1451 1401 igitur
1476 1355 1538 1389 est
1568 1352 1738 1396 dativus,
1776 1353 1838 1404 qui
1870 1366 1892 1390 e

1024 1406 1215 1444 vocabulo
1245 1408 1461 1458 proximus
1486 1407 1647 1458 pendet,
1685 1409 1788 1458 quod
1818 1409 1894 1447 hoc

1026 1463 1111 1501 loco
1137 1464 1379 1509 simillium,
1404 1478 1584 1516 aequans
1608 1464 1798 1515 significat
1844 1465 1893 1503 cl'.

1024 1519 1169 1557 XVund.
1195 1518 1363 1558 Observ.
1390 1521 1440 1558 ad
1455 1519 1595 1559 Tibull.
1611 1520 1673 1560 III.
1695 1525 1730 1561 5.
1747 1525 1782 1561 3.
1808 1521 1893 1560 Intt.

1028 1576 1078 1614 ad
1102 1575 1208 1625 Virg.
1235 1575 1339 1614 Eccl.
1355 1576 1439 1614 Vll.
1466 1581 1531 1617 22.
1556 1576 1613 1615 Ita
1634 1579 1831 1629 proximo
1856 1582 1895 1616 et

1022 1638 1201 1685 propter
1225 1634 1331 1671 iuxta
1356 1646 1401 1670 se
1420 1635 1550 1685 posita
1574 1634 1675 1672 bene
1701 1635 1894 1686 explican—

1025 1693 1097 1728 tur.
1146 1688 1208 1726 De
1233 1690 1399 1738 sigmate
1424 1703 1455 1728 s.
1483 1689 1723 1742 hemicycIO,
1751 1692 1814 1742 qui
1841 1691 1893 1730 le-

1028 1749 1112 1783 ctus
1145 1749 1206 1783 est
1242 1747 1291 1784 ad
1326 1760 1487 1784 mensas
1523 1748 1707 1785 rotundas
1743 1761 1893 1786 accom-

1026 1801 1207 1840 modatus
1220 1802 1268 1840 cs.
1278 1802 1438 1854 Rupert.
1454 1803 1503 1841 ad
1518 1803 1646 1841 Iuven.
1663 1803 1744 1843 Sat.
1758 1803 1785 1842 I.
1803 1808 1894 1850 137,

1027 1859 1091 1909 qui
1123 1860 1213 1896 item
1244 1860 1558 1898 semirotumlum
1595 1860 1657 1899 hic
1686 1861 1895 1899 substanti·

1024 1928 1113 1952 vum
1151 1928 1244 1953 esse
1281 1915 1419 1962 voluit,
1463 1915 1591 1955 Ursin.
1629 1916 1679 1955 ad
1716 1916 1894 1956 Ciaccon.

1027 1972 1076 2009 de
1089 1972 1225 2010 triclin.
1242 1985 1278 2022 p.
1294 1975 1385 2012 253.
1412 1971 1523 2022 Lips.
1538 1974 1575 2011 in
1602 1972 1708 2011 Cent.
1724 1972 1751 2012 I.
1767 1973 1893 2024 Epist.

1025 2031 1089 2069 65.
1115 2028 1165 2065 acl
1190 2027 1516 2068 Bonav.Vulcan.
1543 2042 1579 2080 p.
1606 2033 1670 2070 86.
1697 2030 1757 2068 ed.
1771 2029 1894 2069 Voss.

1025 2083 1189 2134 Buleng.
1206 2084 1256 2122 de
1270 2085 1418 2124 com-iv.
1433 2099 1464 2123 c.
1479 2089 1544 2126 33.
1565 2086 1602 2123 in
1617 2086 1757 2125 Graev.
1773 2086 1894 2125 Thes.

1025 2141 1131 2178 Antt.
1158 2139 1202 2179 T.
1229 2140 1314 2180 XII.
1341 2155 1377 2192 p.
1399 2145 1464 2182 89.
1488 2142 1649 2192 Lipsius
1675 2143 1895 2182 emendavit

1026 2198 1112 2234 sine
1135 2196 1215 2235 ulla
1230 2211 1369 2236 caussa
1386 2205 1581 2251 suyyeslo
1601 2203 1734 2238 contra
1746 2213 1894 2238 morem

1026 2253 1200 2304 Apuleii„
1233 2254 1297 2304 qui
1327 2258 1486 2306 quartae
1517 2254 1786 2294 declinationis
1821 2256 1894 2295 sor-

1026 2323 1127 2347 mam
1152 2308 1332 2360 praetulit
1357 2309 1418 2350 III.
1444 2325 1482 2362 p.
1501 2315 1590 2353 176.
1616 2313 1778 2351 sublime?
1801 2327 1893 2366 suy-

1024 2370 1157 2417 9estu.
1183 2367 1230 2404 V.
1246 2380 1282 2418 p.
1299 2370 1391 2408 330.
1418 2369 1470 2406 cle
1494 2373 1608 2407 tanto
1625 2371 1895 2421 fortunarum

1025 2427 1237 2474 suyyestu.
1261 2422 1329 2462 XI.
1354 2438 1391 2475 p.
1419 2427 1511 2464 789.
1545 2426 1597 2464 de
1619 2426 1780 2464 sublimi
1802 2440 1893 2479 suy-

1024 2483 1152 2529 (Jestn.
1179 2479 1229 2517 de
1254 2479 1343 2518 Deo
1364 2480 1405 2518 S.
1421 2494 1457 2531 p.
1477 2484 1565 2522 128.
1591 2483 1650 2521 ad
1672 2483 1792 2535 reyni
1814 2497 1893 2522 mu-

1026 2534 1188 2573 tabilem
1211 2537 1473 2590 suyqestum]

1081 2592 1382 2633 instrumentum
1398 2599 1672 2634 coe-natorum.
1700 2593 1827 2646 [Hane
1840 2594 1893 2632 le-

1026 2648 1190 2686 ctionem
1221 2662 1270 2686 ex
1301 2650 1455 2700 optimis
1486 2650 1600 2688 codd.
1632 2652 1773 2704 probo,
1796 2652 1892 2689 reie-

1026 2706 1125 2742 ctam
1149 2705 1253 2743 male
1271 2706 1320 2743 ab
1335 2704 1454 2749 Oud.,
1481 2708 1544 2756 qui
1565 2706 1749 2746 Beroaldi
1763 2721 1893 2746 emen-

1031 2759 1223 2799 dationem
1251 2764 1526 2801 coevatorium
1550 2764 1584 2801 in
1611 2767 1756 2802 textum
1775 2766 1894 2816 recipi

1030 2816 1152 2855 iussit.
1207 2818 1289 2855 Sed
1320 2819 1406 2869 ipsa
1435 2832 1511 2857 vox
1543 2825 1756 2866 coeuntor,
1792 2834 1893 2871 quae

1029 2873 1065 2910 in
1091 2873 1166 2912 hoc
1189 2888 1264 2912 uno
1290 2875 1490 2925 scriptoris
1516 2875 1602 2913 loco
1627 2876 1825 2925 invenitur,
1855 2882 1896 2916 et

1029 2929 1066 2967 iu
1109 2929 1242 2968 Gloss.
1286 2934 1431 2969 tantum
1475 2931 1539 2970 Gr.
1581 2932 1669 2971 Lat.
1715 2946 1752 2984 p.
1797 2938 1890 2975 422.

1027 2984 1221 3037 δειπνητὴς
1261 2993 1454 3025 coenator
1497 2985 1651 3039 legitur,
1698 2988 1786 3028 eum
1829 2991 1893 3030 ad-

1026 3055 1186 3080 monere
1229 3042 1414 3088 debebat,
1451 3058 1500 3082 ne
1536 3047 1681 3096 optima
1714 3058 1893 3098 quaeque

1026 3100 1245 3149 corrigeret.
1311 3099 1483 3139 Facilius
1524 3102 1626 3140 enim
1666 3107 1800 3154 potest
1839 3105 1892 3142 in-

1025 3153 1163 3206 telligi,
1200 3155 1432 3195 vocabulum
1465 3161 1562 3200 tam.
1579 3171 1704 3197 rarum
1729 3172 1752 3198 a
1776 3160 1892 3199 libra-
