2155 3590
1803 142 1885 184 437

594 147 781 188 LIBER
810 148 884 189 VI.
944 147 1073 188 CAP.
1103 145 1226 188 XIII.
1256 144 1376 184 XIV.

91 262 330 315 scaturigine
355 275 484 302 rorem
510 262 703 316 rigentem
729 260 923 301 hauritum
949 261 1026 302 ista
1052 259 1258 301 confestim
1283 258 1436 298 deseres
1467 259 1625 299 urnula.
1676 256 1743 299 Sic
1773 257 1883 298 aiens

90 319 276 374 crystallo
302 319 520 359 dedolatum
545 318 748 359 vasculum
773 317 934 372 iusuper
958 318 994 359 ei
1020 316 1206 372 graviora
1232 314 1468 357 comminata
1494 314 1667 355 tradidit.
1760 314 1762 316 ’

625 468 1067 516 CAPUT
1170 465 1334 513 XIV.

195 579 252 620 At
275 580 340 620 illa
367 580 541 620 studiose
579 579 742 634 gradum
769 578 947 619 celerans
973 578 1117 619 montis
1141 585 1363 619 extremum
1388 576 1485 632 petit
1519 575 1731 626 tumulum,
1772 581 1880 615 certe

80 687 219 714 stratur
233 686 341 722 rigz‘ne
355 689 391 715 G.
417 686 642 722 straturiglae
655 687 694 714 D.
741 684 907 722 rigantem
924 685 944 713 f.
993 682 1168 712 hauritum
1182 692 1245 713 non
1259 687 1306 712 est
1321 683 1355 712 in
1369 684 1405 712 G.
1419 684 1455 712 P.
1468 683 1508 712 D.
1523 682 1544 711 f.
1570 682 1654 710 Hinc
1667 681 1796 710 uncinis
1809 688 1881 709 eam

79 737 193 760 vocem
211 732 345 760 inclusit
358 734 441 760 Elm.
461 739 534 760 cum
548 731 686 759 Scriver.
712 731 773 758 Pro
792 728 968 757 hauritum
988 731 1132 758 habeto.
1152 730 1195 757 in.
1221 730 1283 758 Sed
1302 727 1476 756 hauritum
1494 730 1629 763 probam
1649 727 1782 755 formam
1795 734 1880 760 esse,

79 777 300 806 demonstravi
319 778 359 806 ad
378 780 454 805 Met.
472 778 527 806 ΠΙ.
548 784 577 810 p.
598 778 627 805 ⁸2.
651 778 701 804 19.
733 773 872 802 hauriet}
888 773 1044 811 plusculo
1067 778 1180 804 uncto.
1228 773 1361 812 deferes
1376 771 1500 801 urnula
1520 774 1556 801 F.
1571 774 1600 802 3.
1629 772 1679 806 (es
1697 772 1826 800 litterae
1839 779 1882 799 ex

74 822 276 850 'correctione
289 822 397 857 sunt.)
412 824 447 850 G.
462 823 498 850 P.
512 824 550 851 D.
565 823 599 850 0.
614 823 651 850 R.
668 821 686 849 f.
712 819 827 858 defers
842 818 871 849 δ.
886 829 916 855 p.
937 819 1095 858 perferto
1111 828 1221 849 omnes
1237 821 1306 848 edd.
1319 822 1397 847 vett.
1414 822 1541 853 praeter
1553 819 1667 846 Venet.
1684 819 1713 845 4.
1729 820 1757 844 et
1772 816 1880 844 Paris.

75 868 115 896 In
138 868 256 896 ceteris
280 871 329 896 est
353 865 497 905 deserto.
551 864 806 904 r'stctm'defferes
826 865 915 903 conf.
938 863 1062 893 urnula
1082 867 1117 893 G.
1145 864 1233 899 (non
1252 863 1379 892 urnula
1399 867 1431 891 ut
1451 864 1484 891 in
1504 862 1668 897 excerptis
1687 866 1754 890 erat
1775 857 1878 899 Oud.)

76 911 235 940 urnulam
255 914 291 942 P.
329 911 431 940 zer-ula
451 914 487 941 Ι).
509 920 528 940 a
543 921 581 941 m.
597 920 625 947 p.
674 912 722 939 εἰς
736 910 851 939 aciens
864 912 940 940 ΑΜ.
978 909 1037 938 sed
1047 910 1162 938 aciens
1174 912 1258 939 lunt.
1273 911 1302 937 2.
1352 907 1520 936 crustallo
1534 909 1569 937 F.
1584 909 1615 936 3.
1631 909 1666 936 G.
1680 908 1719 935 D.
1769 904 1878 933 tradit

74 958 152 986 Bas.
168 960 198 986 2.

163 1003 276 1039 petitu
295 1004 330 1032 P.
355 1003 385 1031 in
407 1004 570 1038 excerptis
585 1004 624 1031 ad
639 1011 738 1037 marg.
755 1003 803 1030 ed.
819 1002 908 1030 Colv.
924 1009 978 1035 pro
986 1000 1087 1037 pet-it.
1138 999 1298 1028 tumulum
1312 1001 1349 1028 B.
1364 996 1393 1028 δ.
1409 1002 1440 1027 ut
1456 999 1522 1027 iam
1536 998 1635 1027 edidit
1649 997 1834 1027 Scriverius
1849 999 1879 1025 et

73 1050 187 1082 prohat
200 1049 367 1077 Pricaeus.
392 1050 439 1076 De
455 1053 609 1083 perpetua
623 1051 734 1077 harum
749 1055 865 1076 vor-um
878 1046 1070 1074 confusione
1087 1045 1129 1075 cf.
1144 1047 1184 1074 ad
1198 1049 1274 1074 Met.
1288 1047 1328 1074 11.
1344 1053 1373 1079 p.
1391 1046 1464 1072 142.
1501 1043 1677 1081 aggeratis
1691 1042 1725 1070 ²⁴11
1745 1051 1791 1070 cn
1800 1050 1878 1070 mu-

73 1091 153 1120 lum
178 1092 356 1129 stragulis.
383 1093 450 1120 cito
466 1101 520 1128 pro
535 1097 626 1120 certe
640 1096 673 1122 0.
689 1095 796 1122 Burm.
812 1092 951 1122 adlevit:
968 1091 1003 1130 f.
1020 1093 1132 1127 certa,
1149 1092 1231 1127 quod
1246 1092 1324 1120 Oud.
1340 1092 1503 1127 probatur,
1519 1090 1548 1118 si
1564 1091 1616 1118 vel
1630 1089 1811 1118 infinitivus
1825 1089 1878 1116 vel

71 1138 264 1173 gerundium
283 1139 317 1167 in
331 1137 367 1165 de·
377 1142 576 1172 sequeretur.

70 1224 175 1277 apud
205 1225 313 1277 Virg.
345 1227 445 1264 Aen.
471 1225 536 1264 VI.
569 1229 680 1270 327..
711 1225 814 1263 unde
836 1225 944 1275 -Apu—

70 1279 171 1319 leius
230 1295 304 1320 sua
362 1282 545 1320 hausisse
606 1282 728 1320 videri
797 1283 942 1333 possit,

68 1341 197 1376 tamen
234 1338 365 1376 ubiubi
403 1339 544 1388 legitur
579 1338 656 1376 hoc
697 1338 941 1383 adiectivum,

67 1407 226 1446 semper
244 1394 293 1433 ad
313 1394 450 1433 fluctus
469 1408 610 1445 magna
624 1395 659 1432 vi
681 1398 720 1431 et
732 1395 941 1433 velocitate

66 1453 272 1496 irruentes,
309 1451 357 1489 ad
395 1465 500 1489 mare
536 1452 712 1490 aestibus
747 1451 940 1489 turbidum

64 1507 237 1546 refertur.
264 1506 314 1545 Et
337 1507 435 1546 haec
454 1508 540 1558 ipsa
560 1521 681 1547 causa
699 1512 779 1553 est,
806 1522 870 1546 cur
890 1507 940 1545 de

65 1564 150 1603 loco
163 1564 315 1614 Virgilii
330 1564 513 1602 dubitem.
540 1565 587 1603 cl'.
604 1563 706 1603 Cort.
727 1565 776 1603 ad
791 1564 938 1603 Lucan.

63 1620 113 1659 V.
139 1624 233 1661 218.
282 1620 416 1659 Barth.
444 1620 493 1659 ad
519 1620 620 1661 Stat.
646 1621 774 1660 Theb.
801 1620 843 1659 II.
872 1625 936 1661 40.

63 1676 148 1716 Intt.
180 1676 229 1715 ad
255 1677 343 1716 val.
370 1677 500 1716 Flacc.
527 1677 554 1717 I.
587 1682 688 1722 330,
724 1678 788 1716 ubi
822 1679 937 1715 etiam

63 1732 125 1772 alii
137 1747 298 1785 paucos
311 1734 518 1772 emendant
528 1751 539 1773 .-
553 1748 702 1774 raucos
715 1735 773 1773 ad
787 1735 938 1773 littoris

62 1792 180 1830 ictus.
211 1789 267 1828 Ita
296 1789 413 1830 Ovid.
446 1790 602 1829 Heroid.
635 1788 691 1830 X.
717 1794 782 1831 26.
822 1791 935 1829 Hinc

60 1847 255 1898 scopulus
277 1848 446 1887 raucis
466 1848 623 1899 pendet
642 1849 789 1886 adesus
803 1848 934 1900 aquis,

60 1915 162 1954 quae
186 1902 337 1941 fremitu
360 1904 565 1955 scopulum
591 1903 762 1943 adluunt.
788 1901 932 1941 XVIII.

59 1962 127 2000 26.
151 1958 374 1999 sollicitum
397 1961 539 1999 rauci
548 1974 566 1999 s
597 1965 641 2000 ut
671 1974 781 1999 mare
802 1962 935 2012 ferret

58 2016 187 2068 aquis.
214 2014 362 2054 Statius
378 2015 560 2055 Theb.V.
576 2019 668 2056 291.
693 2015 746 2054 Et
770 2017 821 2054 ita
846 2016 933 2067 ipse

58 2071 191 2110 Burm.
218 2070 389 2123 explicat
418 2072 468 2111 ad
494 2072 582 2110 Val.
609 2071 804 2110 Flacc.V.
834 2076 930 2112 141:

58 2127 346 2179 raucapassim
361 2127 428 2166 illa
441 2128 528 2167 loca
541 2128 729 2173 dicuntur,
739 2129 773 2166 in
789 2128 930 2179 quibus

56 2183 327 2222 vehementior
357 2187 396 2222 et
425 2185 629 2223 continuus
659 2197 783 2223 sonus
815 2198 929 2223 exau·

55 2240 168 2278 ditur.
198 2240 347 2293 Cocyti
369 2254 460 2279 vero
484 2240 640 2280 flumina
662 2254 738 2279 non
764 2241 926 2287 velocia,

55 2297 129 2335 sed
159 2297 284 2348 pigra,
328 2297 464 2335 inertia
494 2301 533 2335 et
565 2297 751 2336 lutulenta
782 2298 926 2348 ubique

55 2353 335 2400 describuntur,
359 2356 402 2392 ut
426 2355 667 2392 nominantur
693 2355 740 2392 ab
755 2353 926 2404 Apuleio

54 2423 90 2461 p.
119 2412 212 2449 416.
244 2415 403 2449 mortua
439 2424 477 2461 p.
510 2415 603 2451 417.
637 2412 786 2464 pt'yro.
823 2410 927 2448 unde

52 2480 181 2506 rauca
208 2479 300 2504 esse
316 2480 389 2504 non
403 2471 589 2518 possunt,
614 2480 755 2518 magno
770 2466 926 2505 fremitu

52 2526 92 2560 et
115 2523 259 2574 mugitu
281 2523 470 2562 irruentia.
507 2523 608 2562 Hinc
623 2523 801 2574 equidem
817 2523 923 2574 prius

52 2580 87 2617 in
109 2579 367 2618 coniecturam
391 2580 549 2632 ylauca
569 2580 630 2617 vel
647 2583 775 2632 furva
795 2580 921 2625 incidi,

50 2648 150 2674 nunc
175 2649 266 2673 vero
289 2635 410 2688 pulla
436 2637 743 2682 emendaverim,
769 2636 873 2687 quod
889 2637 923 2675 in

50 2693 185 2747 paula
211 2692 353 2731 deinde
384 2692 420 2730 in
448 2707 591 2744 panca
623 2693 726 2731 abiit.
777 2693 925 2732 Pullus

52 2752 250 2799 est-ater,
291 2749 487 2800 quomodo
515 2749 650 2800 Cocyti
682 2749 810 2787 undae
840 2748 923 2787 fere

50 2817 206 2857 semper
231 2806 473 2844 nominantur
498 2821 521 2845 a
538 2807 686 2857 poetis,
714 2819 831 2856 quum
842 2819 921 2843 ma-

49 2873 164 2912 gnam
189 2875 332 2901 arenae
356 2863 506 2914 copiam
532 2875 666 2901 secum
692 2861 830 2901 ferant.
878 2861 919 2899 In

46 2920 194 2956 textum
211 2922 342 2957 tamen
361 2920 618 2958 coniecturam
642 2918 819 2969 recipere
844 2932 918 2957 non

46 2987 169 3012 ausus
199 2987 302 3021 sum,
336 2977 425 3026 quia
456 2977 587 3014 obstat
618 2975 729 3013 locus
755 2974 918 3026 Virgilii.

48 3027 176 3076 Quem
194 3030 228 3069 si
249 3033 335 3082 quis
356 3045 406 3070 ex
418 3032 532 3071 codd.
547 3031 808 3084 perturbatum
824 3044 918 3069 esse

48 3085 392 3134 demonstraverit,
434 3102 497 3126 me
534 3088 815 3128 assentientem
852 3087 917 3126 ba-

45 3141 182 3195 hebit]

1060 1225 1232 1277 deferes.
1260 1224 1462 1276 [Futurum
1487 1224 1562 1261 hoc
1587 1222 1674 1262 loeo
1700 1221 1876 1274 praetuli,

1002 1281 1104 1332 quod
1127 1295 1200 1319 non
1221 1294 1305 1319 raro
1327 1282 1432 1318 vices
1456 1280 1668 1330 imperativi
1690 1281 1875 1326 sustinet;

1001 1338 1049 1376 ab
1063 1337 1185 1382 oud„
1211 1338 1301 1387 quia
1325 1337 1360 1375 in
1387 1337 1565 1374 omnibus
1589 1335 1785 1373 mandatis
1799 1335 1875 1372 Ve-

999 1393 1102 1431 neris
1119 1393 1180 1431 bic
1194 1398 1327 1431 auctor
1340 1393 1565 1444 imperativo
1580 1396 1768 1437 uteretur,
1793 1390 1873 1428 vul-

999 1454 1090 1501 gata
1118 1449 1232 1488 lectio
1256 1450 1420 1502 defer-to
1441 1452 1661 1486 sustentata
1688 1452 1760 1485 est.
1787 1447 1871 1485 Sed

999 1506 1150 1546 facilius
1164 1510 1298 1558 potest
1310 1505 1489 1556 intelligi,
1517 1504 1712 1556 quomodo
1734 1504 1872 1541 eadem

997 1576 1143 1602 caussa
1171 1563 1354 1602 commoti
1387 1562 1551 1600 futurum
1584 1562 1619 1600 in
1645 1562 1730 1599 suis
1756 1560 1871 1599 codd.

998 1620 1136 1658 librarii
1151 1619 1382 1658 mutaverint
1394 1620 1429 1657 in
1444 1619 1730 1670 imperativum,
1756 1630 1871 1667 quam

996 1678 1080 1715 vice
1117 1690 1249 1722 versa,
1289 1689 1405 1728 quum
1441 1675 1530 1714 talis
1569 1674 1789 1712 emendatio
1821 1674 1872 1712 ad

997 1732 1172 1772 librarios
1205 1735 1267 1771 vix
1298 1733 1494 1784 pertinere
1527 1731 1710 1770 videatur.
1769 1730 1870 1769 Hinc

993 1803 1096 1835 vero.
1108 1790 1212 1840 quod
1221 1790 1311 1829 alibi
1325 1802 1484 1840 semper
1498 1789 1723 1840 imperativo
1731 1787 1869 1824 Venus

992 1847 1174 1885 mandata
1187 1859 1258 1885 sua
1274 1846 1494 1891 dictaverit,
1520 1845 1619 1882 effici
1634 1858 1708 1883 non
1722 1847 1867 1895 potest,

992 1904 1136 1953 ubique
1166 1902 1203 1941 id
1235 1915 1330 1940 esse
1361 1901 1516 1940 factum.
1567 1900 1630 1938 De
1654 1914 1728 1939 usu
1753 1899 1868 1938 huius

992 1959 1204 2011 imperativi
1219 1959 1266 1997 cs.
1281 1958 1410 1997 Bentl.
1424 1958 1472 1996 ad
1484 1957 1616 1996 Horat.
1626 1956 1707 1995 sat.
1717 1954 1742 1994 Ι.
1754 1960 1790 1997 3.
1801 1961 1866 1996 74.

992 2014 1119 2053 Beier.
1135 2015 1183 2053 ad
1198 2014 1276 2053 Off.
1292 2014 1317 2052 I.
1336 2020 1369 2053 1.
1386 2014 1475 2052 Vol.
1491 2013 1516 2053 I.
1533 2028 1569 2066 p.
1589 2017 1624 2054 6.
1651 2012 1799 2051 Moser.
1815 2013 1866 2052 ad

992 2070 1068 2110 Cic.
1096 2070 1213 2110 Tusc.
1239 2071 1266 2109 l.
1298 2075 1359 2111 12.
1387 2070 1430 2109 T.
1446 2069 1473 2109 l.
1501 2084 1537 2122 p.
1565 2073 1629 2110 89.
1657 2068 1793 2108 Eckst.
1815 2069 1866 2108 ad

989 2128 1110 2166 voss.
1137 2128 1258 2166 Arist.
1285 2126 1374 2166 Vol.
1401 2126 1447 2166 ll.
1472 2140 1508 2178 p.
1537 2130 1629 2167 799.
1669 2124 1710 2163 In
1737 2125 1864 2164 futuro

987 2188 1164 2235 tempore
1184 2197 1300 2236 quum
1319 2183 1440 2222 maior
1459 2183 1652 2234 quaedam
1672 2182 1764 2220 insit
1776 2195 1864 2221 con-

986 2240 1143 2280 fidentia
1158 2240 1365 2291 loquentis,
1376 2239 1518 2278 sactum
1534 2240 1589 2285 iri,
1600 2238 1704 2290 quod
1716 2241 1862 2289 sperat,

985 2298 1106 2335 maior
1118 2297 1181 2335 hic
1193 2297 1283 2335 mihi
1300 2297 1335 2334 in
1352 2310 1398 2334 eo
1411 2296 1562 2334 videtur
1576 2297 1709 2334 inesse
1729 2295 1861 2340 ironia,

987 2355 1130 2405 quippe
1146 2353 1249 2404 quod
1259 2353 1411 2398 Venus,
1429 2367 1527 2391 nunc
1540 2356 1645 2392 certe
1660 2351 1860 2402 Psycham

984 2411 1129 2449 servari
1145 2423 1281 2462 posse,
1292 2424 1364 2448 non
1380 2413 1525 2460 speret.
1553 2409 1861 2460 Elegantissima

984 2468 1099 2505 etiam
1127 2470 1189 2505 est
1214 2467 1389 2505 codicum
1404 2469 1435 2505 δ.
1457 2470 1496 2504 et
1513 2479 1548 2518 p.
1572 2466 1688 2504 lectio
1711 2465 1858 2517 defers,

983 2536 1098 2574 quam
1124 2525 1158 2562 in
1175 2523 1259 2561 cod.
1274 2523 1319 2562 F.
1335 2527 1390 2569 3.,
1417 2523 1527 2560 cuius
1553 2526 1754 2573 postrema
1777 2519 1857 2571 syl-

982 2579 1072 2618 laba
1097 2593 1120 2617 a
1143 2593 1258 2618 manu
1284 2579 1459 2618 secunda
1484 2582 1608 2625 extat,
1635 2578 1758 2616 fuisse
1771 2589 1857 2627 pro-

982 2636 1115 2674 babile
1146 2640 1219 2675 est.
1269 2632 1484 2674 Praesenti
1506 2636 1608 2673 enim
1634 2647 1703 2686 pro
1730 2634 1855 2671 futuro

983 2696 1160 2744 tempore
1186 2693 1328 2731 Graeci
1354 2695 1509 2731 utuntur
1534 2690 1756 2742 aliquoties;
1806 2688 1856 2727 cf.

982 2749 1123 2788 Stallb.
1150 2749 1200 2788 ad
1226 2748 1379 2787 Platon.
1405 2748 1543 2800 Lysia.
1571 2747 1647 2785 init.
1661 2759 1698 2798 p.
1714 2749 1778 2786 96.
1803 2745 1856 2784 ad

981 2805 1166 2856 Sympos.
1198 2819 1235 2857 p.
1266 2809 1357 2846 172.
1389 2805 1444 2850 A,
1472 2804 1536 2857 qui
1563 2803 1676 2842 locus
1699 2801 1805 2840 male
1829 2815 1855 2841 a

980 2859 1121 2901 Stallb.
1146 2865 1313 2900 vexatus
1339 2857 1429 2913 estp]
1482 2857 1484 2859 '

977 2995 982 2999 -
1034 2973 1121 3013 Cn.
1137 2972 1246 3013 XIV.
1271 2972 1474 3012 tunmlnm.
1508 2971 1670 3025 [Contra
1682 2971 1852 3023 optimos

976 3030 1103 3075 codd„
1114 3031 1177 3081 qui
1192 3043 1328 3067 omnes
1339 3029 1423 3067 {ere
1433 3028 1635 3069 cumulum
1650 3028 1851 3079 praebent,

975 3085 1181 3125 lectionem
1194 3086 1361 3132 restitui,
1380 3081 1489 3137 ‘quae
1503 3084 1723 3123 sententiae
1737 3084 1850 3123 huius

975 3141 1051 3181 loci
1060 3157 1086 3182 n
1093 3142 1293 3182 ecessaria
1307 3145 1397 3181 erat.
1414 3140 1544 3188 Quum
1559 3142 1665 3184 enim,
1675 3141 1849 3181 tumulus
