2221 3667
336 145 420 187 788
588 144 633 183 L.
666 143 883 183 APULEll
914 142 1314 183 MADAURENSIS
1343 143 1886 184 METAMORPHOSEON

336 255 561 296 luminibus.
611 254 697 296 Nee
718 256 820 296 enim
842 255 933 296 mihi
954 255 1116 296 solertia
1137 255 1323 295 defuisset
1345 256 1390 295 ad
1412 256 1626 309 detegenda
1649 258 1918 311 quoquomodo
1940 255 2131 311 pessimae

214 318 310 358 [224]
339 313 506 352 feminae
538 312 701 365 flagitia.
737 311 743 367 Ι
776 311 853 353 Sed
879 326 978 352 anus
1006 313 1217 365 quaedam,
1256 312 1381 365 stupri
1414 320 1618 365 sequestra
1650 321 1688 352 et
1719 314 1984 354 adulterorum
2010 313 2133 352 inter-

336 371 494 418 nuntia,
529 368 574 407 de
607 369 668 408 die
701 369 871 422 quotidie
897 368 1172 422 inseparabilis
1198 369 1350 408 aderat.
1414 366 1512 408 Cum
1546 382 1621 421 qua
1650 370 1828 422 protinus
1860 369 2056 410 ientaculo
2089 381 2133 407 ac.

336 424 474 465 deliine
500 424 590 464 vino
623 439 730 465 mero
757 427 899 466 mutuis
926 425 1077 465 vicibus
1111 425 1291 475 velitata,
1326 438 1466 464 scenas
1499 425 1767 465 fraudulentas
1799 426 1838 465 in
1869 426 2034 466 exitium
2066 424 2135 465 mi-

335 563 479 592 solertae‘a
498 563 665 603 defuisset
684 566 717 593 ιἸι
731 563 914 602 detegenda
936 567 970 594 G.
990 566 1016 593 1.
1030 567 1061 593 2.
1079 567 1117 593 1).
1137 567 1171 593 0.
1191 574 1211 594 a
1225 574 1264 593 m.
1281 574 1309 600 p.
1327 566 1362 593 P.
1398 564 1542 592 solertia
1556 563 1719 604 defuisset
1732 563 1913 603 detegendo
1928 562 1957 594 «5.
1993 563 2138 593 solertia

335 609 500 649 defuisset
521 610 554 638 iu
574 609 755 646 digerenda
776 612 812 639 D.
861 617 948 638 antis
966 618 1030 639 non
1050 614 1209 644 comparet
1229 611 1262 638 in
1283 619 1311 644 ι).
1360 609 1474 647 strupi
1491 612 1528 638 G.
1552 612 1579 638 1.
1616 610 1750 646 stt-apri
1767 613 1803 639 G.
1822 613 1852 639 2.
1872 612 1910 639 D.
1947 610 1988 639 cf.
2010 618 2039 644 p.
2062 611 2136 638 621.

335 658 527 693 sequestret
546 655 779 683 adnleerormu
799 657 834 684 F.
850 658 880 684 3.
918 655 1180 692 stuprae'cnnscia
1200 657 1235 683 G.
1260 657 1287 684 1.
1305 658 1334 683 2.
1356 656 1391 683 0.
1406 657 1442 684 P.
1456 657 1494 684 Ι).
1509 657 1546 684 R.
1562 655 1583 684 f.
1599 665 1631 690 φ.
1652 656 1732 684 Con.
1746 657 1843 684 Voss.
1859 653 1887 684 δ.
1902 663 1938 684 π.
1962 657 2077 684 Incert.
2101 656 2137 683 In

334 704 408 730 cett.
433 700 547 738 stupri
568 704 757 738 sequestra.

337 790 450 819 laculo
464 792 592 821 Viceut.
617 790 795 819 iantacula
810 800 840 826 p.

336 841 428 871 paret
452 837 485 866 iu
510 846 538 872 p.

335 881 499 910 velitatus
513 889 613 909 cenas
627 884 680 911 vel
693 890 819 910 caenas
832 885 886 911 vel
900 890 1033 911 coenas.

336 993 524 1044 alioquin
538 992 782 1044 praetulerit,
809 1006 923 1044 quam
939 993 1119 1045 equidem
1140 1007 1210 1044 pro

337 1048 554 1100 corruptela
595 1050 726 1101 potius
758 1049 959 1089 habuerim
991 1048 1211 1102 compendii

336 1111 416 1169 itan
454 1130 521 1168 pro
559 1117 643 1157 al'n
678 1131 710 1156 S.
743 1115 819 1157 aiu
854 1119 878 1157 i.
904 1132 937 1157 e.
969 1117 1214 1170 aliquanda.

336 1173 399 1212 De
424 1174 706 1225 significatione
730 1175 944 1225 particulae
965 1175 1211 1227 aliquando,

338 1243 440 1281 quae
485 1235 641 1269 nostrae
677 1232 829 1284 iryend
870 1231 1034 1277 eiumal,
1062 1230 1213 1285 J'emals

336 1287 564 1338 respondet3
591 1286 638 1326 cf.
652 1286 782 1326 Hand.
794 1286 965 1327 Tursell.
985 1287 1029 1327 ΙΙ.
1045 1302 1083 1340 p.
1099 1286 1210 1339 246]

394 1368 529 1419 stupri
575 1372 792 1419 sequestra.
853 1367 949 1405 Sine
992 1367 1107 1404 dubio
1163 1379 1214 1403 ex

339 1423 583 1474 glossemate
609 1427 672 1461 est
696 1423 887 1475 scriptura
918 1424 1067 1474 aliquot
1097 1423 1215 1461 codd.

340 1481 523 1526 conscia,
556 1480 660 1530 quod
692 1480 925 1519 vocabulum
950 1480 1071 1518 multo
1095 1481 1214 1517 usita-

338 1538 414 1574 tius
441 1540 513 1575 est.
563 1537 780 1588 Sequestra
807 1541 870 1574 est
894 1536 1137 1582 intermedia,
1163 1537 1214 1573 in-

340 1593 535 1631 ternuncia
583 1592 630 1630 cf.
668 1592 819 1632 Firmic.
856 1593 1014 1631 Astron.
1042 1592 1109 1630 Vl.
1148 1596 1213 1633 31.

340 1650 423 1689 Aut
457 1654 740 1701 sequestros
775 1654 848 1689 aut
872 1651 1051 1701 turpium.
1077 1650 1213 1688 libidi-

338 1721 431 1745 num
461 1707 666 1745 ministros
692 1707 843 1756 faciet,
877 1707 994 1758 Apul.
1027 1706 1122 1744 Met.
1145 1704 1213 1743 VI.

339 1776 375 1813 p.
409 1767 500 1802 444.
540 1763 757 1815 zviryiiralis
789 1764 923 1813 fuqae
958 1767 1215 1815 sequestro

337 1819 622 1871 ministroque,
649 1817 751 1856 Oud.
778 1818 829 1857 ad
849 1818 1018 1857 Frontin.
1040 1818 1065 1857 I.
1087 1819 1123 1858 4.
1149 1823 1212 1858 14.

339 1876 473 1915 Nares
514 1876 636 1927 pacis
682 1880 974 1927 sequestrae.
1035 1874 1212 1927 [Fir-mie.

340 1934 500 1970 Astron.
527 1931 588 1970 ΙΙΙ.
613 1935 677 1971 13.
701 1936 972 1984 sequestres
997 1937 1037 1971 et
1059 1932 1215 1970 conscii

341 1992 382 2027 in
409 1989 652 2041 quibusdam
680 1989 797 2027 malis
829 1989 1113 2040 comprehensi
1133 2003 1214 2027 nia-

339 2047 460 2085 :cimis
468 2044 751 2097 periculorum
765 2045 922 2097 laqueis
935 2045 1214 2097 implicantur,

340 2116 390 2140 ex
427 2115 503 2152 quo
543 2102 628 2139 loco
666 2102 806 2152 glossa
841 2101 1027 2153 explicari
1064 2105 1213 2153 potest3

342 2159 505 2197 Taubm.
537 2158 587 2196 ad
618 2156 744 2197 Plaut.
775 2158 944 2197 Rudent.
976 2157 1043 2196 lv.
1076 2162 1112 2198 3.
1151 2162 1216 2198 65.

341 2216 390 2255 cf.
417 2214 526 2253 Fest.
557 2228 588 2253 s.
608 2228 645 2252 v.
679 2228 714 2266 p.
743 2218 835 2255 261.
865 2219 905 2253 et
927 2214 1013 2253 Intt.
1044 2215 1092 2253 ad
1129 2214 1166 2253 h.
1194 2215 1217 2253 l.

340 2288 377 2325 p.
394 2277 486 2312 710.
511 2271 692 2309 Lindem.
715 2271 845 2310 Burm.
872 2272 922 2310 ad
948 2271 1109 2310 Anthol.
1129 2271 1216 2310 Lat.

343 2329 388 2368 T.
403 2328 447 2368 ll.
462 2343 500 2380 p.
518 2331 628 2373 169„
652 2329 716 2378 qui
729 2329 765 2366 in
776 2327 898 2367 L.lV.
915 2342 1028 2367 carm.
1039 2327 1214 2368 GCXW.

343 2392 378 2427 7.
410 2400 498 2437 pro:
532 2385 686 2425 Iudicis
715 2386 928 2436 imperium
958 2399 1120 2424 sert-aus
1147 2386 1213 2423 bo-

342 2445 470 2482 nitate
504 2443 743 2494 maqistra
781 2442 857 2492 legi
892 2442 990 2480 vult:
1036 2442 1215 2481 bonitate

339 2504 571 2552 sequestra,
604 2511 679 2549 ego
704 2502 834 2536 tamen
860 2498 991 2537 malim
1016 2499 1213 2537 ministra.

342 2557 406 2594 De
437 2557 560 2594 forma
589 2555 677 2593 vide
703 2554 838 2594 Eckst.
869 2555 918 2593 ad
943 2555 1066 2593 Voss.
1092 2555 1214 2593 Arist.

343 2612 387 2651 T.
413 2611 458 2651 ΙΙ.
483 2625 520 2664 p.
547 2611 663 2664 656]

400 2692 567 2731 relt'tuta
591 2704 730 2731 scenas
745 2691 1038 2743 fraudulentas
1124 2705 1215 2730 eou-

344 2749 533 2789 struebat.
604 2747 773 2786 Diversa
815 2749 964 2786 ratione
1005 2747 1092 2785 huic
1129 2747 1215 2786 loco

343 2806 490 2844 mederi
519 2804 748 2843 studuerunt
779 2804 846 2842 viri
878 2804 993 2843 docti.
1055 2802 1215 2842 Colvius

345 2862 543 2900 emendat:
570 2862 770 2901 delicatas
784 2874 931 2900 coenas
941 2861 1216 2911 fraudulenta

346 2921 386 2957 in
399 2920 567 2958 exitium
581 2919 791 2957 miserrimi
811 2919 963 2963 marili,
990 2931 1104 2968 quam
1126 2931 1213 2956 con-

345 2977 527 3013 iecturam
547 2975 719 3013 wower.
746 2974 903 3026 probat,
929 2975 1059 3025 potius
1085 2978 1212 3012 tamen

344 3031 450 3070 Bert.
477 3031 563 3069 cod.
589 3031 817 3082 scripturam
843 3034 1020 3069 secutus:
1048 3031 1213 3070 velitata

343 3102 492 3133 scenas,
517 3101 632 3138 quam
657 3088 772 3126 etiam
799 3087 898 3126 Elm.
923 3087 1123 3139 praetulit,
1150 3088 1214 3125 de-

344 3148 582 3191 monstrans,
608 3158 746 3184 scenas
768 3144 972 3199 Apuleium
993 3158 1066 3183 non
1087 3145 1212 3182 semel

888 791 1059 819 ientaculo
1074 791 1199 819 mutuis
1213 799 1255 819 ac
1268 789 1388 818 dehinc
1400 790 1477 818 w'no
1491 799 1580 818 mero
1595 791 1720 819 mutuis
1734 793 1768 820 G.
1785 794 1814 820 2¹.
1825 793 1864 820 D.

587 836 735 864 velitata
758 838 794 865 B.
821 835 850 865 δ.
899 844 1020 865 scenas
1046 846 1075 872 p.
1102 838 1136 865 Ο.
1163 844 1263 872 marg.
1284 838 1394 866 wow.
1415 840 1445 865 et
1465 841 1650 872 sequentes.
1686 839 1722 865 111
1749 841 1822 866 cett.
1848 837 1999 866 omnihus
2022 835 2143 871 legitur

805 699 1055 728 mlalteriorum
1080 702 1148 729 cod.
1174 703 1256 735 luc..
1282 702 1364 735 quod
1390 703 1430 729 ab
1455 701 1583 735 Sciopp.
1609 702 1812 729 emendatum
1837 708 1992 735 perquam
2016 700 2140 735 placuit

335 748 447 775 Brant.
468 747 608 780 e10ud.,
635 750 747 775 eontra
765 749 846 775 Mss.
866 747 1019 781 quamvis
1038 754 1101 775 non
1120 747 1303 781 corrigenti.

1349 745 1441 772 inter
1458 745 1600 773 num-tia
1613 748 1648 774 G.
1663 748 1694 774 2.
1741 744 1980 782 insuperabiles
1993 742 2022 774 ὃ.
2071 743 2140 771 len-

1912 799 1955 819 (10
1974 798 2038 819 110ss
2056 797 2142 818 com-

1270 1007 1340 1044 pro
1367 992 1566 1031 fraudibus
1594 997 1632 1030 et
1656 992 1808 1031 technis
1833 993 2021 1044 posuisse
2054 990 2142 1030 coll.

1270 1048 1369 1087 Met.
1392 1048 1494 1087 vm.
1525 1063 1561 1100 p.
1596 1053 1689 1090 538.
1726 1050 1899 1090 Placuit
1927 1048 2145 1099 Thrasyllo

1271 1120 1412 1146 scena
1447 1107 1643 1156 feralium
1679 1107 1929 1158 nuptiarum.
1976 1119 2016 1157 p.
2051 1107 2146 1146 588.

1272 1164 1544 1214 turpissimam
1601 1177 1765 1202 scena
1781 1178 1816 1201 m
1860 1163 2146 1215 patefaciunt,⁶

1271 1219 1423 1258 Placid.
1455 1219 1590 1258 Gloss.
1616 1234 1652 1270 p.
1680 1224 1772 1259 500.
1804 1233 1950 1259 scena
1975 1223 2147 1258 vocatur

1273 1277 1518 1328 compositio
1565 1276 1740 1316 alicuius
1791 1276 1988 1322 criminis,
2042 1288 2147 1327 quae

1273 1334 1406 1386 (liqna
1443 1338 1537 1372 suut
1566 1334 1639 1385 ussi
1671 1334 1711 1371 iu
1744 1333 1904 1371 theatro
1941 1332 2147 1371 eoeclama-

1272 1390 1451 1429 tionibus
1486 1391 1678 1442 trayicis,
1715 1390 1778 1428 ubi
1811 1388 1910 1428 Elm.
1950 1388 2025 1439 legi
2067 1387 2149 1425 vult

1273 1447 1348 1498 aqi
1372 1447 1413 1484 in
1439 1446 1609 1485 theatro.
1638 1446 1762 1497 [quae
1787 1445 1926 1495 glossa
1950 1445 2072 1483 hodie
2098 1444 2152 1482 ita

1273 1502 1428 1552 legitur:
1463 1502 1598 1542 Seenav
1629 1508 1685 1541 est
1716 1516 1905 1541 camera.
1931 1501 2152 1541 hincinde

1275 1560 1521 1610 composita,
1561 1573 1664 1611 quae
1700 1560 1904 1598 inumbrat
1940 1559 2077 1611 locum.
2110 1559 2150 1595 in

1276 1616 1452 1661 theatro,
1479 1617 1521 1654 in
1548 1631 1628 1669 quo
1655 1616 1745 1655 ludi
1770 1616 2010 1654 actitantur.
2048 1614 2154 1654 Item

1273 1687 1391 1711 scena
1414 1673 1570 1711 dicitur
1590 1673 1781 1711 arborum
1802 1673 1842 1711 in
1864 1685 1904 1710 se
1917 1670 2152 1711 incumben-

1274 1730 1389 1773 tium,
1419 1731 1536 1780 quasi
1562 1733 1848 1769 concamerata
1875 1728 2080 1774 densatio,
2107 1732 2154 1767 ut

1274 1785 1408 1824 subter
1418 1787 1577 1836 positos
1590 1791 1725 1837 te-qere
1734 1786 1875 1837 possit.
1915 1785 2014 1824 Item
2026 1798 2156 1825 scena

1275 1846 1444 1881 coeatur
1470 1844 1713 1894 compositio
1739 1842 1915 1881 alicuius
1943 1841 2155 1886 carminis,

1277 1898 1391 1950 quod
1426 1899 1600 1950 (llyrium
1629 1900 1680 1938 sit
1711 1899 1784 1951 aqi
1814 1900 1855 1936 in
1888 1899 2049 1938 theatro
2080 1909 2153 1936 ccc-

1276 1954 1587 1994 elamatiouibus
1613 1956 1796 2007 t›·aqicis.
1825 1955 2069 2008 Τιάῃοειίία
2099 1959 2159 1993 est

1275 2012 1377 2049 enim
1402 2025 1531 2063 yenus
1557 2012 1768 2057 carminis,
1804 2026 1884 2064 quo
1904 2017 2058 2063 poetae
2093 2024 2154 2049 re.—

1272 2082 1371 2120 ‚qum
1397 2082 1513 2108 casus
1537 2069 1773 2108 durissimos
1798 2073 1836 2106 et
1858 2069 2012 2108 scelera
2030 2069 2156 2107 inau-

1278 2125 1366 2163 dita
1399 2125 1462 2163 cel
1483 2125 1653 2164 deorum
1677 2139 1741 2164 res
1765 2124 1852 2164 alto
1874 2126 2011 2164 sonitu
2037 2125 2158 2175 (lege

1277 2183 1454 2229 tonitru)
1486 2182 1734 2221 describunt.
1805 2181 1846 2219 ln
1878 2195 1925 2219 ea
1953 2181 2158 2220 sententia

1277 2238 1471 2276 consentit
1490 2238 1590 2276 Oud.
1619 2238 1702 2276 Sed
1721 2252 1858 2277 omnes
1879 2251 1977 2290 quos
1991 2236 2157 2291 protulit

1277 2294 1376 2333 Elm.
1404 2295 1477 2333 loci
1503 2296 1759 2346 comprobare
1778 2299 1975 2347 nequeunt
1992 2309 2066 2334 nec
2090 2308 2155 2333 un·

1275 2365 1389 2403 quam
1415 2353 1656 2402 comprobari
1686 2353 1844 2403 poterit,
1875 2366 2015 2392 scenas
2046 2351 2156 2390 idem

1274 2422 1368 2445 esse
1395 2409 1498 2459 quod
1523 2408 1683 2448 fraudes
1709 2414 1748 2447 et
1778 2409 1961 2455 technae,
1992 2408 2068 2448 sed
2103 2407 2157 2445 de

1274 2464 1362 2503 loco
1388 2465 1438 2504 ad
1465 2465 1679 2504 fabularum
1704 2471 1935 2517 apparatum
1955 2469 1995 2504 et
2013 2465 2063 2504 ad
2083 2477 2156 2503 «ex-

1273 2525 1422 2560 ternam
1439 2522 1607 2573 (lcnique
1626 2535 1749 2560 rerum
1772 2524 1948 2575 speciem
1967 2522 2095 2561 referti
2106 2535 2155 2570 1r;

1275 2578 1322 2617 cs.
1349 2578 1399 2616 ad
1425 2578 1522 2617 Met.
1551 2578 1615 2617 [V.
1640 2593 1679 2630 p.
1699 2583 1810 2626 281..
1838 2580 1902 2618 ubi
1927 2581 2154 2618 accuratius

1276 2636 1457 2687 exposui.
1508 2635 1565 2674 lta
1588 2635 1692 2687 apud
1719 2634 1848 2682 Quint.
1867 2635 1931 2675 VI.
1961 2641 1995 2676 1.
2021 2637 2053 2687 §.
2079 2638 2154 2676 49.

1277 2693 1562 2731 discutiendae
1587 2697 1717 2731 tamen
1745 2694 1933 2732 oratione
1962 2693 2151 2733 huiusce-

1275 2749 1388 2787 modi
1404 2762 1588 2793 scenae,
1603 2761 1716 2800 quem
1732 2749 1858 2788 locum
1872 2748 1977 2788 Oud.
1991 2750 2153 2795 excitat,

1274 2818 1349 2843 non
1365 2805 1528 2843 technas
1541 2810 1579 2844 et
1592 2805 1751 2844 artificia
1767 2819 1911 2845 scenae
1929 2805 2150 2857 significant:¹

1275 2865 1466 2899 oratorum
1510 2862 1676 2901 lacrimis
1712 2862 1861 2900 iudices
1897 2864 2150 2910 moventium,

1273 2922 1314 2956 ut
1350 2918 1453 2957 Oud.
1492 2919 1692 2970 exposuit,
1733 2919 1807 2957 sed
1850 2920 1884 2957 in
1922 2919 2151 2957 universum

1272 2974 1504 3013 theatralem
1525 2977 1636 3014 istam
1656 2989 1839 3026 pompam
1860 2980 1900 3013 et
1918 2979 2154 3027 apparatumx

1272 3033 1487 3077 scenicum,
1514 3033 1653 3083 quibus
1673 3031 1871 3070 auditores
1892 3032 2153 3083 decipiuntur..

1274 3088 1358 3138 Ego
1403 3101 1558 3139 quoque
1602 3088 1810 3126 lectionem
1850 3102 1991 3128 scenas
2030 3090 2153 3128 unice·

1272 3145 1511 3198 probandam
1537 3149 1649 3198 puto,
1683 3158 1730 3182 cx
1761 3145 1952 3199 scriptura
1975 3158 2153 3196 scaenas
