2155 3590
592 173 781 214 LIBER
803 173 902 214 vll.
962 173 1089 214 CAP.
1119 172 1190 213 VI.
1215 171 1326 223 Vllg

1773 171 1855 215 537

72 285 230 327 refertis
254 283 446 334 incincta,
473 284 579 325 inter
602 284 707 339 ipsas
734 285 1033 326 custodientium
1059 285 1222 325 militum
1246 296 1384 324 manus
1409 290 1449 323 et
1473 283 1622 336 gladios
1648 284 1770 324 nudos
1795 283 1857 323 in-

72 341 242 394 trepida,
271 347 498 380 cunctorum
524 340 782 394 periculorum
810 342 1025 395 particeps,
1060 348 1099 381 et
1122 354 1191 395 pro
1216 339 1348 380 mariti
1378 339 1503 379 salute
1535 340 1763 394 pervigilem
1790 353 1856 379 cu-

70 410 155 437 ram
174 396 395 446 sustineus,
423 410 630 437 aerumnas
651 397 828 438 assiduas
848 398 1007 451 ingenio
1026 397 1199 437 masculo
1219 395 1451 437 sustinebat.
1501 393 1662 449 Iamque
1682 396 1856 449 plurimis

69 452 223 493 itineris
250 452 542 492 difficultatibus
569 453 765 506 marisque
791 454 1010 494 terroribus
1031 453 1246 493 exantlatis
1272 451 1518 506 Zacynthum
1539 451 1714 506 petebat,
1742 465 1856 506 quam

72 521 159 549 sors
184 508 221 549 ei
246 508 377 548 fatalis
403 509 634 549 decreverat
656 509 933 563 temporariam
959 509 1104 550 sedem.

623 714 1062 763 CAPUT
1166 714 1304 762 VII.

181 843 260 887 Sed
273 859 358 886 cum
373 846 538 901 primum
551 846 660 886 littus
674 846 879 887 Actiacum
890 877 901 897 ,
929 861 1005 900 quo
1025 854 1118 887 tunc
1130 845 1367 888 Macedonia
1380 845 1548 901 dellapsi
1563 845 1857 900 grassabamus,

63 973 258 1010 partie-epesi
270 975 306 1003 G.
321 975 351 1003 1.
365 981 385 1003 a
397 982 438 1003 m.
452 982 482 1009 p.
503 973 692 1011 participes
704 974 819 1003 Venet.
831 975 863 1004 2.
888 973 1076 1003 substinens
1089 975 1128 1004 D.
1143 976 1180 1003 G.
1190 976 1218 1003 1.
1232 981 1287 1008 pro
1299 982 1386 1003 more
1397 974 1572 1003 scribendi.
1618 973 1792 1010 erruptias
1804 981 1861 1008 pro

67 1025 250 1046 aerumnas
264 1021 300 1047 G.
312 1021 343 1048 2.
357 1021 396 1049 D.
441 1019 538 1056 genio
553 1020 574 1048 f.
597 1020 738 1057 ingenuo
751 1020 878 1048 Vicent.
891 1021 1004 1048 Vener.
1019 1022 1050 1049 2.
1097 1019 1310 1047 sustinebant
1324 1021 1359 1048 0.
1385 1018 1595 1047 substinebat
1607 1021 1643 1047 G.
1659 1020 1687 1047 1.
1701 1020 1733 1046 2.
1780 1017 1860 1055 iam,

67 1071 132 1091 non
147 1064 257 1092 addita
271 1065 434 1098 particula
448 1072 526 1102 que,
553 1067 588 1093 G.
605 1066 633 1093 1.
648 1066 678 1093 2.
694 1065 729 1092 P.
743 1065 782 1092 D.
797 1065 831 1092 Ο.
879 1063 1038 1092 itinerum
1058 1066 1094 1094 B.
1129 1063 1307 1092 itineribus
1321 1061 1350 1092 δ.
1398 1062 1661 1100 difficultatibus
1679 1063 1862 1100 utarisque.

66 1109 157 1137 Haec
170 1111 269 1137 verba
282 1109 408 1141 integra
422 1110 647 1138 desiderantur
657 1110 690 1138 in
706 1111 741 1138 G.
755 1110 786 1138 2.
800 1111 835 1138 P.
849 1110 888 1137 D.
935 1108 1134 1146 exanglatis
1148 1111 1183 1138 G.
1201 1111 1228 1138 1.
1254 1107 1440 1136 exundatis
1454 1106 1483 1137 ὃ.
1532 1106 1758 1136 ΖαεΙιίπιΙιιιηι
1779 1110 1814 1137 G.
1833 1110 1862 1136 1.

67 1155 99 1181 2.
113 1154 148 1182 Ο.
163 1157 318 1187 (uranium
331 1154 438 1182 video.
463 1155 541 1182 Oud.
555 1154 650 1191 dicit,
676 1155 799 1188 aliquot
813 1154 902 1182 codd.
916 1153 962 1182 ita
974 1157 1101 1183 habere.
1128 1152 1333 1190 Iacynehnm
1347 1154 1381 1181 F.
1394 1155 1422 1182 1.
1460 1151 1655 1180 [achiacum
1670 1150 1699 1182 ὅ.
1726 1151 1862 1189 Zacyn-

67 1200 158 1225 toum
173 1206 202 1232 ρ.
235 1195 417 1226 Zazintum
433 1200 480 1227 ed.
494 1207 541 1233 pr.
583 1198 728 1235 patebat
742 1197 770 1227 δ’.
809 1197 945 1238 fatalis·
958 1201 1103 1228 exulata
1116 1200 1154 1228 P.
1203 1197 1403 1226 decreverat
1415 1197 1448 1225 ei
1460 1198 1699 1235 temperariam
1713 1195 1743 1227 δ.
1782 1201 1864 1226 lem-

62 1243 240 1279 perariam
260 1251 387 1278 quoque
405 1244 501 1272 estin
514 1245 551 1272 P.
588 1243 777 1280 temperiem
792 1251 821 1277 p.

158 1286 249 1317 litus.
273 1290 324 1317 Ila
336 1289 370 1316 in
384 1289 502 1322 optimo
515 1290 583 1317 cod.
597 1289 633 1317 F.
647 1290 678 1317 3.
693 1289 866 1324 scriptum,
890 1296 950 1317 nec
965 1288 1061 1316 aliter
1074 1295 1201 1322 quoque
1219 1288 1330 1316 statim
1349 1286 1462 1323 litori,
1489 1289 1571 1321 quod
1592 1288 1865 1323 diligentissimus

65 1332 221 1361 librarius
246 1333 400 1362 enotavit.
449 1331 643 1361 anthiocum
658 1335 693 1361 G.
711 1335 738 1361 1.
757 1341 776 1362 a
795 1341 836 1361 m.
855 1341 898 1369 s.‚
923 1336 958 1360 ut
983 1334 1168 1361 emendator
1192 1332 1291 1360 scribi
1317 1333 1464 1361 voluisse
1487 1333 1639 1361 videatur
1662 1331 1864 1361 aethiae-um.

67 1385 132 1414 quo
149 1379 227 1404 tunc
240 1375 279 1404 de
292 1375 494 1405 Macedonia
507 1379 542 1407 P.
591 1376 827 1406 delassisolita
840 1377 1022 1405 variatione
1035 1374 1063 1405 ὃ.
1089 1377 1130 1405 cf.
1152 1378 1192 1406 ad
1206 1380 1283 1406 Mei.
1296 1378 1336 1406 V.
1357 1385 1386 1411 1).
1401 1379 1476 1405 361.
1503 1375 1624 1413 lapsa
1649 1376 1772 1406 salute.
1808 1375 1866 1404 de-

66 1420 174 1450 classi
184 1431 217 1455 φ.
263 1421 509 1459 grassabmuus
523 1424 558 1451 F.
575 1424 603 1451 1.
618 1424 648 1451 3.
664 1424 701 1451 Β.
716 1424 753 1451 R.
769 1423 790 1451 f.
804 1430 835 1456 p.
849 1419 879 1451 δ.
892 1423 927 1451 Ρ.
942 1423 1013 1451 edd.
1036 1430 1148 1451 omnes
1162 1426 1240 1452 vett.
1254 1430 1358 1457 usque
1378 1423 1419 1450 ad
1439 1423 1542 1451 Basil.
1557 1424 1588 1451 2.
1625 1421 1866 1450 crassabauaus

66 1468 104 1495 G.
121 1468 150 1496 1.
162 1468 196 1495 2.
207 1468 247 1497 D.
272 1465 504 1496 classabamus
519 1469 554 1497 Ο.
577 1470 614 1496 Iu
627 1471 700 1497 cett.
711 1466 969 1505 grassabantur.

65 1575 208 1628 πολλὴν
221 1577 285 1616 καὶ
297 1575 461 1629 ἀγαθὴν,
482 1574 585 1630 ἐγγὺς
610 1576 817 1629 ἡμερησίαν
837 1574 938 1624 ὁδὸν,

66 1629 115 1683 ἢν
149 1634 275 1672 καλεῖν
309 1631 397 1680 τοὺς
437 1637 651 1687 ἐπιχωρίους
693 1631 834 1685 ζώνην
873 1637 939 1684 τῆς

65 1689 252 1741 βασιλέως
274 1686 457 1740 γυναικός.
495 1690 555 1729 Ex
569 1703 682 1742 seqq.
703 1691 803 1728 enim
817 1694 938 1742 patet,

67 1744 130 1783 hic
147 1745 278 1784 referri
295 1744 408 1796 ζωνῆν
423 1747 472 1785 ad
485 1747 688 1786 muliebria
701 1750 937 1785 ornamenta.

66 1800 120 1840 Et
160 1814 183 1839 a
223 1803 399 1852 partibus
441 1816 572 1842 eorum
615 1807 720 1841 stare
764 1816 936 1853 nequeo,

69 1858 132 1908 qui
174 1857 236 1896 hic
259 1860 561 1910 pretiosissimis
589 1873 659 1911 per
688 1859 940 1910 Hypallagen

67 1914 261 1966 pertinere
287 1914 419 1953 volunt
443 1915 494 1953 ad
517 1916 737 1962 monilium,
763 1919 805 1952 ut
828 1916 941 1953 inter-

66 1983 162 2022 pres
176 1970 457 2021 francogallus:
483 1971 637 2022 pleines
651 1971 736 2009 d'or
748 1972 943 2022 monnoye

69 2030 110 2064 et
133 2026 184 2064 de
202 2026 355 2077 joyaux
380 2026 472 2065 d'un
499 2028 622 2077 grand
645 2028 740 2079 prix.
779 2027 942 2066 Pretio-

68 2083 229 2121 sissimis
254 2082 303 2119 de
326 2084 435 2121 zonis
459 2083 602 2121 dictum
627 2087 707 2129 est,
734 2096 835 2134 quae
859 2082 943 2135 pul-

70 2137 258 2176 cherrime
271 2142 379 2176 erant
390 2139 521 2190 pictae
529 2143 568 2177 et
575 2138 821 2191 splendidae,
829 2142 943 2191 prout

70 2193 241 2232 feminae
258 2207 331 2232 non
352 2195 481 2232 solum
507 2194 725 2234 luxuriosae
738 2195 813 2233 sed
826 2195 942 2234 etiam

71 2249 342 2288 nobilissimae
366 2251 542 2290 condicio
572 2251 808 2303 postulabat.
855 2250 944 2290 Nec

70 2306 198 2344 minus
224 2308 362 2345 erravit
386 2307 558 2353 Rodius,
591 2309 655 2358 qui
686 2321 791 2347 auro
814 2321 943 2346 moue-

71 2363 148 2401 tali
166 2363 300 2400 nescio
320 2376 397 2413 qua
415 2364 562 2401 ratione
582 2363 777 2414 Spargeld
798 2363 941 2416 vertit.]

129 2419 440 2458 custodientium
454 2420 634 2459 militum.
654 2420 803 2458 Milites
818 2423 946 2458 custo-

73 2474 230 2513 diendis
255 2475 334 2512 reis
359 2476 521 2526 saepius
553 2475 846 2514 adhibebantur.
895 2475 945 2514 cs.

71 2529 195 2569 Raev.
212 2529 381 2570 Coniect.
402 2545 433 2570 c.
448 2536 485 2571 4.
510 2531 624 2583 Lips.
643 2533 694 2570 ad
709 2531 830 2572 Tacit.
843 2532 946 2571 Anu.

70 2585 135 2625 Ill.
155 2600 187 2626 c.
203 2591 268 2628 22.

127 2643 296 2682 itineris.
333 2644 528 2684 Itinerum
541 2657 627 2682 cum
641 2643 743 2682 Oud.
759 2648 946 2683 correcto-

72 2699 127 2737 ris
157 2712 253 2737 esse
283 2701 435 2752 opinor,
473 2701 536 2750 qui
574 2701 775 2738 invenerat
805 2701 840 2738 in
865 2699 946 2739 ΜΞ.

73 2755 287 2796 itineribus
310 2769 380 2807 pro
406 2758 579 2801 itineris,
617 2760 658 2794 ut
686 2760 810 2794 restat
833 2757 869 2794 in
895 2759 947 2802 6.,

75 2822 309 2862 quamquam
339 2814 527 2851 itinerum
557 2811 715 2851 defendi
747 2814 875 2863 possit
898 2826 949 2851 ex

75 2865 172 2904 Met.
208 2866 279 2907 IV.
314 2882 352 2920 p.
383 2872 476 2909 302.
516 2869 653 2921 lonyis
688 2869 949 2908 itineribus

77 2926 202 2975 atque
232 2923 436 2964 latissimis
464 2926 587 2964 maris
621 2925 828 2964 meatibus.
897 2925 950 2963 At

76 2980 258 3017 terrestre
292 2981 472 3031 intelligit
507 2983 596 3026 iter,
633 2982 858 3032 oppositum
887 2980 952 3019 hic

77 3032 277 3074 maritimis
301 3037 518 3082 itineribus,
543 3040 586 3075 ut
608 3037 772 3088 saepius
795 3036 846 3074 fit.
893 3035 953 3075 Ita

79 3088 173 3128 Tac.
181 3090 392 3131 Ann.X111.
403 3097 468 3134 53.
481 3093 733 3145 sublatisque
755 3093 952 3132 itineris

81 3145 417 3198 difficultatibus,
442 3151 538 3190 navi
537 3150 701 3203 yabilia
713 3150 821 3189 inter
832 3162 873 3189 se
887 3149 950 3189 lit-

999 1582 1090 1617 tora
1111 1579 1276 1630 fierent,
1307 1577 1372 1615 ubi
1399 1578 1514 1615 etiam
1538 1576 1655 1627 vulgo
1680 1577 1869 1616 itinerum

998 1632 1141 1683 legunt.
1170 1633 1423 1672 conserantur
1448 1647 1512 1679 ea,
1539 1647 1640 1685 quae
1659 1633 1761 1672 dicta
1779 1635 1870 1670 sunt

997 1689 1047 1728 ad
1075 1689 1167 1728 Met.
1193 1689 1239 1729 ll.
1265 1704 1300 1741 p.
1330 1695 1421 1730 121.
1453 1695 1491 1728 et
1519 1691 1666 1729 maris
1697 1694 1735 1727 et
1764 1690 1870 1728 viae

998 1747 1228 1797 confeceris
1251 1748 1340 1791 iter,
1368 1746 1449 1799 [ubi
1469 1746 1572 1784 adde
1587 1745 1663 1784 Cic.
1680 1745 1804 1795 Epist.
1819 1744 1871 1782 ad

996 1801 1270 1841 Divers.Xlll.
1287 1807 1351 1842 71.
1372 1807 1411 1841 et
1434 1803 1609 1841 omnium
1632 1802 1870 1846 itinerum,

997 1859 1373 1909 viaviyatz'onum
1467 1857 1632 1910 socius]

1056 1912 1144 1952 CM».
1170 1912 1254 1952 Vll.
1304 1914 1480 1966 delapsi.
1530 1913 1756 1965 [Dede1·.ad
1770 1912 1872 1951 Dict.

1002 1968 1102 2008 Cret.
1118 1969 1145 2008 1.
1162 1974 1198 2010 5.
1215 1969 1350 2008 Gtoss.
1363 1984 1400 2022 p.
1416 1973 1509 2010 246.
1525 1969 1690 2022 delapsi
1704 1968 1875 2021 explicat

1002 2025 1121 2076 lapsi,
1146 2026 1395 2077 navigantes,
1430 2039 1546 2077 quum
1578 2025 1758 2076 equidem
1783 2025 1873 2063 sim-

1000 2081 1169 2133 pliciter:
1206 2086 1415 2133 postquam
1451 2082 1502 2121 de
1531 2082 1769 2121 Macedonia
1797 2080 1876 2120 huc

1001 2138 1169 2189 ingressi
1198 2151 1335 2176 sumus
1367 2142 1406 2177 et
1430 2138 1727 2183 descendimus,
1752 2136 1874 2188 expli-

1001 2196 1180 2233 caverim.
1228 2194 1506 2233 Necessarium
1542 2196 1642 2232 enim
1672 2207 1746 2232 non
1780 2196 1874 2239 erat,

1000 2252 1153 2289 utmari
1167 2250 1340 2289 latrones
1354 2250 1460 2289 littus
1468 2251 1673 2289 Actiacum
1685 2253 1874 2302 peterent.

1001 2307 1154 2346 Delabi
1184 2307 1216 2345 is
1243 2307 1398 2353 dicitur,
1426 2305 1497 2358 quit
1515 2321 1538 2345 e
1563 2307 1650 2346 loco
1675 2306 1876 2358 superiore

1002 2364 1038 2401 in
1064 2362 1285 2401 inferiorem
1310 2363 1550 2416 descendit]

1060 2420 1356 2471 yrassabamus.
1406 2419 1511 2458 Oud.
1541 2431 1774 2470 quamquam
1800 2431 1875 2456 non

1004 2475 1197 2527 improbat
1209 2475 1323 2515 huius
1335 2477 1443 2515 verbi
1464 2476 1630 2515 activam
1643 2474 1876 2514 terminatio-

1005 2545 1093 2570 nem
1118 2545 1187 2583 pro
1213 2531 1337 2572 forma
1366 2532 1617 2584 deponentis,
1656 2544 1757 2582 quae
1788 2528 1879 2569 sola

1006 2588 1043 2626 in
1062 2601 1138 2626 usu
1156 2588 1333 2627 videatur
1347 2602 1457 2635 esse,
1482 2592 1611 2627 tamen
1638 2588 1803 2632 dubitat,
1829 2599 1878 2624 an

1004 2644 1157 2683 retineri
1184 2645 1312 2695 possit
1335 2648 1466 2684 contra
1489 2658 1603 2683 usum
1618 2643 1789 2694 Apuleii,
1815 2641 1878 2693 qui

1005 2701 1149 2750 ubique
1167 2702 1354 2752 yrassari
1377 2699 1602 2752 praetulerit
1616 2699 1703 2738 coll.
1718 2698 1816 2737 Met.
1831 2696 1880 2736 ll.

1005 2770 1045 2808 p.
1057 2760 1148 2797 131.
1161 2770 1355 2807 yrassare
1367 2758 1535 2802 naviter,
1549 2757 1613 2794 ubi
1629 2755 1880 2806 imperativus

1007 2815 1080 2858 est,
1095 2812 1296 2851 Metxlll.
1310 2827 1346 2864 p.
1362 2815 1454 2852 553.
1468 2816 1723 2865 qrassantes,
1739 2823 1788 2848 ex
1803 2822 1880 2860 quo

1005 2872 1134 2907 tamen
1151 2868 1250 2914 loco,
1259 2873 1343 2907 utra
1356 2868 1479 2907 forma
1485 2881 1657 2919 yrassor
1665 2881 1711 2906 an
1720 2879 1881 2920 9rasw,

1008 2924 1070 2963 hic
1093 2925 1209 2963 statui
1235 2925 1396 2969 debeat,
1423 2923 1584 2974 intelligi
1609 2924 1742 2974 nequit
1767 2921 1881 2974 [Met.

1009 2979 1111 3019 Vlll.
1127 2994 1164 3032 p.
1180 2985 1272 3021 554.
1299 2981 1455 3032 diuque
1477 2981 1701 3032 qrassati
1722 2979 1883 3031 pleros-

1011 3050 1088 3090 que
1096 3041 1367 3089 prosternunt
1378 3036 1428 3074 de
1436 3035 1580 3087 Dogm.
1588 3035 1737 3074 PlatJl.
1745 3038 1882 3088 9244.

1008 3093 1197 3145 grassari
1215 3093 1423 3132 malitiam.
1460 3091 1562 3131 Hinc
1579 3095 1708 3131 tamen
1727 3105 1801 3131 non
1821 3104 1882 3130 se-

1009 3149 1154 3199 quitur,
1184 3148 1329 3200 ubique
1359 3148 1460 3188 hanc
1485 3147 1648 3188 sormam
1672 3148 1884 3200 scripsisse

1884 852 1950 885 458
