2155 3590
660 126 849 167 LIBER
878 125 953 165 vl.

1014 125 1143 167 cAP.
1179 123 1251 165 IV.
1763 116 1847 162 407

61 244 237 308 reginam
262 242 422 283 dearum
447 247 657 291 memorat,
685 240 843 295 inclytis
868 239 997 292 Argiv
989 253 1111 279 ⁷orum
1143 236 1341 291 praesides
1366 233 1588 276 moenibus·
1612 246 1727 287 quam
1753 246 1846 272 cun-

62 307 146 342 ctus
176 299 307 340 oriens
332 297 500 353 Zygiam
531 304 765 352 veneratur,
803 304 841 337 et
866 296 991 336 omnis
1019 294 1200 335 occidens
1224 291 1417 334 Lucinam
1442 290 1630 345 appellat:
1669 289 1725 330 sis
1748 288 1847 330 meis

60 416 188 454 regiam
200 413 338 443 dearum
357 416 433 444 A.ld
451 416 535 444 lunt.
549 416 580 443 2.
604 414 723 451 regina
737 415 772 442 G
787 415 822 442 P
836 415 874 443 D.
920 414 951 442 V
953 415 1027 441 erba
1040 410 1177 449 inclytis
1191 417 1293 445 usque
1306 409 1345 438 ad
1360 406 1527 435 moemlms
1538 414 1603 435 non
1617 409 1799 441 comparent
1813 405 1848 435 in

61 463 96 491 G
121 462 160 491 1).
207 469 307 498 quam
321 462 416 488 tutus
436 467 546 487 ηνιειιε
569 460 732 496 3.,111100
757 459 888 487 modius
913 459 1050 487 coniecit
1077 464 1176 494 quam
1203 458 1304 483 totus.

1358 451 1548 490 Zygt'umF.
1563 454 1592 481 1.
1607 454 1637 480 3.
1651 453 1687 480 Β.
1702 452 1791 480 etita
1813 450 1849 479 in

60 507 293 536 omnibusmss.
306 506 371 541 legi
385 507 514 534 adnotat
528 504 797 539 lindenbrogius.
820 501 962 540 Zigane.
973 504 1007 532 P.
1016 504 1053 531 D.
1080 500 1252 530 ZiQOamO
1263 507 1330 529 am.
1340 507 1370 534 p.
1397 496 1636 536 Syri-amvulc.
1643 498 1675 525 2.
1689 503 1716 523 ει
1730 492 1847 523 umisa.

114 594 300 646 reginam
336 593 514 631 dearum.
591 592 785 642 Reqz'am,
823 591 925 641 quod

59 649 95 688 in
115 648 308 688 nonnullis
329 648 439 687 codd.
456 648 609 698 legitm,
635 648 746 685 ideo·
738 647 928 698 improbat

61 704 181 751 Oud.,
219 706 324 756 quod
358 706 423 742 vix
460 704 576 743 latine
606 705 723 756 reyz'a
758 704 926 742 dearum

61 761 135 800 dici
149 765 274 812 queat.
291 761 384 799 Sine
398 761 527 799 dubio.
545 760 749 799 Iunovero
762 761 924 811 Heyina

59 818 221 869 saepius
262 819 298 856 in
345 819 601 856 monumentis
654 815 791 866 legitur
834 819 923 853 vett.

59 873 179 912 Immo
203 874 356 912 Romae
380 874 531 912 nomine
552 873 719 912 Iunonis
738 873 926 921 Regiaeme

60 930 260 969 colebatur
283 930 421 968 aedem
446 930 596 968 habens
620 930 655 967 in
681 928 857 979 Regione
875 932 923 968 13

61 986 108 1025 cf.
134 985 282 1025 Liv.V.
309 990 372 1026 22.
400 990 463 1026 23.
496 986 595 1024 Hinc
626 990 665 1023 et
695 987 729 1023 ei
754 986 925 1023 tribuitur

58 1046 101 1080 ut
124 1041 202 1080 Iovi
228 1042 382 1081 fulmen.
410 1041 549 1092 Cuper.
574 1041 759 1093 Harpocr.
780 1055 815 1091 p.
836 1045 923 1081 101.

59 1097 161 1136 Oud.
170 1098 220 1136 ad
232 1098 299 1137 Iul.
315 1097 464 1149 Obseq.
479 1112 510 1136 c.
529 1102 619 1139 116.
633 1097 746 1136 Ovid.
755 1097 851 1135 Met.
860 1095 926 1135 111.

61 1158 153 1195 263.
186 1153 375 1208 [Plurima
399 1155 504 1194 dabit
529 1154 578 1192 de
603 1153 695 1192 Iove
718 1155 870 1205 βασιλεῖ
886 1156 926 1190 et

58 1209 204 1249 lunone
227 1211 360 1261 regina
385 1210 531 1261 Spanh.
551 1210 601 1248 ad
614 1209 747 1248 Iulian.
764 1209 924 1247 Caesar.

60 1267 123 1306 ed.
138 1266 230 1319 gall.
243 1280 279 1318 p.
294 1271 358 1307 55.
384 1272 422 1305 et
435 1266 566 1318 Kopp.
580 1266 628 1304 ad
644 1265 758 1303 Mart.
774 1264 803 1303 C
807 1264 924 1315 apel!

60 1322 88 1361 I.
114 1322 144 1372 ἕ.
169 1327 235 1364 40.
267 1337 305 1374 p.
331 1327 398 1364 87.
435 1321 519 1360 11111.
546 1322 595 1361 ad
621 1321 751 1360 Iuven.
777 1320 863 1359 XII.
892 1324 927 1360 3.

60 1378 166 1430 Virg.
193 1379 293 1417 Aen.
318 1378 346 1418 I.
371 1378 454 1431 46]

116 1436 279 1489 inclytiS
299 1435 548 1488 Argivorum
562 1435 776 1474 moenibus.
803 1432 929 1485 [Male

61 1496 222 1543 egerunt
236 1491 334 1530 Elm.
349 1496 388 1530 et
402 1491 636 1535 Scriverius,
663 1491 746 1541 qui,
773 1489 878 1540 quod
892 1490 929 1527 in

60 1546 256 1587 nonnullis
282 1547 369 1586 edd.
394 1548 494 1586 haec
512 1547 629 1585 verba
654 1548 801 1585 omissa
826 1550 927 1591 sunt,

59 1605 168 1644 uncis
182 1618 232 1643 ea
249 1603 504 1649 incluserunt,
529 1618 603 1642 non
624 1602 928 1647 considerantes,

59 1660 135 1700 has
148 1664 230 1699 tres
244 1660 398 1699 Iunonis
418 1660 753 1699 denominationes
768 1660 928 1710 saepius

57 1717 212 1756 iunctim
224 1718 393 1768 reperiri,
406 1721 446 1756 ut
460 1716 563 1768 apud
571 1715 714 1755 Minue.
725 1715 809 1754 Fel.
821 1729 850 1753 c.
862 1719 927 1755 25.

61 1774 92 1824 ξ.
122 1777 184 1814 10.
219 1773 286 1812 vel
317 1773 421 1812 Iuno
456 1787 564 1812 nunc
602 1771 788 1825 Argiva
818 1785 928 1812 nunc

60 1829 218 1875 Samia,
244 1843 353 1869 mmc-
378 1830 523 1868 Poena
547 1828 595 1867 cs.
619 1827 698 1868 Cic.
712 1829 762 1867 de
776 1828 824 1866 N.
839 1827 931 1867 Ι).Ι.

59 1890 124 1927 30.
149 1886 213 1924 ubi
233 1885 307 1923 hae
328 1886 505 1924 diversae
524 1883 692 1923 Iunones
713 1886 827 1924 etiam
842 1897 931 1923 enu-

61 1946 266 1981 merantur.
292 1941 489 1994 Aryivam
503 1941 603 1979 enim
618 1941 808 1980 Iunonem
821 1941 932 1979 hisce

60 1999 190 2036 verbis
203 1999 316 2043 innui,
332 1999 470 2048 cuique
484 2001 601 2048 patet.
616 1997 680 2035 De
694 2010 743 2035 ea
767 1997 931 2047 cf.Virg.

59 2052 234 2094 Aen.lll.
244 2054 410 2094 547.ubi
422 2052 526 2092 male
539 2052 734 2104 explicare
742 2053 930 2098 videntur,

61 2111 127 2162 qui
137 2111 295 2162 faventi
310 2111 471 2148 Graecis
483 2110 787 2159 interpretantur.
816 2107 930 2154 Puto,

65 2167 218 2218 propria
230 2179 304 2204 sua
315 2164 595 2220 significatione
604 2165 745 2204 dictum
754 2164 815 2203 hic
827 2178 930 2204 esse.

62 2221 165 2261 Elm.
191 2222 241 2260 ad
264 2219 408 2261 Minue.
435 2221 520 2260 Fel.
547 2235 578 2260 c.
595 2225 658 2262 25.
685 2234 722 2272 p.
736 2220 842 2260 XLI.
869 2222 929 2260 ed.

65 2282 184 2319 1612.
210 2275 929 2328 1111100101.1.0,11.32.3(111.91.ΥΥ’.

62 2334 171 2380 DD„
196 2347 296 2385 quos
321 2334 464 2372 excitat
489 2332 621 2372 Creuz.
643 2333 694 2371 ad
715 2332 790 2372 Cic
811 2333 861 2372 de
880 2333 929 2373 N.

61 2390 114 2430 D.
136 2389 165 2429 I.
191 2394 255 2431 30.
280 2404 317 2441 p.
339 2394 430 2430 132.
457 2389 684 2441 Spanheim.
709 2390 759 2427 ad
785 2388 933 2429 Callim.

61 2446 178 2498 Hy.m
204 2447 241 2485 in
265 2445 356 2485 Del.
371 2451 434 2487 74.
461 2448 539 2485 ἐπεὶ
558 2442 668 2498 λάχεν
677 2440 816 2498 Ἰιιαχον
824 2442 932 2499 Ἡρη.

60 2503 158 2554 Argi
172 2504 284 2549 enim,
298 2504 394 2541 inter
419 2516 518 2554 quos
530 2503 741 2554 praecipue
755 2502 846 2540 Iuno
873 2517 934 2542 co-

63 2558 230 2604 lebatur,
250 2564 359 2598 erant
371 2559 421 2597 ad
433 2560 538 2610 ripas
558 2556 690 2597 Inachi
721 2558 768 2597 cf.
783 2558 868 2597 Intt.
883 2560 933 2598 ad

61 2615 169 2667 Virg.
183 2615 377 2655 Aen.vll.
394 2619 486 2656 286.
500 2619 542 2654 111
555 2615 786 2666 putaverim,
801 2615 932 2666 Argos

62 2670 240 2711 Inachios
276 2672 493 2710 nominatos
530 2685 623 2710 esse
664 2685 738 2709 non
774 2676 932 2722 propter

55 2726 264 2774 Inachum,
295 2727 361 2767 Ius
391 2732 559 2780 patrem,
584 2728 658 2766 sed
683 2732 841 2779 propter
865 2727 930 2766 ssu-

63 2784 183 2830 vium,
209 2785 274 2836 qui
297 2785 432 2823 urbem
456 2784 670 2836 adluebat]

123 2841 294 2894 Zyyiam
313 2846 538 2880 veneratur.
574 2840 714 2878 Verius
739 2844 849 2890 putat
865 2839 929 2878 Li-

64 2895 175 2947 psius
197 2897 234 2935 in
257 2895 382 2936 Elect.
407 2896 451 2936 11.
479 2901 544 2938 30.
569 2910 605 2948 p.
620 2900 713 2937 830.
739 2896 800 2934 ed.
814 2896 935 2934 Voss.

65 2951 182 2990 scribi
205 2953 366 3006 Syriam
391 2953 437 2991 cf.
452 2954 620 3005 Appian.
634 2951 802 2991 Parthie.
816 2965 853 3003 p.
869 2956 934 2993 28.

69 3006 381 3074 εει-,8011110130
418 3012 482 3048 καὶ
512 3006 560 3048 τὰ
589 3005 762 3061 χρήματα
797 3011 863 3059 τῆς
897 3011 934 3047 ἐν

66 3061 161 3114 ’[6ρᾶ
184 3060 291 3104 πόλει
312 3066 410 3105 θεοῦ
438 3070 628 3116 σταθμοῖς
651 3066 715 3104 καὶ
737 3061 935 3116 τρυτάναις

68 3117 404 3173 μεταχειριζόμενος
427 3124 487 3164 ἐπὶ
511 3118 656 3170 πώλὰς
679 3119 830 3174 ἡμέρας.
859 3125 933 3162 ἑπι-

985 604 1136 642 γραᾳων
1155 589 1196 628 δὲ
1215 589 1278 627 καὶ
1298 582 1427 638 δήμοις
1444 585 1508 624 καὶ
1526 580 1726 629 δυνάσταις
1739 597 1849 647 στρα-

983 650 1123 685 τιωτοὸιι
1147 640 1395 695 καταλόγιοις,
1437 640 1516 681 εἶτα
1540 639 1652 686 ἀνιεὶς
1675 635 1851 691 ἀργύοιον

985 699 1169 749 ὃιὸὁιτας,
1186 697 1311 753 ἠδόξει
1324 701 1387 738 καὶ
1405 705 1678 763 κατεφρονεῖτο.
1698 697 1850 734 Γίνεται

985 760 1025 797 δὲ
1044 762 1205 825 πρῶτον
1235 756 1338 806 αὐτῷ
1369 763 1520 806 σημεῖον
1550 750 1628 792 ἀπὸ
1658 751 1732 817 τῆς
1752 753 1850 789 θεοῦ

983 810 1203 866 ταύτ1]ς,ἣν
1227 817 1264 852 οἱ
1283 813 1349 864 μὲν
1358 810 1581 864 Ἁφοοδίτην
1605 813 1642 849 οἱ
1663 808 1705 847 ὃε
1717 803 1851 860 Ηραν,

983 868 1138 922 mezzi-1
1151 867 1266 923 αοχὰς
1279 870 1554 932 καὶσπέρματα
1557 866 1672 906 πᾶσιν
1685 863 1791 917 ἐξὺγ
1777 863 1852 903 οῶν

982 931 1255 980 παρασχοῦσαν
1273 927 1394 965 αι”τιαν
1419 926 1481 963 καὶ
1505 938 1616 974 φυσιν
1632 921 1851 972 νομίζουσα.

984 983 1080 1022 Eius
1124 983 1344 1021 sententiae
1380 980 1594 1018 adsentitur
1630 976 1851 1017 Groslotius

983 1053 1069 1077 cum
1096 1040 1177 1077 viro
1203 1039 1353 1076 docto'
1344 1052 1378 1076 m
1405 1036 1507 1075 Hist.
1527 1035 1615 1074 Crit.
1629 1034 1745 1085 Reip.
1759 1032 1852 1071 Litt.

984 1095 1094 1134 Tom.
1121 1095 1185 1135 [V.
1208 1109 1246 1147 p.
1265 1099 1328 1134 14.
1354 1093 1436 1131 Sed
1460 1096 1565 1131 recte
1587 1094 1719 1130 monet
1737 1088 1853 1135 Oud.,

983 1151 1211 1190 confudisse
1241 1163 1312 1188 eos
1337 1148 1523 1188 Astarten
1544 1148 1582 1185 Υ
1585 1159 1741 1185 enerem
1767 1158 1853 1184 cum

983 1207 1128 1245 lunone
1154 1207 1270 1258 Syria
1300 1220 1332 1244 5
1359 1204 1479 1256 Tyria
1511 1208 1550 1242 et
1581 1201 1770 1247 Caelesti,
1803 1202 1853 1239 de

986 1277 1063 1313 qua
1087 1277 1207 1315 supra
1231 1264 1305 1300 iam
1331 1261 1491 1299 dixerat.
1516 1260 1590 1298 Hic
1609 1272 1699 1297 vero
1719 1257 1855 1308 legunt

989 1320 1034 1358 S
1019 1318 1169 1373 ς]1·ι(ι11ι
1196 1320 1285 1370 quia
1298 1317 1440 1356 Oriens
1460 1320 1565 1355 totus
1585 1329 1659 1353 non
1679 1314 1854 1353 videatur

987 1388 1109 1427 posse
1135 1375 1228 1421 dici,
1255 1388 1304 1413 ea
1329 1373 1481 1412 Graeca
1507 1385 1604 1411 voce
1629 1372 1700 1415 uti,
1733 1383 1853 1421 quare

988 1433 1101 1470 etiam
1132 1431 1314 1470 Floridus
1345 1442 1415 1481 per
1447 1430 1652 1468 Orientem
1677 1426 1855 1476 intelligit

989 1488 1180 1527 Graeciae
1206 1486 1372 1538 populos
1409 1486 1457 1525 ad
1484 1484 1683 1523 Orientem
1719 1482 1855 1521 Italiae

986 1545 1100 1584 sitos.
1126 1544 1209 1582 Sed
1222 1543 1325 1582 Oud.
1341 1556 1415 1580 non
1431 1542 1597 1586 dubitat,
1623 1540 1711 1590 quin
1726 1540 1857 1577 innuat

987 1605 1120 1639 auctor
1132 1614 1247 1638 veros
1262 1598 1504 1644 Orientales,
1531 1598 1594 1649 qui
1615 1610 1662 1634 eo
1680 1600 1857 1646 tempore

986 1658 1061 1696 iam
1074 1657 1163 1696 inde
1177 1657 1225 1695 ab
1241 1655 1451 1695 Alexandri
1461 1654 1596 1704 Magni
1610 1652 1857 1704 expeditione

988 1718 1025 1752 et
1061 1713 1196 1752 divisis
1234 1714 1328 1751 inter
1365 1712 1488 1763 ipsius
1526 1710 1647 1749 duces
1684 1708 1857 1747 Orientis

986 1771 1116 1821 regnis
1152 1770 1304 1821 passim
1341 1768 1495 1807 Graeca
1529 1768 1564 1805 in
1601 1767 1756 1816 scriptis
1796 1765 1856 1803 usi

990 1811 1128 1865 fuerint
1158 1827 1306 1876 lingua,
1339 1828 1376 1862 et
1402 1824 1548 1877 Syriae
1573 1822 1771 1873 epitheton
1797 1819 1859 1859 hic

988 1882 1106 1934 plane
1138 1883 1304 1920 otiosum
1335 1882 1395 1919 sit.
1446 1879 1549 1931 [Hoc
1577 1879 1680 1916 bene
1711 1877 1859 1915 monuit

989 1938 1110 1984 Oud.,
1144 1951 1283 1977 nomen
1307 1937 1501 1988 proprium
1526 1934 1682 1973 Iunonis
1707 1933 1769 1972 hic
1794 1932 1858 1970 de-

989 1995 1150 2033 siderari
1165 1993 1373 2038 eiusmodi,
1389 2006 1464 2043 quo
1478 1991 1652 2043 potentia
1665 1989 1859 2041 quaedam

989 2052 1073 2089 eius
1099 2051 1345 2102 exprimatur,
1368 2062 1497 2099 neque
1515 2060 1607 2085 vero
1634 2060 1774 2086 novum
1792 2045 1859 2084 ali-

990 2107 1095 2158 quod
1120 2119 1353 2158 cognomen,
1380 2106 1469 2156 quia
1487 2103 1640 2142 nomina
1656 2104 1763 2155 prius
1783 2102 1859 2140 iam

989 2168 1222 2214 persecutus
1248 2163 1371 2200 fuerit.
1409 2160 1495 2200 Hoc
1518 2160 1622 2198 bene
1645 2162 1781 2212 potest
1806 2158 1859 2196 in-

988 2220 1110 2271 telligi
1135 2233 1186 2258 ex
1209 2232 1322 2271 seqq.
1347 2218 1478 2256 verbis
1511 2217 1635 2255 omnis
1669 2216 1860 2256 occidens

990 2276 1190 2316 Lucinam
1215 2275 1416 2327 appellat.
1449 2272 1610 2324 Psyche
1624 2273 1725 2310 enim
1740 2273 1860 2324 νίν-90

988 2332 1121 2383 puella
1133 2332 1282 2372 nubere
1296 2332 1457 2382 cupiens
1472 2334 1511 2368 et
1521 2330 1700 2382 yram-ida
1715 2328 1860 2380 optime

991 2390 1144 2428 invocat
1173 2389 1288 2427 deam
1317 2386 1518 2431 Iunonem,
1555 2400 1630 2424 non
1667 2383 1795 2423 solum
1819 2387 1861 2422 ut

991 2445 1083 2483 olim
1102 2445 1285 2497 puellam
1315 2445 1430 2482 etiam
1461 2448 1507 2482 et
1534 2442 1749 2495 virginem,
1785 2439 1861 2478 sed

992 2502 1056 2540 et
1048 2515 1122 2540 lam
1143 2505 1317 2552 nuptam,
1342 2499 1644 2552 praesidemque
1663 2509 1862 2535 sacrorum

989 2558 1208 2597 maritorum
1228 2561 1268 2595 et
1288 2556 1520 2608 pronubam
1543 2555 1785 2607 luyamque3
1810 2551 1859 2591 cf.

990 2613 1160 2665 Dionys
1184 2613 1308 2652 Halic.
1334 2615 1533 2665 praecept.
1557 2610 1717 2680 nuptial.
1732 2608 1779 2647 II.
1794 2613 1859 2650 35.

989 2670 1049 2709 ed.
1077 2668 1261 2721 Sylburg.
1296 2667 1393 2715 Ζεὺς
1417 2667 1486 2732 γᾲο
1511 2668 1574 2706 καὶ
1592 2662 1693 2730 Ἠρα
1717 2664 1861 2718 πρῶτοι

989 2724 1193 2778 ζευγνύντες
1222 2727 1287 2764 καὶ
1316 2721 1595 2771 συνδυάζοντες,
1633 2718 1732 2762 οὕτω
1756 2736 1816 2760 τοι
1839 2719 1860 2760 ὁ

987 2783 1053 2834 μὲν
1069 2784 1133 2822 καὶ
1150 2797 1276 2834 πατηρ
1290 2784 1458 2821 λαλεῖται
1472 2777 1633 2824 πάντων,
1651 2776 1673 2828 ἡ
1697 2777 1738 2817 δὲ
1757 2777 1861 2829 ζυγία

987 2837 1065 2879 ἀπὸ
1083 2843 1153 2878 τοῦ
1172 2839 1360 2890 ζευγνῦι·αι
1378 2834 1422 2876 τὸ
1442 2838 1545 2888 θηλυ
1569 2838 1621 2885 τῷ
1647 2829 1773 2886 ἀρῥενι
1797 2834 1862 2872 καὶ

993 2893 1073 2934 ἀπὸ
1097 2892 1240 2935 τούτων
1263 2898 1337 2933 τῶν
1361 2896 1465 2932 θεῶν
1489 2893 1552 2931 καὶ
1577 2889 1597 2930 ὁ
1621 2894 1697 2929 τῶν
1711 2892 1863 2930 λοιπῶν

991 2951 1096 2991 θεῶν
1124 2948 1234 3005 χόρος
1261 2952 1484 3015 παρῆλθεν
1498 2951 1547 2994 εἰς
1580 2944 1644 2986 τὸν
1672 2948 1752 3000 βίον
1785 2950 1862 2986 τῶν

992 3010 1318 3060 ἐπιφημισθέντων
1342 3014 1418 3052 τοῖς
1440 3001 1589 3057 γάμοις,
1614 3004 1803 3056 γαμηλίων
1820 3018 1861 3042 τε

991 3066 1055 3103 καὶ
1078 3065 1296 3115 γειιεθ).ί’,ω1
1322 3057 1440 3108 οὕτως
1465 3059 1765 3112 ὀνομαζομένων·
1796 3061 1860 3099 καὶ

990 3117 1050 3161 ὅτι
1077 3119 1096 3161 ὁ
1127 3116 1246 3173 γάμος
1275 3118 1393 3167 αἰτιος
1421 3120 1489 3158 τοῦ
1518 3131 1559 3157 τε
1594 3114 1860 3169 ὀνομασθῆναι
