<?xml version="1.0" encoding="UTF-8"?>
<!DOCTYPE html PUBLIC "-//W3C//DTD XHTML 1.0 Transitional//EN"
    "http://www.w3.org/TR/xhtml1/DTD/xhtml1-transitional.dtd">
<html xmlns="http://www.w3.org/1999/xhtml" xml:lang="en" lang="en">
 <head>
  <title>
</title>
<meta http-equiv="Content-Type" content="text/html;charset=utf-8" />
  <meta name='ocr-system' content='tesseract 3.04.00' />
  <meta name='ocr-capabilities' content='ocr_page ocr_carea ocr_par ocr_line ocrx_word'/>
</head>
<body>
  <div class='ocr_page' id='page_1' title='image "./operaomnia01apuluoft/operaomnia01apuluoft_0442.png"; bbox 0 0 2221 3667; ppageno 0'>
   <div class='ocr_carea' id='block_1_1' title="bbox 298 176 381 220">
    <p class='ocr_par' dir='ltr' id='par_1_1' title="bbox 298 176 381 220">
     <span class='ocr_line' id='line_1_1' title="bbox 298 176 381 220; baseline -0.024 0"><span class='ocrx_word' id='word_1_1' title='bbox 298 176 381 220; x_wconf 82' lang='lat'>290</span> 
     </span>
    </p>
   </div>
   <div class='ocr_carea' id='block_1_2' title="bbox 551 167 1850 216">
    <p class='ocr_par' dir='ltr' id='par_1_2' title="bbox 551 167 1850 216">
     <span class='ocr_line' id='line_1_2' title="bbox 551 167 1850 216; baseline -0.006 0"><span class='ocrx_word' id='word_1_2' title='bbox 551 175 601 216; x_wconf 90' lang='lat' dir='ltr'>L.</span> <span class='ocrx_word' id='word_1_3' title='bbox 634 175 849 216; x_wconf 85' lang='lat' dir='ltr'><strong>APULEII</strong></span> <span class='ocrx_word' id='word_1_4' title='bbox 879 170 1276 216; x_wconf 83' lang='lat' dir='ltr'><strong>MADAURENSIS</strong></span> <span class='ocrx_word' id='word_1_5' title='bbox 1305 167 1850 211; x_wconf 85' lang='lat' dir='ltr'><strong>METAMORPHOSEON</strong></span> 
     </span>
    </p>
   </div>
   <div class='ocr_carea' id='block_1_3' title="bbox 298 281 2095 398">
    <p class='ocr_par' dir='ltr' id='par_1_3' title="bbox 298 281 2095 398">
     <span class='ocr_line' id='line_1_3' title="bbox 299 281 2095 343; baseline -0.004 -15"><span class='ocrx_word' id='word_1_6' title='bbox 299 288 592 342; x_wconf 76' lang='lat' dir='ltr'>indignatione:</span> <span class='ocrx_word' id='word_1_7' title='bbox 621 287 700 329; x_wconf 86' lang='lat' dir='ltr'>Per</span> <span class='ocrx_word' id='word_1_8' title='bbox 713 303 787 343; x_wconf 81' lang='lat' dir='ltr'>ego</span> <span class='ocrx_word' id='word_1_9' title='bbox 804 295 855 339; x_wconf 83' lang='lat' dir='ltr'>te,</span> <span class='ocrx_word' id='word_1_10' title='bbox 885 286 1028 340; x_wconf 80' lang='lat' dir='ltr'>inquit,</span> <span class='ocrx_word' id='word_1_11' title='bbox 1057 290 1259 324; x_wconf 75' lang='lat' dir='ltr'>maternae</span> <span class='ocrx_word' id='word_1_12' title='bbox 1285 281 1462 323; x_wconf 84' lang='lat' dir='ltr'>caritatis</span> <span class='ocrx_word' id='word_1_13' title='bbox 1488 281 1649 322; x_wconf 79' lang='lat' dir='ltr'>foedera</span> <span class='ocrx_word' id='word_1_14' title='bbox 1668 282 1884 336; x_wconf 81' lang='lat' dir='ltr'>deprecor,</span> <span class='ocrx_word' id='word_1_15' title='bbox 1912 295 1982 334; x_wconf 88' lang='lat' dir='ltr'>per</span> <span class='ocrx_word' id='word_1_16' title='bbox 2006 288 2095 322; x_wconf 84' lang='lat' dir='ltr'>tuac</span> 
     </span>
     <span class='ocr_line' id='line_1_4' title="bbox 298 337 2095 398; baseline -0.004 -14"><span class='ocrx_word' id='word_1_17' title='bbox 298 345 467 398; x_wconf 75' lang='lat' dir='ltr'>sagittae</span> <span class='ocrx_word' id='word_1_18' title='bbox 504 344 631 385; x_wconf 86' lang='lat' dir='ltr'>dulcia</span> <span class='ocrx_word' id='word_1_19' title='bbox 666 346 852 394; x_wconf 87' lang='lat' dir='ltr'>vulnera,</span> <span class='ocrx_word' id='word_1_20' title='bbox 892 357 960 397; x_wconf 83' lang='lat' dir='ltr'>per</span> <span class='ocrx_word' id='word_1_21' title='bbox 991 342 1168 381; x_wconf 78' lang='lat' dir='ltr'>flammae</span> <span class='ocrx_word' id='word_1_22' title='bbox 1193 339 1308 379; x_wconf 78' lang='lat' dir='ltr'>istius</span> <span class='ocrx_word' id='word_1_23' title='bbox 1334 339 1500 379; x_wconf 86' lang='lat' dir='ltr'>mellitas</span> <span class='ocrx_word' id='word_1_24' title='bbox 1527 339 1732 389; x_wconf 79' lang='lat' dir='ltr'>uredines,</span> <span class='ocrx_word' id='word_1_25' title='bbox 1760 337 1973 378; x_wconf 82' lang='lat' dir='ltr'>vindictam</span> <span class='ocrx_word' id='word_1_26' title='bbox 2007 345 2095 377; x_wconf 81' lang='lat' dir='ltr'>tuae</span> 
     </span>
    </p>
   </div>
   <div class='ocr_carea' id='block_1_4' title="bbox 284 527 926 605">
    <p class='ocr_par' dir='ltr' id='par_1_4' title="bbox 284 527 926 605">
     <span class='ocr_line' id='line_1_5' title="bbox 284 527 926 569; baseline -0.005 -12"><span class='ocrx_word' id='word_1_27' title='bbox 284 528 383 569; x_wconf 81' lang='lat' dir='ltr'>foed.</span> <span class='ocrx_word' id='word_1_28' title='bbox 400 533 431 558; x_wconf 82' lang='lat' dir='ltr'>te</span> <span class='ocrx_word' id='word_1_29' title='bbox 444 528 605 567; x_wconf 82' lang='lat' dir='ltr'>deprecor</span> <span class='ocrx_word' id='word_1_30' title='bbox 619 530 640 558; x_wconf 83' lang='lat' dir='ltr'>f.</span> <span class='ocrx_word' id='word_1_31' title='bbox 689 527 837 557; x_wconf 78' lang='lat' dir='ltr'>uridz’nes</span> <span class='ocrx_word' id='word_1_32' title='bbox 852 529 886 555; x_wconf 84' lang='lat' dir='ltr'>G.</span> <span class='ocrx_word' id='word_1_33' title='bbox 898 528 926 554; x_wconf 88' lang='lat'>1.</span> 
     </span>
     <span class='ocr_line' id='line_1_6' title="bbox 293 577 464 605; baseline 0.006 -1"><span class='ocrx_word' id='word_1_34' title='bbox 293 578 378 604; x_wconf 86' lang='lat' dir='ltr'>male</span> <span class='ocrx_word' id='word_1_35' title='bbox 397 583 418 605; x_wconf 88' lang='lat' dir='ltr'>a</span> <span class='ocrx_word' id='word_1_36' title='bbox 430 577 464 605; x_wconf 90' lang='lat' dir='ltr'>P.</span> 
     </span>
    </p>
   </div>
   <div class='ocr_carea' id='block_1_5' title="bbox 514 522 2098 611">
    <p class='ocr_par' dir='ltr' id='par_1_5' title="bbox 514 522 2098 611">
     <span class='ocr_line' id='line_1_7' title="bbox 970 522 1885 562; baseline 0 -11"><span class='ocrx_word' id='word_1_37' title='bbox 970 524 1128 562; x_wconf 72' lang='lat' dir='ltr'>parentis</span> <span class='ocrx_word' id='word_1_38' title='bbox 1144 526 1179 554; x_wconf 89' lang='lat' dir='ltr'>G.</span> <span class='ocrx_word' id='word_1_39' title='bbox 1197 526 1224 554; x_wconf 93' lang='lat'>1.</span> <span class='ocrx_word' id='word_1_40' title='bbox 1240 527 1270 554; x_wconf 77' lang='lat'>2.</span> <span class='ocrx_word' id='word_1_41' title='bbox 1284 526 1322 554; x_wconf 91' lang='lat' dir='ltr'>D.</span> <span class='ocrx_word' id='word_1_42' title='bbox 1337 526 1372 554; x_wconf 96' lang='grc' dir='ltr'><strong>Ο.</strong></span> <span class='ocrx_word' id='word_1_43' title='bbox 1388 533 1417 560; x_wconf 85' lang='lat' dir='ltr'>p.</span> <span class='ocrx_word' id='word_1_44' title='bbox 1456 526 1498 552; x_wconf 75' lang='lat' dir='ltr'>vet</span> <span class='ocrx_word' id='word_1_45' title='bbox 1507 522 1643 561; x_wconf 84' lang='lat' dir='ltr'>plenam</span> <span class='ocrx_word' id='word_1_46' title='bbox 1658 525 1693 552; x_wconf 76' lang='lat' dir='ltr'>G.</span> <span class='ocrx_word' id='word_1_47' title='bbox 1711 525 1739 552; x_wconf 92' lang='lat'>1.</span> <span class='ocrx_word' id='word_1_48' title='bbox 1754 525 1783 553; x_wconf 84' lang='lat'>2.</span> <span class='ocrx_word' id='word_1_49' title='bbox 1799 524 1833 552; x_wconf 93' lang='grc' dir='ltr'><strong>Ο.</strong></span> <span class='ocrx_word' id='word_1_50' title='bbox 1847 524 1885 552; x_wconf 91' lang='lat' dir='ltr'>D.</span> 
     </span>
     <span class='ocr_line' id='line_1_8' title="bbox 514 568 2098 611; baseline -0.004 -9"><span class='ocrx_word' id='word_1_51' title='bbox 514 578 547 602; x_wconf 80' lang='lat' dir='ltr'>et</span> <span class='ocrx_word' id='word_1_52' title='bbox 559 575 592 602; x_wconf 71' lang='lat' dir='ltr'>in</span> <span class='ocrx_word' id='word_1_53' title='bbox 602 572 873 611; x_wconf 73' lang='lat' dir='ltr'>pulchr.1ta1egi</span> <span class='ocrx_word' id='word_1_54' title='bbox 888 572 920 599; x_wconf 90' lang='lat' dir='ltr'>in</span> <span class='ocrx_word' id='word_1_55' title='bbox 934 571 1084 599; x_wconf 83' lang='lat' dir='ltr'>omnibus</span> <span class='ocrx_word' id='word_1_56' title='bbox 1098 573 1198 607; x_wconf 62' lang='lat' dir='ltr'>iuss.⁹</span> <span class='ocrx_word' id='word_1_57' title='bbox 1212 574 1241 599; x_wconf 87' lang='lat' dir='ltr'>et</span> <span class='ocrx_word' id='word_1_58' title='bbox 1255 571 1323 599; x_wconf 85' lang='lat' dir='ltr'>edd.</span> <span class='ocrx_word' id='word_1_59' title='bbox 1338 571 1431 599; x_wconf 84' lang='lat' dir='ltr'>testis</span> <span class='ocrx_word' id='word_1_60' title='bbox 1445 574 1493 603; x_wconf 81' lang='lat' dir='ltr'>est</span> <span class='ocrx_word' id='word_1_61' title='bbox 1506 571 1586 598; x_wconf 83' lang='lat' dir='ltr'>Oud.</span> <span class='ocrx_word' id='word_1_62' title='bbox 1610 571 1646 598; x_wconf 90' lang='lat' dir='ltr'>In</span> <span class='ocrx_word' id='word_1_63' title='bbox 1659 570 1695 597; x_wconf 84' lang='lat' dir='ltr'>F.</span> <span class='ocrx_word' id='word_1_64' title='bbox 1714 570 1740 598; x_wconf 80' lang='grc'>1.</span> <span class='ocrx_word' id='word_1_65' title='bbox 1756 572 1880 597; x_wconf 85' lang='lat' dir='ltr'>tantum</span> <span class='ocrx_word' id='word_1_66' title='bbox 1893 568 2098 597; x_wconf 83' lang='lat' dir='ltr'>desideratur</span> 
     </span>
    </p>
   </div>
   <div class='ocr_carea' id='block_1_6' title="bbox 185 394 2093 458">
    <p class='ocr_par' dir='ltr' id='par_1_6' title="bbox 185 394 2093 458">
     <span class='ocr_line' id='line_1_9' title="bbox 185 394 2093 458; baseline -0.003 -19"><span class='ocrx_word' id='word_1_67' title='bbox 185 407 271 454; x_wconf 23' lang='lat'>‘306</span> <span class='ocrx_word' id='word_1_68' title='bbox 297 401 450 455; x_wconf 81' lang='lat' dir='ltr'>parenti</span> <span class='ocrx_word' id='word_1_69' title='bbox 470 400 476 458; x_wconf 78' lang='grc' dir='ltr'>Ι</span> <span class='ocrx_word' id='word_1_70' title='bbox 498 401 565 442; x_wconf 91' lang='lat' dir='ltr'>sed</span> <span class='ocrx_word' id='word_1_71' title='bbox 591 402 743 456; x_wconf 86' lang='lat' dir='ltr'>plenam</span> <span class='ocrx_word' id='word_1_72' title='bbox 770 401 912 449; x_wconf 83' lang='lat' dir='ltr'>tribue,</span> <span class='ocrx_word' id='word_1_73' title='bbox 942 405 979 453; x_wconf 85' lang='lat' dir='ltr'>ct</span> <span class='ocrx_word' id='word_1_74' title='bbox 1004 397 1044 436; x_wconf 89' lang='lat' dir='ltr'>in</span> <span class='ocrx_word' id='word_1_75' title='bbox 1069 395 1367 450; x_wconf 84' lang='lat' dir='ltr'>pulcritudinem</span> <span class='ocrx_word' id='word_1_76' title='bbox 1393 402 1661 436; x_wconf 82' lang='lat' dir='ltr'>contumacem</span> <span class='ocrx_word' id='word_1_77' title='bbox 1675 401 1908 435; x_wconf 86' lang='lat' dir='ltr'>reverenter</span> <span class='ocrx_word' id='word_1_78' title='bbox 1920 394 2093 445; x_wconf 82' lang='lat' dir='ltr'>vindica,</span> 
     </span>
    </p>
   </div>
   <div class='ocr_carea' id='block_1_7' title="bbox 1934 520 2098 552">
    <p class='ocr_par' dir='ltr' id='par_1_7' title="bbox 1934 520 2098 552">
     <span class='ocr_line' id='line_1_10' title="bbox 1934 520 2098 552; baseline 0 -2"><span class='ocrx_word' id='word_1_79' title='bbox 1934 520 1991 550; x_wconf 83' lang='lat' dir='ltr'>sed</span> <span class='ocrx_word' id='word_1_80' title='bbox 2004 524 2098 552; x_wconf 75' lang='lat' dir='ltr'>abest</span> 
     </span>
    </p>
   </div>
   <div class='ocr_carea' id='block_1_8' title="bbox 292 611 2097 699">
    <p class='ocr_par' dir='ltr' id='par_1_8' title="bbox 292 611 2097 699">
     <span class='ocr_line' id='line_1_11' title="bbox 292 611 2095 657; baseline -0.006 -7"><span class='ocrx_word' id='word_1_81' title='bbox 292 621 344 657; x_wconf 67' lang='lat' dir='ltr'>fn,</span> <span class='ocrx_word' id='word_1_82' title='bbox 371 621 453 655; x_wconf 83' lang='lat' dir='ltr'>quod</span> <span class='ocrx_word' id='word_1_83' title='bbox 468 620 666 656; x_wconf 74' lang='lat' dir='ltr'>negligentia</span> <span class='ocrx_word' id='word_1_84' title='bbox 681 620 800 647; x_wconf 84' lang='lat' dir='ltr'>factum</span> <span class='ocrx_word' id='word_1_85' title='bbox 815 625 887 645; x_wconf 80' lang='lat' dir='ltr'>esse</span> <span class='ocrx_word' id='word_1_86' title='bbox 899 616 1116 651; x_wconf 83' lang='lat' dir='ltr'>Lindenbrog.</span> <span class='ocrx_word' id='word_1_87' title='bbox 1128 637 1136 652; x_wconf 77' lang='grc'>,</span> <span class='ocrx_word' id='word_1_88' title='bbox 1163 616 1218 649; x_wconf 84' lang='lat' dir='ltr'>qui</span> <span class='ocrx_word' id='word_1_89' title='bbox 1232 616 1312 644; x_wconf 82' lang='lat' dir='ltr'>illud</span> <span class='ocrx_word' id='word_1_90' title='bbox 1326 618 1423 650; x_wconf 80' lang='lat' dir='ltr'>plane</span> <span class='ocrx_word' id='word_1_91' title='bbox 1438 616 1602 644; x_wconf 80' lang='lat' dir='ltr'>omiserat.</span> <span class='ocrx_word' id='word_1_92' title='bbox 1626 616 1663 643; x_wconf 90' lang='lat' dir='ltr'>ln</span> <span class='ocrx_word' id='word_1_93' title='bbox 1678 615 1749 643; x_wconf 85' lang='lat' dir='ltr'>eius</span> <span class='ocrx_word' id='word_1_94' title='bbox 1764 614 1849 643; x_wconf 86' lang='lat' dir='ltr'>enim</span> <span class='ocrx_word' id='word_1_95' title='bbox 1863 614 2037 642; x_wconf 86' lang='lat' dir='ltr'>collatione</span> <span class='ocrx_word' id='word_1_96' title='bbox 2050 611 2095 649; x_wconf 79' lang='lat' dir='ltr'>in,</span> 
     </span>
     <span class='ocr_line' id='line_1_12' title="bbox 293 657 2097 699; baseline -0.004 -6"><span class='ocrx_word' id='word_1_97' title='bbox 293 667 377 699; x_wconf 89' lang='lat' dir='ltr'>quod</span> <span class='ocrx_word' id='word_1_98' title='bbox 391 666 423 694; x_wconf 92' lang='lat' dir='ltr'>in</span> <span class='ocrx_word' id='word_1_99' title='bbox 437 666 510 695; x_wconf 79' lang='lat' dir='ltr'>edit.</span> <span class='ocrx_word' id='word_1_100' title='bbox 526 666 618 693; x_wconf 82' lang='lat' dir='ltr'>vute.</span> <span class='ocrx_word' id='word_1_101' title='bbox 631 665 735 699; x_wconf 76' lang='lat' dir='ltr'>deest,</span> <span class='ocrx_word' id='word_1_102' title='bbox 756 662 900 691; x_wconf 79' lang='lat' dir='ltr'>auditum</span> <span class='ocrx_word' id='word_1_103' title='bbox 914 668 978 689; x_wconf 90' lang='lat' dir='ltr'>non</span> <span class='ocrx_word' id='word_1_104' title='bbox 992 669 1066 689; x_wconf 83' lang='lat' dir='ltr'>esse</span> <span class='ocrx_word' id='word_1_105' title='bbox 1080 661 1186 689; x_wconf 80' lang='lat' dir='ltr'>video.</span> <span class='ocrx_word' id='word_1_106' title='bbox 1210 661 1341 690; x_wconf 80' lang='lat' dir='ltr'>Excidit</span> <span class='ocrx_word' id='word_1_107' title='bbox 1355 661 1470 690; x_wconf 76' lang='lat' dir='ltr'>deinde</span> <span class='ocrx_word' id='word_1_108' title='bbox 1485 668 1506 690; x_wconf 88' lang='lat' dir='ltr'>a</span> <span class='ocrx_word' id='word_1_109' title='bbox 1518 662 1594 690; x_wconf 83' lang='lat' dir='ltr'>Bas.</span> <span class='ocrx_word' id='word_1_110' title='bbox 1608 662 1639 689; x_wconf 83' lang='lat'>2.</span> <span class='ocrx_word' id='word_1_111' title='bbox 1674 657 1929 697; x_wconf 72' lang='lat' dir='ltr'>pulchritudine</span> <span class='ocrx_word' id='word_1_112' title='bbox 1942 659 1979 688; x_wconf 89' lang='lat' dir='ltr'>P.</span> <span class='ocrx_word' id='word_1_113' title='bbox 2017 666 2097 686; x_wconf 81' lang='lat' dir='ltr'>con-</span> 
     </span>
    </p>
   </div>
   <div class='ocr_carea' id='block_1_9' title="bbox 295 703 1031 740">
    <p class='ocr_par' dir='ltr' id='par_1_9' title="bbox 295 703 1031 740">
     <span class='ocr_line' id='line_1_13' title="bbox 295 703 1031 740; baseline -0.005 -2"><span class='ocrx_word' id='word_1_114' title='bbox 295 709 428 738; x_wconf 74' lang='lat' dir='ltr'>tin‘uam</span> <span class='ocrx_word' id='word_1_115' title='bbox 443 712 477 740; x_wconf 87' lang='grc' dir='ltr'>Β.</span> <span class='ocrx_word' id='word_1_116' title='bbox 526 710 579 737; x_wconf 76' lang='lat' dir='ltr'>vir</span> <span class='ocrx_word' id='word_1_117' title='bbox 592 707 681 736; x_wconf 71' lang='lat' dir='ltr'>z&#39;de&#39;ca</span> <span class='ocrx_word' id='word_1_118' title='bbox 694 709 730 736; x_wconf 92' lang='lat' dir='ltr'>B.</span> <span class='ocrx_word' id='word_1_119' title='bbox 779 703 936 734; x_wconf 71' lang='lat' dir='ltr'>va‘udicha</span> <span class='ocrx_word' id='word_1_120' title='bbox 949 707 985 735; x_wconf 84' lang='lat' dir='ltr'>G.</span> <span class='ocrx_word' id='word_1_121' title='bbox 1003 707 1031 736; x_wconf 90' lang='lat'>1.</span> 
     </span>
    </p>
   </div>
   <div class='ocr_carea' id='block_1_10' title="bbox 286 803 1165 1920">
    <p class='ocr_par' dir='ltr' id='par_1_10' title="bbox 286 803 1165 1920">
     <span class='ocr_line' id='line_1_14' title="bbox 292 803 1162 847; baseline -0.002 0"><span class='ocrx_word' id='word_1_122' title='bbox 292 809 362 847; x_wconf 88' lang='lat' dir='ltr'>Dr.</span> <span class='ocrx_word' id='word_1_123' title='bbox 393 808 442 847; x_wconf 89' lang='lat' dir='ltr'>ad</span> <span class='ocrx_word' id='word_1_124' title='bbox 474 806 543 845; x_wconf 86' lang='lat' dir='ltr'>Sit.</span> <span class='ocrx_word' id='word_1_125' title='bbox 576 805 702 844; x_wconf 83' lang='lat' dir='ltr'>XVII.</span> <span class='ocrx_word' id='word_1_126' title='bbox 734 808 826 846; x_wconf 72' lang='lat'>259.</span> <span class='ocrx_word' id='word_1_127' title='bbox 865 803 993 844; x_wconf 78' lang='lat' dir='ltr'>iuven.</span> <span class='ocrx_word' id='word_1_128' title='bbox 1020 804 1069 843; x_wconf 87' lang='lat' dir='ltr'>X.</span> <span class='ocrx_word' id='word_1_129' title='bbox 1099 809 1162 845; x_wconf 88' lang='grc'>73.</span> 
     </span>
     <span class='ocr_line' id='line_1_15' title="bbox 293 861 1162 916; baseline -0.003 -14"><span class='ocrx_word' id='word_1_130' title='bbox 293 864 465 916; x_wconf 81' lang='lat' dir='ltr'>[Rutmk.</span> <span class='ocrx_word' id='word_1_131' title='bbox 480 863 579 901; x_wconf 89' lang='lat' dir='ltr'>Dict.</span> <span class='ocrx_word' id='word_1_132' title='bbox 601 861 650 900; x_wconf 88' lang='lat' dir='ltr'>ad</span> <span class='ocrx_word' id='word_1_133' title='bbox 672 862 834 901; x_wconf 82' lang='lat' dir='ltr'>sueton.</span> <span class='ocrx_word' id='word_1_134' title='bbox 859 875 897 912; x_wconf 88' lang='lat' dir='ltr'>p.</span> <span class='ocrx_word' id='word_1_135' title='bbox 918 861 1035 914; x_wconf 63' lang='lat'>252]</span> <span class='ocrx_word' id='word_1_136' title='bbox 1064 866 1102 900; x_wconf 87' lang='lat' dir='ltr'>et</span> <span class='ocrx_word' id='word_1_137' title='bbox 1127 863 1162 899; x_wconf 86' lang='lat' dir='ltr'>in</span> 
     </span>
     <span class='ocr_line' id='line_1_16' title="bbox 291 918 1161 958; baseline -0.002 0"><span class='ocrx_word' id='word_1_138' title='bbox 291 920 544 958; x_wconf 74' lang='lat' dir='ltr'>seditionibus</span> <span class='ocrx_word' id='word_1_139' title='bbox 581 931 674 955; x_wconf 81' lang='lat' dir='ltr'>esse</span> <span class='ocrx_word' id='word_1_140' title='bbox 713 919 868 956; x_wconf 85' lang='lat' dir='ltr'>obvium</span> <span class='ocrx_word' id='word_1_141' title='bbox 906 918 995 958; x_wconf 88' lang='lat' dir='ltr'>coll.</span> <span class='ocrx_word' id='word_1_142' title='bbox 1029 918 1161 956; x_wconf 68' lang='lat' dir='ltr'>Vater.</span> 
     </span>
     <span class='ocr_line' id='line_1_17' title="bbox 290 973 1161 1026; baseline -0.003 -11"><span class='ocrx_word' id='word_1_143' title='bbox 290 976 396 1015; x_wconf 88' lang='lat' dir='ltr'>Max.</span> <span class='ocrx_word' id='word_1_144' title='bbox 414 976 460 1013; x_wconf 81' lang='lat' dir='ltr'>V.</span> <span class='ocrx_word' id='word_1_145' title='bbox 490 979 525 1014; x_wconf 93' lang='lat'>1.</span> <span class='ocrx_word' id='word_1_146' title='bbox 552 978 588 1014; x_wconf 81' lang='lat'>2.</span> <span class='ocrx_word' id='word_1_147' title='bbox 615 973 705 1013; x_wconf 84' lang='lat' dir='ltr'>Ext.</span> <span class='ocrx_word' id='word_1_148' title='bbox 726 979 762 1014; x_wconf 91' lang='lat'>3.</span> <span class='ocrx_word' id='word_1_149' title='bbox 791 973 997 1026; x_wconf 84' lang='lat' dir='ltr'>[Fremere</span> <span class='ocrx_word' id='word_1_150' title='bbox 1022 975 1057 1013; x_wconf 88' lang='lat' dir='ltr'>iu</span> <span class='ocrx_word' id='word_1_151' title='bbox 1083 976 1161 1012; x_wconf 84' lang='lat' dir='ltr'>uni-</span> 
     </span>
     <span class='ocr_line' id='line_1_18' title="bbox 290 1030 1162 1082; baseline -0.001 -12"><span class='ocrx_word' id='word_1_152' title='bbox 290 1045 443 1070; x_wconf 81' lang='lat' dir='ltr'>versnm</span> <span class='ocrx_word' id='word_1_153' title='bbox 474 1030 523 1068; x_wconf 87' lang='lat' dir='ltr'>de</span> <span class='ocrx_word' id='word_1_154' title='bbox 555 1044 602 1069; x_wconf 90' lang='lat' dir='ltr'>eo</span> <span class='ocrx_word' id='word_1_155' title='bbox 634 1035 859 1082; x_wconf 83' lang='lat' dir='ltr'>usurpatur,</span> <span class='ocrx_word' id='word_1_156' title='bbox 898 1031 962 1082; x_wconf 89' lang='lat' dir='ltr'>qui</span> <span class='ocrx_word' id='word_1_157' title='bbox 994 1031 1162 1082; x_wconf 79' lang='lat' dir='ltr'>graviter</span> 
     </span>
     <span class='ocr_line' id='line_1_19' title="bbox 290 1087 1163 1131; baseline -0.001 -4"><span class='ocrx_word' id='word_1_158' title='bbox 290 1088 456 1127; x_wconf 77' lang='lat' dir='ltr'>affectus</span> <span class='ocrx_word' id='word_1_159' title='bbox 472 1090 546 1131; x_wconf 82' lang='lat' dir='ltr'>est,</span> <span class='ocrx_word' id='word_1_160' title='bbox 578 1091 617 1125; x_wconf 87' lang='lat' dir='ltr'>et</span> <span class='ocrx_word' id='word_1_161' title='bbox 632 1087 849 1126; x_wconf 82' lang='lat' dir='ltr'>inconditos</span> <span class='ocrx_word' id='word_1_162' title='bbox 864 1092 1163 1126; x_wconf 88' lang='lat' dir='ltr'>murmurantes-</span> 
     </span>
     <span class='ocr_line' id='line_1_20' title="bbox 289 1143 1164 1196; baseline 0 -13"><span class='ocrx_word' id='word_1_163' title='bbox 289 1158 364 1196; x_wconf 89' lang='lat' dir='ltr'>que</span> <span class='ocrx_word' id='word_1_164' title='bbox 387 1157 510 1182; x_wconf 89' lang='lat' dir='ltr'>sonos</span> <span class='ocrx_word' id='word_1_165' title='bbox 536 1143 709 1182; x_wconf 83' lang='lat' dir='ltr'>effundit.</span> <span class='ocrx_word' id='word_1_166' title='bbox 761 1143 817 1183; x_wconf 88' lang='lat' dir='ltr'>Ita</span> <span class='ocrx_word' id='word_1_167' title='bbox 854 1143 904 1182; x_wconf 89' lang='lat' dir='ltr'>de</span> <span class='ocrx_word' id='word_1_168' title='bbox 942 1146 1075 1195; x_wconf 87' lang='lat' dir='ltr'>equis,</span> <span class='ocrx_word' id='word_1_169' title='bbox 1113 1144 1164 1183; x_wconf 87' lang='lat' dir='ltr'>de</span> 
     </span>
     <span class='ocr_line' id='line_1_21' title="bbox 288 1200 1163 1248; baseline -0.001 -8"><span class='ocrx_word' id='word_1_170' title='bbox 288 1205 401 1240; x_wconf 84' lang='lat' dir='ltr'>cantu</span> <span class='ocrx_word' id='word_1_171' title='bbox 437 1200 651 1247; x_wconf 86' lang='lat' dir='ltr'>incondito,</span> <span class='ocrx_word' id='word_1_172' title='bbox 690 1200 739 1239; x_wconf 88' lang='lat' dir='ltr'>de</span> <span class='ocrx_word' id='word_1_173' title='bbox 776 1201 910 1247; x_wconf 68' lang='lat' dir='ltr'>undis,</span> <span class='ocrx_word' id='word_1_174' title='bbox 954 1201 1004 1239; x_wconf 87' lang='lat' dir='ltr'>de</span> <span class='ocrx_word' id='word_1_175' title='bbox 1041 1202 1163 1248; x_wconf 83' lang='lat' dir='ltr'>turba,</span> 
     </span>
     <span class='ocr_line' id='line_1_22' title="bbox 287 1258 1164 1309; baseline 0.001 -14"><span class='ocrx_word' id='word_1_176' title='bbox 287 1271 476 1296; x_wconf 86' lang='lat' dir='ltr'>murmure</span> <span class='ocrx_word' id='word_1_177' title='bbox 491 1271 700 1295; x_wconf 84' lang='lat' dir='ltr'>assensum</span> <span class='ocrx_word' id='word_1_178' title='bbox 726 1258 979 1309; x_wconf 74' lang='lat' dir='ltr'>significante,</span> <span class='ocrx_word' id='word_1_179' title='bbox 1006 1272 1078 1296; x_wconf 89' lang='lat' dir='ltr'>nec</span> <span class='ocrx_word' id='word_1_180' title='bbox 1097 1258 1164 1296; x_wconf 82' lang='lat' dir='ltr'>ali-</span> 
     </span>
     <span class='ocr_line' id='line_1_23' title="bbox 286 1313 1165 1367; baseline 0 -15"><span class='ocrx_word' id='word_1_181' title='bbox 286 1318 344 1352; x_wconf 89' lang='lat' dir='ltr'>ter</span> <span class='ocrx_word' id='word_1_182' title='bbox 370 1314 579 1366; x_wconf 82' lang='lat' dir='ltr'>legendum</span> <span class='ocrx_word' id='word_1_183' title='bbox 606 1318 668 1352; x_wconf 85' lang='lat' dir='ltr'>est</span> <span class='ocrx_word' id='word_1_184' title='bbox 693 1315 728 1352; x_wconf 90' lang='lat' dir='ltr'>in</span> <span class='ocrx_word' id='word_1_185' title='bbox 743 1313 892 1353; x_wconf 85' lang='lat' dir='ltr'>Placid.</span> <span class='ocrx_word' id='word_1_186' title='bbox 909 1314 1044 1353; x_wconf 77' lang='lat' dir='ltr'>Gloss.</span> <span class='ocrx_word' id='word_1_187' title='bbox 1060 1315 1165 1367; x_wconf 87' lang='lat' dir='ltr'>apud</span> 
     </span>
     <span class='ocr_line' id='line_1_24' title="bbox 286 1370 1161 1424; baseline -0.001 -14"><span class='ocrx_word' id='word_1_188' title='bbox 286 1370 379 1410; x_wconf 80' lang='lat' dir='ltr'>Mai.</span> <span class='ocrx_word' id='word_1_189' title='bbox 394 1384 430 1422; x_wconf 89' lang='lat' dir='ltr'>p.</span> <span class='ocrx_word' id='word_1_190' title='bbox 448 1375 540 1411; x_wconf 73' lang='lat'>434.</span> <span class='ocrx_word' id='word_1_191' title='bbox 567 1372 737 1410; x_wconf 77' lang='lat' dir='ltr'>armmti</span> <span class='ocrx_word' id='word_1_192' title='bbox 758 1373 951 1424; x_wconf 63' lang='lat' dir='ltr'>frementi</span> <span class='ocrx_word' id='word_1_193' title='bbox 977 1371 1161 1422; x_wconf 84' lang='lat' dir='ltr'>(cod.pa-</span> 
     </span>
     <span class='ocr_line' id='line_1_25' title="bbox 287 1427 1160 1480; baseline 0.001 -14"><span class='ocrx_word' id='word_1_194' title='bbox 287 1428 419 1479; x_wconf 87' lang='lat' dir='ltr'>limps.</span> <span class='ocrx_word' id='word_1_195' title='bbox 460 1429 678 1480; x_wconf 73' lang='lat' dir='ltr'>prementi)</span> <span class='ocrx_word' id='word_1_196' title='bbox 715 1430 995 1468; x_wconf 72' lang='lat' dir='ltr'>murmuranti.</span> <span class='ocrx_word' id='word_1_197' title='bbox 1044 1427 1160 1467; x_wconf 82' lang='lat' dir='ltr'>Ovid.</span> 
     </span>
     <span class='ocr_line' id='line_1_26' title="bbox 286 1483 1159 1535; baseline -0.001 -12"><span class='ocrx_word' id='word_1_198' title='bbox 286 1484 383 1524; x_wconf 83' lang='lat' dir='ltr'>Met.</span> <span class='ocrx_word' id='word_1_199' title='bbox 404 1483 472 1523; x_wconf 65' lang='lat' dir='ltr'>Vl.</span> <span class='ocrx_word' id='word_1_200' title='bbox 509 1487 599 1524; x_wconf 83' lang='lat'>146.</span> <span class='ocrx_word' id='word_1_201' title='bbox 648 1483 716 1522; x_wconf 90' lang='lat' dir='ltr'>lX.</span> <span class='ocrx_word' id='word_1_202' title='bbox 750 1488 842 1525; x_wconf 86' lang='lat'>419.</span> <span class='ocrx_word' id='word_1_203' title='bbox 876 1485 1005 1535; x_wconf 83' lang='lat' dir='ltr'>ibique</span> <span class='ocrx_word' id='word_1_204' title='bbox 1036 1484 1159 1523; x_wconf 86' lang='lat' dir='ltr'>Bach.</span> 
     </span>
     <span class='ocr_line' id='line_1_27' title="bbox 287 1540 1163 1591; baseline 0 -12"><span class='ocrx_word' id='word_1_205' title='bbox 287 1541 336 1580; x_wconf 87' lang='lat' dir='ltr'>cs.</span> <span class='ocrx_word' id='word_1_206' title='bbox 353 1542 460 1591; x_wconf 78' lang='lat' dir='ltr'>Virg.</span> <span class='ocrx_word' id='word_1_207' title='bbox 486 1541 585 1579; x_wconf 88' lang='lat' dir='ltr'>Aen.</span> <span class='ocrx_word' id='word_1_208' title='bbox 602 1540 649 1579; x_wconf 75' lang='lat' dir='ltr'>V.</span> <span class='ocrx_word' id='word_1_209' title='bbox 676 1545 768 1581; x_wconf 87' lang='lat'>555.</span> <span class='ocrx_word' id='word_1_210' title='bbox 796 1540 852 1579; x_wconf 80' lang='lat' dir='ltr'>lta</span> <span class='ocrx_word' id='word_1_211' title='bbox 864 1541 965 1579; x_wconf 87' lang='lat' dir='ltr'>bene</span> <span class='ocrx_word' id='word_1_212' title='bbox 980 1542 1163 1580; x_wconf 87' lang='lat' dir='ltr'>emendat</span> 
     </span>
     <span class='ocr_line' id='line_1_28' title="bbox 287 1596 1159 1649; baseline -0.001 -13"><span class='ocrx_word' id='word_1_213' title='bbox 287 1597 389 1637; x_wconf 86' lang='lat' dir='ltr'>Oud.</span> <span class='ocrx_word' id='word_1_214' title='bbox 415 1596 575 1636; x_wconf 89' lang='lat' dir='ltr'>Anthol.</span> <span class='ocrx_word' id='word_1_215' title='bbox 601 1596 689 1635; x_wconf 89' lang='lat' dir='ltr'>Lat.</span> <span class='ocrx_word' id='word_1_216' title='bbox 708 1596 752 1637; x_wconf 88' lang='lat' dir='ltr'>T.</span> <span class='ocrx_word' id='word_1_217' title='bbox 769 1596 795 1636; x_wconf 88' lang='lat' dir='ltr'>I.</span> <span class='ocrx_word' id='word_1_218' title='bbox 811 1611 846 1648; x_wconf 86' lang='lat' dir='ltr'>p.</span> <span class='ocrx_word' id='word_1_219' title='bbox 865 1600 930 1638; x_wconf 74' lang='lat'>13.</span> <span class='ocrx_word' id='word_1_220' title='bbox 957 1599 1077 1649; x_wconf 79' lang='lat' dir='ltr'>epigr.</span> <span class='ocrx_word' id='word_1_221' title='bbox 1094 1603 1159 1638; x_wconf 78' lang='lat'>25.</span> 
     </span>
     <span class='ocr_line' id='line_1_29' title="bbox 309 1655 1160 1707; baseline -0.001 -14"><span class='ocrx_word' id='word_1_222' title='bbox 309 1685 338 1695; x_wconf 88' lang='lat'>..</span> <span class='ocrx_word' id='word_1_223' title='bbox 363 1658 402 1692; x_wconf 83' lang='lat' dir='ltr'>et</span> <span class='ocrx_word' id='word_1_224' title='bbox 423 1655 595 1707; x_wconf 78' lang='lat' dir='ltr'>fremuit</span> <span class='ocrx_word' id='word_1_225' title='bbox 621 1655 856 1693; x_wconf 73' lang='lat' dir='ltr'>circumsila</span> <span class='ocrx_word' id='word_1_226' title='bbox 880 1656 985 1706; x_wconf 72' lang='lat' dir='ltr'>ripis</span> <span class='ocrx_word' id='word_1_227' title='bbox 1012 1655 1160 1694; x_wconf 68' lang='lat' dir='ltr'>Flumi-</span> 
     </span>
     <span class='ocr_line' id='line_1_30' title="bbox 287 1712 1162 1763; baseline -0.003 -12"><span class='ocrx_word' id='word_1_228' title='bbox 287 1713 350 1751; x_wconf 74' lang='grc' dir='ltr'>πίε</span> <span class='ocrx_word' id='word_1_229' title='bbox 376 1712 566 1751; x_wconf 74' lang='lat' dir='ltr'>Etrusci.-</span> <span class='ocrx_word' id='word_1_230' title='bbox 598 1714 638 1749; x_wconf 85' lang='lat' dir='ltr'>ut</span> <span class='ocrx_word' id='word_1_231' title='bbox 662 1712 820 1763; x_wconf 79' lang='lat' dir='ltr'>saepius</span> <span class='ocrx_word' id='word_1_232' title='bbox 843 1714 1018 1763; x_wconf 75' lang='lat' dir='ltr'>fremere</span> <span class='ocrx_word' id='word_1_233' title='bbox 1043 1715 1162 1750; x_wconf 82' lang='lat' dir='ltr'>muta-</span> 
     </span>
     <span class='ocr_line' id='line_1_31' title="bbox 287 1767 1162 1819; baseline -0.001 -13"><span class='ocrx_word' id='word_1_234' title='bbox 287 1773 367 1806; x_wconf 88' lang='lat' dir='ltr'>tum</span> <span class='ocrx_word' id='word_1_235' title='bbox 381 1772 460 1814; x_wconf 85' lang='lat' dir='ltr'>cst,</span> <span class='ocrx_word' id='word_1_236' title='bbox 486 1781 602 1818; x_wconf 88' lang='lat' dir='ltr'>quum</span> <span class='ocrx_word' id='word_1_237' title='bbox 630 1767 768 1805; x_wconf 83' lang='lat' dir='ltr'>librarii</span> <span class='ocrx_word' id='word_1_238' title='bbox 794 1782 868 1805; x_wconf 88' lang='lat' dir='ltr'>non</span> <span class='ocrx_word' id='word_1_239' title='bbox 890 1769 1162 1819; x_wconf 72' lang='lat' dir='ltr'>intelligerent,</span> 
     </span>
     <span class='ocr_line' id='line_1_32' title="bbox 287 1824 1163 1874; baseline -0.001 -11"><span class='ocrx_word' id='word_1_240' title='bbox 287 1829 328 1863; x_wconf 93' lang='lat' dir='ltr'>ut</span> <span class='ocrx_word' id='word_1_241' title='bbox 341 1824 465 1863; x_wconf 90' lang='lat' dir='ltr'>Lucil.</span> <span class='ocrx_word' id='word_1_242' title='bbox 480 1825 595 1862; x_wconf 80' lang='lat' dir='ltr'>Aetn.</span> <span class='ocrx_word' id='word_1_243' title='bbox 614 1824 704 1865; x_wconf 81' lang='grc'><strong>168.</strong></span> <span class='ocrx_word' id='word_1_244' title='bbox 731 1824 794 1874; x_wconf 89' lang='lat' dir='ltr'>qui</span> <span class='ocrx_word' id='word_1_245' title='bbox 814 1827 918 1862; x_wconf 80' lang='lat' dir='ltr'>totus</span> <span class='ocrx_word' id='word_1_246' title='bbox 933 1825 1044 1863; x_wconf 88' lang='lat' dir='ltr'>locus</span> <span class='ocrx_word' id='word_1_247' title='bbox 1058 1838 1163 1863; x_wconf 89' lang='lat' dir='ltr'>men-</span> 
     </span>
     <span class='ocr_line' id='line_1_33' title="bbox 289 1881 1161 1920; baseline -0.001 0"><span class='ocrx_word' id='word_1_248' title='bbox 289 1882 526 1920; x_wconf 81' lang='lat' dir='ltr'>dosissimus</span> <span class='ocrx_word' id='word_1_249' title='bbox 539 1881 598 1918; x_wconf 87' lang='lat' dir='ltr'>sic</span> <span class='ocrx_word' id='word_1_250' title='bbox 606 1881 756 1919; x_wconf 79' lang='lat' dir='ltr'>videtur</span> <span class='ocrx_word' id='word_1_251' title='bbox 769 1894 861 1919; x_wconf 87' lang='lat' dir='ltr'>esse</span> <span class='ocrx_word' id='word_1_252' title='bbox 876 1881 1161 1920; x_wconf 85' lang='lat' dir='ltr'>emendandus:</span> 
     </span>
    </p>
   </div>
   <div class='ocr_carea' id='block_1_11' title="bbox 296 1951 1170 3226">
    <p class='ocr_par' dir='ltr' id='par_1_11' title="bbox 333 1951 1164 1985">
     <span class='ocr_line' id='line_1_34' title="bbox 333 1951 1164 1985; baseline 0.001 -5"><span class='ocrx_word' id='word_1_253' title='bbox 333 1954 396 1981; x_wconf 86' lang='lat' dir='ltr'>Sed</span> <span class='ocrx_word' id='word_1_254' title='bbox 410 1952 545 1981; x_wconf 84' lang='lat' dir='ltr'>summis</span> <span class='ocrx_word' id='word_1_255' title='bbox 560 1951 590 1980; x_wconf 89' lang='lat' dir='ltr'>si</span> <span class='ocrx_word' id='word_1_256' title='bbox 604 1951 685 1980; x_wconf 83' lang='lat' dir='ltr'>sorte</span> <span class='ocrx_word' id='word_1_257' title='bbox 700 1955 795 1985; x_wconf 76' lang='lat' dir='ltr'>putas</span> <span class='ocrx_word' id='word_1_258' title='bbox 810 1960 1018 1981; x_wconf 75' lang='lat' dir='ltr'>succrescere</span> <span class='ocrx_word' id='word_1_259' title='bbox 1033 1953 1164 1982; x_wconf 75' lang='lat' dir='ltr'>caussis</span> 
     </span>
    </p>

    <p class='ocr_par' dir='ltr' id='par_1_12' title="bbox 333 1997 1163 2079">
     <span class='ocr_line' id='line_1_35' title="bbox 333 1997 1163 2037; baseline -0.001 -10"><span class='ocrx_word' id='word_1_260' title='bbox 333 1999 475 2027; x_wconf 78' lang='lat' dir='ltr'>&#39;fantum</span> <span class='ocrx_word' id='word_1_261' title='bbox 493 2004 589 2036; x_wconf 85' lang='lat' dir='ltr'>opus,</span> <span class='ocrx_word' id='word_1_262' title='bbox 616 2001 644 2026; x_wconf 90' lang='lat' dir='ltr'>et</span> <span class='ocrx_word' id='word_1_263' title='bbox 665 1997 786 2026; x_wconf 84' lang='lat' dir='ltr'>subitis</span> <span class='ocrx_word' id='word_1_264' title='bbox 811 1998 1000 2027; x_wconf 77' lang='lat' dir='ltr'>alimentum</span> <span class='ocrx_word' id='word_1_265' title='bbox 1023 1998 1163 2037; x_wconf 77' lang='lat' dir='ltr'>viribus,</span> 
     </span>
     <span class='ocr_line' id='line_1_36' title="bbox 663 2050 742 2079; baseline 0 -10"><span class='ocrx_word' id='word_1_266' title='bbox 663 2050 742 2079; x_wconf 78' lang='lat' dir='ltr'>ora,</span> 
     </span>
    </p>

    <p class='ocr_par' dir='ltr' id='par_1_13' title="bbox 337 2088 1164 2171">
     <span class='ocr_line' id='line_1_37' title="bbox 337 2088 1164 2126; baseline 0.001 -9"><span class='ocrx_word' id='word_1_267' title='bbox 337 2088 432 2124; x_wconf 73' lang='lat' dir='ltr'>Quae</span> <span class='ocrx_word' id='word_1_268' title='bbox 451 2091 563 2124; x_wconf 77' lang='lat' dir='ltr'>patula</span> <span class='ocrx_word' id='word_1_269' title='bbox 583 2089 615 2117; x_wconf 88' lang='lat' dir='ltr'>in</span> <span class='ocrx_word' id='word_1_270' title='bbox 636 2092 760 2123; x_wconf 79' lang='lat' dir='ltr'>promtu</span> <span class='ocrx_word' id='word_1_271' title='bbox 775 2088 899 2126; x_wconf 83' lang='lat' dir='ltr'>cernis,</span> <span class='ocrx_word' id='word_1_272' title='bbox 918 2092 1098 2124; x_wconf 78' lang='lat' dir='ltr'>vastosque</span> <span class='ocrx_word' id='word_1_273' title='bbox 1112 2098 1164 2118; x_wconf 84' lang='lat' dir='ltr'>re-</span> 
     </span>
     <span class='ocr_line' id='line_1_38' title="bbox 665 2142 799 2171; baseline 0.007 -9"><span class='ocrx_word' id='word_1_274' title='bbox 665 2142 799 2171; x_wconf 77' lang='lat' dir='ltr'>cessuS,</span> 
     </span>
    </p>

    <p class='ocr_par' dir='ltr' id='par_1_14' title="bbox 335 2180 1123 2210">
     <span class='ocr_line' id='line_1_39' title="bbox 335 2180 1123 2210; baseline -0.001 0"><span class='ocrx_word' id='word_1_275' title='bbox 335 2181 477 2210; x_wconf 80' lang='lat' dir='ltr'>Falleris</span> <span class='ocrx_word' id='word_1_276' title='bbox 491 2184 518 2209; x_wconf 82' lang='lat' dir='ltr'>et</span> <span class='ocrx_word' id='word_1_277' title='bbox 534 2181 675 2209; x_wconf 87' lang='lat' dir='ltr'>nondum</span> <span class='ocrx_word' id='word_1_278' title='bbox 690 2183 776 2207; x_wconf 79' lang='lat' dir='ltr'>certo</span> <span class='ocrx_word' id='word_1_279' title='bbox 791 2181 848 2209; x_wconf 84' lang='lat' dir='ltr'>tibi</span> <span class='ocrx_word' id='word_1_280' title='bbox 863 2180 984 2208; x_wconf 80' lang='lat' dir='ltr'>lumine</span> <span class='ocrx_word' id='word_1_281' title='bbox 999 2189 1050 2209; x_wconf 89' lang='lat' dir='ltr'>res</span> <span class='ocrx_word' id='word_1_282' title='bbox 1064 2184 1123 2210; x_wconf 82' lang='lat' dir='ltr'>est.</span> 
     </span>
    </p>

    <p class='ocr_par' dir='ltr' id='par_1_15' title="bbox 334 2226 1165 2299">
     <span class='ocr_line' id='line_1_40' title="bbox 334 2226 1165 2263; baseline -0.001 -7"><span class='ocrx_word' id='word_1_283' title='bbox 334 2228 480 2261; x_wconf 73' lang='lat' dir='ltr'>Namque</span> <span class='ocrx_word' id='word_1_284' title='bbox 498 2226 567 2254; x_wconf 86' lang='lat' dir='ltr'>illic</span> <span class='ocrx_word' id='word_1_285' title='bbox 588 2232 788 2263; x_wconf 77' lang='lat' dir='ltr'>quacunque</span> <span class='ocrx_word' id='word_1_286' title='bbox 806 2229 903 2254; x_wconf 80' lang='lat' dir='ltr'>vacat</span> <span class='ocrx_word' id='word_1_287' title='bbox 922 2234 1041 2260; x_wconf 76' lang='lat' dir='ltr'>specus</span> <span class='ocrx_word' id='word_1_288' title='bbox 1061 2226 1165 2255; x_wconf 88' lang='lat' dir='ltr'>omnis</span> 
     </span>
     <span class='ocr_line' id='line_1_41' title="bbox 666 2271 758 2299; baseline -0.011 0"><span class='ocrx_word' id='word_1_289' title='bbox 666 2271 758 2299; x_wconf 84' lang='lat' dir='ltr'>hiatu</span> 
     </span>
    </p>

    <p class='ocr_par' dir='ltr' id='par_1_16' title="bbox 342 2315 1117 2352">
     <span class='ocr_line' id='line_1_42' title="bbox 342 2315 1117 2352; baseline 0 -8"><span class='ocrx_word' id='word_1_290' title='bbox 342 2315 442 2345; x_wconf 80' lang='lat' dir='ltr'>Ultro</span> <span class='ocrx_word' id='word_1_291' title='bbox 457 2324 491 2345; x_wconf 79' lang='lat' dir='ltr'>se</span> <span class='ocrx_word' id='word_1_292' title='bbox 505 2317 634 2345; x_wconf 87' lang='lat' dir='ltr'>introitu</span> <span class='ocrx_word' id='word_1_293' title='bbox 648 2318 795 2352; x_wconf 73' lang='lat' dir='ltr'>solvunt,</span> <span class='ocrx_word' id='word_1_294' title='bbox 823 2317 979 2350; x_wconf 78' lang='lat' dir='ltr'>adituque</span> <span class='ocrx_word' id='word_1_295' title='bbox 993 2317 1117 2351; x_wconf 80' lang='lat' dir='ltr'>patenti</span> 
     </span>
    </p>

    <p class='ocr_par' dir='ltr' id='par_1_17' title="bbox 336 2361 1164 2435">
     <span class='ocr_line' id='line_1_43' title="bbox 336 2361 1164 2397; baseline -0.002 -5"><span class='ocrx_word' id='word_1_296' title='bbox 336 2364 525 2392; x_wconf 75' lang='lat' dir='ltr'>conversae</span> <span class='ocrx_word' id='word_1_297' title='bbox 544 2364 699 2397; x_wconf 81' lang='lat' dir='ltr'>languent</span> <span class='ocrx_word' id='word_1_298' title='bbox 721 2361 809 2390; x_wconf 74' lang='lat' dir='ltr'>vires</span> <span class='ocrx_word' id='word_1_299' title='bbox 835 2362 1027 2396; x_wconf 81' lang='lat' dir='ltr'>animosque</span> <span class='ocrx_word' id='word_1_300' title='bbox 1053 2362 1164 2391; x_wconf 88' lang='lat' dir='ltr'>remit—</span> 
     </span>
     <span class='ocr_line' id='line_1_44' title="bbox 665 2410 745 2435; baseline -0.013 0"><span class='ocrx_word' id='word_1_301' title='bbox 665 2410 745 2435; x_wconf 86' lang='lat' dir='ltr'>tunt.</span> 
     </span>
    </p>

    <p class='ocr_par' dir='ltr' id='par_1_18' title="bbox 337 2453 1166 2527">
     <span class='ocr_line' id='line_1_45' title="bbox 337 2453 1166 2490; baseline -0.002 -8"><span class='ocrx_word' id='word_1_302' title='bbox 337 2453 461 2490; x_wconf 75' lang='lat' dir='ltr'>Quippe</span> <span class='ocrx_word' id='word_1_303' title='bbox 475 2453 530 2482; x_wconf 86' lang='lat' dir='ltr'>ubi</span> <span class='ocrx_word' id='word_1_304' title='bbox 544 2453 719 2481; x_wconf 72' lang='lat' dir='ltr'>contineat</span> <span class='ocrx_word' id='word_1_305' title='bbox 732 2455 846 2481; x_wconf 77' lang='lat' dir='ltr'>ventos</span> <span class='ocrx_word' id='word_1_306' title='bbox 861 2460 1078 2490; x_wconf 77' lang='lat' dir='ltr'>quaecunque</span> <span class='ocrx_word' id='word_1_307' title='bbox 1098 2460 1166 2482; x_wconf 91' lang='lat' dir='ltr'>mo-</span> 
     </span>
     <span class='ocr_line' id='line_1_46' title="bbox 665 2501 775 2527; baseline -0.009 0"><span class='ocrx_word' id='word_1_308' title='bbox 665 2501 775 2527; x_wconf 84' lang='lat' dir='ltr'>rantes</span> 
     </span>
    </p>

    <p class='ocr_par' dir='ltr' id='par_1_19' title="bbox 336 2542 1166 2618">
     <span class='ocr_line' id='line_1_47' title="bbox 336 2542 1166 2582; baseline -0.002 -8"><span class='ocrx_word' id='word_1_309' title='bbox 336 2546 375 2574; x_wconf 90' lang='lat' dir='ltr'>In</span> <span class='ocrx_word' id='word_1_310' title='bbox 400 2552 505 2574; x_wconf 71' lang='lat' dir='ltr'>vacuo</span> <span class='ocrx_word' id='word_1_311' title='bbox 534 2542 669 2581; x_wconf 75' lang='lat' dir='ltr'>desunt,</span> <span class='ocrx_word' id='word_1_312' title='bbox 696 2546 847 2582; x_wconf 79' lang='lat' dir='ltr'>cessant,</span> <span class='ocrx_word' id='word_1_313' title='bbox 878 2547 1066 2578; x_wconf 80' lang='lat' dir='ltr'>tantumque</span> <span class='ocrx_word' id='word_1_314' title='bbox 1091 2551 1166 2579; x_wconf 82' lang='lat' dir='ltr'>pro-</span> 
     </span>
     <span class='ocr_line' id='line_1_48' title="bbox 666 2590 758 2618; baseline -0.011 0"><span class='ocrx_word' id='word_1_315' title='bbox 666 2590 758 2618; x_wconf 85' lang='lat' dir='ltr'>fundi</span> 
     </span>
    </p>

    <p class='ocr_par' dir='ltr' id='par_1_20' title="bbox 338 2633 1165 2671">
     <span class='ocr_line' id='line_1_49' title="bbox 338 2633 1165 2671; baseline -0.002 -5"><span class='ocrx_word' id='word_1_316' title='bbox 338 2636 492 2670; x_wconf 75' lang='lat' dir='ltr'>Explicat</span> <span class='ocrx_word' id='word_1_317' title='bbox 508 2639 670 2671; x_wconf 77' lang='lat' dir='ltr'>errantes,</span> <span class='ocrx_word' id='word_1_318' title='bbox 696 2637 732 2662; x_wconf 77' lang='lat' dir='ltr'>ul</span> <span class='ocrx_word' id='word_1_319' title='bbox 754 2635 787 2662; x_wconf 88' lang='lat' dir='ltr'>in</span> <span class='ocrx_word' id='word_1_320' title='bbox 803 2635 874 2669; x_wconf 84' lang='lat' dir='ltr'>ipso</span> <span class='ocrx_word' id='word_1_321' title='bbox 888 2634 1000 2663; x_wconf 87' lang='lat' dir='ltr'>limine</span> <span class='ocrx_word' id='word_1_322' title='bbox 1016 2633 1165 2664; x_wconf 79' lang='lat' dir='ltr'>tardent.</span> 
     </span>
    </p>

    <p class='ocr_par' dir='ltr' id='par_1_21' title="bbox 338 2679 1120 2717">
     <span class='ocr_line' id='line_1_50' title="bbox 338 2679 1120 2717; baseline -0.001 -7"><span class='ocrx_word' id='word_1_323' title='bbox 338 2682 499 2717; x_wconf 75' lang='lat' dir='ltr'>Augustis</span> <span class='ocrx_word' id='word_1_324' title='bbox 513 2689 594 2716; x_wconf 78' lang='lat' dir='ltr'>opus</span> <span class='ocrx_word' id='word_1_325' title='bbox 609 2685 655 2710; x_wconf 75' lang='lat' dir='ltr'>est</span> <span class='ocrx_word' id='word_1_326' title='bbox 672 2682 801 2709; x_wconf 78' lang='lat' dir='ltr'>turbare</span> <span class='ocrx_word' id='word_1_327' title='bbox 816 2680 848 2708; x_wconf 90' lang='lat' dir='ltr'>in</span> <span class='ocrx_word' id='word_1_328' title='bbox 864 2679 1015 2709; x_wconf 80' lang='lat' dir='ltr'>faucibus</span> <span class='ocrx_word' id='word_1_329' title='bbox 1030 2680 1120 2715; x_wconf 50' lang='lat' dir='ltr'>inoffi</span> 
     </span>
    </p>

    <p class='ocr_par' dir='ltr' id='par_1_22' title="bbox 338 2724 1166 2799">
     <span class='ocr_line' id='line_1_51' title="bbox 338 2724 1166 2764; baseline -0.004 -8"><span class='ocrx_word' id='word_1_330' title='bbox 338 2729 453 2756; x_wconf 70' lang='lat' dir='ltr'>Fervet</span> <span class='ocrx_word' id='word_1_331' title='bbox 480 2735 561 2761; x_wconf 84' lang='lat' dir='ltr'>opus</span> <span class='ocrx_word' id='word_1_332' title='bbox 588 2727 745 2760; x_wconf 76' lang='lat' dir='ltr'>densique</span> <span class='ocrx_word' id='word_1_333' title='bbox 762 2724 923 2764; x_wconf 80' lang='lat' dir='ltr'>fremunt</span> <span class='ocrx_word' id='word_1_334' title='bbox 948 2726 1166 2760; x_wconf 79' lang='lat' dir='ltr'>premiturque</span> 
     </span>
     <span class='ocr_line' id='line_1_52' title="bbox 670 2771 766 2799; baseline 0 0"><span class='ocrx_word' id='word_1_335' title='bbox 670 2771 766 2799; x_wconf 75' lang='lat' dir='ltr'>ruina</span> 
     </span>
    </p>

    <p class='ocr_par' dir='ltr' id='par_1_23' title="bbox 341 2816 1168 2899">
     <span class='ocr_line' id='line_1_53' title="bbox 341 2816 1168 2855; baseline 0 -10"><span class='ocrx_word' id='word_1_336' title='bbox 341 2816 436 2846; x_wconf 72' lang='lat' dir='ltr'>Nunc</span> <span class='ocrx_word' id='word_1_337' title='bbox 445 2817 708 2855; x_wconf 71' lang='lat' dir='ltr'>parev&#39;mBoreae</span> <span class='ocrx_word' id='word_1_338' title='bbox 722 2820 818 2850; x_wconf 78' lang='lat' dir='ltr'>atque</span> <span class='ocrx_word' id='word_1_339' title='bbox 832 2818 911 2845; x_wconf 82' lang='lat' dir='ltr'>Noto</span> <span class='ocrx_word' id='word_1_340' title='bbox 927 2830 961 2835; x_wconf 90' lang='lat'>—</span> <span class='ocrx_word' id='word_1_341' title='bbox 981 2824 1067 2845; x_wconf 89' lang='lat' dir='ltr'>nunc</span> <span class='ocrx_word' id='word_1_342' title='bbox 1083 2824 1168 2845; x_wconf 86' lang='lat' dir='ltr'>unus</span> 
     </span>
     <span class='ocr_line' id='line_1_54' title="bbox 668 2864 927 2899; baseline 0 -10"><span class='ocrx_word' id='word_1_343' title='bbox 668 2864 810 2899; x_wconf 79' lang='lat' dir='ltr'>uterque</span> <span class='ocrx_word' id='word_1_344' title='bbox 822 2864 875 2889; x_wconf 80' lang='lat' dir='ltr'>est</span> <span class='ocrx_word' id='word_1_345' title='bbox 891 2877 927 2882; x_wconf 91' lang='lat'>—</span> 
     </span>
    </p>

    <p class='ocr_par' dir='ltr' id='par_1_24' title="bbox 296 2909 616 2957">
     <span class='ocr_line' id='line_1_55' title="bbox 296 2909 616 2957; baseline -0.003 -13"><span class='ocrx_word' id='word_1_346' title='bbox 296 2909 334 2944; x_wconf 89' lang='lat' dir='ltr'>et</span> <span class='ocrx_word' id='word_1_347' title='bbox 360 2920 391 2944; x_wconf 77' lang='lat' dir='ltr'>v.</span> <span class='ocrx_word' id='word_1_348' title='bbox 419 2909 498 2947; x_wconf 74' lang='lat'>‘205</span> <span class='ocrx_word' id='word_1_349' title='bbox 524 2919 616 2957; x_wconf 82' lang='lat' dir='ltr'>sqq.</span> 
     </span>
    </p>

    <p class='ocr_par' dir='ltr' id='par_1_25' title="bbox 342 2965 1127 3001">
     <span class='ocr_line' id='line_1_56' title="bbox 342 2965 1127 3001; baseline -0.003 -8"><span class='ocrx_word' id='word_1_350' title='bbox 342 2968 409 2994; x_wconf 76' lang='lat' dir='ltr'>Neu</span> <span class='ocrx_word' id='word_1_351' title='bbox 424 2967 529 2995; x_wconf 81' lang='lat' dir='ltr'>Ditem</span> <span class='ocrx_word' id='word_1_352' title='bbox 543 2966 633 3001; x_wconf 78' lang='lat' dir='ltr'>regni</span> <span class='ocrx_word' id='word_1_353' title='bbox 649 2966 783 3001; x_wconf 76' lang='lat' dir='ltr'>pudeat,</span> <span class='ocrx_word' id='word_1_354' title='bbox 811 2972 873 2993; x_wconf 88' lang='lat' dir='ltr'>nen</span> <span class='ocrx_word' id='word_1_355' title='bbox 886 2965 1026 2993; x_wconf 85' lang='lat' dir='ltr'>Tartara</span> <span class='ocrx_word' id='word_1_356' title='bbox 1038 2965 1127 2993; x_wconf 85' lang='lat' dir='ltr'>coelo</span> 
     </span>
    </p>

    <p class='ocr_par' dir='ltr' id='par_1_26' title="bbox 341 3008 1167 3084">
     <span class='ocr_line' id='line_1_57' title="bbox 341 3008 1167 3049; baseline -0.004 -9"><span class='ocrx_word' id='word_1_357' title='bbox 341 3013 454 3040; x_wconf 72' lang='lat' dir='ltr'>Vertat</span> <span class='ocrx_word' id='word_1_358' title='bbox 478 3012 510 3039; x_wconf 92' lang='lat' dir='ltr'>in</span> <span class='ocrx_word' id='word_1_359' title='bbox 536 3013 678 3046; x_wconf 78' lang='lat' dir='ltr'>occulto,</span> <span class='ocrx_word' id='word_1_360' title='bbox 713 3013 835 3039; x_wconf 82' lang='lat' dir='ltr'>tantum</span> <span class='ocrx_word' id='word_1_361' title='bbox 852 3008 983 3049; x_wconf 76' lang='lat' dir='ltr'>fremit</span> <span class='ocrx_word' id='word_1_362' title='bbox 1005 3009 1110 3037; x_wconf 74' lang='lat' dir='ltr'>onmis</span> <span class='ocrx_word' id='word_1_363' title='bbox 1135 3010 1167 3037; x_wconf 78' lang='lat' dir='ltr'>ee</span> 
     </span>
     <span class='ocr_line' id='line_1_58' title="bbox 671 3058 778 3084; baseline -0.009 -1"><span class='ocrx_word' id='word_1_364' title='bbox 671 3058 778 3084; x_wconf 64' lang='lat' dir='ltr'>extra</span> 
     </span>
    </p>

    <p class='ocr_par' dir='ltr' id='par_1_27' title="bbox 343 3100 1073 3138">
     <span class='ocr_line' id='line_1_59' title="bbox 343 3100 1073 3138; baseline -0.003 -8"><span class='ocrx_word' id='word_1_365' title='bbox 343 3102 518 3138; x_wconf 85' lang='lat' dir='ltr'>Cougeries</span> <span class='ocrx_word' id='word_1_366' title='bbox 534 3101 630 3138; x_wconf 79' lang='lat' dir='ltr'>operi</span> <span class='ocrx_word' id='word_1_367' title='bbox 641 3108 794 3130; x_wconf 78' lang='lat' dir='ltr'>saxorum</span> <span class='ocrx_word' id='word_1_368' title='bbox 810 3104 838 3129; x_wconf 84' lang='lat' dir='ltr'>et</span> <span class='ocrx_word' id='word_1_369' title='bbox 854 3100 958 3135; x_wconf 81' lang='lat' dir='ltr'>putris</span> <span class='ocrx_word' id='word_1_370' title='bbox 972 3107 1073 3129; x_wconf 83' lang='lat' dir='ltr'>arena</span> 
     </span>
    </p>

    <p class='ocr_par' dir='ltr' id='par_1_28' title="bbox 342 3146 1170 3181">
     <span class='ocr_line' id='line_1_60' title="bbox 342 3146 1170 3181; baseline 0 -6"><span class='ocrx_word' id='word_1_371' title='bbox 342 3150 430 3181; x_wconf 72' lang='lat' dir='ltr'>Quae</span> <span class='ocrx_word' id='word_1_372' title='bbox 445 3155 502 3175; x_wconf 87' lang='lat' dir='ltr'>uec</span> <span class='ocrx_word' id='word_1_373' title='bbox 517 3151 629 3181; x_wconf 75' lang='lat' dir='ltr'>sponte</span> <span class='ocrx_word' id='word_1_374' title='bbox 644 3154 706 3175; x_wconf 83' lang='lat' dir='ltr'>sua</span> <span class='ocrx_word' id='word_1_375' title='bbox 719 3147 852 3175; x_wconf 72' lang='lat' dir='ltr'>veniunt</span> <span class='ocrx_word' id='word_1_376' title='bbox 867 3153 926 3174; x_wconf 87' lang='lat' dir='ltr'>nec</span> <span class='ocrx_word' id='word_1_377' title='bbox 946 3146 1089 3180; x_wconf 76' lang='lat' dir='ltr'>corporis</span> <span class='ocrx_word' id='word_1_378' title='bbox 1110 3146 1170 3175; x_wconf 85' lang='lat' dir='ltr'>ulli</span> 
     </span>
    </p>

    <p class='ocr_par' dir='ltr' id='par_1_29' title="bbox 341 3191 1060 3226">
     <span class='ocr_line' id='line_1_61' title="bbox 341 3191 1060 3226; baseline -0.003 -5"><span class='ocrx_word' id='word_1_379' title='bbox 341 3194 532 3221; x_wconf 80' lang='lat' dir='ltr'>Sustentata</span> <span class='ocrx_word' id='word_1_380' title='bbox 544 3193 664 3221; x_wconf 79' lang='lat' dir='ltr'>cadunt</span> <span class='ocrx_word' id='word_1_381' title='bbox 679 3192 820 3221; x_wconf 79' lang='lat' dir='ltr'>robustis</span> <span class='ocrx_word' id='word_1_382' title='bbox 833 3191 960 3221; x_wconf 75' lang='lat' dir='ltr'>viribus</span> <span class='ocrx_word' id='word_1_383' title='bbox 974 3191 1060 3226; x_wconf 82' lang='lat' dir='ltr'>ignis</span> 
     </span>
    </p>
   </div>
   <div class='ocr_carea' id='block_1_12' title="bbox 1266 805 2097 933">
    <p class='ocr_par' dir='ltr' id='par_1_30' title="bbox 1266 805 2097 933">
     <span class='ocr_line' id='line_1_62' title="bbox 1272 805 2006 845; baseline -0.003 -9"><span class='ocrx_word' id='word_1_384' title='bbox 1272 805 1439 845; x_wconf 66' lang='lat' dir='ltr'>Exae‘gitur</span> <span class='ocrx_word' id='word_1_385' title='bbox 1454 807 1562 835; x_wconf 73' lang='lat' dir='ltr'>ventis</span> <span class='ocrx_word' id='word_1_386' title='bbox 1576 810 1610 834; x_wconf 80' lang='lat' dir='ltr'>et</span> <span class='ocrx_word' id='word_1_387' title='bbox 1623 814 1715 835; x_wconf 68' lang='lat' dir='ltr'>saa-a</span> <span class='ocrx_word' id='word_1_388' title='bbox 1729 815 1751 834; x_wconf 83' lang='grc' dir='ltr'>ιι</span> <span class='ocrx_word' id='word_1_389' title='bbox 1765 806 1891 834; x_wconf 79' lang='lat' dir='ltr'>vertice</span> <span class='ocrx_word' id='word_1_390' title='bbox 1904 813 2006 835; x_wconf 83' lang='lat' dir='ltr'>saevo</span> 
     </span>
     <span class='ocr_line' id='line_1_63' title="bbox 1266 852 2097 886; baseline -0.002 -4"><span class='ocrx_word' id='word_1_391' title='bbox 1266 855 1303 883; x_wconf 89' lang='lat' dir='ltr'>In</span> <span class='ocrx_word' id='word_1_392' title='bbox 1329 855 1464 882; x_wconf 80' lang='lat' dir='ltr'>densum</span> <span class='ocrx_word' id='word_1_393' title='bbox 1489 852 1635 881; x_wconf 77' lang='lat' dir='ltr'>disiecm</span> <span class='ocrx_word' id='word_1_394' title='bbox 1660 856 1767 881; x_wconf 79' lang='lat' dir='ltr'>rotant</span> <span class='ocrx_word' id='word_1_395' title='bbox 1791 854 1991 886; x_wconf 80' lang='lat' dir='ltr'>volvuntque</span> <span class='ocrx_word' id='word_1_396' title='bbox 2022 858 2097 886; x_wconf 81' lang='lat' dir='ltr'>pro-</span> 
     </span>
     <span class='ocr_line' id='line_1_64' title="bbox 1597 897 1728 933; baseline 0.008 -7"><span class='ocrx_word' id='word_1_397' title='bbox 1597 897 1728 933; x_wconf 72' lang='lat' dir='ltr'>fundo]</span> 
     </span>
    </p>
   </div>
   <div class='ocr_carea' id='block_1_13' title="bbox 1220 940 2099 1967">
    <p class='ocr_par' dir='ltr' id='par_1_31' title="bbox 1220 940 2099 1659">
     <span class='ocr_line' id='line_1_65' title="bbox 1275 940 2095 994; baseline -0.004 -14"><span class='ocrx_word' id='word_1_398' title='bbox 1275 955 1354 994; x_wconf 76' lang='lat' dir='ltr'>per</span> <span class='ocrx_word' id='word_1_399' title='bbox 1367 955 1446 993; x_wconf 70' lang='lat'>090</span> <span class='ocrx_word' id='word_1_400' title='bbox 1462 947 1508 980; x_wconf 72' lang='lat' dir='ltr'>ie.</span> <span class='ocrx_word' id='word_1_401' title='bbox 1547 940 1779 991; x_wconf 76' lang='lat' dir='ltr'>Elegantem</span> <span class='ocrx_word' id='word_1_402' title='bbox 1795 940 1947 990; x_wconf 89' lang='lat' dir='ltr'>quinon</span> <span class='ocrx_word' id='word_1_403' title='bbox 1969 940 2095 990; x_wconf 86' lang='lat' dir='ltr'>capie-</span> 
     </span>
     <span class='ocr_line' id='line_1_66' title="bbox 1221 998 2094 1049; baseline -0.003 -13"><span class='ocrx_word' id='word_1_404' title='bbox 1221 998 1314 1036; x_wconf 86' lang='lat' dir='ltr'>bant</span> <span class='ocrx_word' id='word_1_405' title='bbox 1329 999 1534 1036; x_wconf 84' lang='lat' dir='ltr'>verborum</span> <span class='ocrx_word' id='word_1_406' title='bbox 1547 998 1783 1049; x_wconf 84' lang='lat' dir='ltr'>positionem</span> <span class='ocrx_word' id='word_1_407' title='bbox 1797 998 2094 1047; x_wconf 87' lang='lat' dir='ltr'>interpretes,ut</span> 
     </span>
     <span class='ocr_line' id='line_1_67' title="bbox 1224 1053 2095 1105; baseline -0.002 -12"><span class='ocrx_word' id='word_1_408' title='bbox 1224 1054 1439 1099; x_wconf 65' lang='lat' dir='ltr'>stewech„</span> <span class='ocrx_word' id='word_1_409' title='bbox 1460 1068 1662 1105; x_wconf 81' lang='lat' dir='ltr'>perperam</span> <span class='ocrx_word' id='word_1_410' title='bbox 1684 1053 1938 1092; x_wconf 86' lang='lat' dir='ltr'>emendarunt</span> <span class='ocrx_word' id='word_1_411' title='bbox 1953 1057 2095 1104; x_wconf 79' lang='lat' dir='ltr'>perte,</span> 
     </span>
     <span class='ocr_line' id='line_1_68' title="bbox 1223 1109 2096 1164; baseline -0.002 -15"><span class='ocrx_word' id='word_1_412' title='bbox 1223 1112 1377 1164; x_wconf 75' lang='lat' dir='ltr'>inquit,</span> <span class='ocrx_word' id='word_1_413' title='bbox 1391 1125 1472 1163; x_wconf 77' lang='lat' dir='ltr'>per</span> <span class='ocrx_word' id='word_1_414' title='bbox 1485 1116 1692 1150; x_wconf 76' lang='lat' dir='ltr'>maternae</span> <span class='ocrx_word' id='word_1_415' title='bbox 1706 1111 1893 1150; x_wconf 80' lang='lat' dir='ltr'>caritatis</span> <span class='ocrx_word' id='word_1_416' title='bbox 1903 1109 2096 1162; x_wconf 77' lang='lat' dir='ltr'>foedera,</span> 
     </span>
     <span class='ocr_line' id='line_1_69' title="bbox 1225 1164 2099 1218; baseline -0.003 -12"><span class='ocrx_word' id='word_1_417' title='bbox 1225 1172 1265 1206; x_wconf 86' lang='lat' dir='ltr'>et</span> <span class='ocrx_word' id='word_1_418' title='bbox 1294 1168 1394 1206; x_wconf 84' lang='lat' dir='ltr'>alios</span> <span class='ocrx_word' id='word_1_419' title='bbox 1428 1168 1537 1206; x_wconf 87' lang='lat' dir='ltr'>locos</span> <span class='ocrx_word' id='word_1_420' title='bbox 1569 1168 1660 1205; x_wconf 84' lang='lat' dir='ltr'>item</span> <span class='ocrx_word' id='word_1_421' title='bbox 1691 1168 1907 1218; x_wconf 86' lang='lat' dir='ltr'>depravare</span> <span class='ocrx_word' id='word_1_422' title='bbox 1937 1164 2099 1204; x_wconf 87' lang='lat' dir='ltr'>student</span> 
     </span>
     <span class='ocr_line' id='line_1_70' title="bbox 1223 1223 2098 1276; baseline -0.002 -14"><span class='ocrx_word' id='word_1_423' title='bbox 1223 1228 1265 1262; x_wconf 89' lang='lat' dir='ltr'>ut</span> <span class='ocrx_word' id='word_1_424' title='bbox 1290 1224 1385 1263; x_wconf 84' lang='lat' dir='ltr'>Met.</span> <span class='ocrx_word' id='word_1_425' title='bbox 1408 1223 1475 1263; x_wconf 83' lang='lat' dir='ltr'>Vl.</span> <span class='ocrx_word' id='word_1_426' title='bbox 1502 1237 1538 1275; x_wconf 88' lang='lat' dir='ltr'>p.</span> <span class='ocrx_word' id='word_1_427' title='bbox 1566 1228 1660 1269; x_wconf 76' lang='lat'>384,</span> <span class='ocrx_word' id='word_1_428' title='bbox 1688 1238 1767 1276; x_wconf 78' lang='lat' dir='ltr'>per</span> <span class='ocrx_word' id='word_1_429' title='bbox 1797 1237 1876 1276; x_wconf 69' lang='lat' dir='ltr'>eyo</span> <span class='ocrx_word' id='word_1_430' title='bbox 1901 1227 1938 1261; x_wconf 86' lang='lat' dir='ltr'>te</span> <span class='ocrx_word' id='word_1_431' title='bbox 1959 1223 2098 1274; x_wconf 69' lang='lat' dir='ltr'>fraqi·</span> 
     </span>
     <span class='ocr_line' id='line_1_71' title="bbox 1222 1279 2098 1333; baseline -0.003 -14"><span class='ocrx_word' id='word_1_432' title='bbox 1222 1284 1357 1333; x_wconf 78' lang='lat' dir='ltr'>feram</span> <span class='ocrx_word' id='word_1_433' title='bbox 1382 1286 1491 1320; x_wconf 70' lang='lat' dir='ltr'>tuam</span> <span class='ocrx_word' id='word_1_434' title='bbox 1517 1281 1740 1320; x_wconf 67' lang='lat' dir='ltr'>cleoeteram.</span> <span class='ocrx_word' id='word_1_435' title='bbox 1782 1279 1866 1318; x_wconf 86' lang='lat' dir='ltr'>Sed</span> <span class='ocrx_word' id='word_1_436' title='bbox 1896 1283 2002 1317; x_wconf 86' lang='lat' dir='ltr'>recte</span> <span class='ocrx_word' id='word_1_437' title='bbox 2023 1279 2098 1317; x_wconf 88' lang='lat' dir='ltr'>iam</span> 
     </span>
     <span class='ocr_line' id='line_1_72' title="bbox 1225 1336 2097 1388; baseline -0.001 -13"><span class='ocrx_word' id='word_1_438' title='bbox 1225 1338 1371 1376; x_wconf 89' lang='lat' dir='ltr'>monuit</span> <span class='ocrx_word' id='word_1_439' title='bbox 1396 1336 1520 1383; x_wconf 87' lang='lat' dir='ltr'>Oud.,</span> <span class='ocrx_word' id='word_1_440' title='bbox 1545 1338 1869 1376; x_wconf 82' lang='lat' dir='ltr'>constructionem</span> <span class='ocrx_word' id='word_1_441' title='bbox 1894 1349 1987 1374; x_wconf 86' lang='lat' dir='ltr'>esse</span> <span class='ocrx_word' id='word_1_442' title='bbox 2019 1349 2097 1388; x_wconf 66' lang='lat' dir='ltr'>eqo</span> 
     </span>
     <span class='ocr_line' id='line_1_73' title="bbox 1223 1392 2097 1446; baseline -0.003 -14"><span class='ocrx_word' id='word_1_443' title='bbox 1223 1394 1428 1445; x_wconf 77' lang='lat' dir='ltr'>deprecor</span> <span class='ocrx_word' id='word_1_444' title='bbox 1457 1399 1517 1440; x_wconf 77' lang='lat' dir='ltr'>te,</span> <span class='ocrx_word' id='word_1_445' title='bbox 1547 1408 1624 1446; x_wconf 77' lang='lat' dir='ltr'>per</span> <span class='ocrx_word' id='word_1_446' title='bbox 1656 1399 1748 1433; x_wconf 77' lang='lat' dir='ltr'>mat.</span> <span class='ocrx_word' id='word_1_447' title='bbox 1780 1406 1888 1431; x_wconf 87' lang='lat' dir='ltr'>more</span> <span class='ocrx_word' id='word_1_448' title='bbox 1920 1392 1998 1430; x_wconf 84' lang='lat' dir='ltr'>illis</span> <span class='ocrx_word' id='word_1_449' title='bbox 2024 1392 2097 1430; x_wconf 85' lang='lat' dir='ltr'>sor-</span> 
     </span>
     <span class='ocr_line' id='line_1_74' title="bbox 1220 1449 2099 1490; baseline -0.002 -2"><span class='ocrx_word' id='word_1_450' title='bbox 1220 1450 1336 1488; x_wconf 86' lang='lat' dir='ltr'>mulis</span> <span class='ocrx_word' id='word_1_451' title='bbox 1355 1450 1473 1488; x_wconf 85' lang='lat' dir='ltr'>solito</span> <span class='ocrx_word' id='word_1_452' title='bbox 1494 1451 1582 1490; x_wconf 90' lang='lat' dir='ltr'>coll.</span> <span class='ocrx_word' id='word_1_453' title='bbox 1604 1451 1672 1489; x_wconf 86' lang='lat' dir='ltr'>Dr.</span> <span class='ocrx_word' id='word_1_454' title='bbox 1692 1450 1741 1489; x_wconf 84' lang='lat' dir='ltr'>ad</span> <span class='ocrx_word' id='word_1_455' title='bbox 1763 1449 1833 1489; x_wconf 86' lang='lat' dir='ltr'>Sit.</span> <span class='ocrx_word' id='word_1_456' title='bbox 1848 1449 1896 1486; x_wconf 75' lang='lat' dir='ltr'>V.</span> <span class='ocrx_word' id='word_1_457' title='bbox 1912 1452 1976 1490; x_wconf 82' lang='lat'>82.</span> <span class='ocrx_word' id='word_1_458' title='bbox 2006 1449 2099 1487; x_wconf 75' lang='lat' dir='ltr'>Illa-</span> 
     </span>
     <span class='ocr_line' id='line_1_75' title="bbox 1223 1508 2099 1561; baseline -0.002 -15"><span class='ocrx_word' id='word_1_459' title='bbox 1223 1521 1290 1546; x_wconf 68' lang='grc' dir='ltr'>αις</span> <span class='ocrx_word' id='word_1_460' title='bbox 1313 1521 1404 1559; x_wconf 81' lang='lat' dir='ltr'>per</span> <span class='ocrx_word' id='word_1_461' title='bbox 1429 1512 1488 1551; x_wconf 78' lang='lat' dir='ltr'>te,</span> <span class='ocrx_word' id='word_1_462' title='bbox 1512 1509 1694 1561; x_wconf 80' lang='lat' dir='ltr'>flammas</span> <span class='ocrx_word' id='word_1_463' title='bbox 1710 1508 1973 1559; x_wconf 77' lang='lat' dir='ltr'>Tarpeiaque</span> <span class='ocrx_word' id='word_1_464' title='bbox 1992 1519 2099 1544; x_wconf 62' lang='lat' dir='ltr'>sueta</span> 
     </span>
     <span class='ocr_line' id='line_1_76' title="bbox 1223 1561 2099 1608; baseline -0.001 -7"><span class='ocrx_word' id='word_1_465' title='bbox 1223 1568 1261 1601; x_wconf 87' lang='lat' dir='ltr'>et</span> <span class='ocrx_word' id='word_1_466' title='bbox 1291 1565 1374 1601; x_wconf 86' lang='lat' dir='ltr'>suis</span> <span class='ocrx_word' id='word_1_467' title='bbox 1406 1563 1535 1603; x_wconf 84' lang='lat' dir='ltr'>dictat.</span> <span class='ocrx_word' id='word_1_468' title='bbox 1561 1563 1611 1602; x_wconf 89' lang='lat' dir='ltr'>ad</span> <span class='ocrx_word' id='word_1_469' title='bbox 1635 1563 1784 1602; x_wconf 88' lang='lat' dir='ltr'>Lucan.</span> <span class='ocrx_word' id='word_1_470' title='bbox 1812 1561 1861 1601; x_wconf 88' lang='lat' dir='ltr'>X.</span> <span class='ocrx_word' id='word_1_471' title='bbox 1890 1566 2002 1608; x_wconf 67' lang='lat'>370„</span> <span class='ocrx_word' id='word_1_472' title='bbox 2034 1562 2099 1600; x_wconf 88' lang='lat' dir='ltr'>ubi</span> 
     </span>
     <span class='ocr_line' id='line_1_77' title="bbox 1223 1620 1804 1659; baseline 0.002 -1"><span class='ocrx_word' id='word_1_473' title='bbox 1223 1620 1366 1659; x_wconf 83' lang='lat' dir='ltr'>librarii</span> <span class='ocrx_word' id='word_1_474' title='bbox 1392 1620 1616 1659; x_wconf 85' lang='lat' dir='ltr'>idemtidem</span> <span class='ocrx_word' id='word_1_475' title='bbox 1642 1621 1804 1659; x_wconf 76' lang='lat' dir='ltr'>variant.</span> 
     </span>
    </p>

    <p class='ocr_par' dir='ltr' id='par_1_32' title="bbox 1223 1687 2099 1967">
     <span class='ocr_line' id='line_1_78' title="bbox 1276 1687 2097 1741; baseline -0.001 -14"><span class='ocrx_word' id='word_1_476' title='bbox 1276 1702 1355 1740; x_wconf 74' lang='lat' dir='ltr'>per</span> <span class='ocrx_word' id='word_1_477' title='bbox 1392 1693 1485 1727; x_wconf 77' lang='lat' dir='ltr'>tuae</span> <span class='ocrx_word' id='word_1_478' title='bbox 1523 1690 1702 1741; x_wconf 57' lang='lat' dir='ltr'>saqittue.</span> <span class='ocrx_word' id='word_1_479' title='bbox 1739 1688 1881 1728; x_wconf 78' lang='lat' dir='ltr'>dulcia</span> <span class='ocrx_word' id='word_1_480' title='bbox 1918 1687 2097 1727; x_wconf 70' lang='lat' dir='ltr'>vulnera.</span> 
     </span>
     <span class='ocr_line' id='line_1_79' title="bbox 1225 1743 2097 1797; baseline 0 -15"><span class='ocrx_word' id='word_1_481' title='bbox 1225 1744 1308 1797; x_wconf 85' lang='lat' dir='ltr'>[De</span> <span class='ocrx_word' id='word_1_482' title='bbox 1333 1746 1529 1783; x_wconf 85' lang='lat' dir='ltr'>sententia</span> <span class='ocrx_word' id='word_1_483' title='bbox 1554 1746 1653 1783; x_wconf 76' lang='lat' dir='ltr'>satis</span> <span class='ocrx_word' id='word_1_484' title='bbox 1679 1749 1770 1783; x_wconf 83' lang='lat' dir='ltr'>nota</span> <span class='ocrx_word' id='word_1_485' title='bbox 1783 1747 1983 1796; x_wconf 82' lang='lat' dir='ltr'>comparat</span> <span class='ocrx_word' id='word_1_486' title='bbox 1997 1743 2097 1782; x_wconf 74' lang='lat' dir='ltr'>Elin.</span> 
     </span>
     <span class='ocr_line' id='line_1_80' title="bbox 1223 1800 2099 1852; baseline -0.003 -12"><span class='ocrx_word' id='word_1_487' title='bbox 1223 1801 1407 1852; x_wconf 82' lang='lat' dir='ltr'>Xenoph.</span> <span class='ocrx_word' id='word_1_488' title='bbox 1422 1801 1638 1840; x_wconf 82' lang='lat' dir='ltr'>Memorab.</span> <span class='ocrx_word' id='word_1_489' title='bbox 1656 1801 1680 1840; x_wconf 85' lang='lat' dir='ltr'>l.</span> <span class='ocrx_word' id='word_1_490' title='bbox 1698 1806 1732 1841; x_wconf 83' lang='lat'>3.</span> <span class='ocrx_word' id='word_1_491' title='bbox 1749 1801 1778 1851; x_wconf 64' lang='grc' dir='ltr'><strong>ὃ.</strong></span> <span class='ocrx_word' id='word_1_492' title='bbox 1792 1805 1853 1841; x_wconf 87' lang='grc'><strong>13.</strong></span> <span class='ocrx_word' id='word_1_493' title='bbox 1880 1800 1969 1847; x_wconf 58' lang='lat' dir='ltr'>lom«,-</span> <span class='ocrx_word' id='word_1_494' title='bbox 1981 1800 2099 1839; x_wconf 79' lang='grc' dir='ltr'><em>δὲκαὶ</em></span> 
     </span>
     <span class='ocr_line' id='line_1_81' title="bbox 1224 1855 2097 1910; baseline -0.001 -13"><span class='ocrx_word' id='word_1_495' title='bbox 1224 1861 1261 1898; x_wconf 81' lang='grc' dir='ltr'>οἱ</span> <span class='ocrx_word' id='word_1_496' title='bbox 1288 1858 1418 1910; x_wconf 66' lang='grc' dir='ltr'>ε”ρωτες</span> <span class='ocrx_word' id='word_1_497' title='bbox 1446 1855 1599 1905; x_wconf 79' lang='grc' dir='ltr'>τοξόται</span> <span class='ocrx_word' id='word_1_498' title='bbox 1631 1856 1694 1897; x_wconf 68' lang='grc' dir='ltr'>διὰ</span> <span class='ocrx_word' id='word_1_499' title='bbox 1729 1862 1842 1897; x_wconf 81' lang='grc' dir='ltr'><em>τοῦτο</em></span> <span class='ocrx_word' id='word_1_500' title='bbox 1880 1859 2097 1904; x_wconf 79' lang='grc' dir='ltr'><em>καλοῦνται,</em></span> 
     </span>
     <span class='ocr_line' id='line_1_82' title="bbox 1225 1911 2097 1967; baseline -0.001 -14"><span class='ocrx_word' id='word_1_501' title='bbox 1225 1912 1283 1953; x_wconf 81' lang='grc' dir='ltr'>ὅτι</span> <span class='ocrx_word' id='word_1_502' title='bbox 1307 1917 1371 1953; x_wconf 82' lang='grc' dir='ltr'>καὶ</span> <span class='ocrx_word' id='word_1_503' title='bbox 1395 1912 1592 1967; x_wconf 60' lang='lat' dir='ltr'>noegeo-stay</span> <span class='ocrx_word' id='word_1_504' title='bbox 1618 1918 1655 1953; x_wconf 83' lang='grc' dir='ltr'>οἱ</span> <span class='ocrx_word' id='word_1_505' title='bbox 1677 1918 1786 1954; x_wconf 80' lang='grc' dir='ltr'><strong>καλοὶ.</strong></span> <span class='ocrx_word' id='word_1_506' title='bbox 1817 1911 2097 1965; x_wconf 68' lang='grc' dir='ltr'><em>τιτρώσκουσιν.</em></span> 
     </span>
    </p>
   </div>
   <div class='ocr_carea' id='block_1_14' title="bbox 1225 1970 1961 2024">
    <p class='ocr_par' dir='ltr' id='par_1_33' title="bbox 1225 1970 1961 2024">
     <span class='ocr_line' id='line_1_83' title="bbox 1225 1970 1961 2024; baseline 0.001 -15"><span class='ocrx_word' id='word_1_507' title='bbox 1225 1972 1437 2010; x_wconf 81' lang='lat' dir='ltr'>Alexandr.</span> <span class='ocrx_word' id='word_1_508' title='bbox 1465 1972 1642 2023; x_wconf 84' lang='lat' dir='ltr'>Aphrod.</span> <span class='ocrx_word' id='word_1_509' title='bbox 1670 1971 1798 2010; x_wconf 84' lang='lat' dir='ltr'>Probi.</span> <span class='ocrx_word' id='word_1_510' title='bbox 1827 1970 1850 2009; x_wconf 91' lang='grc' dir='ltr'>Ι.</span> <span class='ocrx_word' id='word_1_511' title='bbox 1878 1971 1961 2024; x_wconf 89' lang='grc'><strong>87.]</strong></span> 
     </span>
    </p>
   </div>
   <div class='ocr_carea' id='block_1_15' title="bbox 1223 2038 2100 3226">
    <p class='ocr_par' dir='ltr' id='par_1_34' title="bbox 1223 2038 2100 2660">
     <span class='ocr_line' id='line_1_84' title="bbox 1282 2038 2098 2091; baseline 0.001 -15"><span class='ocrx_word' id='word_1_512' title='bbox 1282 2040 1323 2077; x_wconf 68' lang='grc' dir='ltr'>ἔτι</span> <span class='ocrx_word' id='word_1_513' title='bbox 1356 2039 1721 2091; x_wconf 73' lang='lat' dir='ltr'>pulchritmlinem.</span> <span class='ocrx_word' id='word_1_514' title='bbox 1782 2038 1837 2077; x_wconf 88' lang='lat' dir='ltr'>lta</span> <span class='ocrx_word' id='word_1_515' title='bbox 1874 2039 2098 2077; x_wconf 84' lang='lat' dir='ltr'>necessario</span> 
     </span>
     <span class='ocr_line' id='line_1_85' title="bbox 1225 2094 2099 2146; baseline -0.001 -12"><span class='ocrx_word' id='word_1_516' title='bbox 1225 2096 1435 2146; x_wconf 74' lang='lat' dir='ltr'>legendum</span> <span class='ocrx_word' id='word_1_517' title='bbox 1473 2099 1534 2134; x_wconf 92' lang='lat' dir='ltr'>est</span> <span class='ocrx_word' id='word_1_518' title='bbox 1570 2109 1620 2134; x_wconf 88' lang='lat' dir='ltr'>ex</span> <span class='ocrx_word' id='word_1_519' title='bbox 1656 2095 1757 2135; x_wconf 71' lang='lat' dir='ltr'>Mss.</span> <span class='ocrx_word' id='word_1_520' title='bbox 1791 2096 1980 2134; x_wconf 85' lang='lat' dir='ltr'>omnibus.</span> <span class='ocrx_word' id='word_1_521' title='bbox 2034 2094 2099 2133; x_wconf 85' lang='lat' dir='ltr'>De</span> 
     </span>
     <span class='ocr_line' id='line_1_86' title="bbox 1227 2150 2096 2191; baseline -0.002 0"><span class='ocrx_word' id='word_1_522' title='bbox 1227 2153 1512 2191; x_wconf 86' lang='lat' dir='ltr'>constructione</span> <span class='ocrx_word' id='word_1_523' title='bbox 1538 2152 1639 2191; x_wconf 87' lang='lat' dir='ltr'>Oud.</span> <span class='ocrx_word' id='word_1_524' title='bbox 1656 2152 1768 2191; x_wconf 85' lang='lat' dir='ltr'>affert</span> <span class='ocrx_word' id='word_1_525' title='bbox 1782 2152 1895 2191; x_wconf 79' lang='lat' dir='ltr'>Caes.</span> <span class='ocrx_word' id='word_1_526' title='bbox 1910 2151 1956 2191; x_wconf 89' lang='lat' dir='ltr'>B.</span> <span class='ocrx_word' id='word_1_527' title='bbox 1973 2151 2018 2191; x_wconf 88' lang='lat' dir='ltr'>G.</span> <span class='ocrx_word' id='word_1_528' title='bbox 2034 2150 2096 2190; x_wconf 86' lang='lat' dir='ltr'>Ill.</span> 
     </span>
     <span class='ocr_line' id='line_1_87' title="bbox 1230 2207 2099 2251; baseline -0.003 0"><span class='ocrx_word' id='word_1_529' title='bbox 1230 2213 1290 2251; x_wconf 89' lang='grc'>16.</span> <span class='ocrx_word' id='word_1_530' title='bbox 1318 2208 1479 2248; x_wconf 74' lang='grc' dir='ltr'><strong>ΡΙοι-.ΊΙ.</strong></span> <span class='ocrx_word' id='word_1_531' title='bbox 1507 2213 1543 2251; x_wconf 86' lang='grc'><strong>6.</strong></span> <span class='ocrx_word' id='word_1_532' title='bbox 1570 2209 1672 2249; x_wconf 83' lang='lat' dir='ltr'>Geli.</span> <span class='ocrx_word' id='word_1_533' title='bbox 1690 2209 1772 2248; x_wconf 80' lang='lat' dir='ltr'>Vll.</span> <span class='ocrx_word' id='word_1_534' title='bbox 1791 2215 1852 2250; x_wconf 89' lang='lat'>15.</span> <span class='ocrx_word' id='word_1_535' title='bbox 1878 2208 1979 2247; x_wconf 76' lang='lat' dir='ltr'>Dtet.</span> <span class='ocrx_word' id='word_1_536' title='bbox 1996 2207 2099 2248; x_wconf 85' lang='lat' dir='ltr'>Cret.</span> 
     </span>
     <span class='ocr_line' id='line_1_88' title="bbox 1226 2264 2097 2317; baseline -0.001 -13"><span class='ocrx_word' id='word_1_537' title='bbox 1226 2266 1290 2305; x_wconf 78' lang='grc' dir='ltr'><strong>ΙΙΙ.</strong></span> <span class='ocrx_word' id='word_1_538' title='bbox 1320 2271 1381 2307; x_wconf 88' lang='lat'>14.</span> <span class='ocrx_word' id='word_1_539' title='bbox 1407 2266 1473 2305; x_wconf 80' lang='lat' dir='ltr'>IV.</span> <span class='ocrx_word' id='word_1_540' title='bbox 1490 2271 1554 2307; x_wconf 84' lang='lat'>21.</span> <span class='ocrx_word' id='word_1_541' title='bbox 1579 2266 1713 2306; x_wconf 87' lang='lat' dir='ltr'>Munk.</span> <span class='ocrx_word' id='word_1_542' title='bbox 1740 2267 1791 2305; x_wconf 89' lang='lat' dir='ltr'>ad</span> <span class='ocrx_word' id='word_1_543' title='bbox 1815 2264 2097 2317; x_wconf 79' lang='lat' dir='ltr'>Fulgent.My-</span> 
     </span>
     <span class='ocr_line' id='line_1_89' title="bbox 1224 2322 2098 2375; baseline -0.001 -14"><span class='ocrx_word' id='word_1_544' title='bbox 1224 2323 1319 2362; x_wconf 87' lang='lat' dir='ltr'>thol.</span> <span class='ocrx_word' id='word_1_545' title='bbox 1357 2322 1421 2362; x_wconf 85' lang='lat' dir='ltr'>tlt.</span> <span class='ocrx_word' id='word_1_546' title='bbox 1457 2337 1494 2375; x_wconf 92' lang='lat' dir='ltr'>p.</span> <span class='ocrx_word' id='word_1_547' title='bbox 1534 2327 1626 2364; x_wconf 81' lang='grc'><strong>716.</strong></span> <span class='ocrx_word' id='word_1_548' title='bbox 1677 2324 1784 2362; x_wconf 84' lang='lat' dir='ltr'>Stav.</span> <span class='ocrx_word' id='word_1_549' title='bbox 1816 2322 2019 2362; x_wconf 83' lang='lat' dir='ltr'>Passerat.</span> <span class='ocrx_word' id='word_1_550' title='bbox 2057 2325 2098 2360; x_wconf 88' lang='lat' dir='ltr'>et</span> 
     </span>
     <span class='ocr_line' id='line_1_90' title="bbox 1224 2378 2096 2431; baseline -0.002 -14"><span class='ocrx_word' id='word_1_551' title='bbox 1224 2379 1396 2418; x_wconf 85' lang='lat' dir='ltr'>Broukh.</span> <span class='ocrx_word' id='word_1_552' title='bbox 1423 2380 1472 2418; x_wconf 90' lang='lat' dir='ltr'>ad</span> <span class='ocrx_word' id='word_1_553' title='bbox 1498 2379 1672 2431; x_wconf 78' lang='lat' dir='ltr'>propert.</span> <span class='ocrx_word' id='word_1_554' title='bbox 1694 2380 1760 2418; x_wconf 74' lang='lat' dir='ltr'>IV.</span> <span class='ocrx_word' id='word_1_555' title='bbox 1780 2385 1842 2420; x_wconf 89' lang='lat'>11.</span> <span class='ocrx_word' id='word_1_556' title='bbox 1869 2383 1933 2421; x_wconf 80' lang='lat'>20.</span> <span class='ocrx_word' id='word_1_557' title='bbox 1961 2378 2096 2431; x_wconf 87' lang='lat' dir='ltr'>[Prae-</span> 
     </span>
     <span class='ocr_line' id='line_1_91' title="bbox 1223 2436 2098 2488; baseline -0.002 -13"><span class='ocrx_word' id='word_1_558' title='bbox 1223 2441 1332 2476; x_wconf 85' lang='lat' dir='ltr'>terea</span> <span class='ocrx_word' id='word_1_559' title='bbox 1357 2436 1562 2475; x_wconf 88' lang='lat' dir='ltr'>lectionem</span> <span class='ocrx_word' id='word_1_560' title='bbox 1587 2437 1752 2476; x_wconf 74' lang='lat' dir='ltr'>affirmat</span> <span class='ocrx_word' id='word_1_561' title='bbox 1767 2436 1874 2476; x_wconf 88' lang='lat' dir='ltr'>loeus</span> <span class='ocrx_word' id='word_1_562' title='bbox 1890 2436 2098 2488; x_wconf 82' lang='lat' dir='ltr'>Fulgentii,</span> 
     </span>
     <span class='ocr_line' id='line_1_92' title="bbox 1226 2493 2097 2545; baseline 0 -14"><span class='ocrx_word' id='word_1_563' title='bbox 1226 2494 1288 2545; x_wconf 91' lang='lat' dir='ltr'>qui</span> <span class='ocrx_word' id='word_1_564' title='bbox 1311 2493 1449 2532; x_wconf 87' lang='lat' dir='ltr'>eadem</span> <span class='ocrx_word' id='word_1_565' title='bbox 1470 2494 1504 2532; x_wconf 91' lang='lat' dir='ltr'>in</span> <span class='ocrx_word' id='word_1_566' title='bbox 1525 2507 1566 2531; x_wconf 89' lang='lat' dir='ltr'>re</span> <span class='ocrx_word' id='word_1_567' title='bbox 1590 2494 1697 2532; x_wconf 84' lang='lat' dir='ltr'>dicit:</span> <span class='ocrx_word' id='word_1_568' title='bbox 1727 2494 1969 2545; x_wconf 75' lang='lat' dir='ltr'>Cupidinem</span> <span class='ocrx_word' id='word_1_569' title='bbox 1977 2493 2097 2545; x_wconf 73' lang='lat' dir='ltr'>petit,</span> 
     </span>
     <span class='ocr_line' id='line_1_93' title="bbox 1224 2550 2100 2603; baseline -0.002 -13"><span class='ocrx_word' id='word_1_570' title='bbox 1224 2555 1271 2590; x_wconf 82' lang='lat' dir='ltr'>ut</span> <span class='ocrx_word' id='word_1_571' title='bbox 1304 2553 1348 2590; x_wconf 81' lang='lat' dir='ltr'>in</span> <span class='ocrx_word' id='word_1_572' title='bbox 1386 2555 1659 2590; x_wconf 76' lang='lat' dir='ltr'>contumacem</span> <span class='ocrx_word' id='word_1_573' title='bbox 1698 2553 1877 2603; x_wconf 84' lang='lat' dir='ltr'>formam</span> <span class='ocrx_word' id='word_1_574' title='bbox 1912 2550 2100 2589; x_wconf 77' lang='lat' dir='ltr'>severiter</span> 
     </span>
     <span class='ocr_line' id='line_1_94' title="bbox 1226 2607 1485 2660; baseline -0.004 -13"><span class='ocrx_word' id='word_1_575' title='bbox 1226 2607 1485 2660; x_wconf 62' lang='lat' dir='ltr'>vindicaret]</span> 
     </span>
    </p>

    <p class='ocr_par' dir='ltr' id='par_1_35' title="bbox 1226 2662 2100 3226">
     <span class='ocr_line' id='line_1_95' title="bbox 1283 2662 2097 2703; baseline -0.004 -1"><span class='ocrx_word' id='word_1_576' title='bbox 1283 2669 1512 2703; x_wconf 64' lang='lat' dir='ltr'>reverenter</span> <span class='ocrx_word' id='word_1_577' title='bbox 1547 2664 1726 2703; x_wconf 71' lang='lat' dir='ltr'>vindica.</span> <span class='ocrx_word' id='word_1_578' title='bbox 1776 2662 2001 2701; x_wconf 85' lang='lat' dir='ltr'>Temeraria</span> <span class='ocrx_word' id='word_1_579' title='bbox 2036 2664 2097 2700; x_wconf 87' lang='lat' dir='ltr'>est</span> 
     </span>
     <span class='ocr_line' id='line_1_96' title="bbox 1226 2718 2098 2765; baseline -0.003 -5"><span class='ocrx_word' id='word_1_580' title='bbox 1226 2720 1373 2760; x_wconf 87' lang='lat' dir='ltr'>Brantii</span> <span class='ocrx_word' id='word_1_581' title='bbox 1422 2721 1641 2759; x_wconf 84' lang='lat' dir='ltr'>coniectura</span> <span class='ocrx_word' id='word_1_582' title='bbox 1687 2720 1872 2759; x_wconf 71' lang='lat' dir='ltr'>severiter</span> <span class='ocrx_word' id='word_1_583' title='bbox 1919 2718 2098 2765; x_wconf 70' lang='lat' dir='ltr'>vindica,</span> 
     </span>
     <span class='ocr_line' id='line_1_97' title="bbox 1228 2774 2097 2829; baseline -0.005 -13"><span class='ocrx_word' id='word_1_584' title='bbox 1228 2791 1343 2829; x_wconf 88' lang='lat' dir='ltr'>quam</span> <span class='ocrx_word' id='word_1_585' title='bbox 1352 2778 1560 2816; x_wconf 79' lang='lat' dir='ltr'>verisimile</span> <span class='ocrx_word' id='word_1_586' title='bbox 1575 2780 1638 2815; x_wconf 88' lang='lat' dir='ltr'>est</span> <span class='ocrx_word' id='word_1_587' title='bbox 1651 2790 1739 2815; x_wconf 87' lang='lat' dir='ltr'>eum</span> <span class='ocrx_word' id='word_1_588' title='bbox 1753 2774 2002 2827; x_wconf 83' lang='lat' dir='ltr'>exFulgentii</span> <span class='ocrx_word' id='word_1_589' title='bbox 2012 2775 2097 2813; x_wconf 91' lang='lat' dir='ltr'>loco</span> 
     </span>
     <span class='ocr_line' id='line_1_98' title="bbox 1227 2832 2099 2882; baseline -0.005 -9"><span class='ocrx_word' id='word_1_590' title='bbox 1227 2835 1486 2882; x_wconf 83' lang='lat' dir='ltr'>desumsisse,</span> <span class='ocrx_word' id='word_1_591' title='bbox 1512 2848 1584 2873; x_wconf 89' lang='lat' dir='ltr'>nec</span> <span class='ocrx_word' id='word_1_592' title='bbox 1603 2837 1696 2879; x_wconf 83' lang='lat' dir='ltr'>erat,</span> <span class='ocrx_word' id='word_1_593' title='bbox 1723 2847 1787 2871; x_wconf 88' lang='lat' dir='ltr'>cur</span> <span class='ocrx_word' id='word_1_594' title='bbox 1810 2832 1943 2871; x_wconf 83' lang='lat' dir='ltr'>multis</span> <span class='ocrx_word' id='word_1_595' title='bbox 1969 2844 2099 2870; x_wconf 82' lang='lat' dir='ltr'>exem-</span> 
     </span>
     <span class='ocr_line' id='line_1_99' title="bbox 1227 2889 2100 2944; baseline -0.003 -14"><span class='ocrx_word' id='word_1_596' title='bbox 1227 2893 1302 2944; x_wconf 88' lang='lat' dir='ltr'>plis</span> <span class='ocrx_word' id='word_1_597' title='bbox 1328 2892 1598 2943; x_wconf 86' lang='lat' dir='ltr'>comprobaret</span> <span class='ocrx_word' id='word_1_598' title='bbox 1622 2890 1717 2929; x_wconf 89' lang='lat' dir='ltr'>Met.</span> <span class='ocrx_word' id='word_1_599' title='bbox 1744 2889 1787 2927; x_wconf 85' lang='grc' dir='ltr'><strong>ΙΙ.</strong></span> <span class='ocrx_word' id='word_1_600' title='bbox 1815 2902 1850 2940; x_wconf 87' lang='lat' dir='ltr'>p.</span> <span class='ocrx_word' id='word_1_601' title='bbox 1881 2893 1970 2929; x_wconf 84' lang='lat'>157.</span> <span class='ocrx_word' id='word_1_602' title='bbox 1996 2902 2100 2928; x_wconf 80' lang='lat' dir='ltr'>seve-</span> 
     </span>
     <span class='ocr_line' id='line_1_100' title="bbox 1227 2945 2099 2997; baseline -0.006 -9"><span class='ocrx_word' id='word_1_603' title='bbox 1227 2950 1328 2988; x_wconf 75' lang='lat' dir='ltr'>riter</span> <span class='ocrx_word' id='word_1_604' title='bbox 1357 2949 1574 2987; x_wconf 76' lang='lat' dir='ltr'>vindicate.</span> <span class='ocrx_word' id='word_1_605' title='bbox 1620 2945 1683 2985; x_wconf 86' lang='grc' dir='ltr'><strong>ΙΙΙ.</strong></span> <span class='ocrx_word' id='word_1_606' title='bbox 1713 2959 1748 2997; x_wconf 88' lang='lat' dir='ltr'>p.</span> <span class='ocrx_word' id='word_1_607' title='bbox 1784 2950 1873 2986; x_wconf 86' lang='lat'>179.</span> <span class='ocrx_word' id='word_1_608' title='bbox 1911 2946 2099 2985; x_wconf 77' lang='lat' dir='ltr'>severiter</span> 
     </span>
     <span class='ocr_line' id='line_1_101' title="bbox 1227 3001 2099 3055; baseline -0.007 -10"><span class='ocrx_word' id='word_1_609' title='bbox 1227 3005 1501 3045; x_wconf 67' lang='lat' dir='ltr'>vindicaretis.</span> <span class='ocrx_word' id='word_1_610' title='bbox 1528 3002 1751 3055; x_wconf 85' lang='lat' dir='ltr'>Symmach.</span> <span class='ocrx_word' id='word_1_611' title='bbox 1778 3001 1902 3053; x_wconf 82' lang='lat' dir='ltr'>Epist.</span> <span class='ocrx_word' id='word_1_612' title='bbox 1922 3001 1990 3041; x_wconf 89' lang='lat' dir='ltr'>IX.</span> <span class='ocrx_word' id='word_1_613' title='bbox 2009 3004 2099 3042; x_wconf 83' lang='lat'>128.</span> 
     </span>
     <span class='ocr_line' id='line_1_102' title="bbox 1228 3058 2098 3113; baseline -0.003 -13"><span class='ocrx_word' id='word_1_614' title='bbox 1228 3061 1276 3101; x_wconf 85' lang='lat' dir='ltr'>al.</span> <span class='ocrx_word' id='word_1_615' title='bbox 1294 3061 1539 3113; x_wconf 82' lang='lat' dir='ltr'>Quamquam</span> <span class='ocrx_word' id='word_1_616' title='bbox 1548 3060 1705 3098; x_wconf 85' lang='lat' dir='ltr'>Brantio</span> <span class='ocrx_word' id='word_1_617' title='bbox 1719 3058 2098 3110; x_wconf 82' lang='lat' dir='ltr'>suffragaturHeius.</span> 
     </span>
     <span class='ocr_line' id='line_1_103' title="bbox 1229 3115 2098 3169; baseline -0.005 -13"><span class='ocrx_word' id='word_1_618' title='bbox 1229 3122 1268 3156; x_wconf 90' lang='lat' dir='ltr'>et</span> <span class='ocrx_word' id='word_1_619' title='bbox 1283 3117 1362 3157; x_wconf 85' lang='lat' dir='ltr'>Sal.</span> <span class='ocrx_word' id='word_1_620' title='bbox 1380 3118 1473 3169; x_wconf 79' lang='lat' dir='ltr'>tegit</span> <span class='ocrx_word' id='word_1_621' title='bbox 1485 3121 1720 3161; x_wconf 75' lang='lat' dir='ltr'>screrenter,</span> <span class='ocrx_word' id='word_1_622' title='bbox 1748 3115 1852 3166; x_wconf 90' lang='lat' dir='ltr'>quod</span> <span class='ocrx_word' id='word_1_623' title='bbox 1877 3117 1932 3154; x_wconf 80' lang='lat' dir='ltr'>vir</span> <span class='ocrx_word' id='word_1_624' title='bbox 1957 3116 2098 3154; x_wconf 90' lang='lat' dir='ltr'>doctus</span> 
     </span>
     <span class='ocr_line' id='line_1_104' title="bbox 1228 3172 2097 3226; baseline -0.005 -13"><span class='ocrx_word' id='word_1_625' title='bbox 1228 3175 1264 3213; x_wconf 88' lang='lat' dir='ltr'>in</span> <span class='ocrx_word' id='word_1_626' title='bbox 1285 3188 1404 3226; x_wconf 81' lang='lat' dir='ltr'>marg.</span> <span class='ocrx_word' id='word_1_627' title='bbox 1427 3174 1486 3212; x_wconf 87' lang='lat' dir='ltr'>ed.</span> <span class='ocrx_word' id='word_1_628' title='bbox 1508 3174 1617 3213; x_wconf 84' lang='lat' dir='ltr'>Colv.</span> <span class='ocrx_word' id='word_1_629' title='bbox 1639 3173 1793 3224; x_wconf 83' lang='lat' dir='ltr'>probat,</span> <span class='ocrx_word' id='word_1_630' title='bbox 1828 3175 1865 3211; x_wconf 84' lang='lat' dir='ltr'>et</span> <span class='ocrx_word' id='word_1_631' title='bbox 1885 3172 1988 3211; x_wconf 88' lang='lat' dir='ltr'>Oud.</span> <span class='ocrx_word' id='word_1_632' title='bbox 2008 3172 2097 3223; x_wconf 84' lang='lat' dir='ltr'>ipse</span> 
     </span>
    </p>
   </div>
   <div class='ocr_carea' id='block_1_16' title="bbox 2177 903 2221 3667">
    <p class='ocr_par' dir='ltr' id='par_1_36' title="bbox 2177 903 2221 3667">
     <span class='ocr_line' id='line_1_105' title="bbox 2177 903 2221 3667; baseline 0 0"><span class='ocrx_word' id='word_1_633' title='bbox 2177 903 2221 3667; x_wconf 95' lang='lat' dir='ltr'> </span> 
     </span>
    </p>
   </div>
  </div>
 </body>
</html>
