2155 3590
770 65 1039 107 CAPUT
1109 67 1168 107 ΙΙ.
1789 83 1865 110 xm

65 179 215 218 videtur
249 192 360 226 esse,
397 179 436 217 id
470 178 576 229 quod
612 178 745 230 Scipio
784 179 951 219 Gentilis
986 186 1076 220 ante
1110 194 1174 219 me
1203 181 1381 233 protulit,
1416 181 1480 219 vix
1503 186 1584 220 tres
1610 181 1671 220 vel
1697 186 1861 233 quatuor

65 236 234 288 Apuleio
260 236 346 273 dies
366 237 537 286 integros
556 235 700 281 fuisse.
727 237 866 286 quibus
886 237 986 275 hanc
1003 238 1213 276 orationem
1228 238 1418 276 conficere
1433 239 1610 290 potuerit,
1635 253 1751 289 quum
1772 240 1861 290 ipse

67 293 172 330 initio
208 292 431 343 Apologiae
465 306 502 344 p.
540 295 632 331 377.
670 291 789 330 dicat:
833 307 1076 346 quamquam
1107 295 1209 333 istae
1243 294 1470 333 calumniae
1499 300 1546 334 ut
1565 297 1700 347 prima
1725 296 1860 347 specie

63 363 210 400 yraves
233 350 292 388 ita
317 349 373 387 all
403 348 765 400 difficultatem
796 350 1102 400 defensionis
1130 353 1416 402 repentinae
1448 352 1616 402 fuere?
1663 352 1789 397 Nam,
1815 356 1861 391 ut

66 406 292 450 meministi,
330 406 432 443 (ties
466 404 643 443 abhinc
680 406 876 456 quintas
911 421 970 445 an
1003 412 1170 446 sextus
1200 412 1274 450 est,
1300 422 1400 446 cnm
1430 421 1495 446 me
1526 422 1744 447 caussam
1764 422 1861 460 pro

69 475 227 501 uxore
250 475 346 499 mea
372 461 670 500 Pudentilla
695 461 924 502 adversus
947 464 1157 503 Granios
1182 477 1329 515 affere
1353 478 1636 515 atqyressnm
1661 465 1719 503 (le
1746 478 1846 503 com.

59 519 229 570 posito
252 531 336 556 nec
363 518 639 568 opinantem
660 520 868 568 patroni
893 521 993 558 eins
1016 521 1256 559 incessere
1285 520 1566 558 maledictis
1597 525 1641 559 et
1665 521 1860 560 insimu-

66 576 173 613 lare
195 575 495 624 maJJz'cornm
518 573 882 623 maleficiorum
907 590 963 615 ac
987 577 1197 629 (lenique
1219 577 1352 615 necis
1373 576 1612 615 Pontiani
1634 577 1863 629 primii-qni

65 631 151 669 mei
188 643 401 681 coepere.
463 630 580 674 Quae
610 643 689 681 esso
715 644 803 669 cum
828 632 1112 685 intellisserem,
1142 647 1225 671 non
1255 637 1334 672 tam
1359 633 1530 672 crimina
1555 634 1713 672 indicio
1740 647 1862 685 qnctm

66 687 358 725 obiectamenta
386 686 526 737 iurssio
553 687 724 737 prolata
747 687 859 726 ultro
884 701 950 727 eos
974 689 1031 727 acl
1054 690 1330 728 accusandum
1360 689 1510 727 crebris
1532 689 1863 742 sla-qitationibns

61 744 298 794 provocavi.
358 741 493 792 Itaque
519 742 698 791 quamvis
724 743 1020 783 disertissimum
1052 745 1175 783 fuisse
1200 745 1428 797 Apuleium,
1457 749 1500 783 ut
1524 748 1588 796 qui
1613 760 1662 784 ex
1686 750 1864 796 tempore

64 799 261 837 orationes
291 797 487 845 habuerit,
519 798 673 849 largiar,
703 803 833 837 tamen
865 801 928 838 vix
959 801 1143 839 credibile
1173 805 1253 848 est,
1290 802 1501 840 orationem
1530 806 1608 840 tam
1638 802 1792 853 longam
1823 805 1865 839 et

64 857 262 907 copiosam
291 856 549 906 omnibusque
574 855 657 893 suis
682 857 849 894 numeris
874 861 951 895 tam
977 857 1191 908 perfectam
1217 862 1257 896 et
1280 859 1501 896 absolutam
1522 858 1658 897 litteris
1677 859 1864 897 mandare

64 925 152 949 eum
177 912 372 964 potuisse.
429 910 643 949 Praeterea
667 912 702 950 in
729 912 803 951 hac
827 915 1094 964 propositione
1119 915 1158 952 id
1184 915 1385 953 offensioni
1413 919 1490 961 est,
1524 915 1629 965 quod
1654 917 1703 954 ab
1729 915 1862 952 adver-

64 969 180 1006 sariis
211 968 319 1006 necis
351 967 527 1006 Pontiani
559 968 819 1007 insimulatum
849 983 895 1007 se
925 983 1019 1007 esse
1049 971 1157 1017 dicit,
1190 972 1293 1021 quod
1320 972 1459 1009 crimen
1484 975 1566 1010 tota
1591 972 1789 1023 Apologia
1814 985 1863 1009 ne

62 1025 189 1075 tetigit
219 1025 391 1075 quidem.
421 1025 524 1062 unde
554 1028 682 1062 tamen
715 1040 788 1063 non
814 1027 1027 1076 putaverim
1053 1040 1138 1064 eam
1164 1032 1312 1078 purtem
1338 1028 1554 1078 deperiisse
1578 1029 1651 1066 sed
1676 1028 1724 1066 ab
1750 1041 1796 1065 eo
1821 1031 1864 1066 ut

64 1095 226 1132 prorsus
247 1081 416 1120 absurdo
435 1094 508 1118 nec
526 1080 606 1118 ullo
626 1087 852 1131 argumento
872 1084 1159 1133 comprobando
1179 1084 1279 1121 istos
1293 1085 1512 1122 recessisse
1530 1084 1774 1123 verisimilius
1789 1088 1864 1123 est.

176 1138 241 1176 De
264 1142 440 1188 tempore
464 1150 539 1188 quo
566 1136 698 1175 habita
722 1139 774 1176 sit
798 1139 919 1176 oratio
946 1152 1062 1190 supra
1087 1140 1161 1177 iam
1187 1141 1408 1190 expositum
1434 1146 1495 1179 est
1521 1141 1613 1193 Cap.
1639 1141 1666 1180 l.
1693 1142 1724 1190 ἓ.
1749 1147 1790 1182 4.

180 1195 297 1244 Atqui
323 1194 373 1231 de
398 1194 483 1231 loco
510 1193 682 1232 dubitant
707 1194 947 1245 interpretes,
1007 1196 1199 1233 Sabratae
1230 1210 1319 1234 vero
1351 1211 1455 1248 pago
1488 1198 1646 1236 iuridico
1677 1211 1749 1235 nec
1775 1197 1865 1235 Car-

61 1250 206 1302 thagini
232 1255 357 1288 actam
383 1263 477 1287 esse
502 1263 683 1288 caussam
709 1251 848 1301 probat
873 1251 1056 1289 Bosscha
1081 1253 1131 1290 ad
1156 1252 1274 1303 Apol.
1301 1266 1337 1303 p.
1364 1258 1457 1293 525.
1483 1253 1545 1291 his
1570 1254 1719 1293 verbis:
1746 1254 1862 1301 „Non

61 1321 125 1345 me
151 1307 264 1358 sugit,
290 1307 466 1345 admissa
492 1305 655 1344 lectione
682 1307 884 1346 Sabratae
908 1307 1049 1345 salsum
1075 1308 1170 1355 lieri,
1197 1309 1301 1359 quod
1325 1309 1442 1360 vulgo
1469 1311 1654 1348 creditum
1681 1314 1753 1353 est,
1781 1325 1864 1349 ora-

62 1365 206 1402 tionem
231 1363 330 1401 hanc
350 1364 398 1401 ab
420 1363 589 1414 Apuleio
610 1363 779 1401 habitam
801 1364 925 1402 fuisse
939 1363 1176 1415 Carthagini:
1203 1366 1275 1403 sed
1300 1366 1376 1403 hoc
1400 1366 1526 1416 ipsum
1553 1367 1865 1405 emendationem

63 1421 270 1459 confirmat.
323 1419 544 1469 Carthagini
570 1420 670 1457 enim
695 1434 879 1459 caussam
903 1434 1014 1459 suam
1041 1436 1115 1459 non
1140 1422 1289 1459 dixisse
1315 1423 1525 1474 Apuleium
1552 1423 1716 1474 colligas
1742 1437 1791 1461 ex
1816 1425 1864 1461 iis

63 1491 164 1528 quae
194 1477 290 1514 inl'ra
319 1489 356 1527 p.
383 1480 476 1516 590.
496 1474 550 1525 15)
584 1476 773 1526 leguntur.
830 1476 1052 1515 Proximum
1084 1482 1145 1516 est
1174 1483 1215 1516 ut
1240 1479 1289 1516 de
1315 1478 1403 1516 Oea
1428 1480 1662 1530 cogitemus,
1694 1480 1767 1518 sed
1793 1494 1866 1518 nec

63 1534 141 1572 hoc
169 1546 320 1578 verum,
350 1533 403 1570 uti
435 1536 474 1570 et
504 1546 553 1570 ex
583 1533 671 1571 aliis
705 1533 802 1571 locis
827 1535 1017 1585 suspicari
1045 1537 1178 1586 possis
1204 1539 1243 1573 ct
1267 1536 1483 1573 clarissime
1507 1539 1617 1587 patet
1642 1550 1663 1574 e
1688 1537 1865 1588 proxime

64 1603 194 1640 seqq:
227 1604 279 1629 an
310 1589 377 1627 Ιιῐο
408 1589 566 1628 Iunium
602 1587 788 1629 Crassum.
816 1591 1004 1629 Oeensem
1031 1592 1215 1630 riderlnt.
1248 1606 1285 1644 p.
1313 1597 1405 1632 527.
1432 1594 1558 1645 idque
1585 1593 1694 1632 Oeae
1719 1594 1866 1631 nemini

64 1648 303 1699 {onoratur-5
339 1650 378 1683 et
407 1660 443 1697 p.
469 1650 568 1686 5:34:
601 1647 697 1685 iussi
730 1648 939 1686 curriculo
972 1648 1048 1686 iret
1071 1648 1222 1700 aliquis
1248 1654 1286 1687 et
1309 1663 1361 1687 nr
1386 1649 1565 1701 hospitio
1590 1664 1677 1688 meo
1701 1650 1865 1689 Merea-

64 1703 212 1742 riolum
235 1706 414 1756 afferret,
448 1716 562 1754 quem
591 1703 689 1741 milei
718 1704 961 1743 Saturninus
990 1705 1062 1742 iste
1088 1706 1198 1743 Oeae
1219 1706 1451 1755 fabricatas
1476 1713 1542 1744 est.
1603 1705 1868 1744 Promintiaiit

64 1760 196 1809 itaque
221 1758 412 1810 Apuleius
438 1760 649 1796 orationem
674 1758 774 1797 hanc
799 1761 833 1797 in
860 1761 971 1805 urbe,
997 1761 1060 1797 ubi
1087 1761 1305 1812 hospitium
1330 1776 1403 1800 non
1431 1763 1586 1800 domum
1613 1762 1762 1807 babuit,
1788 1776 1865 1812 quo

65 1816 264 1867 profectus
290 1819 373 1854 erat
396 1815 446 1853 ad
472 1829 653 1853 caussam
680 1816 894 1854 dicendam.
954 1817 1092 1855 vicina
1122 1818 1267 1869 oppida
1290 1822 1380 1857 sunt
1405 1819 1493 1857 Oea
1518 1823 1557 1858 et
1582 1820 1766 1866 subruta,
1793 1820 1866 1857 Sa·

64 1874 198 1912 bratae
221 1876 350 1910 autem
375 1875 590 1911 conventus
614 1872 796 1911 iuridicus
822 1873 969 1911 videtur
994 1873 1130 1913 fuisse.

665 2019 706 2057 c,
771 2018 857 2059 DE
910 2019 1261 2060 momnis

914 2121 948 2175 ς.
975 2126 1014 2164 6.

178 2197 239 2238 Ea
270 2203 333 2238 est
362 2200 528 2238 omnium
560 2198 641 2237 sere
671 2199 918 2250 interpretum
948 2202 1157 2248 sententia,
1194 2202 1352 2242 Florida
1382 2216 1477 2242 esse
1513 2203 1696 2256 eclogarii
1732 2206 1864 2245 nescio

65 2257 175 2295 cuius
207 2260 409 2307 excerpta,
441 2257 503 2307 qui
534 2256 786 2306 pulcerriinos
817 2270 866 2294 ex
898 2258 1077 2296 omnibus
1109 2259 1264 2309 Apuleii
1295 2262 1451 2312 scriptis
1479 2261 1589 2299 locos
1615 2263 1650 2301 in
1679 2263 1866 2301 lectorum

64 2326 178 2352 usum
203 2313 422 2363 collegerit,
448 2312 498 2350 ad
524 2312 744 2361 eclogarum
770 2313 924 2351 modum
951 2317 1191 2366 compositos
1210 2315 1257 2369 ¹).
1314 2318 1595 2369 Oudendorpio
1622 2319 1754 2370 placet
1777 2333 1864 2357 sen-

63 2371 182 2408 tentia
200 2369 415 2415 Maussaci.
441 2369 538 2407 hacc
562 2367 714 2420 ἀνθηρά
738 2367 898 2421 χρήσιμα
922 2384 1015 2408 esse
1041 2373 1163 2422 ipsius
1183 2373 1355 2424 Apulcii,
1380 2388 1488 2412 more
1514 2379 1706 2413 oratorum
1731 2376 1866 2414 tlorida.

64 2427 258 2478 quaedam
289 2430 329 2463 et
359 2426 513 2463 exculta
546 2426 726 2476 loquendi
759 2439 901 2475 genera
931 2429 1213 2479 verborumque
1244 2431 1480 2469 emblemata
1511 2437 1646 2483 parata
1671 2433 1864 2477 habentis,

64 2484 204 2533 quibus
230 2483 281 2520 uti
306 2486 491 2533 possent,
517 2496 601 2519 cum
627 2487 782 2533 tempus
807 2483 957 2521 dicendi
984 2485 1163 2523 veniebat
1189 2487 1368 2538 adeoque
1394 2492 1433 2525 ct
1464 2489 1633 2537 integras
1665 2489 1864 2540 periodos,

64 2539 244 2585 exordia,
282 2538 460 2590 epilogos
497 2543 536 2576 et
571 2539 776 2587 omnigena
811 2540 1015 2578 dictionum
1052 2541 1272 2590 scliemata3
1321 2544 1369 2582 cl'.
1406 2545 1456 2582 ad
1492 2544 1720 2595 Harpocrat.
1757 2559 1795 2596 p.
1825 2550 1863 2585 5.

65 2594 356 2648 Bartliius2)
388 2595 573 2643 (Adi-ers.
594 2594 702 2634 Xx'l.
718 2600 754 2636 8.
775 2609 811 2647 p.
827 2597 941 2647 834.)
967 2601 1095 2636 autem
1121 2612 1168 2637 eo
1195 2613 1432 2651 progressus
1457 2606 1520 2639 cst
1544 2601 1796 2648 credulitatis,
1823 2606 1864 2641 ut

157 2707 216 2750 15)
241 2713 309 2740 noc
328 2713 398 2740 loeo
412 2711 574 2742 carthago
592 2713 669 2739 urbs
689 2711 739 2739 liis
758 2716 1036 2750 commemoratur,
1063 2715 1147 2743 unde
1165 2716 1314 2744 Bosscha
1333 2716 1505 2745 censuisse
1518 2717 1660 2753 videtur,
1687 2717 1865 2752 Apuleium

63 2757 169 2786 sillae
184 2758 215 2785 in
230 2760 306 2785 urbe
319 2757 493 2785 orationem
509 2757 675 2784 habuisset
686 2779 693 2790 ,
719 2765 780 2785 non
797 2765 909 2786 nomen
925 2760 1014 2787 urbis
1027 2761 1083 2787 sed
1099 2761 1205 2794 potius
1219 2759 1273 2787 hie·
1287 2764 1336 2789 vel
1352 2760 1416 2788 hm·
1430 2763 1590 2791 dicturum
1607 2763 1721 2792 fuisse.

157 2802 194 2837 1)
222 2804 367 2830 Wower.
394 2802 516 2836 primus
543 2805 612 2829 erat
635 2802 689 2836 qui
713 2803 907 2831 sententiam
931 2805 1113 2838 proposuit,
1145 2814 1218 2834 esse
1247 2801 1463 2844 ἀνθολογίας
1495 2815 1553 2836 seu
1580 2803 1863 2847 χρηστομαθίας,

63 2848 329 2882 quemadmodum
343 2848 427 2875 Ptin.
443 2848 546 2881 Epist.
560 2849 615 2875 111.
629 2849 659 2874 5.
675 2851 811 2875 testatur
823 2851 1021 2878 avunculum
1035 2858 1129 2878 suum
1144 2852 1317 2885 reliquisse
1330 2855 1504 2881 electorum
1516 2854 1765 2882 commentarios
1781 2855 1866 2883 unde

62 2897 95 2920 et.
118 2892 283 2927 eclogarie·
305 2893 388 2927 apud
415 2893 482 2921 Cic.
507 2893 547 2919 ad
562 2893 779 2920 Att.L.XVI.
804 2896 835 2920 et
858 2893 1038 2921 analo-Jeme
1063 2897 1148 2930 apud
1168 2898 1282 2925 Senec.
1305 2898 1408 2931 Epist.
1429 2899 1482 2926 27.
1531 2899 1585 2926 Sic
1604 2899 1701 2927 etiam
1721 2895 1865 2936 ἐκλογῶν

61 2939 164 2967 libros
182 2939 238 2966 Vl.
258 2938 431 2971 reliquisse
450 2939 638 2966 melitonem
657 2938 817 2966 Asianum
838 2938 932 2967 refert
953 2941 990 2967 D.
1009 2940 1243 2978 Hieronymus,
1270 2946 1298 2970 et
1317 2941 1432 2971 mores
1452 2940 1680 2978 etDeslorare
1693 2946 1752 2973 hoc
1765 2952 1866 2973 seusu

61 2984 216 3018 usurpari
230 2984 425 3012 cassiodoro
439 2983 581 3017 aliisque
595 2982 666 3010 eius
679 2983 755 3010 aevi
769 2983 982 3017 scriptoribus
995 2985 1078 3014 idem
1092 2990 1194 3015 monet
1211 2988 1356 3016 vl'ower.

155 3028 194 3063 2)
219 3029 374 3057 Bartliius
400 3037 455 3063 pro
480 3036 542 3056 sua
567 3028 680 3056 iudicii
707 3028 883 3057 temeritate
907 3030 970 3058 sibi
996 3039 1058 3059 non
1084 3033 1228 3060 constitit
1250 3033 1280 3060 in
1301 3033 1464 3062 sonte-ntia
1483 3034 1676 3063 tleFloridis
1696 3038 1864 3069 enimenta.

59 3073 203 3103 Advers.
230 3075 315 3103 vm.
345 3075 394 3102 12.
422 3082 452 3109 p.
478 3075 554 3102 389.
584 3075 666 3101 haec
689 3073 824 3108 profert:
854 3074 991 3105 videtur
1014 3077 1066 3105 nic
1089 3078 1222 3106 libellus
1248 3086 1285 3107 eo
1310 3079 1370 3107 tine
1395 3087 1415 3108 a
1440 3080 1616 3109 Prudentio
1639 3080 1798 3115 scriptus,
1830 3085 1862 3109 ut
