2155 3590
633 155 817 197 LIBER
843 155 915 196 v1.

973 154 1100 196 CAP.
1131 151 1295 193 XVIII.

1772 146 1853 189 453

77 273 197 315 deviis
229 271 396 312 abditam
429 271 525 311 locis
557 283 700 325 quaere
730 269 970 310 Taenarum.
1020 266 1121 307 Inibi
1152 263 1389 320 spiraculum
1421 260 1526 303 Ditis
1558 267 1598 301 et
1627 273 1697 315 per
1721 266 1853 314 portas

75 329 225 371 hiantes
250 335 493 369 monstratur
512 327 588 368 iter
606 325 775 378 invium3
802 325 941 366 *cuius
961 323 968 382 1
989 332 1027 365 te
1046 323 1178 364 limine
1198 325 1440 362 transmeato
1459 318 1573 359 simul
1593 315 1851 366 commiseris,
1878 318 1945 352 4¹4

75 457 113 486 de
125 456 227 486 dev-‘is
239 458 277 486 Ι).
325 455 443 484 abdita
460 457 495 485 F.
516 457 546 485 3.
566 457 602 485 G.
616 457 653 484 D.
668 456 704 484 P.
735 453 885 482 additam
900 455 947 482 ed.
963 462 1009 489 pr.
1023 454 1148 482 vicent.
1161 452 1274 481 Venet.
1287 451 1317 478 2.
1343 450 1379 477 In
1393 450 1466 477 cett.
1480 444 1641 475 abditam.
1688 443 1855 472 abiectam

74 503 179 534 Raris.
226 509 320 540 quem
341 510 395 536 pro
415 509 541 538 quaere
558 501 676 529 vitiose
690 497 719 529 δ.
772 499 935 527 Tenasum
955 501 990 528 P.
1009 501 1048 527 D.
1081 501 1112 525 ee
1125 504 1243 525 nasum
1258 497 1294 524 G.
1337 492 1512 521 Torum-iis
1526 489 1554 521 δ.
1602 493 1637 518 et
1648 491 1855 525 anteponas

73 551 166 579 abest
179 554 199 576 a
211 549 263 582 B.,
279 547 371 576 uncis
384 548 547 576 inclusum
560 547 709 580 petElm.
723 548 751 574 et
766 546 904 574 Scriver.
942 544 1008 571 iter
1022 544 1120 571 imum
1135 553 1167 577 φ.
1204 541 1272 569 iter
1283 540 1419 568 inunum
1432 538 1560 568 G.D.P.
1574 531 1695 574 (neque
1709 533 1855 570 ἰιιιήηιηι,

72 595 156 624 inter
167 594 250 628 quod
263 597 429 626 utrumque
443 592 558 620 dubius
573 594 619 619 est
634 590 732 625 Oud.]
769 589 880 617 limine
894 591 928 618 1⁴¹.
939 591 1006 618 1.3.
1017 591 1052 617 G.
1062 590 1097 617 P.
1107 590 1187 617 0.R.
1202 587 1223 615 f.
1236 588 1272 615 B.
1287 589 1316 615 et
1330 592 1439 614 omnes
1452 584 1522 613 edd.
1537 584 1614 610 vett.
1627 582 1710 608 Elm-
1725 581 1856 608 habent.

71 642 107 670 In
120 642 191 667 cett.
205 642 253 667 est
267 637 381 666 limite.
430 638 639 664 transmeato
654 637 689 664 F.
707 637 735 663 1.
749 637 780 664 3.
795 637 830 664 G.
845 636 880 664 P.
894 636 931 663 R.
944 631 972 663 ὃ.
989 635 1022 662 0.
1039 634 1059 663 f.
1074 642 1103 668 p.
1117 635 1156 662 D.
1172 631 1318 660 U'ower.
1338 633 1367 659 et
1386 636 1475 663 seqq.
1493 628 1564 657 edd.
1588 627 1626 654 In
1645 628 1718 653 cett.
1738 626 1854 651 trans-

72 686 217 712 meatum
237 687 268 712 ut
289 684 324 711 Β.
345 686 372 711 el
394 683 462 711 edd.
483 685 559 710 ven.
578 683 660 709 Elin.

72 729 240 765 repetitum
253 728 348 757 estin
362 728 436 756 edit.
450 727 570 756 Florid.

71 839 196 878 fuisse
233 838 437 890 scriptum,
474 850 574 888 quae
610 835 771 888 pluralis
810 835 932 874 forma

69 897 185 936 rarior
199 899 277 940 est,
292 899 331 932 et
343 895 391 932 ab
405 909 479 932 uno
493 898 655 939 tantum,
681 893 785 944 quod
798 893 931 938 sciam,

71 952 158 991 loco
196 952 336 990 Senec.
369 950 509 989 Troad.
543 953 634 990 406.
671 953 803 1000 potest
827 962 931 987 com-

71 1008 225 1060 probari
263 1009 481 1047 Taenara
519 1011 557 1045 et
591 1020 739 1057 aspero
763 1019 931 1057 reynmn

71 1064 142 1104 sub
158 1064 333 1102 domino.
359 1063 482 1100 Aliter
496 1063 687 1100 emendari
702 1063 828 1112 possit
842 1075 933 1099 con·

72 1121 239 1160 termina
265 1125 303 1158 et
326 1119 469 1158 abclt'ta
495 1119 722 1158 Taenari.
748 1118 810 1155 De
836 1119 933 1156 Tae-

71 1190 175 1216 naro
200 1175 246 1214 cf.
271 1175 406 1214 Munk.
431 1178 470 1212 et
494 1174 602 1224 Stav.
627 1174 675 1212 ad
702 1173 842 1224 Hygin.
859 1173 933 1211 sab.

71 1230 256 1271 LXXIX.
281 1235 439 1284 p.1153.‚
463 1231 527 1268 ubi
549 1244 627 1282 per
651 1231 821 1269 insulam.
840 1232 934 1267 Tae-

71 1289 229 1328 nariam
265 1302 338 1326 non
375 1286 659 1326 sollicitandum
698 1289 776 1331 est,
820 1298 933 1335 quum

71 1344 202 1383 insula
216 1344 278 1382 hic
288 1343 612 1396 promontorium
626 1342 689 1381 sit.
703 1341 850 1379 Meurs.
863 1340 934 1378 La-

73 1414 158 1439 con.
176 1400 242 1438 IV.
260 1405 320 1440 11.
335 1414 370 1452 p.
386 1402 466 1440 289
481 1411 541 1448 sq.
568 1401 662 1438 293.
688 1397 857 1435 Pausan.
872 1395 932 1435 III.

74 1471 105 1496 c.
133 1460 196 1497 25.
222 1455 351 1494 Burm.
377 1455 427 1494 ad
450 1454 611 1493 Anthol.
639 1453 745 1492 T.11.
770 1466 806 1504 p.
823 1453 932 1505 547]

130 1513 238 1551 Ditis
250 1512 511 1564 spiraculum.
539 1509 717 1563 [ciZVirg.
734 1510 833 1548 Aen.
848 1508 933 1548 VH.

74 1572 165 1610 568.
215 1569 298 1607 Hic
334 1581 477 1619 specus
520 1567 785 1611 horrendam,
829 1566 934 1605 saevi

74 1625 286 1678 spiracula
300 1624 420 1670 Ditis,
446 1624 548 1662 unde
572 1623 842 1674 depromsisse
867 1634 939 1659 sua

73 1681 264 1733 Apuleius
287 1681 437 1719 videtur
462 1680 509 1718 cf.
535 1679 619 1718 lntt.
649 1679 700 1717 ad
724 1679 760 1717 h.
778 1677 799 1716 l.
843 1677 937 1716 Item

73 1737 296 1776 dixitSolin.
307 1751 337 1776 c.
349 1742 385 1777 7.
403 1737 448 1775 In
460 1736 671 1775 Laconica
685 1735 939 1787 spiraculum

72 1799 130 1834 est
152 1795 377 1834 Taenaron.
404 1791 502 1832 Plin.
529 1791 571 1831 [l.
598 1795 661 1832 93.
688 1795 753 1832 95.
778 1790 863 1829 Intt.
889 1790 939 1828 ad

72 1849 230 1889 Petron.
243 1853 333 1891 120.
350 1863 381 1887 ν.
393 1853 456 1890 69.
471 1847 788 1899 Apul.deMund.
800 1861 834 1898 p.
846 1850 937 1887 328.

73 1907 152 1946 sive
176 1906 268 1952 illa,
293 1910 495 1958 utpoetae
510 1905 664 1949 volunt,
691 1904 824 1941 Ditis
848 1904 939 1954 spi-

73 1976 128 2001 ra
140 1962 248 2002 cula
286 1961 465 2001 dicenda
496 1965 589 2000 sunt
611 1959 743 1998 Barth.
770 1959 939 1997 Advers.

74 2016 219 2057 XXIII.
246 2031 279 2057 c.
305 2021 341 2057 2.

131 2074 209 2112 iter
230 2017 390 2113 inviavit.
438 2072 502 2110 Ad
527 2072 639 2110 Statii
666 2070 854 2110 Theb.V.
876 2073 942 2111 97.

77 2130 303 2170 Taenariae
334 2133 486 2180 portae
522 2131 560 2165 et
599 2126 645 2165 ΙΙ.
679 2131 743 2167 31.
780 2130 943 2164 testatur

76 2185 209 2224 Barth.
252 2187 287 2224 in
326 2197 398 2222 suo
436 2184 570 2222 codice
600 2183 695 2234 legi,
744 2184 821 2221 iter
866 2183 944 2220 iter

77 2242 235 2280 invium.
260 2239 360 2279 Hinc
378 2241 541 2279 coniecit
557 2241 637 2278 iter
653 2244 764 2278 retro
784 2239 942 2277 int-inm.

78 2296 236 2336 Scilicet
260 2297 350 2347 quia
372 2296 476 2334 istud
500 2297 570 2334 iter
594 2309 667 2333 non
692 2295 841 2332 videtur
871 2294 944 2332 dici

76 2365 198 2405 posse
223 2353 388 2398 invium,
425 2365 494 2402 per
519 2351 622 2402 quod
647 2351 792 2389 directo
819 2350 944 2388 canali

78 2410 165 2461 quis
190 2409 372 2447 deveniat
394 2407 442 2446 ad
470 2407 562 2446 Orci
591 2408 749 2457 regiam.
797 2406 834 2443 'V
838 2419 944 2444 erum

78 2478 151 2505 nec
175 2465 247 2504 dici
271 2468 404 2517 potest
423 2469 535 2503 retro
554 2465 720 2508 invium,
746 2475 831 2500 cum
850 2475 947 2501 sane

77 2525 178 2561 retro
210 2521 262 2559 sit
291 2522 479 2572 pervium,
513 2533 589 2571 quo
621 2519 671 2557 ad
695 2518 796 2557 hanc
820 2517 947 2556 lucem

78 2581 217 2630 posset
229 2577 367 2616 redire.
402 2575 504 2614 Nam
519 2576 688 2626 alioquin
705 2574 860 2613 fatidica
873 2578 946 2613 tur-

78 2634 133 2672 ris
151 2632 339 2685 Psychae
358 2646 433 2671 non
447 2635 708 2670 monstrasset
720 2630 822 2668 hanc
836 2631 945 2669 viam.

82 2688 271 2736 Quocirca
284 2688 386 2728 Oud.
401 2690 594 2740 opinatur,
609 2689 757 2726 invium
769 2686 844 2724 hoc
859 2686 945 2725 loco

82 2747 165 2798 capi
179 2749 369 2797 oportere,
393 2749 434 2783 ut
446 2744 626 2783 Floridus
639 2744 741 2781 hene
754 2743 947 2793 exposuit,

81 2815 149 2853 pro
162 2801 406 2856 infrequenti,
420 2800 588 2845 insolito,
603 2812 849 2852 quaquernro
859 2799 946 2849 quis

83 2857 113 2895 it
141 2857 224 2896 sive
253 2859 365 2904 avio,
396 2871 480 2896 cum
502 2871 578 2908 qua
597 2869 695 2893 voce
713 2868 838 2906 saepe
858 2869 944 2894 con-

84 2911 273 2953 fundatur.
320 2912 421 2966 [Sed
446 2913 648 2958 Barthius,
681 2912 791 2951 cuius
815 2915 942 2949 tamen

84 2967 164 3007 Ms.
193 2968 291 3008 fides
322 2983 395 3008 non
428 2969 611 3008 habenda
635 2971 715 3014 est,
747 2968 837 3018 quia
860 2980 947 3006 sae-

85 3023 175 3077 pius
211 3023 393 3065 lectiones
430 3026 481 3064 ad
510 3027 702 3077 ingenium
740 3037 851 3063 suum
883 3023 948 3062 de-

86 3081 373 3121 monstrandum
410 3082 660 3133 excogitavit,
694 3081 868 3134 respexit
898 3079 948 3119 ad

87 3133 214 3175 locum
237 3136 371 3188 virgil.
392 3138 490 3177 Aen.
514 3137 582 3176 Vl.
613 3140 721 3179 126.:

710 680 783 707 riae
797 682 885 708 abest
900 682 938 707 ab
954 679 1100 707 omnihus
1114 679 1202 707 codd.
1217 680 1247 706 et
1260 677 1329 706 edd.
1376 672 1477 702 simul
1495 676 1535 702 te.
1562 673 1670 700 Prave
1682 676 1856 705 pronomen

617 724 718 753 simul
726 724 959 763 gnorimr'seris
974 721 1002 751 δ.

1170 836 1280 865 facilis
1294 835 1472 864 descensus
1485 833 1616 861 Averno
1627 852 1635 865 ,

1032 885 1150 911 Noctes
1163 885 1258 915 atque
1272 880 1342 909 dies
1355 882 1440 914 patet
1455 878 1518 906 atri
1531 877 1633 906 ianua
1646 875 1747 912 Ditis3

1033 929 1095 956 Sed
1115 934 1267 956 revocare
1285 926 1420 961 gradum
1437 929 1638 957 superasque
1656 921 1795 949 evadere
1814 919 1856 948 ad

1377 976 1487 1005 auras,

1035 1017 1101 1045 Hoc
1117 1024 1212 1054 opus,
1238 1015 1289 1044 hic
1302 1017 1393 1044 labor
1406 1017 1464 1042 est.
1492 1011 1612 1049 Pauci,
1638 1018 1718 1046 quos
1732 1016 1858 1044 aequus

1376 1058 1497 1088 amavit

1034 1107 1193 1141 Iuppiter,
1216 1109 1269 1134 aul
1285 1106 1402 1134 ardens
1417 1102 1521 1132 evexit
1537 1103 1578 1131 ad
1592 1103 1724 1130 aethera
1736 1100 1858 1136 virtus,

1036 1152 1096 1180 Dis
1109 1151 1208 1186 geniti
1223 1154 1364 1185 potuere.

992 1203 1177 1255 Idemque
1213 1207 1375 1241 testatur
1405 1201 1598 1251 Apuleius
1629 1212 1748 1250 supra
1785 1198 1860 1237 ibis

995 1261 1156 1312 quidem
1176 1262 1372 1311 profecto
1399 1258 1456 1296 ad
1486 1258 1602 1296 imwn
1629 1258 1859 1299 Tartarum,

993 1316 1064 1354 sed
1094 1316 1191 1354 inde
1220 1315 1336 1354 nullo
1370 1318 1498 1365 pacto
1531 1313 1668 1351 redire
1687 1311 1861 1362 poteris.

994 1372 1041 1409 ci'.
1068 1385 1168 1422 quae
1194 1371 1352 1422 exponit
1381 1369 1430 1407 ad
1462 1369 1497 1407 l1.
1520 1369 1543 1407 l.
1568 1367 1667 1407 Prie.
1705 1367 1862 1405 Incium

992 1429 1069 1467 iter
1089 1428 1270 1479 equidem
1291 1426 1446 1477 explico
1466 1425 1522 1469 id,
1548 1424 1653 1474 quod
1665 1423 1862 1461 rarissime

992 1484 1253 1533 ingrediuntur
1268 1483 1455 1528 homines,
1470 1482 1646 1531 quianon
1664 1480 1753 1517 licet
1765 1492 1862 1516 mor-

992 1540 1133 1578 talibus
1159 1540 1209 1579 ad
1229 1539 1379 1577 Inseros
1398 1537 1654 1576 descendere.
1681 1534 1863 1573 Ceterum

997 1597 1101 1647 quod
1126 1600 1291 1648 peccant
1315 1595 1426 1634 codd.
1447 1595 1544 1632 inter
1559 1594 1678 1632 imum
1691 1596 1730 1630 et
1743 1605 1864 1631 unum

997 1654 1191 1691 variantes
1207 1682 1217 1697 ,
1255 1652 1437 1703 frequens
1474 1655 1536 1688 est
1571 1651 1607 1688 in
1644 1648 1746 1687 Mss.
1806 1647 1865 1685 lta

997 1709 1162 1748 emendo
1193 1722 1332 1747 versus
1364 1707 1488 1746 Lucil.
1521 1706 1636 1745 Aetn.
1669 1709 1749 1746 375
1776 1716 1865 1756 sqq.

998 1767 1061 1816 qui
1087 1766 1363 1817 corruptissimi
1387 1767 1494 1802 sunt:

1065 1838 1169 1871 Saepe
1182 1836 1292 1871 premi!
1309 1836 1423 1864 fauces
1436 1834 1564 1869 magnis
1582 1835 1750 1861 exstructa
1762 1830 1868 1859 ruinis

1066 1882 1243 1916 congeries
1268 1881 1455 1913 clauditque
1475 1879 1547 1908 vias
1566 1877 1735 1906 luctamen
1749 1876 1867 1913 (thymo

1326 1923 1412 1960 [cod.
1427 1923 1558 1958 abana]

1067 1968 1214 1998 Fla-‹visst›
1229 1970 1330 1998 veluti
1344 1974 1426 1998 tecto
1440 1971 1500 1997 sul»
1515 1969 1653 2003 pondere
1666 1970 1765 1996 restat

1068 2012 1112 2042 Ae
1126 2014 1235 2052 segnis
1251 2017 1340 2042 tenet
1354 2021 1390 2041 vs
1405 2020 1541 2047 cursus,
1558 2016 1620 2040 lum
1638 2013 1757 2047 frigida
1770 2011 1869 2040 monii

1065 2061 1202 2089 Desidia
1212 2064 1260 2089 est
1271 2082 1279 2096 ,
1291 2060 1422 2096 imoque
1434 2060 1509 2088 licei
1523 2056 1691 2086 discedere
1704 2057 1824 2086 ventis.

1046 2126 1158 2165 cuius
1178 2129 1215 2163 te
1230 2125 1365 2163 lt'mz‘ne
1379 2127 1622 2163 transmeato
1637 2122 1755 2161 simul
1768 2135 1869 2161 com-

1001 2182 1163 2220 miseris.
1211 2180 1363 2218 Locum
1390 2180 1499 2225 dedi,
1532 2178 1659 2230 qualis
1684 2179 1718 2216 in
1746 2177 1869 2216 Codd.

1002 2238 1156 2288 optimis
1183 2236 1336 2287 legitur,
1362 2248 1595 2287 quamquam
1620 2235 1706 2273 luce
1731 2234 1871 2272 clarius

1002 2296 1082 2338 est,
1123 2292 1335 2330 miserrime
1376 2305 1464 2330 eum
1507 2304 1601 2330 esse
1641 2294 1871 2342 corruptum.

1002 2348 1131 2396 Quum
1156 2348 1307 2400 plurimi
1334 2348 1447 2387 codd.
1481 2349 1605 2387 limite
1635 2361 1704 2398 pro
1737 2348 1872 2387 lt'mz'ne

1001 2406 1256 2451 substituant,
1300 2403 1401 2443 Oud.
1440 2404 1590 2443 dubitat
1625 2417 1671 2442 an
1710 2404 1763 2441 ita
1797 2403 1871 2440 dici

1004 2462 1143 2512 possit.
1193 2460 1262 2499 Cui
1287 2474 1361 2512 ego
1387 2460 1615 2512 adstipulor.
1641 2459 1743 2498 Nam
1769 2458 1870 2509 quod

1004 2516 1190 2556 Pricaeus
1216 2518 1379 2557 limitem
1404 2517 1564 2568 exponit
1588 2529 1744 2554 curvam
1765 2519 1803 2553 et
1821 2516 1872 2553 in-

1005 2574 1106 2612 viam
1130 2574 1231 2612 viam
1257 2577 1296 2611 et
1314 2574 1404 2612 hinc
1423 2573 1527 2611 dicat
1546 2576 1698 2623 patere,
1723 2572 1772 2610 ab
1786 2570 1872 2608 aliis

1003 2629 1107 2668 male
1132 2630 1194 2668 edi
1221 2630 1359 2668 lt'mine
1382 2633 1500 2680 atque
1525 2629 1610 2680 ipse
1636 2629 1802 2679 corrigat
1827 2627 1870 2665 li-

1003 2687 1106 2731 miti,
1143 2686 1248 2725 haud
1285 2687 1414 2737 capio,
1452 2684 1649 2735 quomodo
1687 2685 1773 2735 quis
1799 2683 1872 2720 dici

1004 2743 1154 2794 possit:
1203 2755 1250 2780 se
1297 2742 1536 2780 committere
1584 2741 1701 2779 limiti
1748 2745 1874 2778 trans-

1003 2803 1143 2837 meato.
1169 2798 1258 2837 Non
1273 2798 1544 2836 committimus
1553 2797 1652 2834 enim
1667 2809 1740 2834 nos
1752 2796 1876 2834 itineri

1002 2858 1239 2894 transmeato
1263 2854 1337 2892 sed
1360 2852 1643 2892 transmeando.
1691 2851 1876 2890 Floridus

1001 2924 1093 2949 vero
1120 2912 1298 2962 exponit,
1324 2911 1392 2949 cui
1406 2909 1555 2947 scilicet
1575 2909 1714 2954 itineri,
1740 2910 1876 2948 statim

1007 2972 1131 3020 atque
1157 2972 1196 3007 te
1221 2967 1466 3012 credideris,
1498 2978 1762 3017 supergressa
1787 2965 1875 3004 adi-

1006 3028 1089 3063 tum
1112 3024 1208 3063 eius.
1240 3021 1323 3060 Sed
1337 3020 1438 3060 Oud.
1458 3021 1559 3059 hanc
1579 3020 1877 3072 explicationem

1005 3093 1081 3117 non
1108 3078 1353 3131 comprobat,
1380 3078 1470 3128 quia
1494 3077 1645 3128 reliqua
1659 3077 1777 3116 verba
1802 3092 1874 3116 non

1005 3136 1215 3187 patiantur,
1242 3135 1352 3174 limes
1376 3146 1467 3172 vero
1494 3147 1567 3172 non
1593 3133 1722 3174 aditus
1739 3133 1792 3173 sit
1803 3134 1876 3172 sed
