2221 3667
288 144 369 186 864
541 143 589 181 L.
622 139 838 179 APULEH
868 136 1266 178 MADAURENSIS
1297 135 1840 180 METAMORPHOSEON

288 256 359 295 bus
385 268 471 294 eum
498 252 622 307 plagis
648 251 893 305 aggreditur.
944 249 1031 290 Nec
1055 250 1121 290 ille
1146 256 1363 304 prostratus
1389 256 1428 289 et
1451 257 1688 303 praeventus
1712 252 1942 293 vulneribus
1967 252 2085 292 ullum

288 311 464 365 1eperire
489 309 606 349 saluti
638 308 776 362 quiens
801 307 1038 357 subsidium,
1066 307 1167 359 quod
1193 306 1318 346 solum
1343 306 1542 356 restabat,
1576 306 1734 346 simulat
1759 320 1846 348 sese
1871 316 2083 349 mortuum.

287 368 401 408 Tunc
433 366 609 420 spatham
642 365 747 405 illam
780 378 911 404 secum
946 370 1156 417 asportans
1194 361 1425 402 hortulanus
1456 362 1641 402 inscenso
1676 376 1737 402 me
1773 364 1926 404 concito
1964 366 2089 420 gradu

288 428 397 464 reeta
435 422 598 463 festinat
633 422 681 461 ad
713 420 931 469 civitatem,
972 433 1044 460 nec
1080 419 1277 459 hortulum
1310 432 1423 459 suum
1453 419 1590 458 saltem
1630 432 1774 459 curans
1808 419 2001 472 invisere,
2041 423 2090 462 ad

287 479 505 534 quempiam
531 477 606 519 sibi
631 477 800 519 devertit
824 476 1073 516 familiarem.
1114 474 1356 528 Cunctisque
1382 475 1578 515 enarratis
1603 475 1836 529 deprecatur
1853 477 2092 530 periclitanti

288 537 363 577 sibi
388 536 512 576 terret
535 534 749 584 auxilium,
779 547 897 586 seque
923 547 1008 572 cum
1035 546 1106 571 suo
1132 532 1204 572 sibi
1231 531 1343 571 asino
1376 531 1568 584 tantisper
1600 532 1836 583 occultaret,
1870 534 1997 586 quoad
2028 547 2090 574 ce-

287 593 390 633 latus
417 592 542 646 spatio
568 591 672 632 bidui
699 590 869 630 triduive
895 588 1099 643 capitalem
1127 602 1285 628 eausam
1311 588 1512 628 evaderet.
1573 587 1661 628 Nec
1687 588 1828 629 oblitus
1853 589 1918 629 ille
1942 590 2090 630 veteris

289 648 484 690 amicitiae
515 654 691 703 prompte
723 646 905 700 suscipit,
947 658 1083 698 meque
1119 659 1189 699 per
1218 645 1346 685 scalas
1378 644 1609 698 complicitis
1641 645 1804 699 pedihus
1834 645 1875 685 in
1912 647 2092 700 superius

200 719 266 753 072
290 705 544 747 coenaculum
571 710 756 753 attracto,
781 701 786 758 Ι
808 702 1041 743 hortulanus
1068 702 1232 742 deorsus
1256 701 1297 740 in
1323 701 1406 755 ipsa
1432 700 1638 741 tabernula
1658 701 1808 756 derepit
1825 702 1864 741 in
1886 703 2092 756 quamdam

290 763 491 814 cistulam,
520 767 753 816 supergesto
780 759 1089 800 delitiscentem
1117 758 1309 813 lorificio.

291 879 481 918 cumplagis
494 882 530 909 L.
579 880 830 916 etpraeventus
843 878 880 906 F.
891 879 921 905 3.
931 879 966 905 G.
978 877 1046 905 1.2.
1060 872 1088 904 δ.
1115 878 1151 904 ln
1165 878 1238 904 cett.
1253 883 1295 902 ac
1304 878 1523 911 praecentus.
1569 883 1612 903 αι·
1620 883 1844 912 praemonens
1857 875 2050 905 vulneribus
2058 879 2094 906 B.

290 926 399 955 satuti
411 926 527 964 quiens
542 922 665 953 subsz'd.
679 925 716 953 F.
731 925 762 952 3.
777 920 806 952 δ.
822 923 841 951 f.
878 921 1003 951 salutis
1023 921 1139 958 quiens
1161 922 1197 950 G.
1219 922 1248 949 1.
1285 921 1402 957 quiens
1421 920 1545 949 salutis
1560 922 1596 950 F.
1612 923 1640 950 1.
1661 923 1695 950 in
1713 924 1787 950 coll.
1800 922 1895 951 Lind.
1909 923 1943 951 Ο.
1972 924 2008 951 In
2022 927 2094 952 cett.

293 972 409 1010 quiens
423 970 539 999 saluti.
587 968 751 998 simulans
766 971 803 997 G.
819 970 847 997 1.
896 970 1081 1004 asportans
1096 969 1177 994 Mss.
1191 974 1301 994 omnes
1315 968 1432 994 habere
1448 967 1540 995 testis
1554 970 1602 994 est
1617 968 1696 995 Oud.
1723 967 1815 996 Certe
1833 968 1947 997 inveni
1965 968 1999 996 in
2013 969 2048 997 F.
2064 970 2095 998 3.

293 1021 329 1047 G.
348 1019 374 1046 l.
389 1019 420 1045 2.
434 1018 473 1045 D.
498 1014 690 1053 adportans
702 1016 756 1043 vel
769 1016 961 1050 apportans
975 1014 1045 1041 edd.
1061 1016 1136 1041 ante
1150 1012 1240 1040 Colv.
1266 1009 1474 1047 acts-portans
1488 1013 1537 1040 ed.
1554 1020 1599 1046 pr.
1614 1012 1685 1041 Vlc.
1699 1013 1814 1041 Venet.
1828 1014 1858 1040 2.
1889 1012 2097 1050 absportans

291 1064 375 1098 quod
394 1063 472 1091 Oud.
493 1062 594 1091 scribi
613 1060 728 1097 iussit,
752 1061 882 1089 Rulluk.
906 1058 1002 1087 dedit.
1049 1056 1186 1085 inse-eno
1206 1064 1256 1083 me
1275 1060 1310 1085 G.
1333 1059 1362 1085 1.
1399 1056 1531 1085 insenso
1547 1065 1596 1084 me
1610 1054 1639 1085 δ.
1675 1056 1808 1085 incenso
1823 1065 1873 1084 me
1885 1059 2028 1088 Seriver.
2054 1059 2096 1089 cf.

293 1114 393 1143 supra
412 1116 441 1143 p.
465 1108 539 1136 667.
589 1113 639 1134 me
659 1108 751 1134 abest
770 1108 809 1134 ab
829 1105 910 1133 Eud.
929 1106 1014 1133 lunt.
1037 1105 1065 1131 1.
1085 1103 1162 1131 Am.
1209 1105 1309 1129 recta
1328 1103 1363 1131 F.
1379 1103 1408 1130 3.
1424 1105 1459 1132 G.
1476 1104 1506 1130 1.
1520 1104 1550 1131 ¹2.
1564 1104 1600 1131 P.
1622 1102 1674 1138 [in
1693 1103 1859 1137 excerptis
1878 1105 1918 1132 ad
1932 1111 2033 1139 marg.
2048 1106 2097 1133 ed.

292 1153 403 1188 Colv.)
423 1161 451 1187 p.
475 1162 508 1187 φ.
527 1154 611 1181 Iunt.
631 1153 661 1180 2.
682 1152 793 1179 w'ow.
813 1154 842 1178 et
863 1157 950 1184 seqq.
975 1151 1012 1177 ln
1027 1151 1100 1177 cett.
1121 1149 1223 1175 recte.
1249 1147 1489 1182 cf..tt1et.YI.p.
1504 1147 1579 1176 412.
1627 1146 1748 1175 saltem
1762 1156 1826 1176 non
1840 1153 2002 1183 comparet
2015 1149 2049 1178 in
2062 1151 2098 1178 Ο.

292 1198 396 1227 etiam
415 1197 524 1226 risere
544 1200 579 1226 G.
598 1199 630 1227 2.
649 1198 688 1226 D.
724 1195 891 1224 inuis-cere
911 1196 947 1223 G.
969 1196 998 1222 1.
1047 1191 1190 1220 divertit
1203 1192 1224 1221 f.
1245 1196 1277 1221 et
1295 1193 1365 1221 edd.
1386 1201 1458 1221 rect¹
1474 1196 1518 1221 m.
1533 1196 1645 1222 eontra
1658 1194 1861 1222 sententiam.
1898 1193 2002 1222 vertit
2017 1196 2053 1223 G.
2070 1196 2098 1223 1.

293 1243 489 1281 cunctisque
503 1242 680 1271 enarratis
693 1242 729 1270 F.
746 1242 774 1270 1.
789 1243 819 1269 3.
835 1250 867 1275 φ.
882 1237 911 1269 δ.
928 1238 1180 1269 f.E1m.F10rid.
1201 1241 1229 1266 et
1251 1240 1418 1272 probatum
1439 1239 1535 1275 Oud.,
1561 1245 1755 1272 quamquam
1775 1246 1795 1268 a
1814 1240 1943 1268 Ruhnk.
1964 1247 2028 1268 non
2049 1248 2099 1268 re-

293 1293 432 1325 ceptum.
447 1289 654 1318 cf.Met.V11.
667 1286 781 1322 p.449.
797 1287 851 1315 ubi
866 1286 977 1314 itidem
990 1285 1119 1313 variant
1134 1284 1224 1312 codd.
1238 1282 1342 1310 etiam
1355 1283 1514 1311 narratis
1528 1285 1564 1312 P.
1602 1282 1816 1320 deprecatum
1831 1293 1861 1319 p.
1909 1285 2060 1324 referret
2070 1282 2100 1315 δ,

294 1344 357 1373 quo
367 1333 544 1363 ade-elatus
554 1335 630 1363 G.1.
662 1330 874 1369 triduiqueo.
884 1332 953 1360 G.1.
975 1328 1177 1357 trichiae-el).
1203 1331 1328 1364 prante
1338 1331 1407 1357 G.l.
1438 1328 1733 1366 suscepitscriver.
1764 1329 2102 1366 superiusexulataf.

293 1383 454 1409 ‹ze-tracto
464 1382 500 1409 G.
513 1382 540 1409 1.
577 1377 727 1406 deorsus.
743 1377 852 1412 Scipio
865 1376 1004 1405 Gentilis
1019 1375 1249 1403 commentario
1263 1381 1323 1402 suo
1337 1375 1371 1402 in
1383 1375 1481 1403 huius
1495 1375 1639 1403 auctoris
1652 1376 1747 1409 Apol.
1762 1383 1792 1410 p.
1806 1376 1881 1404 290.
1895 1378 1982 1404 hunc
1994 1378 2102 1405 locum

294 1427 343 1455 sic
362 1429 507 1462 legebat:
534 1423 579 1451 H.
593 1422 749 1451 detersus
768 1423 803 1450 in
821 1421 931 1459 ipsmn
953 1420 1130 1448 tabernam
1150 1417 1237 1446 elam
1258 1416 1410 1455 direpsit.
1460 1419 1686 1447 tabernacula
1706 1421 1741 1449 G.
1759 1422 1785 1448 1.
1799 1422 1831 1450 2.
1845 1422 1884 1449 D.
1898 1422 1935 1450 R.
1951 1421 1972 1450 f,
1986 1417 2015 1450 ὃ.
2029 1422 2101 1450 edd.

296 1472 370 1500 inde
383 1471 558 1500 aBeroald.
573 1477 676 1503 usque
691 1470 731 1497 ad
746 1470 855 1496 SVoW.
880 1467 1135 1499 ALindenbrog.
1149 1464 1197 1493 nil
1210 1466 1415 1494 emendatum
1429 1468 1488 1494 est.
1537 1464 1719 1493 tabernula
1731 1469 1842 1501 aperte
1855 1467 2015 1501 F.3.13.p.
2026 1466 2100 1503 (μβ.

295 1518 366 1546 edd.
379 1519 455 1545 vett.
470 1519 499 1544 et
513 1518 645 1544 reeentt.
659 1515 735 1542 inde
748 1521 768 1542 a
782 1514 929 1541 W'ower.
966 1509 1130 1547 diripiet).
1167 1507 1293 1545 derepit
1304 1513 1386 1539 Mss.
1401 1518 1513 1538 omnes
1527 1514 1556 1539 et
1570 1511 1639 1539 edit.
1649 1513 1725 1540 vett.
1735 1512 1927 1540 Coluvulc.
1938 1513 1968 1540 2.
1982 1514 2102 1540 habere

295 1562 373 1591 dicit
388 1562 466 1591 Oud.
487 1561 580 1590 Certe
594 1560 706 1588 inveni
720 1559 752 1587 in
767 1561 803 1587 G.
819 1560 849 1586 1.
862 1560 894 1586 2.
909 1559 947 1586 D.
983 1555 1111 1592 derepit
1125 1555 1255 1589 Sciopp.
1269 1556 1354 1584 Prie.
1368 1557 1451 1584 Elm.
1464 1556 1569 1585 Sei-iv.
1584 1556 1703 1584 Florid.
1751 1559 1783 1583 et
1798 1557 1881 1590 quod
1895 1560 1970 1585 ante
1983 1563 2103 1592 super·

292 1610 389 1645 gesto
403 1609 515 1641 legunt
527 1606 649 1640 aliquot
664 1605 754 1633 codd.
768 1608 796 1632 et
811 1611 921 1631 omnes
935 1603 1004 1631 edd.
1019 1610 1081 1630 non
1097 1604 1146 1629 est
1164 1600 1199 1628 in
1212 1601 1248 1628 F.
1263 1601 1292 1629 3.
1309 1603 1344 1629 G.
1362 1603 1390 1629 1.
1405 1602 1436 1629 2.
1450 1602 1485 1629 Ο.
1503 1602 1537 1630 P.
1553 1603 1591 1630 D.
1639 1600 1828 1637 superiecto
1848 1603 1996 1630 emendat
2016 1602 2101 1631 Prie.

295 1657 327 1682 et
349 1654 479 1681 Ruhnk.
499 1656 612 1680 contra
631 1650 711 1679 Oud.

760 1647 969 1676 delitescenti
985 1644 1131 1682 lorificio
1151 1646 1188 1674 F.
1208 1646 1239 1674 3.
1277 1644 1489 1673 delitescenti
1505 1643 1648 1680 lorv‘fitz'o
1669 1647 1705 1675 G.
1729 1648 1755 1675 1.
1776 1648 1810 1674 0.
1847 1644 1964 1674 delicet
1980 1646 2106 1674 scenici

297 1695 465 1733 torrUicz'o
481 1698 516 1725 G.
531 1698 562 1725 2.
576 1697 614 1724 D.
640 1693 756 1722 delicti
774 1702 871 1722 seez-so
893 1690 1058 1729 tert-<ficio
1078 1692 1116 1719 P.
1148 1687 1320 1726 tort-fficio
1341 1692 1421 1720 Coll.
1439 1692 1536 1719 Voss.
1569 1688 1716 1726 torificz'o
1734 1699 1776 1719 ex
1792 1692 1826 1720 F.
1848 1693 1872 1719 1.
1892 1695 2001 1721 enatat
2017 1694 2102 1722 Elin.

296 1743 399 1773 sedin
419 1744 493 1771 coll.
511 1742 605 1770 Lind.
624 1741 673 1769 nil
692 1740 897 1769 emendatum
916 1741 976 1767 est.
995 1736 1102 1768 Ceteri
1121 1736 1213 1764 codd.
1232 1738 1263 1764 et
1283 1737 1353 1765 edil.
1374 1744 1485 1765 omnes
1504 1738 1539 1763 et
1555 1739 1752 1774 supergesto
1771 1734 1938 1765 delitescit
1959 1736 2103 1773 orificio.

350 1845 594 1895 praecentus
618 1839 859 1879 vulneribus.
913 1836 1054 1875 Mirum
1081 1849 1174 1887 quo-

297 1899 414 1938 modo
440 1900 621 1948 corrupta
638 1896 744 1935 Bert.
766 1895 849 1933 cod.
870 1893 986 1932 lectio
1006 1897 1063 1932 tot
1085 1893 1173 1931 VV.

297 1955 387 1994 DD.
420 1954 719 1993 emendationes
749 1965 964 2004 provocare
993 1950 1173 2002 potuerit.

298 2013 459 2065 Sciopp.
484 2013 520 2050 in
544 2010 681 2062 Symb.
703 2008 943 2048 emendavit:
970 2021 1020 2047 ae
1040 2019 1176 2058 paene

296 2071 489 2115 moriens,
536 2067 669 2105 Brant.
708 2070 897 2106 cruentus
927 2064 1171 2109 vulneribus,

296 2125 463 2165 Pontan.
499 2123 676 2162 Analect.
707 2122 753 2161 Il.
790 2127 852 2162 15.
879 2121 1173 2174 praemenIens.

298 2181 450 2221 Omnes
480 2180 601 2226 male,
631 2183 673 2218 ut
702 2178 850 2231 liquido
877 2177 1049 2216 ostendit
1071 2175 1172 2215 Prie.

297 2238 400 2277 Nam
420 2241 687 2290 praeventum
705 2235 900 2287 Apuleius
927 2237 1174 2285 occupatum

297 2295 360 2333 vel
376 2295 615 2348 ‘impeditum
629 2296 758 2336 vocat;
784 2292 833 2330 ef.
849 2291 948 2331 Met.
961 2290 1010 2329 X.
1025 2305 1062 2342 p.
1074 2293 1172 2330 722:

298 2354 393 2392 insit
417 2351 612 2390 matribus
632 2351 789 2401 pietate
808 2352 1081 2400 praeventa
1108 2347 1174 2385 cle·

298 2409 414 2448 scirit
438 2408 489 2447 ab
517 2407 710 2459 obsequio
736 2406 894 2450 mariti3
941 2407 980 2442 et
1010 2417 1046 2455 p.
1076 2406 1174 2444 699:

300 2466 348 2504 Si
372 2478 466 2505 vero
495 2467 749 2516 peremptus,
786 2463 820 2500 si
850 2465 1000 2500 morte
1031 2474 1175 2512 prae-

302 2536 319 2559 t·
330 2526 466 2561 entus
479 2525 554 2566 est;
574 2519 690 2557 Firm.
705 2518 860 2556 advers.
875 2517 919 2555 M
924 2515 1174 2556 athemvm.

301 2583 371 2620 ⁶26:
398 2577 626 2617 Multarum
645 2575 856 2615 mulierum
877 2587 1014 2613 amore
1034 2586 1175 2625 prae-

300 2640 478 2675 ventos.

355 2690 541 2743 superius
555 2689 829 2729 coenaculum.
855 2686 994 2725 Multis
1020 2685 1070 2724 ad
1098 2686 1173 2724 loci

298 2748 423 2787 nostri
438 2746 738 2798 explicationem
753 2744 906 2783 minime
926 2743 1029 2794 aptis
1043 2743 1174 2780 verbis

301 2804 393 2856 quid
408 2802 731 2844 sitcoenaculwn
742 2799 1101 2853 exponitRoaldus.
1115 2799 1176 2838 Ea

300 2862 400 2899 enim
414 2860 540 2912 magis
556 2860 606 2899 ad
627 2872 759 2897 earum
779 2859 967 2896 rationem
988 2856 1174 2894 diversis-

301 2931 377 2969 que
398 2917 637 2969 temporibus
653 2915 849 2953 diversam
863 2913 1175 2952 aedificationem

299 2974 512 3024 pertinent,
539 2973 680 3024 quibus
706 2972 884 3011 omnibus
909 2970 1179 3008 demonstrare

301 3030 452 3077 studet,
485 3029 725 3075 coenacula,
751 3028 985 3072 maeniana,
1018 3029 1058 3064 et
1082 3040 1177 3079 per-

301 3086 424 3137 ynlas
449 3086 588 3124 eadem
613 3085 750 3124 luisse..
807 3084 1008 3135 Superius
1033 3097 1177 3122 coena-

304 3143 436 3183 culam
463 3146 523 3179 est
549 3141 733 3192 ὑπερῶον,
760 3138 950 3191 ἀνώγεων.
979 3139 1026 3177 cf.
1055 3139 1176 3177 Satm.

1233 1835 1282 1873 ad
1299 1835 1422 1873 Solio.
1435 1848 1472 1887 p.
1484 1837 1575 1876 708.
1595 1835 1771 1875 Wesset.
1786 1835 1955 1875 Observ.
1982 1834 2009 1874 Ι.
2039 1840 2089 1877 18

1235 1892 1447 1931 comment.
1472 1892 1522 1930 ad
1549 1892 1577 1930 C
1581 1906 1662 1937 aes.
1687 1892 1732 1931 B.
1760 1891 1801 1931 C.
1826 1892 1910 1931 Vll.
1936 1897 2001 1934 28.

1291 1950 1468 1988 deorsus.
1502 1948 1669 1989 Gentilis
1694 1950 1730 1988 in
1762 1950 2035 1989 commentario
2067 1951 2102 1988 in

1233 2005 1350 2057 Apol.
1376 2019 1415 2057 p.
1430 2009 1522 2046 290.
1550 2007 1734 2046 detersus
1756 2006 1820 2044 hie
1845 2019 1913 2057 pro
1939 2007 2105 2046 deorsus

1233 2063 1385 2108 scribit,
1416 2063 1520 2113 quod
1551 2076 1694 2114 nempe
1724 2063 1760 2101 in
1791 2064 1911 2101 cistas
1942 2067 1982 2101 et
2010 2063 2105 2102 talia

1234 2123 1486 2171 eorrepentes
1518 2121 1773 2172 comprimere
1802 2133 1849 2158 se
1880 2119 2036 2158 soleant
2065 2123 2106 2156 et

1234 2180 1501 2227 contorquere.
1562 2176 1646 2215 Sed
1676 2176 1790 2215 nimis
1826 2189 1940 2227 quam
1970 2175 2105 2228 putide

1233 2236 1273 2270 et
1298 2234 1504 2284 nugaciter.

1293 2294 1534 2342 superyesto
1583 2289 1874 2329 delitiscentem
1916 2290 2094 2343 lore'ficio

1235 2346 1310 2397 [lta
1322 2346 1462 2397 scripsi
1485 2359 1534 2385 ex
1548 2346 1694 2397 optima
1716 2346 1958 2397 Bernhardyi
1979 2359 2103 2385 emen-

1237 2403 1410 2448 datione,
1437 2404 1544 2441 cuius
1564 2403 1773 2442 doctrinam
1795 2403 1844 2441 de
1863 2401 1952 2442 loco
1966 2402 2107 2442 dubius

1235 2461 1269 2497 in
1286 2459 1489 2498 consilium
1505 2460 1651 2498 vocavi.
1701 2459 1831 2506 Quum
1849 2460 1954 2498 enim
1974 2459 2108 2511 optimi

1235 2517 1349 2555 codd.
1387 2521 1425 2554 et
1460 2520 1551 2554 ante
1587 2521 1828 2568 snper-qesta
1872 2517 2107 2563 omittentes,

1235 2573 1482 2612 delitiscenti
1523 2572 1588 2610 vel
1626 2573 1879 2612 delitescenti
1921 2573 2106 2619 scribant,

1235 2643 1285 2667 ex
1310 2632 1604 2681 ceterorumque
1636 2629 1866 2680 corruptelis
1896 2623 1979 2669 sere
2003 2629 2107 2668 idem

1235 2690 1407 2731 eruatur,
1435 2700 1511 2725 non
1533 2687 1681 2725 dubitat
1711 2686 2002 2726 delitiscentem
2026 2699 2106 2725 cor-

1232 2743 1372 2794 rigere,
1399 2743 1502 2794 quod
1529 2743 1788 2782 clelitiscente
1812 2743 1998 2794 seriptum
2021 2756 2109 2794 pro-

1232 2804 1319 2851 pter
1343 2799 1502 2838 ablativi
1527 2799 1760 2837 vicinitatem
1784 2800 1931 2849 virgula
1959 2800 2109 2838 omissa

1233 2857 1268 2894 in
1296 2856 1566 2902 delitiscente,
1596 2859 1676 2894 tum
1708 2856 1742 2893 in
1769 2855 2019 2896 delitiscenti
2042 2855 2108 2894 ab·

1233 2913 1329 2951 ierit.
1365 2912 1578 2965 Orificimn
1591 2925 1695 2958 vero,
1715 2911 1821 2962 quod
1842 2926 1980 2951 omnes
1994 2913 2107 2950 inter-

1236 2973 1370 3020 pretes
1396 2969 1579 3020 probant,
1610 2967 1774 3006 cistulae
1800 2969 2026 3020 operculum
2059 2968 2109 3007 si-

1237 3026 1419 3077 gnificare
1443 3039 1519 3063 non
1545 3038 1685 3077 posse,
1718 3024 1860 3075 cuique
1884 3029 2012 3076 patet,
2044 3025 2109 3076 qui

1236 3083 1352 3121 huius
1377 3082 1554 3120 vocabuli
1574 3082 1650 3120 vim
1675 3082 1895 3120 accuratius
1919 3082 2108 3134 pernovit.

1237 3139 1310 3176 Est
1341 3139 1441 3176 enim
1471 3139 1615 3190 ubique
1646 3137 1708 3175 vel
1741 3142 1930 3186 angustus
1965 3138 2106 3183 aditus.
