2221 3667
248 699 315 733 394

340 165 423 207 414

593 164 640 204 L.
670 164 891 204 APULEII
921 161 1322 204 MADAURENSIS
1352 159 1898 201 METAMORPHOSEON

341 290 427 316 eum
455 275 596 330 gaudio
615 277 777 332 suscipit
797 278 922 318 deam.
973 274 1059 315 Nec
1080 273 1216 314 obvias
1237 273 1386 327 aquilas
1406 273 1468 314 vel
1487 273 1693 329 accipitres
1712 287 1876 329 rapaces
1894 270 2136 328 pertimescit

339 345 507 386 magnae
534 331 703 394 Veneris
729 347 874 374 canora
899 332 1060 372 familia.

895 547 1336 595 CAPUT
1440 548 1580 596 VII.

451 694 564 736 Tunc
589 708 631 734 se
657 692 832 747 protinus
854 691 901 730 ad
916 689 1021 732 Iovis
1041 691 1175 746 regias
1195 705 1308 732 arces
1329 692 1484 746 dirigit,
1513 692 1578 756 et]
1598 691 1719 746 petitu
1739 691 1906 746 superbo
1925 689 2134 740 Mercurii,

338 751 398 792 dei
431 751 600 800 vocalis,
641 761 783 802 operae
814 747 1080 788 necessariam
1110 761 1270 788 usuram
1303 749 1487 802 postulat.
1536 748 1625 789 hec
1650 748 1782 788 renuit
1805 747 1911 788 Iovis
1937 746 2137 787 caerulum

336 807 600 861 supercilium.
651 804 764 845 Tunc
789 818 914 844 ovans
943 804 1048 844 illico
1074 804 1285 846 comitante
1309 806 1427 846 etiam
1451 804 1654 846 Mercurio
1670 804 1806 845 Venus
1833 804 1941 844 coelo
1967 804 2134 853 demeat,

336 865 449 918 eique
473 863 638 903 sollicite
670 860 768 901 serit
791 860 931 901 verba:
962 859 1108 901 Frater
1130 860 1302 913 Arcadi,
1336 862 1414 903 scis
1441 875 1578 916 nempe
1603 874 1782 902 sororem
1807 868 1913 901 tuam
1938 859 2136 901 Venerem

335 991 521 1028 auct‘pr'tres
533 992 568 1019 F.
586 992 615 1018 1.
639 989 827 1026 ancipitreae
841 991 876 1018 G.
891 986 920 1018 δ.
946 988 1113 1027 ancipites
1126 991 1164 1019 1).

425 1035 516 1063 Iocis
530 1035 642 1072 regias
656 1033 754 1062 arces
767 1036 802 1064 F.
817 1037 847 1064 3.
861 1036 899 1064 R.
915 1035 938 1063 s.
954 1037 990 1064 G.
1003 1037 1042 1064 D.
1055 1037 1139 1065 lunt.
1154 1037 1184 1064 2.
1197 1037 1233 1065 In
1248 1038 1321 1064 cett.
1336 1037 1427 1065 codd.
1442 1039 1471 1065 ct
1485 1037 1555 1065 edd.
1571 1035 1684 1073 regias
1700 1034 1792 1063 lovis
1806 1042 1914 1064 arces.
1963 1034 2092 1071 regiam
2107 1041 2138 1068 p.

328 1081 463 1118 petitae
476 1080 616 1117 superbo
632 1078 802 1108 Men-arei
814 1077 845 1109 δ.
894 1079 1005 1117 operis
1019 1082 1053 1110 0.

1103 1088 1201 1117 opere
1214 1081 1342 1110 Vicent.
1390 1088 1430 1108 ne
1444 1080 1557 1108 renuit
1572 1080 1664 1109 Iovis
1678 1080 1851 1108 cer-aulum
1870 1078 2087 1117 supercilium
2101 1080 2136 1108 Ο.

332 1129 431 1155 Male.
455 1127 601 1155 Evidens
615 1127 839 1155 documentum
853 1126 900 1154 rei
914 1127 1111 1154 constitutae
1125 1127 1211 1161 apud
1224 1128 1333 1155 lovem
1343 1149 1350 1161 ,
1377 1130 1456 1154 nutu
1471 1127 1597 1155 firmare
1611 1128 1663 1155 vel
1678 1130 1762 1155 motu
1783 1130 1953 1155 concutere
1972 1129 2001 1154 et
2022 1128 2138 1153 treme-

333 1171 443 1200 facere
460 1174 597 1200 coelum.
645 1171 829 1198 ventilante
849 1173 883 1198 et
903 1170 1072 1198 Mercurio
1093 1172 1128 1200 0.
1176 1179 1193 1198 e
1213 1170 1303 1199 coelo
1324 1170 1454 1198 demeat
1470 1173 1505 1200 G.
1520 1173 1558 1200 D.
1574 1173 1609 1200 P.
1635 1170 1674 1198 de
1689 1170 1778 1199 coelo
1793 1169 1923 1198 demeat
1940 1171 1960 1199 f.

2009 1167 2141 1197 Arcada·

332 1217 367 1245 F.
384 1218 412 1245 1.
426 1218 456 1246 3.
472 1218 507 1245 B.
528 1221 557 1246 et
578 1217 637 1246 alii
656 1218 746 1245 codd.
767 1224 847 1250 quos
867 1218 946 1245 Oud.
966 1217 1155 1246 accuratius
1174 1225 1238 1246 non
1259 1217 1463 1254 designavit,
1489 1221 1517 1245 et
1533 1225 1643 1246 omnes
1658 1218 1729 1245 edd.
1742 1220 1818 1246 vett.
1833 1220 1909 1245 ante
1922 1215 2138 1245 NVowerinm.

330 1259 493 1299 Arcadis,
521 1263 604 1296 quod
624 1263 656 1291 in
677 1263 754 1291 aliis
774 1265 855 1291 Mss.
876 1262 942 1297 legi
963 1266 1071 1291 enotat
1089 1263 1192 1299 Etru„
1220 1263 1291 1291 sine
1311 1263 1370 1291 fide
1390 1266 1419 1291 et
1439 1263 1603 1291 sententia
1624 1266 1683 1292 est.
1713 1264 1751 1291 In
1771 1262 1889 1292 ceteris
1908 1262 1999 1290 codd.
2019 1261 2139 1296 legitur

330 1304 453 1336 Arcas.
479 1304 614 1336 Archas
627 1309 663 1337 G.
677 1309 716 1336 D.
742 1308 783 1336 ct'.
797 1309 921 1337 Lucan.
933 1309 988 1336 111.
1005 1309 1079 1336 ¹177.

330 1421 371 1456 ut
411 1418 603 1456 adventus
646 1418 746 1458 deae
789 1418 968 1457 omnibus
1011 1418 1206 1458 indicetur.

330 1474 656 1514 Praenuntz'aret
697 1475 808 1526 igitur
843 1475 1106 1526 interpretatio
1144 1479 1207 1513 est

330 1532 429 1569 satis
473 1532 559 1570 trita
601 1535 641 1569 et
684 1532 732 1570 ab
775 1531 929 1582 ingenio
969 1531 1203 1570 librariorum

329 1588 547 1639 profluens,
574 1602 688 1639 quam
715 1588 857 1626 vellem
884 1587 986 1627 Oud.
1013 1603 1089 1627 non
1116 1602 1203 1639 pro-

328 1644 478 1683 basset.
539 1643 717 1683 Ceterum
763 1646 1038 1698 pronuntiare
1085 1646 1200 1683 etiam

324 1702 624 1753 praenuntiare
649 1715 743 1739 esse
768 1715 910 1753 posse,
939 1716 1011 1740 non
1039 1715 1204 1752 negave-

329 1757 417 1803 rim,
439 1758 501 1808 qui
516 1758 655 1803 sciam,
675 1760 836 1810 saepius
850 1760 885 1796 in
901 1758 962 1796 his
977 1759 1204 1809 compositis

329 1812 539 1864 Apuleium
567 1816 741 1853 variasse
767 1815 814 1853 cf.
841 1815 890 1853 ad
915 1814 1012 1853 Met.
1034 1814 1059 1853 Ι.
1080 1829 1117 1867 p.
1143 1819 1203 1855 15.

329 1873 368 1908 et
394 1868 437 1908 ll.
464 1883 500 1921 p.
526 1870 634 1923 165]

387 1926 532 1966 obvias.
593 1926 791 1978 Ingenium
830 1931 1027 1966 ostentare
1063 1928 1203 1966 volens

326 1980 515 2021 Pricaeus
542 1984 726 2023 emendat
753 1985 941 2025 obuncos.
970 1984 1052 2022 Sed
1067 1986 1204 2037 accipi-

328 2043 407 2077 tres
422 2053 497 2078 non
513 2041 639 2079 minus
655 2041 854 2088 obuncae,
883 2055 998 2092 quam
1021 2042 1202 2094 aquilae,

328 2100 366 2134 et
390 2100 578 2147 utraeque
604 2111 699 2136 aves
724 2111 907 2150 rapaces,
935 2112 1034 2149 quas
1048 2098 1203 2137 sibiob-

326 2154 411 2191 vias
444 2152 527 2190 sore
559 2153 661 2192 hand
694 2156 933 2205 pertimescit
964 2155 1202 2193 avicularum

327 2209 480 2248 cohors.
506 2210 569 2248 De
585 2211 743 2250 obunca
758 2213 913 2264 aquila.
941 2211 987 2250 cf.
1003 2211 1139 2250 Heins.
1150 2212 1199 2251 ad

325 2266 433 2315 Virg.
459 2266 559 2306 Aen.
586 2266 654 2305 Xt.
682 2271 776 2308 753.

384 2322 470 2361 (Ἀρ.
500 2322 580 2362 Vll.
627 2326 774 2376 petila.
825 2323 928 2377 [Hac
951 2339 1049 2363 voce
1075 2339 1200 2376 saepe

325 2392 422 2417 usus
437 2384 499 2418 est
512 2379 721 2432 Apuleius.
748 2394 863 2431 quem
889 2386 1020 2420 notum
1047 2386 1109 2420 est
1134 2382 1198 2420 de-

325 2435 468 2474 fectiva
499 2441 658 2487 quartae
689 2437 959 2476 declinationis
991 2440 1025 2476 in
1057 2453 1103 2478 us
1133 2453 1198 2477 no-

323 2493 427 2531 mina
453 2494 691 2544 praeceteris
718 2508 857 2534 amare.
907 2495 970 2533 De
1000 2495 1075 2534 hac
1098 2509 1197 2534 voce

325 2550 372 2589 cs.
403 2549 549 2589 Deder.
582 2552 616 2589 in
648 2551 769 2602 praes.
802 2552 852 2589 ad
886 2551 986 2590 Dict.
1021 2551 1197 2591 Cretens.

323 2620 360 2657 p.
391 2603 542 2646 XLIX.
576 2608 639 2658 qui
675 2607 788 2659 plura
818 2609 977 2660 Apuleii
1014 2609 1197 2660 exempla

324 2668 535 2702 enumerat.
574 2663 676 2702 Dict.
716 2663 816 2703 Cret.
855 2664 920 2704 lV.
959 2669 1021 2705 22.
1062 2667 1197 2717 petila

323 2720 531 2759 Hesionae
543 2735 673 2773 refluo
688 2722 900 2773 imposilas
913 2727 980 2768 est,
1008 2724 1070 2773 qni
1086 2722 1197 2761 locus

321 2776 439 2815 valde
459 2776 697 2828 depravatus
717 2782 790 2817 est.
827 2777 867 2816 ln
888 2792 1001 2828 seqq.
1023 2780 1123 2816 enim
1143 2779 1197 2818 le·

323 2837 417 2883 gunt
442 2834 554 2872 codd.
587 2834 801 2875 Priamum
831 2835 936 2874 male
967 2835 1064 2874 inde
1096 2834 1195 2875 desi-

318 2890 497 2940 pientem
523 2896 692 2931 cunctos
715 2893 930 2944 sanguinis
954 2892 1016 2931 sm'
1035 2893 1197 2931 ιῗηίιινίῐς

322 2946 514 2985 insectari
536 2949 716 2994 solitum,
738 2962 938 3000 pravum
962 2949 1196 2988 insuetam

323 3007 471 3054 atque
515 3009 824 3056 appetentem
867 3005 1041 3050 alieni,
1092 3005 1197 3055 quod

324 3059 478 3108 quidem
505 3061 557 3099 ita
581 3061 748 3100 emendo
776 3063 902 3115 pravi
925 3075 1001 3101 nec
1024 3059 1089 3098 vel
1113 3076 1195 3100 non

322 3116 535 3163 insuetum,
567 3119 671 3169 quod
702 3132 753 3156 ex
785 3118 1025 3170 compendiis
1049 3116 1106 3158 ⁷13
1133 3118 1195 3156 vol

322 3173 351 3210 ἦ
375 3170 490 3210 facile
515 3176 702 3228 corrumpi
720 3178 884 3227 poterat.
914 3175 966 3214 cf.
981 3173 1195 3213 Censuram

1128 1308 1175 1336 sis
1187 1315 1301 1344 nempe
1314 1309 1362 1337 ed.
1377 1316 1424 1344 pr.

1267 1432 1392 1456 meam
1419 1418 1479 1457 ed.
1506 1418 1606 1457 Dict.
1624 1418 1768 1457 Deder.
1788 1418 1823 1456 in
1850 1417 1970 1456 latinii
1995 1415 2136 1456 Annal.

1264 1474 1411 1513 XXlll.
1438 1479 1474 1515 3.
1501 1488 1537 1525 p.
1565 1478 1645 1515 294
1671 1474 1749 1527 sq.]

1320 1531 1505 1571 sellie-lle.
1539 1531 1651 1583 [Erat
1677 1545 1793 1582 quum
1819 1529 2001 1582 equidem
2026 1529 2135 1568 solli-

1263 1589 1343 1627 cita
1360 1602 1429 1640 pro
1456 1588 1633 1627 sollicite
1658 1587 1918 1626 emendarem.
1947 1586 2136 1625 Sollicite

1261 1646 1413 1683 sirecte
1428 1644 1615 1695 explicas,
1641 1648 1703 1683 est
1714 1645 1906 1688 studiose,
1933 1646 2137 1688 accurate,

1266 1701 1370 1751 quod
1387 1702 1458 1739 nisi
1473 1701 1521 1740 ad
1537 1702 1675 1740 indicia
1688 1701 1830 1745 refers,
1858 1700 1999 1750 quibus
2019 1711 2137 1750 agno-

1263 1759 1321 1796 sci
1341 1771 1462 1809 posse
1477 1757 1615 1796 Venus
1630 1757 1830 1809 Psychem
1851 1757 2036 1808 speravit,
2062 1768 2135 1793 non

1263 1815 1400 1859 habet,
1428 1828 1503 1866 quo
1530 1814 1645 1852 modo
1672 1814 1831 1865 intelligi
1860 1816 1986 1864 queat.
2014 1811 2137 1851 Solli-

1264 1873 1347 1910 cita
1379 1885 1470 1909 vero
1502 1875 1563 1909 est
1594 1871 1838 1916 sollicitata,
1876 1870 2002 1909 animi
2033 1882 2136 1908 com·

1263 1933 1390 1973 mota,
1427 1942 1503 1978 qua
1528 1928 1810 1977 significatione
1836 1926 1928 1964 nihil
1957 1925 2137 1976 frequen-

1265 1985 1341 2023 tius
1368 1992 1440 2023 est.
1474 1983 1760 2023 Exacerbatani
1793 1983 1917 2021 fuisse
1939 1982 2136 2020 Venerem

1264 2042 1470 2091 animoque
1501 2045 1712 2085 commoto,
1749 2054 1824 2078 non
1856 2039 1984 2077 solum
2010 2039 2136 2090 priora

1262 2098 1336 2135 sed
1349 2111 1462 2148 seqq.
1480 2097 1595 2135 etiam
1609 2097 1857 2148 apertissime
1873 2095 2135 2148 comprobant.

1261 2154 1349 2193 Nec
1383 2155 1533 2200 dubito,
1567 2155 1654 2204 quin
1687 2154 1740 2192 ita
1772 2165 1929 2205 qnoque
1960 2151 2136 2191 sollicite

1261 2211 1445 2263 explicari
1471 2210 1643 2263 debeat]

1318 2267 1489 2307 Arcadi.
1552 2266 1682 2319 [Hanc
1718 2266 1833 2304 unIce
1871 2278 2001 2303 veram
2041 2276 2134 2301 esse

1260 2326 1489 2376 optimorum
1504 2323 1616 2362 codd.
1632 2323 1837 2361 lectionem
1852 2321 2024 2367 arbitror,
2034 2332 2135 2370 quae

1259 2396 1283 2421 a
1308 2382 1422 2419 docto
1450 2380 1622 2425 librario,
1650 2379 1714 2430 qui
1744 2379 1949 2418 Arcadem
1972 2377 2134 2428 saepius

1259 2438 1441 2477 nominari
1457 2437 1691 2475 Mercurium
1718 2438 1967 2486 cognoverat,
1993 2433 2135 2472 deinde

1257 2497 1292 2533 in
1322 2498 1453 2534 Arcas
1478 2497 1623 2532 mutata
1648 2497 1727 2537 est,
1754 2493 1804 2530 dc
1830 2506 1907 2543 qua
1931 2490 2053 2530 forma
2084 2489 2132 2528 cs.

1258 2551 1357 2590 Toll.
1369 2551 1419 2589 ad
1434 2551 1584 2589 Auson.
1601 2549 1713 2600 Idyll.
1726 2548 1901 2589 V111.21.
1923 2547 1969 2587 cs.
1984 2547 2131 2585 Lucan.

1256 2608 1324 2647 lX.
1337 2612 1429 2648 661.
1445 2606 1545 2646 alibi.
1563 2606 1713 2645 Omnes
1727 2619 1819 2643 vero
1836 2618 1936 2655 qnos
1951 2604 2132 2655 equidem

1255 2665 1333 2703 vidi
1348 2664 1459 2702 locos
1470 2696 1478 2707 ,
1494 2664 1557 2701 ubi
1574 2663 1706 2702 Areas
1720 2662 1904 2700 absolute
1920 2660 2133 2699 nominatur

1256 2721 1487 2761 Mercurius.
1518 2721 1571 2759 ita
1596 2719 1686 2757 milii
1712 2719 1886 2756 videntur
1911 2730 2004 2755 esse
2030 2729 2131 2754 com-

1256 2779 1394 2830 parati,
1421 2780 1461 2815 ut
1479 2777 1640 2815 alterum
1661 2775 1824 2814 sormam
1844 2777 2002 2824 propter
2020 2773 2131 2810 metri

1256 2835 1533 2874 necessitatem
1549 2847 1596 2871 ne
1616 2845 1804 2883 usurpare
1819 2831 1973 2881 quidem
1989 2832 2130 2880 poetae

1256 2891 1461 2943 potuerint.
1510 2888 1668 2928 Deinde
1687 2888 1762 2926 hoc
1782 2889 2019 2925 observasse
2039 2885 2130 2924 mihi

1256 2949 1408 2993 videor,
1435 2945 1754 2990 formamArcas,
1781 2943 2027 2995 potissimum
2053 2943 2129 2980 sin-

1255 3005 1377 3057 gulari
1403 3018 1560 3043 numero
1581 3001 1684 3054 apud
1704 3005 1843 3052 poetas
1862 2998 2128 3038 tantummodo

1255 3063 1290 3100 in
1305 3076 1380 3100 usu
1395 3061 1534 3105 fnisse,
1561 3059 1633 3098 sed
1648 3058 1810 3096 cosdem
1826 3057 2034 3097 Arcadius
2053 3068 2127 3093 non

1253 3120 1467 3170 sprevisse.
1520 3116 1732 3165 Utrumque
1764 3114 1865 3152 enim
1897 3113 2128 3151 adiectivum

1253 3175 1468 3227 parimodo
1484 3173 1614 3212 valuit.
1641 3172 1743 3211 Nam
1769 3172 1889 3216 Stat,
1916 3170 1980 3222 qui
2001 3167 2128 3208 Theb.
