2155 3590
683 183 872 224 LIBER
907 184 1003 223 Vll.

88 296 281 338 natalibus
311 296 392 336 suis
425 296 615 336 fornicem
644 309 939 349 processuram,
980 309 1051 336 nec
1087 296 1128 335 in
1157 294 1321 336 similem
1349 293 1482 346 fugam
1508 293 1514 348 Ι
1541 292 1866 333 discursuramz*
1891 296 1956 328 464

1063 183 1190 223 CAP.
1226 183 1299 222 IX.
1784 180 1864 222 553

86 425 120 452 in
130 447 138 462 ‚
163 425 247 458 quod
259 423 511 461 anteform'cem
525 423 558 451 in
572 423 737 451 nonnullis
751 425 833 451 Mss.
847 428 875 452 et
890 425 958 452 edd.
971 424 1103 458 legitur.
1117 430 1181 451 non
1193 424 1353 456 comparet
1368 421 1400 449 in
1412 421 1448 449 F.
1463 421 1493 449 3.
1507 422 1543 449 G.
1560 422 1589 449 1.
1605 422 1636 448 2.
1649 421 1684 448 P.
1698 421 1736 448 D.
1751 421 1785 448 Ο.
1801 419 1823 449 f.
1837 416 1867 448 ὃ.

85 470 122 498 B.
136 478 166 503 p.
180 470 228 497 ed.
244 469 584 503 pr.Vice11t.Venet.2.
594 469 623 496 4.
638 468 744 496 Paris.
758 468 861 496 Basil.
880 470 906 496 1.
938 475 1181 504 prm-ensuram
1195 469 1234 495 D.
1252 472 1492 503 perpessuram
1508 473 1562 499 pro
1572 471 1807 500 processurum
1817 474 1849 498 φ.
1859 486 1866 497 ,

85 515 170 542 unde
183 514 316 548 colligo,
341 514 374 541 in
393 515 451 541 hoc
471 513 579 541 codice
596 513 631 539 τίι
649 520 712 540 non
727 513 808 545 legi.
835 514 910 546 quia
921 520 1157 549 perpessuram
1172 514 1333 547 glossema
1347 514 1394 539 est
1408 510 1549 538 librarii.
1576 511 1630 543 qui
1644 511 1870 538 accusativum

85 561 170 587 hunc
184 559 347 592 explicare
361 558 426 586 sibi
438 558 553 586 voluit.
600 555 789 585 discurram
800 558 835 586 F.
847 559 911 586 1.3.
921 559 956 586 G.
970 559 996 586 1.
1006 559 1082 586 2.D.
1097 555 1126 586 ὃ.
1142 565 1170 591 p.
1184 556 1415 591 euericent.
1432 550 1482 593 (in
1495 561 1566 584 mea
1579 554 1653 583 edit.
1667 555 1870 582 emendatum

84 607 133 632 est
146 604 180 632 in
192 610 293 638 marg.
307 601 569 638 disc-arsuram.)
583 603 695 631 Venet.
712 604 741 631 2.
777 600 1007 630 discussurum
1020 604 1055 631 Ο.
1078 604 1114 631 In
1128 605 1201 631 cett.
1215 600 1455 629 discursuram.

85 700 222 739 Gloss.
247 713 283 751 p.
311 703 403 740 248.
461 699 519 738 Ita
549 700 757 752 aliquanti
782 713 851 751 pro
877 701 950 739 ali-

87 761 188 808 quot
221 756 268 795 cf.
304 756 438 794 Munk.
475 755 525 794 ad
560 755 671 807 Fulg.
709 756 878 807 Mythol.
903 755 949 795 II.

85 826 124 863 p.
150 816 261 858 681..
294 813 356 862 qui
385 812 549 863 plurima
578 812 762 864 exempla
784 812 950 863 protulit.

84 867 210 906 Huius
233 867 482 919 acyrologiae
510 869 614 918 apud
639 868 812 907 Graecos
837 871 951 907 etiam

85 925 224 963 obviae
247 924 428 975 exempla
453 926 687 963 enumeravit
705 924 877 963 Lobeck.
902 925 953 962 ad

85 981 194 1018 Aiac.
219 993 257 1031 p.
286 984 376 1020 128.
402 980 463 1018 ed.
488 980 614 1032 alten]

137 1037 408 1088 praestinare.
467 1036 632 1082 Quoties
663 1037 954 1088 praestinandi

85 1093 245 1130 verbum
274 1093 511 1131 immutatum
542 1096 604 1131 est
632 1093 668 1131 in
694 1093 814 1137 Mss..
837 1094 952 1131 toties

87 1152 288 1200 peccatum
319 1152 391 1187 est.
449 1149 716 1187 Praestinare
744 1147 885 1187 Plauto
917 1152 956 1186 et

86 1205 257 1255 Apuleio
284 1209 346 1242 est
376 1205 557 1244 rendere.
614 1204 724 1243 Male
753 1205 806 1243 ita
836 1217 954 1255 expo-

87 1261 165 1298 suit
176 1260 372 1302 Roaldus:
396 1273 483 1298 nam
496 1273 622 1299 emere
633 1259 823 1310 significat
834 1273 955 1311 prae-

88 1318 239 1356 stinare
258 1316 307 1354 cf.
322 1316 416 1354 Met.
431 1315 457 1353 I.
480 1330 518 1367 p.
533 1319 597 1355 26.
611 1316 658 1354 id
680 1329 792 1354 omne
812 1329 954 1366 prae-

87 1373 353 1422 stinaturusp.
365 1377 428 1412 74.
439 1372 621 1410 denariis
629 1385 723 1423 pra
732 1373 855 1410 estin
864 1385 918 1410 av
927 1372 953 1409 i.

88 1427 156 1466 IV.
197 1440 234 1478 p.
271 1431 364 1468 273.
404 1428 570 1466 modico
613 1429 957 1479 praestinatae

86 1485 223 1536 pretz'o
260 1484 341 1533 (ubi
370 1483 578 1535 legendum
605 1483 957 1535 praedestinatae)

89 1539 194 1577 vul.
219 1553 256 1591 p.
282 1543 374 1580 569.
405 1540 619 1579 emtoribus
642 1541 957 1591 praestinan-

89 1601 155 1635 tur
177 1609 215 1647 p.
241 1600 336 1636 572.
365 1597 488 1635 nimio
509 1596 798 1648 praestinandi
820 1595 958 1634 studio

88 1651 160 1690 IX.
183 1666 222 1703 p.
248 1656 342 1693 603.
371 1657 486 1691 tanto
510 1652 650 1703 pretio
677 1653 958 1702 praestinam't.

88 1722 128 1760 p.
151 1711 246 1748 613.
272 1708 439 1747 castello
459 1709 791 1759 praestinavit
814 1721 838 1758 p
865 1711 958 1747 607.

84 1766 355 1816 possessiones
374 1765 791 1816 praestinaturus.
839 1763 958 1814 Apol.

91 1834 128 1871 p.
144 1824 235 1862 600.
251 1820 784 1873 ayellumpraestinarit.
830 1818 959 1858 Plaut.

92 1876 202 1927 Capt.
227 1876 293 1915 IV.
320 1881 357 1917 2.
385 1880 449 1916 69.
481 1876 546 1914 ubi
571 1875 619 1914 cf.
643 1875 821 1914 Lindem.
846 1874 960 1927 Epid.

92 1931 138 1971 II.
166 1936 203 1972 2.
228 1937 293 1974 94.
318 1932 465 1971 Pseud.
491 1931 519 1971 I.
546 1936 582 1972 2.
609 1932 691 1985 37.]

146 1990 348 2040 fornicem
358 2001 652 2040 processuram.
700 1986 962 2038 Praepositio-

92 2057 183 2082 nem
223 2045 285 2090 in,
329 2058 445 2096 quam
480 2043 626 2094 aliquot
659 2042 763 2081 Mss.
801 2048 841 2080 et
875 2043 964 2081 edd.

93 2103 326 2151 agnoscunt,
352 2100 580 2138 auctoritate
603 2099 833 2149 optimorum
852 2098 963 2137 codd.

93 2156 217 2200 nisus,
243 2156 427 2206 expunxi,
453 2155 596 2206 quippe
621 2168 721 2205 quae
745 2155 964 2193 emendatio

96 2211 271 2249 videatur
296 2225 390 2249 esse
416 2211 574 2256 librarii,
600 2211 664 2261 qui
689 2224 775 2248 cum
797 2210 965 2262 simplici

95 2269 318 2306 accusativo
345 2268 510 2305 construi
537 2267 612 2305 hoc
635 2267 795 2304 verbum
817 2267 965 2318 ignora-

95 2324 174 2362 bat.
247 2323 365 2362 Cuius
403 2323 700 2362 constructionis
737 2336 970 2374 quamquam

96 2379 201 2418 aliud
230 2380 452 2432 exemplum
482 2379 574 2417 alibi
603 2380 772 2429 reperire
805 2393 878 2417 non
903 2392 970 2430 po-

97 2436 169 2481 tui,
200 2440 328 2474 tamen
361 2449 410 2473 ex
439 2436 591 2486 ingenio
623 2448 710 2473 eam
739 2434 970 2486 profluxisse

97 2490 256 2544 Apuleii
271 2505 502 2544 persuasum
522 2495 602 2537 est,
628 2492 740 2541 quiin
755 2492 838 2528 istis
853 2491 972 2529 multa

97 2550 264 2588 novavit.
313 2545 481 2600 Saepius
505 2547 607 2585 enim
631 2547 735 2597 apud
758 2546 969 2598 Apuleium

98 2605 231 2650 verba,
257 2617 357 2655 quae
370 2609 515 2642 motum
527 2603 753 2653 significant,
781 2616 866 2641 cum
880 2604 969 2640 sim-

98 2659 190 2711 plici
209 2661 433 2699 accusativo
453 2663 723 2698 construuntur
741 2658 789 2697 cf.
809 2659 859 2696 ad
873 2658 972 2698 Met.

97 2715 127 2755 I.
152 2729 189 2767 p.
209 2721 273 2757 24.
301 2716 423 2755 Tacit.
449 2716 550 2754 Hist.
575 2714 635 2753 III.
656 2719 721 2755 85.
786 2715 972 2754 Vitellius

102 2772 343 2812 Aventinum
375 2773 573 2824 defertur.
635 2771 733 2809 Stat.
759 2770 901 2809 Achill.
924 2769 970 2808 Il.

101 2832 197 2869 247.
232 2830 443 2867 mittitur
481 2828 725 2868 Aemoniam.
786 2825 886 2865 Cort.
922 2825 974 2864 ad

99 2883 249 2923 Lucan.
273 2883 301 2922 l.
329 2888 423 2925 687.
450 2887 617 2936 feror
645 2883 813 2936 Libyen.
874 2882 973 2921 Per-

95 2954 308 2993 pessuram
330 2953 422 2978 vero
448 2940 650 2991 glossema
672 2939 799 2977 habeo
821 2938 974 2984 librarii,

103 2997 168 3046 qui
197 2996 357 3034 verbum
381 3010 668 3048 processuram
699 2995 773 3033 loci
804 2998 974 3033 constru-

103 3052 218 3090 ctioni
242 3065 317 3089 non
341 3052 582 3104 respondere
607 3052 848 3103 opinabatur,
873 3049 976 3088 unde

102 3106 210 3146 aliud
227 3108 438 3155 substituit,
463 3108 522 3147 cui
542 3107 711 3160 simplex
730 3107 977 3146 accusativus

105 3175 263 3215 semper
304 3164 455 3203 iunctus
491 3168 563 3204 est.
634 3162 737 3202 oud.
772 3166 976 3215 praeterea

1008 700 1112 739 aliud
1135 702 1397 750 argumentum
1420 696 1577 749 protulit
1599 697 1740 735 hocce:
1771 696 1870 734 Per-

1002 769 1214 808 pessuram
1242 769 1318 793 non
1347 755 1528 806 probatur
1558 754 1606 792 ob
1630 765 1750 790 voces
1777 765 1871 790 con-

1009 814 1136 865 dique
1153 811 1368 855 natalibus,
1394 823 1494 862 quae
1512 810 1677 848 suadent
1694 809 1873 858 ambigue

1007 868 1234 907 sumendam
1268 880 1405 905 vocem
1437 867 1657 918 fornicem,
1691 865 1777 902 sive
1805 876 1874 914 pro

1010 925 1124 962 domo
1157 922 1338 974 laqueata
1366 926 1406 960 et
1428 923 1465 960 in
1492 921 1646 960 lacunar
1667 921 1874 964 incurvata,

1011 979 1136 1031 qualis
1161 983 1222 1017 est
1244 980 1455 1031 potentium
1480 982 1519 1015 et
1543 977 1718 1022 divitum,
1741 975 1814 1014 sed
1838 979 1876 1013 et

1011 1035 1136 1086 qualis
1162 1039 1225 1073 est
1248 1034 1349 1073 cella
1372 1034 1602 1079 meretricia,
1626 1046 1700 1071 seu
1719 1032 1877 1083 lupanar

1011 1091 1194 1129 fornicato
1221 1104 1337 1141 opere
1360 1094 1558 1128 structum.
1617 1090 1672 1127 At
1695 1087 1863 1138 ambigui

1012 1152 1075 1186 tas
1105 1147 1321 1192 tolleretur,
1358 1148 1391 1184 si
1425 1159 1707 1196 perpessuram
1735 1143 1878 1182 substi-

1011 1207 1112 1241 tuas.
1172 1202 1254 1240 Sed
1285 1205 1384 1240 errat
1413 1202 1536 1245 0ud.‚
1568 1202 1655 1251 quia
1686 1213 1735 1238 ne
1762 1212 1879 1238 unum

1013 1258 1169 1308 quidem
1188 1258 1407 1308 exemplum
1426 1261 1559 1308 potest
1577 1256 1726 1302 adduci,
1746 1257 1781 1293 in
1804 1269 1880 1306 quo

1009 1315 1160 1367 fornix
1184 1314 1233 1351 de
1257 1314 1414 1352 divitmn
1440 1313 1617 1350 domibus
1641 1312 1782 1350 dictum
1807 1314 1882 1349 est.

1013 1371 1174 1409 For-nix
1210 1383 1326 1420 quum
1356 1370 1517 1419 primum
1548 1368 1597 1406 de
1626 1372 1817 1405 structura
1844 1367 1881 1404 in

1016 1439 1130 1465 arcus
1159 1426 1316 1464 modum
1347 1428 1504 1463 curvata
1533 1428 1572 1462 et
1603 1424 1691 1461 dein
1716 1423 1766 1461 de
1789 1423 1883 1461 totis

1016 1483 1180 1520 arcubus
1211 1482 1374 1527 dicatur.
1410 1485 1490 1519 tum
1521 1493 1711 1519 cameram
1746 1477 1884 1529 signifi-

1017 1542 1095 1584 cat,
1132 1551 1233 1588 quae
1269 1539 1304 1576 in
1343 1536 1498 1575 fornicis
1523 1537 1680 1574 modum
1710 1539 1792 1573 erat
1821 1546 1885 1572 ex-

1015 1598 1171 1633 structa.
1231 1593 1332 1640 Quia
1354 1607 1446 1631 vero
1470 1593 1694 1631 meretrices
1718 1592 1753 1629 in
1778 1591 1887 1629 hisce

1019 1650 1129 1688 cellis
1172 1651 1377 1688 cameratis
1421 1649 1664 1695 habitabant,
1705 1648 1887 1700 fornices

1017 1707 1309 1745 nominabantur
1354 1705 1457 1756 apud
1497 1709 1653 1742 veteres
1695 1702 1890 1741 domicilia

1018 1764 1257 1801 meretricum
1284 1763 1441 1813 publice
1470 1762 1738 1811 prostantium.
1796 1758 1888 1796 Isid.

1019 1818 1126 1869 Orig.
1145 1818 1195 1856 X.
1215 1822 1305 1859 110.
1331 1819 1594 1857 Fornicarius
1620 1815 1889 1855 Fornicatrio:

1021 1880 1090 1919 est,
1115 1875 1230 1913 cuius
1255 1887 1406 1924 corpus
1426 1873 1637 1925 publicum
1660 1876 1697 1910 et
1720 1871 1890 1921 culpare

1021 1936 1087 1970 est.
1125 1930 1243 1969 Haec
1267 1931 1339 1969 sub
1371 1930 1553 1968 arcuatis
1572 1927 1890 1979 prosterneban-

1020 1993 1101 2031 tur,
1122 1999 1226 2037 quae
1247 1985 1337 2024 loca
1355 1988 1538 2037 fornices
1558 1985 1764 2027 dicuntur,
1784 1981 1892 2021 unde

1022 2047 1062 2081 et
1081 2042 1350 2094 fornicariae.
1399 2040 1519 2078 V.oss
1539 2039 1668 2090 Ety.m
1694 2052 1726 2076 s.
1744 2051 1779 2075 v.
1802 2039 1891 2102 for-

1022 2100 1108 2137 nix.
1158 2097 1296 2135 Gloss.
1310 2096 1464 2135 Philox.
1478 2109 1514 2147 p.
1531 2100 1594 2136 97.
1612 2096 1761 2147 fornia:
1774 2089 1894 2145 πόρνη

1022 2149 1178 2209 καμάοα
1204 2153 1440 2206 fornicaria
1463 2149 1582 2204 πόριη
1607 2150 1684 2190 ἀπο
1708 2146 1894 2201 καμάρας,

1022 2210 1046 2262 ᾑ
1083 2209 1264 2248 [insci-zac..
1313 2209 1496 2260 Excerpt.
1536 2207 1671 2272 Gloss.
1715 2204 1895 2245 Graecol.

1023 2281 1060 2319 p.
1087 2269 1179 2306 320.
1208 2266 1464 2317 fornicarius
1491 2260 1729 2316 πορνοκόπος
1757 2262 1895 2314 forni-

1029 2323 1140 2362 catio
1163 2323 1315 2373 πορνεία
1346 2321 1396 2360 cf.
1421 2320 1557 2359 Gloss.
1584 2319 1714 2371 C3rill.
1738 2332 1775 2369 p.
1802 2320 1894 2358 586.

1027 2377 1142 2416 Wulc.
1166 2390 1203 2428 p.
1223 2382 1288 2418 55.
1314 2376 1447 2415 Horat.
1474 2376 1599 2414 Serm.
1614 2363 1641 2414 I.
1662 2380 1699 2416 2.
1719 2378 1782 2415 30.
1809 2373 1897 2412 Intt.

1029 2434 1080 2472 ad
1098 2433 1227 2472 luven.
1248 2432 1311 2471 lll.
1334 2437 1425 2474 156.
1445 2431 1513 2470 VI.
1530 2436 1620 2472 130.
1639 2431 1750 2482 Lips.
1771 2429 1897 2468 Elect.

1028 2490 1057 2530 l.
1078 2493 1128 2537 3.,
1152 2489 1256 2528 unde
1278 2490 1422 2542 full-qo
1442 2489 1618 2541 fornict's
1641 2487 1782 2525 Senec.
1801 2484 1900 2523 Con-

1025 2551 1120 2585 trov.
1136 2544 1163 2585 I.
1179 2550 1217 2586 2.
1241 2550 1355 2590 extr„
1380 2545 1470 2596 quia
1493 2545 1768 2582 subterraneae
1794 2542 1901 2579 erant

1027 2607 1068 2641 et
1091 2602 1196 2641 olida
1219 2601 1377 2640 lucerna
1401 2600 1721 2638 illuminabantur.
1769 2597 1836 2635 luv
1839 2609 1900 2634 en.

1027 2658 1097 2697 XI.
1126 2663 1218 2698 171.
1250 2658 1365 2697 olido
1394 2657 1593 2709 fornice
1616 2655 1769 2694 nudum
1792 2658 1902 2691 stans

1028 2715 1286 2766 mancipium.
1335 2713 1436 2752 Hinc
1460 2715 1635 2777 apparet.
1660 2724 1736 2748 non
1761 2709 1811 2747 ad
1832 2708 1903 2746 do-

1029 2784 1133 2809 mum
1173 2770 1347 2820 regilem
1384 2769 1538 2818 virginis
1575 2766 1761 2806 adludere
1796 2765 1905 2814 Apu-

1030 2825 1160 2872 leium,
1185 2826 1260 2864 sed
1274 2825 1323 2863 ad
1337 2824 1465 2863 solam
1484 2823 1624 2862 cellam
1637 2820 1905 2866 meretriciam,

1032 2895 1148 2933 quam
1171 2882 1312 2920 ironice
1338 2880 1566 2930 condignam
1598 2878 1682 2915 suis
1712 2876 1906 2915 natalibus

1033 2938 1140 2984 dicit,
1173 2939 1262 2988 quia
1286 2939 1338 2975 ita
1367 2935 1503 2974 ultioni
1534 2934 1721 2972 latronum
1751 2931 1907 2970 satisfa-

1033 3007 1122 3032 cere
1162 2994 1371 3037 videretur,
1413 2995 1455 3029 ut
1495 2989 1629 3042 puella
1665 2988 1907 3027 nobilissimo

1032 3048 1120 3089 loco
1151 3054 1242 3088 nata
1271 3050 1368 3086 inter
1397 3050 1593 3085 extremae
1622 3046 1740 3084 sortis
1769 3043 1908 3097 prosti-

1033 3104 1125 3145 bula
1150 3102 1445 3155 detruderetur]

1091 3162 1378 3202 discursuram.
1439 3157 1559 3210 [Mira
1588 3161 1652 3197 est
1680 3156 1910 3208 optimorum
