2155 3590
639 115 826 156 LIBER
855 116 929 157 VI.
988 115 1115 157 CAP.
1146 115 1265 157 VIII.
1291 112 1367 155 IX.
1398 148 1402 151 ⁴
1797 113 1879 155 419

94 240 256 268 cancros
297 227 374 267 iam
415 226 521 282 ipsos
559 227 812 280 obhaesisti,
853 229 991 270 datura
1028 228 1179 271 scilicet
1218 233 1391 269 actutum
1433 231 1566 267 tantae
1610 223 1877 270 contumaciae

92 297 250 339 poenas.

660 412 1098 459 CAPUT
1200 412 1305 459 IX.

196 530 252 571 Et.
286 531 488 572 audaciter
522 532 561 572 iu
599 532 758 586 capillos
795 533 879 573 eius
917 532 1093 573 immissa
1123 546 1262 583 manu,
1300 530 1482 572 trahebat
1516 543 1602 570 eam
1632 541 1877 583 nequaquam

86 587 334 628 renitentem.
385 587 512 641 Quam
547 588 612 628 ubi
649 589 814 642 primum
851 589 1047 629 inductam
1086 589 1332 642 oblatamque
1367 587 1442 627 sibi
1478 585 1685 639 conspexit
1716 584 1874 636 Venus,

84 643 337 684 laetissimum
378 645 609 684 cachinnum
647 645 817 696 extollit,
841 644 848 700 l
869 652 908 685 et
943 646 1096 699 qualem
1133 646 1261 686 solent
1296 646 1498 685 ferventer
1532 642 1646 693 irati,
1686 648 1877 696 caputque
1902 644 1964 678 397

82 769 249 799 ᾗιιόεείεῐί
260 780 315 806 pro
329 771 530 807 adhaesisti,
544 776 579 802 ιιι
595 774 752 808 plurimae
766 774 835 802 edd.
850 776 980 809 liabent,
996 775 1066 803 F.1.
1080 776 1110 803 3.
1124 782 1153 809 p.
1168 775 1203 803 Ο.
1216 781 1238 802 a
1248 781 1289 802 m.
1304 781 1333 808 p.
1346 780 1451 807 neque
1464 779 1541 801 vero
1552 773 1588 800 G.
1599 793 1606 806 ‚
1620 773 1655 800 ut
1669 770 1704 798 in
1715 769 1878 805 excerptis

81 818 178 853 oud„
205 818 259 851 qui
270 819 365 847 habet
378 816 442 846 Ιιέε
455 818 518 846 istu·
528 818 560 847 id
573 822 623 848 est
634 817 737 846 habes
751 818 812 846 istu·
823 823 854 847 ut
868 821 903 847 P.
919 822 948 847 et
962 820 999 847 D.
1025 818 1118 855 ι’,υεαε
1131 817 1193 847 lace
1206 818 1269 846 istu·
1280 818 1303 847 f.
1349 816 1471 846 haeres
1484 824 1540 852 pro
1555 813 1748 843 adhaemn·
1761 816 1799 843 Β.
1848 813 1880 842 ει·

81 861 161 889 licet
173 863 207 891 0.
256 866 392 890 actuum
408 864 525 892 vitiose
539 864 663 898 Yicent.
713 866 834 891 tantae
848 863 1081 891 contumaciae
1093 865 1128 893 F.
1143 866 1173 893 3.
1188 866 1224 893 G.
1238 865 1276 893 D.
1293 863 1313 892 f.
1337 865 1374 892 In
1386 866 1460 892 cett.
1474 861 1710 890 contumaciae
1726 862 1856 888 tantae.

170 907 273 935 missa
285 916 388 935 manu
401 906 429 938 ὃ.
477 908 698 946 nequicquam
716 908 839 937 frustra
858 908 995 937 coniecit
1010 910 1147 938 Tollius.
1196 907 1406 936 remitentem
1422 909 1537 937 venet.
1550 908 1582 934 2.
1629 908 1667 934 nt
1679 905 1827 942 primum
1846 901 1877 934 δ.

81 953 138 981 sed
152 952 192 981 cf.
207 955 320 981 Met.1.
336 961 364 987 p.
380 955 432 982 80.
443 975 450 989 ,
475 954 530 982 uhi
544 955 612 982 cod.
627 951 655 983 ὃ.
670 956 775 982 solum
789 954 874 982 idem
886 953 993 982 variat
1018 954 1057 982 cf.
1076 954 1193 983 lustin.
1206 955 1243 983 11.
1260 955 1311 982 10.
1325 954 1410 981 Duk.
1424 954 1465 981 ad
1477 953 1549 981 Liv.
1563 952 1663 981 XXV.
1676 952 1730 980 27.
1779 949 1875 977 obla-

81 999 216 1034 tamque
230 997 434 1026 sv'biscn'licet
446 998 621 1034 conspexit
635 1000 673 1027 D.
720 997 922 1026 latissimum
937 1000 975 1027 R.
990 998 1011 1027 f.
1024 1000 1060 1028 0.
1074 999 1136 1034 (ex
1148 999 1322 1028 collatione
1336 996 1508 1032 Gronovii)
1526 998 1611 1026 Elm.
1631 999 1661 1025 et
1679 996 1751 1025 edd.
1764 994 1878 1025 Colvio

78 1043 284 1077 posteriores.
302 1045 339 1072 ln
353 1044 488 1078 reliquis
503 1045 592 1072 codd.
608 1047 637 1073 et
650 1045 720 1073 edd.
734 1047 811 1073 vett.
821 1066 828 1079 ,
843 1047 876 1072 ut
890 1044 924 1072 in
936 1044 972 1073 F.
984 1045 1051 1071 1.3.
1068 1045 1103 1073 G.
1117 1046 1154 1072 B.
1168 1045 1206 1073 D.
1219 1043 1369 1078 equidem
1380 1043 1504 1079 inveni,
1521 1040 1754 1070 laetissimum.
1791 1039 1879 1069 solet

76 1087 203 1117 Vicenl.
218 1088 344 1125 vitiose.
382 1088 591 1127 frequenter
603 1088 692 1116 irati
702 1090 737 1118 F.
752 1090 783 1118 3.
809 1088 886 1122 (sed
898 1089 932 1116 in
945 1089 1091 1123 margine
1104 1091 1144 1117 ab
1159 1090 1271 1117 eadem
1284 1095 1397 1116 manu:
1414 1087 1582 1127 furenter
1595 1084 1703 1122 1‘ratt‘)
1735 1087 1771 1115 G.
1787 1086 1824 1115 Ρ.
1836 1086 1876 1115 1).

29 1167 31 1169 ι
77 1131 99 1161 f.
114 1134 158 1161 M.
173 1140 208 1160 tt.
233 1133 536 1172 Iriceri.fercenler
549 1130 578 1162 δ.
594 1133 761 1173 furenter
770 1134 806 1162 F.
826 1135 851 1162 l.
866 1134 902 1162 B.
917 1136 945 1162 et
960 1141 1070 1162 omnes
1084 1134 1152 1162 edd.
1167 1137 1244 1162 vett.

25 1290 29 1294 ¹
76 1240 196 1281 Voss.
212 1242 246 1280 in
261 1241 388 1293 Etym.
403 1256 434 1281 s.
452 1256 483 1280 v.
500 1243 674 1281 cancelli
687 1246 725 1281 et
739 1243 944 1282 colonium

25 1320 27 1322 ·
74 1311 111 1350 p.
129 1301 218 1338 118.
240 1297 347 1337 Fest.
361 1312 393 1336 s.
409 1313 442 1337 v.
464 1312 613 1337 cancer
626 1312 662 1350 p.
678 1303 743 1339 35.
771 1299 942 1338 cancri

75 1354 318 1394 dicebantur
342 1355 392 1394 ab
419 1355 610 1407 antiquis,
639 1356 709 1407 qui
733 1369 841 1394 nunc
862 1368 943 1406 per

74 1410 382 1449 deminutionem
397 1411 583 1450 cancelli.
597 1410 762 1462 Buleng.
772 1411 821 1449 de
832 1410 941 1448 Circo

70 1465 184 1504 Rom.
198 1480 229 1506 c.
247 1471 309 1507 10.
324 1468 358 1505 in
375 1467 515 1506 Graev.
532 1466 651 1505 Thes.
665 1468 795 1519 Antiq.
812 1466 858 1506 T.
872 1466 939 1505 lX.

71 1534 110 1574 p.
124 1525 218 1563 618.
243 1522 304 1561 Ex
324 1522 391 1580 ‘his
416 1524 593 1562 omnibus
613 1528 745 1575 potest
764 1523 939 1574 intelligi,

71 1592 184 1630 quam
210 1592 327 1630 prave
353 1581 518 1631 egerint,
550 1580 614 1631 qui
647 1594 818 1620 cancros
841 1593 940 1617 voce

69 1633 132 1673 hic
156 1639 291 1686 putant
309 1634 484 1674 alludere
502 1640 697 1675 auctorem
718 1636 767 1675 ad
780 1635 940 1675 brachia

12 1726 20 1737 „
70 1705 292 1730 cancrorum
319 1692 474 1743 forcipis
500 1706 625 1738 more,
658 1706 773 1744 quum
801 1706 938 1731 omnes

68 1746 106 1786 hi
122 1748 320 1787 videantur
343 1749 588 1800 neglexisse,
616 1749 766 1789 Orcum
786 1749 849 1787 hic
866 1763 936 1801 pro

67 1801 234 1843 Plutone
254 1805 345 1850 dici,
371 1806 420 1843 de
440 1820 516 1857 qua
530 1805 638 1844 vocis
658 1806 937 1856 significatione

67 1860 142 1898 iam
160 1875 279 1912 supra
297 1862 513 1900 accuratius
532 1862 676 1900 dictum
696 1866 758 1900 est
776 1861 827 1900 ad
841 1861 936 1899 Met.

64 1914 129 1956 ΠΙ.
156 1930 191 1968 p.
221 1914 337 1971 190.]

126 1973 356 2013 oblittesisti.
405 1973 480 2026 [Ita
516 1988 567 2012 ex
604 1978 783 2026 corrupta
819 1974 932 2013 codd.

63 2027 230 2068 lectione
249 2029 285 2068 in
303 2033 450 2068 textum
468 2031 614 2081 recepi,
642 2030 746 2081 quod
763 2034 852 2069 ante
872 2043 934 2068 me

65 2087 140 2124 iam
164 2084 266 2124 Oud.
293 2087 520 2125 coniecerat.
560 2086 792 2126 Obhaerere
817 2100 934 2137 quum

64 2142 184 2180 rarius
209 2141 313 2193 apud
338 2146 428 2180 vett.
455 2143 491 2180 in
517 2156 591 2181 usu
616 2143 684 2187 sit,
716 2146 754 2180 et
778 2143 848 2188 ab,
882 2144 933 2181 ob

65 2201 103 2235 et
117 2198 175 2236 acl
187 2197 222 2235 iu
237 2198 465 2249 compositis
479 2199 639 2250 saepius
654 2198 934 2238 confundantur

63 2253 111 2292 cf.
125 2253 176 2292 ad
188 2253 284 2292 Met.
299 2253 368 2293 IX.
385 2267 420 2304 p.
438 2258 529 2295 639.
549 2259 628 2292 tuin
649 2255 933 2294 oblzaerescere

64 2310 199 2355 verbe,
226 2311 299 2348 n1si
325 2310 451 2357 fallor,
477 2311 671 2362 Apuleius
695 2311 807 2349 solus
833 2324 929 2350 usus

63 2368 114 2404 sit
137 2365 233 2405 Met.
257 2365 321 2405 VI.
347 2381 384 2419 p.
414 2371 503 2408 404.
531 2367 645 2419 quod
664 2369 819 2419 passim
842 2368 929 2406 stir-

57 2422 181 2474 pibus
217 2437 447 2463 conncoeum
491 2423 817 2469 obhaerescit,
866 2424 929 2462 ubi

63 2479 177 2516 etiam
213 2480 360 2518 variant
395 2479 525 2526 codd.,
557 2493 631 2517 non
664 2479 852 2526 dubitavi,
892 2479 932 2518 id

21 2576 25 2577 ⁷
59 2535 292 2574 vocabulum
317 2536 487 2587 Apuleio
512 2537 726 2574 restituere.
751 2535 818 2574 Ad
841 2549 929 2574 sen-

58 2592 215 2630 tentiam
241 2593 326 2630 sine
350 2592 466 2631 dubio
492 2590 737 2643 aptissimum
764 2591 860 2644 est]

118 2646 206 2688 CAP.
231 2645 302 2688 lX.
350 2648 564 2689 audaciter
583 2650 622 2687 in
644 2648 822 2700 capillos
847 2649 930 2688 eius

59 2705 228 2744 immissa
254 2719 386 2744 manu.
447 2704 510 2758 [Iu
554 2705 719 2756 capillos
751 2704 927 2742 inimicae

0 2753 5 2765 ²
59 2760 249 2808 involare,
264 2765 304 2800 ut
319 2762 462 2800 nostris
476 2760 719 2806 mulieribus,
738 2761 792 2799 ita
806 2760 926 2799 Grae-

0 2811 25 2862 ⁴.
60 2817 115 2854 cis
141 2830 294 2869 quoque
320 2822 358 2856 et
369 2818 558 2856 Romanis
577 2819 758 2856 usitatum
779 2817 926 2856 videtur

10 2907 13 2922 3
58 2872 201 2920 fuisse,
233 2873 388 2924 quando
419 2875 474 2913 ira
499 2873 811 2913 effervescebant
836 2887 921 2923 gra-

20 2962 24 2979 f
58 2930 229 2968 vissima.
254 2929 371 2969 Plura
396 2931 579 2981 exempla
601 2929 827 2981 suppeditat
839 2928 923 2968 Pri-

32 3018 35 3019 .
60 2998 180 3024 cacus
227 2985 275 3025 cs.
306 2987 435 3025 statim
460 2987 558 3026 infra
586 3000 622 3038 p.
650 2990 742 3026 398.
770 2987 925 3025 incolat

59 3054 146 3080 eam
176 3071 237 3082 ...
273 3044 563 3096 capilloque
600 3043 848 3082 discisso
886 3046 924 3081 ct

8 3135 9 3138 ,
58 3099 194 3149 capite
220 3105 503 3153 conquassato.
530 3098 684 3138 Terent.
700 3097 797 3138 Eun.
815 3099 862 3137 V.
884 3104 921 3140 2.

1003 1247 1066 1283 20.
1093 1243 1164 1281 cicc
1188 1257 1247 1281 me
1272 1243 1478 1288 contineo,
1513 1242 1608 1294 quin
1636 1240 1806 1280 involem
1830 1241 1875 1279 in

1006 1299 1230 1350 Capillum,
1256 1303 1490 1342 monstrum,
1504 1297 1567 1335 ubi
1582 1297 1762 1335 Donatus
1776 1295 1875 1336 haec

1000 1354 1123 1393 addit:
1150 1355 1292 1394 Minae
1305 1355 1404 1393 istae
1411 1354 1618 1405 propriae
1628 1354 1875 1405 feminarum

1000 1416 1109 1457 sunt,
1135 1416 1173 1450 et
1197 1412 1238 1449 in
1263 1424 1302 1449 se
1323 1414 1361 1449 et
1379 1411 1421 1448 in
1442 1409 1547 1448 alios
1565 1409 1770 1462 nnyue'bzts
1789 1421 1872 1447 sae-

999 1468 1199 1506 vientium.
1227 1466 1274 1505 cf.
1300 1466 1495 1504 Burn1.ad
1508 1464 1770 1504 Anthol.Lat.
1786 1462 1831 1503 T.
1845 1463 1871 1502 I.

999 1537 1037 1575 p.
1064 1527 1157 1564 502.
1185 1527 1278 1565 684.
1305 1526 1344 1560 et
1374 1522 1422 1560 ad
1453 1521 1632 1574 Propert.
1658 1519 1720 1559 111.
1749 1525 1783 1561 6.
1811 1519 1871 1573 5.]

1057 1579 1322 1619 laetiSsimum.
1350 1577 1479 1631 [Hanc
1493 1578 1710 1624 lectionem,
1721 1577 1872 1628 quaein

999 1636 1155 1688 optimis
1171 1636 1275 1674 libris
1290 1638 1501 1685 comparet,
1527 1635 1561 1672 in
1577 1638 1686 1673 textu
1698 1632 1871 1685 reposui,

998 1706 1113 1744 quem
1141 1693 1284 1731 diutius
1305 1691 1422 1730 ceteri
1447 1691 1617 1729 editores
1639 1689 1871 1729 contamina-

998 1753 1141 1788 verant.
1180 1748 1309 1795 Quum
1330 1749 1430 1786 enim
1451 1747 1484 1784 in
1507 1747 1657 1799 aliquot
1681 1746 1871 1785 inferioris

999 1809 1112 1844 notae
1157 1805 1268 1844 codd.
1314 1804 1465 1855 legatur
1507 1804 1759 1849 latissimum,
1796 1815 1869 1841 nec

998 1861 1127 1900 solum
1141 1861 1245 1913 apud
1259 1864 1413 1899 ceteros
1427 1860 1650 1912 scriptores,
1664 1859 1736 1897 sed
1752 1859 1869 1897 etiam

993 1917 1097 1970 apud
1122 1916 1332 1969 Apuleium
1363 1918 1490 1968 ipsum
1523 1916 1736 1955 latissimus
1765 1916 1869 1954 risus

993 1974 1229 2019 inveniatur,
1277 1976 1414 2025 putant
1457 1972 1539 2017 isti,
1588 1971 1663 2010 hoe
1711 1984 1869 2022 quoque

995 2031 1080 2069 loco
1105 2030 1207 2068 idem
1229 2043 1323 2067 esse
1342 2027 1620 2080 recipiendum,
1648 2028 1751 2079 quod
1766 2026 1866 2065 Elm.

995 2089 1198 2138 praeterea
1212 2086 1300 2124 inde
1315 2085 1559 2136 comprobat,
1588 2085 1677 2135 quia
1696 2083 1865 2122 furenter

994 2143 1100 2181 iratis
1115 2143 1244 2182 laetas
1258 2141 1467 2180 cachinnus
1482 2154 1555 2179 non
1572 2141 1784 2179 conveniat.
1800 2139 1864 2178 De

994 2199 1101 2238 laeto
1117 2198 1320 2238 cachinno
1342 2197 1512 2249 quidque
1531 2196 1721 2248 significet
1746 2210 1864 2248 quum

992 2255 1155 2293 dubitari
1171 2258 1355 2306 nequeat,
1384 2254 1510 2292 omnia
1532 2253 1732 2304 exempla,
1760 2265 1862 2303 quae

989 2311 1228 2362 protulerunt
1246 2312 1496 2361 interpretes,
1519 2310 1694 2348 omittere
1709 2309 1861 2347 omnino

989 2381 1161 2418 possum.
1195 2367 1337 2414 Quidni
1358 2366 1485 2406 laetus
1505 2365 1716 2405 cachinnus
1743 2367 1862 2404 iratae

990 2425 1167 2462 convenit
1181 2423 1336 2469 Veneri,
1353 2437 1452 2474 quae
1468 2437 1584 2474 quum
1599 2423 1662 2461 diu
1678 2421 1860 2459 sollicite-

990 2494 1066 2532 que
1086 2480 1302 2532 quaesitam
1325 2479 1523 2531 l‘sychem
1544 2479 1698 2517 demum
1717 2477 1859 2524 videat,

989 2537 1130 2588 gaudio
1158 2538 1269 2588 quasi
1294 2536 1450 2575 ultionis
1477 2540 1515 2573 et
1540 2548 1692 2586 poenae
1718 2534 1859 2572 diutius

989 2594 1197 2644 requisitae
1212 2592 1430 2644 gestiebat?
1446 2592 1496 2630 Et
1509 2593 1541 2629 si
1557 2591 1604 2629 ad
1619 2592 1670 2628 rei
1685 2594 1859 2627 naturam

989 2649 1230 2701 respexeris,
1256 2663 1386 2687 nonne
1412 2649 1454 2694 ii,
1481 2648 1545 2699 qui
1571 2647 1857 2685 ferventissime

986 2707 1216 2751 irascuntur,
1243 2707 1295 2744 ita
1321 2704 1539 2743 cachinnari
1564 2703 1712 2748 solent,
1744 2703 1856 2753 quasi

983 2763 1125 2813 gaudio
1152 2762 1312 2801 delibuti
1339 2763 1476 2799 essent
1500 2764 1539 2798 et
1564 2773 1613 2797 ex
1638 2759 1768 2796 intimo
1788 2772 1856 2811 pe-

984 2823 1089 2858 ctore
1109 2818 1367 2858 laetarentur?
1392 2817 1492 2856 Hinc
1517 2816 1662 2854 retineo
1689 2815 1855 2854 laetissi-

983 2889 1095 2915 mum.
1133 2874 1285 2913 Referri
1311 2873 1384 2912 liuc
1399 2887 1471 2911 non
1487 2876 1619 2923 potest
1633 2870 1855 2922 exemplum

980 2930 1099 2982 Apul.
1114 2930 1210 2969 Met.
1226 2930 1277 2969 X.
1296 2945 1333 2982 p.
1351 2934 1441 2970 707.
1469 2928 1531 2968 Ac
1552 2928 1645 2967 dein
1667 2929 1750 2967 risu
1769 2928 1855 2979 ipse

984 3001 1146 3040 quoque
1161 2986 1423 3026 latissimoad
1437 2999 1561 3037 usque
1574 2985 1854 3024 intestinorum

982 3044 1166 3083 dolorem
1174 3043 1377 3089 redactas,
1386 3042 1700 3092 ubi,quamquarn
1710 3039 1853 3079 laetum

983 3099 1107 3140 fuisse
1132 3100 1233 3139 hunc
1257 3099 1373 3138 risum
1397 3111 1468 3150 per
1486 3111 1533 3135 se
1546 3100 1697 3150 pateat,
1722 3099 1851 3136 tamen

1478 3165 1567 3208 27*
