2155 3590
621 144 809 186 LIBER
837 145 913 188 IV.
969 144 1098 186 CAP.
1129 142 1297 186 XXXI.
1769 143 1850 186 291

38 261 178 317 ¹idque
209 265 328 299 unum
358 265 397 299 et
426 273 495 313 pro
526 258 705 299 omuibus
739 259 894 300 unicum
918 259 1056 301 volens
1085 258 1212 300 effice.
1262 254 1390 310 Virgo
1422 255 1498 296 ista
1523 269 1656 296 amore
1682 254 1852 310 flagran-

0 353 11 362 .
63 315 422 358 tissimo'teneatur
445 315 612 356 hominis
637 316 822 366 extremi,
851 330 963 370 quem
989 323 1028 357 et
1052 313 1254 371 dignitatis
1279 319 1318 353 et
1341 311 1566 367 patrimonii
1590 311 1706 353 simul
1730 319 1770 352 et
1792 312 1853 352 in-

65 372 298 413 columitatis
328 372 450 426 ipsius
481 373 640 412 fortuna
670 372 891 423 damnavit,
926 380 1081 426 tamque
1110 370 1254 421 infimi,
1287 376 1331 410 ut
1360 382 1430 424 per
1460 375 1582 409 totum
1613 368 1746 409 orbem
1773 382 1853 408 non

63 429 237 470 inveniat
261 428 444 469 miseriae
468 442 563 469 suae
589 442 824 483 comparem.
877 428 943 470 Sic
968 430 1083 470 effata
1109 435 1149 469 et
1172 425 1316 468 osculis
1341 425 1539 465 hiantibus
1569 424 1690 465 fitium
1716 424 1781 465 diu
1806 438 1851 464 ac

62 485 236 541 pressule
251 485 404 526 saviata
418 485 618 540 proximas
638 483 734 525 ‘oras
761 485 872 526 reflui
892 484 899 542 Ι
920 486 1063 526 littoris
1089 482 1446 539 petit‚‘plantisque
1466 481 1593 522 roseis
1612 481 1852 521 vibrantium
1877 486 1941 519 307

62 542 244 594 fluctuum
274 556 426 583 summo
458 556 548 583 rore
579 541 750 592 calc-ato,
789 556 880 584 eece
910 542 987 583 iam
1017 541 1200 597 profundi
1230 539 1351 580 maris
1382 539 1479 580 sudo
1512 538 1660 578 resedit
1683 538 1850 590 vertice,

55 645 120 674 pro
135 636 282 665 omnibus
296 638 331 666 F.
344 639 375 665 3.
389 639 424 665 G.
442 638 469 666 1.
485 639 514 665 2.
530 638 565 666 Ρ.
579 639 612 666 Ο.
628 637 649 666 t'.
674 637 779 666 Ceteri
791 637 881 666 codd.
896 641 925 666 et
939 638 1009 666 edd.
1025 644 1112 673 prae
1125 634 1285 664 omnibus.
1335 633 1466 662 unicam
1487 635 1523 662 G.
1536 635 1567 662 2.
1581 634 1621 662 D.
1668 629 1762 669 ςθῗεί
1773 634 1808 661 G.
1825 633 1856 662 1.

60 685 92 712 2.
105 684 143 711 D.
156 683 192 711 P.
212 690 242 717 p.
281 681 564 722 fraglantissimo
583 684 620 711 G.
637 684 664 712 1.
683 683 782 712 solita
800 683 1014 711 aberratione.
1061 685 1093 710 et
1107 686 1182 711 ante
1196 679 1373 718 dignitatis
1387 686 1553 714 perperam
1567 678 1687 707 excidit
1702 688 1719 707 e
1732 677 1856 706 Floridi

61 727 216 764 editione,
231 731 342 756 contra
355 728 489 762 Apuleii
503 728 631 756 dicendi
645 728 812 756 rationem.
860 726 1106 755 incolumitatis
1117 743 1155 747 -
1167 725 1320 754 inveniat
1331 726 1466 754 exulant
1479 724 1512 752 in
1526 725 1562 752 G.
1580 725 1607 752 1.
1622 724 1678 752 sed
1693 730 1713 752 a
1725 730 1765 751 m.
1779 731 1805 751 s.
1821 723 1856 750 in

59 773 204 809 margine
223 777 298 802 sunt
317 775 479 808 suppleta.
525 771 734 800 columnatis
748 781 776 807 p.
792 782 824 806 φ.
872 780 1015 810 numque
1027 772 1092 812 inf.
1105 774 1219 801 Venet.
1234 774 1264 800 4.
1309 768 1419 806 infimi
1430 771 1465 798 G.
1485 770 1511 798 1.
1525 776 1546 798 a
1558 777 1598 798 m.
1611 776 1638 798 s.
1652 769 1688 797 B·
1703 777 1736 802 φ·
1749 775 1779 802 l)-
1795 768 1856 797 Ce-

60 818 120 847 teri
133 819 222 847 codd.
241 822 271 847 et
291 819 361 848 edd.
378 822 455 847 vett.
475 826 587 847 omnes
605 820 760 854 praebent
779 814 917 854 infirmi.
965 815 1084 854 offam
1097 815 1126 846 ὃ.
1174 816 1281 845 oculis
1301 818 1336 845 G.
1355 817 1381 844 1.
1397 817 1428 844 2.
1442 816 1480 843 D.
1497 823 1526 849 p.
1572 812 1785 841 vibrantibus
1800 821 1856 847 pro

59 856 231 891 hiantibus
244 865 279 892 Β.
311 862 498 900 pressulem
512 865 548 892 G.
565 865 592 892 1.
629 862 768 891 sabinia
781 864 816 892 F.
831 865 861 891 3.
877 865 912 892 G.
929 865 957 892 1.
973 866 1002 891 2².
1018 862 1055 890 D.
1069 864 1105 891 P.
1120 859 1148 891 δ.
1164 866 1239 891 nota
1253 861 1443 890 vastatione.
1480 857 1585 887 horas
1601 860 1637 887 G.
1656 860 1682 887 1.
1695 859 1809 887 Venet.
1824 859 1854 887 2.

59 907 191 936 lictoris
205 910 240 937 G.
256 911 285 938 2‘.
299 910 337 937 D.
352 916 371 937 a
385 917 426 938 m.
440 917 470 944 p.
515 911 609 945 petet
625 910 739 937 venet.
759 910 789 937 2.
837 909 944 936 ruscis
962 909 1090 937 vicent.
1137 914 1262 935 summo
1277 914 1356 933 rore
1370 904 1504 932 calcato
1524 905 1561 933 F.
1574 906 1604 933 3.
1617 900 1662 933 '.G
1679 905 1707 933 1.
1722 905 1752 932 2.
1766 904 1802 932 P.
1816 904 1854 932 D.

59 954 93 983 0.
109 963 142 987 φ.
157 953 178 983 f.
205 954 310 983 Ceteri
329 956 417 983 codd.
437 958 465 982 et
487 955 556 983 edd.
577 958 655 983 vett.
675 961 834 981 summum
855 961 966 981 rorem
987 952 1146 981 calcat-it.
1171 954 1207 981 ln
1220 953 1256 981 F.
1276 954 1302 980 1.
1321 952 1442 987 legitur
1461 957 1586 978 summo
1600 956 1679 976 rore
1692 947 1854 985 calcavit,

59 1000 142 1033 quod
162 1000 382 1035 negligentiae
400 999 529 1028 cuidam
548 1000 779 1035 Lindenbrogii
797 1001 944 1028 lubenter
963 998 1144 1033 tribuerim,
1171 998 1226 1032 qui
1246 997 1408 1032 prioribus
1427 995 1600 1024 vocabulis
1625 994 1855 1030 redintegratis

59 1045 222 1079 posterius
247 1045 418 1073 emendare
444 1044 563 1073 omisit.
595 1047 633 1074 ln
651 1047 735 1073 lunt.
755 1046 787 1073 2.

819 1048 908 1072 extat
932 1051 1092 1072 summum
1119 1050 1199 1070 rore
1224 1041 1371 1070 calcato.
1419 1038 1620 1080 inprnsundz'
1637 1042 1673 1069 G.
1695 1041 1725 1069 1.

1773 1037 1854 1068 sudo

59 1097 169 1118 omnes
183 1090 273 1119 codd.
287 1094 315 1118 et
330 1091 409 1118 Oud.
425 1093 452 1118 et
468 1090 529 1119 mei
545 1094 672 1125 praeter
684 1091 736 1127 B.‚
761 1090 815 1124 qui
836 1097 908 1118 cum
922 1091 991 1118 edd.
1006 1093 1084 1118 vett.
1098 1091 1193 1117 habet
1208 1086 1282 1116 udo.
1329 1085 1449 1114 residit
1462 1088 1499 1115 D.

58 1178 128 1218 per
151 1165 304 1203 nimiam
325 1165 517 1217 Fulgentii
543 1167 726 1216 pietatem
753 1179 776 1203 a
800 1165 926 1202 mendi

58 1222 281 1272 suspicione
307 1236 380 1260 non
406 1222 603 1260 abhorret:
630 1221 802 1259 Orellius
827 1235 927 1260 sece-

57 1279 157 1317 riter
182 1278 244 1316 vel
269 1279 304 1316 in
331 1282 477 1316 textum
507 1279 672 1329 recepit.
710 1278 771 1316 hic
796 1282 925 1315 tamen

58 1333 207 1372 videtur
248 1335 339 1373 nihil
387 1334 612 1372 mutandum
656 1348 771 1378 esse,
809 1346 926 1384 quum

58 1390 250 1442 Fulgentii
286 1392 493 1430 auctoritas
530 1405 603 1428 non
641 1394 749 1429 tanta
785 1391 847 1434 sit,
885 1394 927 1428 ut

58 1452 187 1486 contra
222 1461 358 1486 omnes
395 1447 507 1485 codd.
556 1447 667 1486 lectio
705 1447 926 1497 corrigatur.

58 1516 157 1555 quae
171 1504 384 1555 elegantior
396 1508 470 1543 est.
494 1505 736 1543 Reverenoer
751 1503 850 1541 enim
865 1507 928 1541 est

59 1561 300 1606 obedienter,
306 1575 413 1613 prae
420 1575 482 1600 ma
489 1562 562 1600 tris
571 1559 925 1612 tuaereverentia]

109 1631 191 1670 pro
224 1618 414 1657 omnibus.
476 1617 610 1670 [Hanc
643 1617 845 1655 lectionem
877 1630 928 1654 ex

58 1674 212 1725 optimis
232 1674 338 1712 libris
359 1674 534 1726 reposui,
561 1687 677 1725 quum
698 1675 926 1725 praesertim

57 1731 251 1770 sententia.
286 1730 459 1782 flagitare
498 1731 682 1769 videatur.
744 1729 927 1768 Postulat

59 1788 158 1826 enim
183 1787 319 1826 Venus
344 1801 365 1825 a
390 1787 479 1833 filio,
503 1792 546 1826 ut
569 1788 603 1825 ei
631 1787 716 1825 loco
743 1787 924 1828 omnium.

59 1844 196 1895 quibus
210 1845 244 1882 in
258 1843 459 1895 Psychem
473 1843 667 1882 vindicare
681 1845 820 1896 possit.
836 1857 926 1896 poe·

57 1914 186 1939 narum
214 1899 305 1939 nihil
329 1900 434 1939 aliud
458 1901 530 1939 nisi
555 1901 707 1939 unicum
734 1901 769 1938 id
791 1914 927 1938 conce·

58 1957 141 2003 dat,
164 1961 340 1996 teneatur
353 1957 429 1995 ista
440 1971 570 1995 amore
584 1957 748 1995 hominis
765 1957 924 1995 extremi

56 2011 390 2066 flagrantissimo]

115 2083 252 2109 amore
281 2072 404 2123 flaqr.
443 2070 615 2110 hominis
646 2071 816 2109 extremi
853 2073 926 2108 cet.

60 2125 227 2178 [Eadem
254 2126 334 2164 fere
357 2139 489 2178 poena
505 2140 552 2165 se
573 2126 775 2165 vindicavit
790 2125 927 2164 Venus

59 2184 95 2221 in
115 2181 370 2234 Pasiphaem,
398 2196 498 2233 quae
521 2197 635 2222 sacra
654 2182 752 2221 deae
773 2196 843 2233 per
862 2182 928 2220 ali-

60 2244 155 2291 quot
169 2253 291 2278 annos
305 2253 378 2277 non
395 2238 576 2285 fecisset,
602 2243 707 2278 teste
720 2239 822 2290 Hyg.
837 2238 926 2277 XL.

58 2310 95 2349 p.
114 2300 203 2338 102.
230 2295 340 2334 Stav.
364 2296 428 2335 Ob
454 2297 500 2335 id
519 2296 648 2335 Venus
672 2309 846 2335 amorem
870 2296 927 2333 ἰη-

57 2353 235 2405 fandum
259 2353 324 2392 illi
350 2353 515 2398 obiecit,
546 2358 591 2392 ut
614 2359 786 2396 tauram,
813 2365 929 2404 quem

0 2436 2 2442 ,
60 2410 149 2462 ipsa
179 2409 359 2454 amabat,
396 2409 499 2448 alia
531 2409 823 2462 flammaret.
871 2407 930 2445 lta

61 2466 159 2504 enim
197 2465 307 2504 locus
344 2465 538 2503 emendari
569 2466 704 2511 debet,
743 2465 805 2503 uhi
830 2478 930 2503 nunc

29 2540 33 2544 ’
61 2521 163 2561 salso
190 2522 275 2561 alia
298 2527 453 2561 anmret
478 2522 627 2574 legitur.
655 2521 809 2573 Duplici
829 2521 928 2559 enim

61 2579 211 2617 nontine
239 2578 418 2617 infandus
455 2582 535 2617 erat
564 2592 670 2617 amor
694 2577 930 2628 Pasiphaes,

63 2634 165 2686 quod
199 2635 237 2674 in
273 2639 383 2674 tauro
419 2639 590 2673 ureretur
626 2638 665 2673 et
695 2648 742 2673 eo
775 2634 929 2685 quidem

63 2691 164 2742 apud
179 2704 294 2743 quem
306 2693 433 2743 potior
447 2695 652 2731 eratvacca
663 2691 804 2742 aliqua.
815 2703 929 2742 quam

63 2747 149 2798 ipsa
165 2746 377 2800 Pasiphae,
401 2753 443 2787 ut
466 2752 571 2787 recte
585 2748 720 2787 Munk.
747 2746 930 2798 explicat.

65 2803 288 2844 Flammare
311 2805 453 2843 dictum
477 2809 540 2843 est
563 2809 603 2843 ut
628 2805 844 2844 incendere
857 2816 926 2854 pro

66 2872 197 2900 amore
211 2861 436 2901 accendere
459 2861 509 2900 cf.
522 2859 636 2900 ovid.
653 2859 818 2899 Metlll.
832 2860 927 2901 426.

65 2913 172 2966 Virg.
193 2916 294 2956 Aen.
319 2917 347 2956 1.
375 2918 467 2959 664.
499 2917 594 2956 Item
625 2916 772 2969 punivit
798 2916 928 2967 Smyr-

68 2981 154 3009 nam
177 2972 224 3011 cl'.
244 2973 350 3026 Hyg.
370 2989 403 3014 c.
422 2973 562 3012 LVlll.
583 2987 620 3025 p.
638 2977 714 3014 123
735 2986 794 3023 sq.
822 2972 930 3011 Stav.

70 3026 238 3077 Smyrna
341 3033 456 3070 cuins
480 3035 607 3070 mater
633 3030 847 3070 Cenchreis
869 3043 930 3069 su-

66 3082 231 3135 pen-bins
253 3086 409 3133 locuta,
445 3087 560 3140 qnod
581 3087 693 3139 filine
724 3099 820 3124 suae
843 3088 930 3138 for-

68 3151 171 3178 mam
194 3140 334 3182 Veneri
359 3147 659 3196 anteposuerat.
705 3143 834 3182 Venus
852 3156 930 3181 ma-

986 1166 1061 1203 tris
1073 1177 1228 1216 poenas
1242 1176 1480 1215 exsequens,
1508 1163 1702 1216 Smyrnae
1717 1162 1856 1214 iufau-

987 1221 1082 1259 dum
1107 1233 1281 1259 amorem
1308 1219 1472 1264 obiecit,
1499 1219 1604 1257 adeo
1630 1223 1674 1257 nt
1695 1223 1857 1269 patrem

984 1291 1097 1316 sumn
1121 1275 1307 1327 amareh]

1041 1333 1179 1385 infimi.
1215 1331 1360 1369 Veram
1393 1331 1492 1369 hanc
1516 1344 1611 1368 esse
1637 1331 1856 1377 lectionem,

986 1403 1056 1427 nec
1081 1389 1242 1428 alteram
1268 1389 1436 1440 infirmi,
1464 1400 1565 1437 quae
1581 1388 1629 1426 ab
1645 1387 1800 1439 optimis
1816 1387 1857 1424 li-

985 1446 1064 1484 bris
1078 1445 1273 1496 probatur,
1299 1445 1476 1482 evincunt
1489 1445 1608 1482 verba.
1620 1457 1860 1496 praegressa

986 1503 1157 1541 hominis
1171 1502 1343 1541 eoetremi
1357 1505 1397 1539 et
1412 1501 1522 1539 locus
1536 1500 1632 1539 Met.
1649 1500 1699 1540 V.
1711 1514 1747 1552 p.
1765 1503 1857 1541 364.

990 1573 1095 1612 qnae
1120 1564 1158 1598 le
1186 1558 1319 1597 miseri
1350 1558 1654 1609 extrenuique
1685 1557 1859 1596 hominis

987 1616 1215 1655 devinctam
1247 1615 1462 1666 cupitline.
1504 1615 1683 1666 infimo
1719 1614 1857 1652 matri-

985 1673 1122 1711 monio
1148 1672 1295 1711 addit-i
1320 1672 1499 1709 iusserat.
1527 1670 1788 1721 fot-ruperunt
1802 1668 1857 1707 lo·

985 1743 1071 1768 cum
1086 1728 1224 1767 librarii
1241 1729 1473 1765 nescientes.
1489 1732 1569 1766 Iam
1585 1741 1740 1778 quoque
1755 1727 1858 1778 iungi

983 1785 1242 1837 superlativo.
1268 1784 1317 1822 (le
1339 1798 1415 1834 quo
1436 1798 1506 1822 usu
1528 1784 1631 1822 oud.
1659 1786 1859 1834 comparat

985 1842 1116 1881 Barth.
1149 1841 1198 1880 ad
1231 1841 1277 1879 G.
1309 1840 1455 1879 Briton.
1487 1839 1534 1878 X.
1572 1844 1659 1881 136.
1687 1840 1776 1878 dict.
1808 1839 1859 1878 ad

986 1898 1099 1937 Caes.
1118 1897 1164 1937 B.
1181 1897 1227 1936 G.
1247 1902 1279 1936 1.
1303 1901 1364 1937 43.
1392 1895 1453 1934 lll.
1471 1900 1507 1937 2.
1535 1896 1610 1947 [cui
1625 1896 1728 1935 adde
1746 1897 1858 1934 inter-

986 1959 1118 2006 pretes
1143 1968 1242 2004 quos
1274 1957 1474 1991 enumerat
1498 1951 1634 1992 Eckst.
1660 1953 1710 1992 ad
1735 1953 1857 1992 Voss.

985 2011 1106 2050 Arist.
1133 2009 1179 2049 T.
1206 2009 1266 2048 lll.
1292 2023 1328 2061 p.
1359 2013 1477 2050 1090.
1517 2010 1672 2062 Infirmi
1703 2009 1858 2048 retineri

985 2071 1140 2120 posset,
1166 2068 1199 2105 si
1224 2079 1291 2117 pro
1318 2067 1460 2105 misero
1480 2065 1768 2118 intelligeretur,
1794 2079 1859 2105 cu-

986 2125 1046 2163 ius
1077 2128 1205 2163 tamen
1236 2123 1527 2174 significationis
1565 2122 1704 2162 frustra
1731 2122 1858 2162 adhuc

986 2180 1209 2233 exemplum
1236 2179 1442 2232 quaesivi]

1038 2237 1391 2290 pressulesariata.
1408 2235 1517 2274 Male
1532 2236 1713 2275 emendat
1721 2235 1857 2276 Heins.

987 2294 1087 2333 Adv.
1107 2293 1182 2338 IV.
1210 2298 1245 2333 8.
1274 2306 1309 2344 p.
1327 2296 1420 2333 613.
1445 2293 1618 2344 spissule
1643 2293 1744 2345 [Sed
1766 2294 1858 2332 item

987 2351 1076 2389 dicit
1096 2350 1212 2388 Ovtd.
1227 2349 1382 2388 Her-oid.
1400 2348 1443 2388 ll.
1458 2353 1524 2390 94.
1546 2364 1690 2401 pressa
1717 2350 1858 2389 oscula

988 2409 1158 2460 iunqere
1183 2410 1222 2445 et
1247 2407 1333 2458 ipse
1358 2406 1477 2457 Apul.
1504 2406 1600 2445 Met.
1628 2405 1672 2445 ll.
1698 2421 1735 2458 p.
1766 2410 1856 2446 127.

984 2465 1152 2516 pressim
1182 2463 1432 2503 deosculato.
1480 2461 1531 2501 X.
1568 2477 1604 2514 p.
1632 2467 1724 2503 717.
1762 2468 1858 2502 tnnc

988 2520 1227 2560 exosculata
1248 2518 1470 2572 pressule]

1035 2591 1127 2616 oras
1135 2576 1294 2616 littoris.
1311 2575 1376 2628 [cs.
1388 2575 1516 2614 Doed.
1527 2575 1691 2627 SynXl.
1701 2589 1737 2627 p.
1748 2580 1760 2615 1
1771 2574 1855 2627 99]

1030 2633 1267 2686 plante'sque
1281 2633 1416 2671 roseis.
1443 2631 1543 2670 Elm.
1559 2636 1756 2684 comparat
1768 2631 1857 2683 My-

987 2691 1091 2728 ronis
1117 2691 1256 2741 epigr.:
1281 2685 1425 2740 νέμᾳαι
1449 2685 1707 2741 ἁμαδρυάὸες,
1732 2702 1855 2727 ποτα·

985 2750 1059 2796 μοῦ
1083 2742 1209 2798 κόραι·
1236 2749 1277 2784 αι’
1299 2742 1389 2784 τάδε
1412 2748 1531 2797 βένθη
1548 2741 1773 2797 Ἀμβρόσιαι
1797 2747 1857 2797 ῥο-

986 2805 1082 2850 ‹le-'013
1104 2804 1264 2855 στείβετε
1289 2798 1426 2841 πόσσιν
1451 2799 1521 2840 ἀεί.
1561 2801 1746 2853 [Roseae
1769 2815 1856 2840 sae-

986 2861 1072 2911 pius
1103 2860 1341 2898 nominantur
1365 2858 1543 2909 singulae
1569 2858 1736 2896 Venerei
1774 2871 1856 2896 cor-

986 2917 1091 2967 poris
1105 2920 1255 2968 partes:
1281 2915 1444 2964 csXirg.
1455 2914 1552 2953 Aen.
1563 2913 1589 2953 l.
1603 2918 1694 2956 406.
1710 2913 1855 2956 11.593.

989 2976 1029 3011 et
1052 2972 1185 3011 Barth.
1213 2972 1379 3010 Advers.
1406 2970 1515 3009 XXI.
1546 2975 1607 3011 14.
1644 2985 1680 3024 p.
1714 2971 1855 3024 1051]

1044 3030 1149 3069 sudo
1173 3029 1316 3068 residit
1341 3028 1497 3066 vertice.
1551 3027 1661 3066 Male
1686 3026 1748 3065 hic
1772 3042 1856 3067 rer-

989 3086 1105 3125 tt‘cem
1136 3088 1335 3137 exponunt
1359 3097 1428 3135 per
1457 3083 1701 3135 superficiem
1727 3085 1855 3125 maris.

989 3142 1092 3193 quod
1123 3142 1225 3181 idem
1257 3141 1354 3179 soret
1384 3153 1429 3179 ac
1453 3154 1623 3181 summus
1646 3155 1723 3180 ros.
1773 3140 1857 3179 Sed

1508 3207 1594 3250 19*
