2155 3590
579 139 766 180 LIBER
793 142 841 180 V.

901 141 1026 182 CAP.
1054 142 1197 182 XVII.
1220 141 1386 183 XVIII.

1772 143 1851 187 351

83 243 250 286 latenter
279 249 541 301 acquiescere.
589 250 707 292 Nunc
737 254 945 294 recordare
977 254 1095 294 sortis
1125 252 1332 308 Pythicae,
1368 266 1466 306 quae
1497 260 1534 293 te
1561 254 1679 294 trucis
1704 255 1852 300 bestiae

82 302 224 355 nuptiis
245 303 474 345 destinatam
493 320 581 347 esse
601 308 795 348 clamavit.
822 308 875 348 Et
900 310 1008 349 multi
1033 310 1174 360 coloni,
1202 310 1342 363 quique
1362 310 1620 350 circumsecus
1639 318 1849 361 venantur,

81 363 120 396 et
138 360 294 398 accolae
313 360 466 413 plurimi
484 363 667 403 viderunt
686 378 773 404 eum
792 378 956 418 vespera
975 367 1200 407 redeuntem
1219 379 1240 406 e
1261 372 1394 420 pastu,
1422 365 1665 419 proximique
1684 366 1851 407 fluminis

78 413 189 453 vadis
213 413 469 457 innatantem.

580 568 614 615 C
674 570 720 615 A
775 570 813 616 P
871 570 915 616 U
973 571 1015 616 T
1117 570 1352 621 XVIII.

185 686 271 728 Nec
303 688 366 728 diu
395 687 543 728 blandis
576 688 847 729 alimoniarum
879 689 1073 744 obsequiis
1106 699 1143 732 te
1174 692 1441 746 saginaturum
1473 704 1606 731 omnes
1638 691 1850 742 affirmant,

77 803 245 833 lac-tenter
258 807 293 835 G.
310 807 337 834 1.

77 858 163 887 quae
176 859 239 879 non
254 854 413 886 comparet
427 851 460 879 in
474 852 508 880 B.
523 855 551 879 et
568 859 596 885 p.

387 803 542 841 Psylla-Ite
557 807 591 834 G.
603 807 631 834 1.
657 804 838 842 Psychicae
847 803 875 834 15.
889 807 1015 836 Vicent.
1055 806 1191 845 Psyche?
1202 810 1323 838 G.2.D.
1360 806 1512 846 Psychae
1525 811 1576 838 vel
1591 806 1717 845 Psyche
1730 809 1765 836 P.
1779 809 1851 836 eto.

646 853 677 877 te
689 854 779 879 abest
794 859 813 880 a
826 853 860 880 Ρ.
878 856 905 880 et
921 860 950 886 p.

992 853 1165 888 pererucae's
1178 854 1213 881 F.
1232 855 1257 882 1.
1293 856 1373 883 Nam
1387 863 1450 883 non
1463 862 1573 882 verum
1587 857 1653 891 est,
1679 854 1759 888 quod
1774 854 1852 881 Oud.

76 896 206 931 scribit,
231 896 262 924 in
276 896 506 932 Lindenhrogii
519 895 690 924 collatione
699 904 762 931 per
775 904 837 924 non
852 898 890 925 ad
907 896 1012 924 trucis
1024 899 1080 926 sed
1096 899 1135 926 ad
1149 897 1247 925 multi
1257 899 1386 935 referri,
1413 903 1443 927 ui
1460 899 1553 927 fuerit
1563 897 1724 935 permulta·
1735 896 1853 926 coloni.

77 942 179 975 Quum
192 941 275 970 enim
290 945 456 974 utrumque
469 943 664 969 vocabulum
679 941 785 969 trucis
799 945 826 969 et
841 940 940 968 malti
950 942 1042 970 initio
1056 943 1215 970 linearum
1231 944 1364 977 positum
1378 944 1430 977 sit,
1444 948 1471 972 et
1486 944 1614 979 signum
1630 940 1666 981 A,
1683 951 1742 978 quo
1756 943 1854 971 omis-

76 994 147 1014 sum
161 994 234 1014 esse
247 986 369 1020 aliquid
383 993 403 1015 a
415 986 649 1021 Lindenbrogio
662 985 833 1022 indicatur,
848 994 868 1015 a
882 986 986 1013 trucis
1000 987 1160 1020 incipiens
1174 988 1269 1015 eliam
1284 987 1381 1015 multi
1392 992 1514 1025 tangat,
1530 989 1627 1018 facile
1639 989 1706 1017 fieri
1720 991 1852 1025 poterat,

76 1034 108 1058 ut
129 1033 289 1059 aberraret
309 1032 386 1060 Oud.
435 1029 658 1057 conclamavit
678 1039 732 1064 pro
751 1038 820 1059 esse
839 1030 1000 1058 clamavit
1021 1033 1055 1059 G.
1074 1032 1101 1059 1.
1127 1030 1226 1067 (quae
1240 1033 1456 1066 discrepantia
1469 1041 1509 1062 ex
1522 1034 1720 1067 compendiis
1733 1033 1772 1059 e‘e
1790 1033 1810 1061 i.
1827 1042 1855 1061 e.

75 1082 147 1102 esse
165 1078 194 1104 et
215 1075 253 1102 οῦ
276 1076 403 1103 videtur
421 1075 564 1110 exorta.)
612 1079 817 1103 venerantur
830 1073 859 1104 δ.
907 1074 1025 1103 aculae
1038 1078 1074 1105 G.
1091 1077 1118 1105 1.
1133 1083 1153 1104 a
1166 1085 1205 1104 m.
1220 1085 1250 1111 p.

1298 1075 1449 1105 viderunt
1464 1079 1498 1106 F.
1516 1080 1542 1107 1.
1558 1080 1587 1106 3.
1602 1080 1637 1107 G.
1653 1080 1681 1107 ¹2.
1696 1079 1729 1107 Ο.
1744 1087 1773 1113 p.
1789 1078 1809 1106 f.
1825 1074 1853 1106 ὃ.

77 1122 112 1148 G.
128 1122 156 1149 1.
171 1119 263 1154 (am.
277 1128 304 1148 s.
324 1121 380 1148 sed
400 1121 486 1154 prior
503 1121 599 1148 lectio
619 1124 744 1155 propter
763 1121 892 1149 lituram
913 1121 1057 1155 conspici
1077 1122 1195 1155 nequit.
1211 1125 1218 1153 )
1243 1123 1278 1150 In
1293 1122 1407 1150 ceteris
1421 1123 1512 1150 libris
1527 1126 1555 1150 et
1569 1125 1639 1152 edd.
1653 1126 1729 1152 vett.
1744 1121 1855 1150 cidere

76 1168 173 1195 extat.
220 1172 292 1192 eum
310 1166 346 1193 F.
363 1167 389 1193 1.
405 1167 434 1193 3.
449 1163 477 1193 δ.
492 1173 520 1200 p.
537 1165 555 1193 f.
571 1166 604 1194 Ο.
644 1173 714 1192 eam
730 1167 766 1194 G.
782 1167 811 1194 ⁸2.
825 1167 860 1195 Ρ.
873 1167 911 1194 D.
959 1173 1030 1192 eam
1045 1165 1184 1193 bestiam
1199 1167 1232 1195 0.
1268 1168 1319 1194 Ex
1332 1169 1442 1201 glossa
1460 1168 1490 1195 id
1504 1171 1624 1197 nalum.
1661 1176 1732 1195 cum
1746 1167 1855 1195 bestia

76 1211 111 1238 G.
133 1211 161 1238 1.
209 1208 391 1236 redae'untem
415 1211 528 1238 Vellet.
548 1212 578 1238 2.

73 1253 304 1282 ianae-tantem
318 1256 353 1283 G.
372 1257 398 1283 1.
444 1254 649 1282 v'nnalealem
665 1252 694 1284 δ.

626 1208 664 1236 de
678 1213 783 1246 pastu
803 1213 839 1239 G.
862 1212 890 1240 1.
911 1212 945 1239 Ο.

987 1211 1222 1248 proximisque
1246 1211 1373 1240 Vicent.
1420 1210 1539 1239 ὀιιιίιιηι
1559 1214 1592 1241 Ο.
1630 1211 1745 1240 vadem
1766 1215 1802 1242 G.
1826 1215 1854 1242 ¹1.

164 1299 398 1327 alimoniorum
412 1301 447 1328 G.
468 1301 492 1328 i.
508 1302 536 1327 ἱ).
551 1301 588 1328 D.
603 1301 637 1328 0.
685 1308 720 1328 se
733 1300 840 1335 sagm.
855 1301 891 1329 P.
939 1301 1175 1337 saginaturum
1188 1302 1224 1330 F.
1242 1303 1269 1329 1.
1283 1303 1313 1330 3.
1328 1303 1363 1331 G.
1378 1303 1408 1330 ¹1.
1422 1304 1452 1329 2.
1467 1302 1501 1330 Ο.
1516 1303 1551 1330 P.
1566 1303 1604 1330 D.
1618 1303 1656 1330 R.
1672 1302 1692 1330 f.
1718 1302 1855 1340 sagiua-

77 1347 188 1372 turam
208 1342 236 1374 ὃ.
257 1355 289 1379 φ.
326 1344 479 1381 saginati
494 1346 607 1373 venet.
623 1347 652 1373 4.
689 1345 846 1382 saginari
860 1346 958 1374 ceteri
977 1347 1064 1374 codd.
1085 1350 1113 1375 et
1129 1348 1197 1375 edd.
1210 1350 1285 1375 vett.
1306 1347 1443 1376 Fulvius
1456 1347 1591 1375 coniecit
1606 1347 1796 1384 saginatum
1811 1346 1857 1375 iri

75 1390 158 1424 quod
170 1390 267 1418 etiam
280 1390 463 1420 Salmasius
476 1391 615 1425 margini
629 1391 821 1428 adscripsit,
848 1391 942 1424 quasi
956 1398 972 1419 e
985 1392 1053 1419 cod.
1067 1392 1253 1420 Piumeano.

131 1489 396 1541 acquiescere.
446 1487 713 1542 [Vocabulum
751 1492 810 1527 est
835 1489 870 1526 in
895 1502 937 1527 re

73 1557 240 1582 venerea
253 1545 444 1596 proprium
465 1544 511 1582 ef.
527 1544 620 1583 Met.
639 1543 661 1582 l.
677 1558 713 1596 p.
728 1549 810 1591 35„
836 1545 884 1584 V.
900 1559 935 1595 p.

76 1603 166 1641 369.
181 1604 222 1638 ut
234 1601 385 1640 accubo
401 1600 447 1638 cf.
463 1599 635 1651 Propert.
652 1600 859 1641 lll.13.12.
876 1600 937 1638 Ti-

74 1657 165 1694 bull.
178 1656 200 1694 l.
213 1661 247 1697 9.
259 1662 321 1697 75.
338 1656 419 1695 lntt.
430 1657 477 1696 ad
488 1656 682 1695 petrone.
698 1662 712 1697 1
728 1662 786 1698 12.
798 1671 832 1709 p.
845 1661 937 1698 673.

74 1711 175 1750 Fere
189 1713 325 1752 eadem
340 1715 526 1752 sententia
542 1714 611 1752 sed
629 1714 857 1764 metaphora
872 1713 937 1751 ali-

74 1769 174 1807 unde
195 1771 313 1820 petita
332 1769 467 1820 legitur
482 1770 582 1821 apud
600 1769 935 1820 Sulpic.Sev.l1.s.

75 1824 101 1863 Ι.
126 1830 186 1866 11.
213 1839 380 1878 cumque
405 1840 538 1865 artiore
563 1827 689 1878 ipsius
714 1827 935 1877 deperiret,

76 1883 301 1933 appetitum
329 1883 490 1934 saepius
526 1896 599 1921 nec
630 1884 936 1934 acquiescen—

76 1942 162 1976 tem,
191 1937 299 1990 siba]

133 1993 342 2047 Pythicae.
370 1994 533 2033 Scriver.
552 1998 698 2032 temere
718 1994 837 2032 edidit
857 1995 936 2048 Py-

75 2049 195 2096 thiae,
210 2050 422 2099 quodOud.
435 2082 443 2093 ,
459 2052 521 2101 qui
536 2052 688 2101 poetico
698 2048 937 2089 Milesiarum

74 2106 164 2143 stilo
201 2106 489 2145 convenientius
526 2107 564 2144 id
606 2120 697 2145 esse
735 2107 936 2152 existimat,

74 2162 274 2212 probatur,
306 2162 396 2201 licet
426 2167 557 2201 eontra
583 2162 703 2202 Codd.
729 2163 937 2213 quidquam

74 2222 221 2256 mutare
246 2219 331 2270 ipse
351 2219 515 2257 noluerit
528 2217 702 2258 coll.Cic.
720 2219 845 2257 dedIv.
865 2218 888 2255 l.
903 2223 935 2258 1.

74 2273 138 2312 De
163 2274 283 2313 altera
308 2274 428 2313 forma
452 2276 663 2326 comparari
688 2276 791 2313 iubet
806 2274 872 2313 Dr.
887 2275 937 2312 ad

74 2329 160 2368 Liv.
181 2330 230 2368 V.
259 2336 322 2371 15.
354 2332 384 2383 ξ.
414 2335 475 2371 12.
506 2331 594 2370 val.
620 2330 727 2370 Max.
752 2330 778 2369 l.
806 2335 841 2371 8.
870 2334 933 2371 10.

78 2385 174 2424 Vlll.
192 2391 253 2427 15.
267 2387 326 2426 fin.
341 2387 486 2426 Verum
501 2387 664 2432 dubitat,
680 2400 726 2425 an
741 2386 935 2425 oraculum

74 2441 286 2489 Milesium,
312 2444 416 2494 quod
440 2457 672 2494 responsum
697 2443 845 2481 dederit
869 2456 934 2494 pa-

74 2499 257 2545 rentibus,
267 2498 449 2551 Pythium
459 2500 530 2538 dici
541 2504 667 2551 queat,
676 2499 777 2538 unde
787 2500 935 2550 corrigit

76 2567 99 2592 e
128 2568 313 2606 perversa
348 2556 458 2595 codd.
497 2556 678 2595 lectione:
714 2556 935 2595 recordare

75 2612 205 2657 sortis,
215 2612 400 2666 Psyche?
425 2612 524 2665 [Sed
538 2613 624 2664 ipse
636 2614 738 2651 novit
751 2612 936 2662 templum

75 2665 269 2718 Apollinis
285 2669 426 2719 Pythii
438 2669 605 2707 Athenis
631 2669 679 2707 cs.
689 2667 720 2705 T
725 2667 935 2719 hueyd.Vl.

76 2726 140 2762 54.
165 2725 381 2776 eademque
398 2725 544 2764 ratione
559 2724 754 2764 Claudian.
769 2724 818 2761 de
830 2724 935 2762 bello

78 2776 228 2819 Getico.
242 2781 362 2832 praef.
378 2786 414 2822 4.
434 2781 540 2820 dicit:
566 2785 765 2834 personat
784 2785 823 2819 et
838 2785 935 2819 noto

76 2834 258 2889 Pythia
288 2842 375 2877 rate
406 2837 558 2877 domus.
605 2837 760 2891 Pythia
797 2836 937 2876 domus

76 2891 262 2943 templum
297 2893 491 2945 Apollinis
522 2893 738 2933 Palatinum
775 2896 852 2939 est,
897 2895 937 2931 ut

78 2946 251 3000 Pythius
280 2950 316 2987 in
349 2950 567 2988 universum
597 2963 665 3001 pro
699 2948 938 3000 Apollineus

77 3005 267 3057 penatum]

135 3063 175 3097 et
197 3061 363 3101 accolae
384 3063 568 3114 plari-mi.
618 3061 703 3113 [Vir
728 3061 865 3100 doctus
889 3060 939 3099 ad

77 3126 194 3165 marg.
207 3130 317 3156 meae
331 3119 418 3157 edit.
430 3118 538 3157 Colv.
552 3118 769 3156 emendavit
780 3117 941 3158 incolae

995 1503 1207 1541 perperam.
1256 1489 1357 1528 Nam
1376 1490 1436 1529 hie
1454 1494 1543 1528 sunt
1561 1491 1729 1530 accolae
1747 1491 1855 1529 vicini

995 1550 1036 1584 ut
1059 1560 1096 1597 p.
1112 1551 1202 1587 400.
1226 1548 1494 1599 formicarum
1507 1547 1741 1586 accolarum
1756 1548 1855 1586 clas-

994 1616 1088 1647 sem,
1113 1607 1150 1640 et
1169 1603 1202 1640 in
1223 1616 1269 1640 eo
1290 1602 1464 1641 differunt
1484 1603 1628 1641 accola
1650 1607 1688 1641 et
1707 1604 1854 1649 incola,

995 1663 1035 1696 ut
1059 1659 1124 1696 ille
1148 1659 1210 1703 sit,
1237 1660 1298 1710 qui
1325 1660 1423 1698 eirca
1449 1664 1487 1696 et
1511 1659 1615 1698 iuxta
1641 1659 1765 1698 locum
1790 1659 1855 1697 ha-

995 1715 1107 1760 bitat,
1139 1716 1294 1760 incola,
1327 1716 1389 1766 qui
1421 1716 1455 1753 in
1487 1716 1572 1766 ipso
1606 1716 1690 1754 loco
1715 1716 1854 1753 sedem

995 1771 1123 1810 habet.
1151 1771 1229 1809 Sed
1257 1771 1359 1822 apud
1385 1771 1521 1810 Catuli.
1548 1771 1670 1810 LXll.
1698 1775 1762 1812 53.
1790 1786 1853 1811 ac·

996 1827 1127 1866 colere
1150 1828 1250 1865 idem
1274 1828 1423 1866 videtur
1448 1841 1559 1873 esse,
1586 1828 1686 1878 quod
1707 1829 1852 1867 colere.

996 1884 1119 1922 Multa:
1134 1884 1245 1922 illam,
1265 1884 1494 1935 ayricolae,
1520 1884 1624 1922 nulli
1642 1884 1854 1923 accoluere

995 1941 1178 1978 int-eneis.
1206 1938 1348 1978 Plaeid.
1375 1939 1523 1978 Narrat.
1545 1938 1638 1978 Fal).
1654 1939 1760 1978 XIV.
1791 1945 1851 1980 11.

996 2008 1034 2045 p.
1059 1999 1149 2035 882.
1183 1995 1313 2033 locam
1339 2009 1451 2047 quem
1471 2001 1615 2046 postea
1639 1996 1853 2049 Nymphae

997 2051 1335 2097 accoluernnt,
1362 2052 1423 2089 ubi
1443 2052 1557 2089 hodie
1578 2051 1708 2103 legunt
1722 2053 1852 2092 colue-

995 2112 1107 2152 runt,
1134 2120 1248 2157 quum
1267 2107 1343 2145 ΜΒ.
1365 2111 1403 2145 et
1422 2107 1509 2146 edd.
1529 2112 1618 2147 vett.
1645 2109 1854 2159 praebeant

997 2164 1273 2203 occuluerunt.
1310 2163 1366 2202 Ita
1390 2164 1538 2203 accola
1556 2179 1624 2216 pro
1649 2164 1787 2204 irzcola
1800 2165 1852 2202 vi-

996 2219 1104 2257 detur
1118 2219 1286 2271 positum
1298 2220 1443 2258 Auson.
1454 2219 1612 2260 Mosen.
1623 2223 1714 2261 279.
1725 2222 1788 2259 ubi
1803 2220 1850 2260 cs.

996 2274 1176 2328 Tross.p.
1190 2279 1277 2316 169.
1294 2275 1424 2315 Barth.
1435 2276 1483 2314 ad
1494 2275 1690 2316 Claudian.
1700 2277 1850 2329 p.969.]

1048 2333 1174 2371 vallis.
1232 2332 1369 2371 Lectio
1413 2332 1498 2371 cod.
1525 2336 1577 2379 6.,
1613 2334 1675 2384 qui
1707 2334 1852 2373 vadum

992 2387 1127 2434 habet,
1156 2388 1270 2439 (ligna
1294 2392 1371 2434 est,
1398 2402 1498 2440 quae
1523 2394 1852 2434 commemoretur,

993 2445 1097 2494 quod
1125 2444 1229 2483 solet
1258 2449 1390 2484 auctor
1420 2446 1547 2484 verbis
1585 2460 1652 2497 per
1688 2446 1760 2492 acl,
1798 2447 1852 2490 in,

986 2514 1066 2552 per
1119 2502 1343 2554 compositis
1389 2502 1548 2553 iungere
1594 2502 1853 2541 accusativum

992 2570 1134 2595 casum.
1172 2557 1291 2596 Immo
1316 2558 1432 2609 plane
1458 2559 1594 2597 eodem
1619 2558 1733 2596 modo
1755 2558 1852 2596 Met.

991 2612 1019 2652 I.
1055 2628 1092 2665 p.
1129 2614 1193 2655 39.
1240 2614 1393 2654 dolium
1436 2616 1624 2654 innatans
1658 2615 1740 2653 vini
1778 2615 1854 2654 sui.

992 2669 1099 2721 Virg.
1136 2670 1279 2722 Georg.
1314 2670 1358 2709 ll.
1390 2676 1482 2711 451.
1512 2672 1662 2710 undam
1697 2672 1856 2710 innatat

994 2725 1160 2778 [Georg.
1184 2726 1245 2765 lll.
1275 2731 1363 2767 141.
1390 2727 1488 2766 Aen.
1502 2726 1604 2766 Vlll.
1631 2723 1744 2779 651]
1772 2726 1855 2765 sed

992 2786 1120 2821 tamen
1151 2782 1249 2823 Met.
1278 2781 1323 2821 ll.
1353 2787 1441 2824 162.
1472 2797 1532 2822 me
1551 2788 1649 2835 post
1672 2782 1854 2822 Lethaea

989 2838 1250 2891 peculatam
1282 2839 1473 2893 Styyiis
1498 2839 1770 2890 paludibus
1794 2841 1852 2878 in-

995 2900 1206 2934 natantem.
1255 2893 1340 2947 [Me
1377 2909 1449 2933 non
1485 2895 1613 2933 solum
1648 2895 1853 2946 singularis

993 2952 1155 2997 cadum,
1179 2951 1253 2990 sed
1277 2951 1391 2990 etiam
1416 2950 1526 2989 codd.
1541 2955 1628 2989 cett.
1648 2953 1853 2991 auctoritas

995 3008 1043 3046 ab
1068 3007 1142 3046 hac
1166 3008 1331 3046 lectione
1354 3007 1554 3058 probanda
1577 3007 1852 3060 dehortantur]

1053 3062 1138 3101 CAP.
1164 3063 1305 3102 XVIII.
1365 3063 1658 3103 alimoniarum.
1716 3063 1852 3103 Lectio

997 3120 1261 3159 nonnullorum
1285 3120 1395 3159 codd.
1421 3120 1704 3168 alimoniorum
1728 3135 1851 3161 eorru-
