2221 3667
312 172 393 213 470
573 171 620 213 L.
650 173 867 213 APULEII
897 170 1294 214 MADAL'RENSIS
1324 172 1863 214 METAMORPHOSEON

310 284 393 338 Psy
385 284 505 324 chem
531 286 704 326 accurrit
728 300 859 331 suam
889 286 1121 337 detersoque
1147 298 1284 324 somno
1311 285 1464 326 curiose
1490 294 1529 326 et
1553 300 1708 326 1¹·ursum
1735 286 1773 325 in
1799 286 1950 339 pristin
1942 301 1999 326 im
2027 302 2095 340 px-

310 340 416 381 xidis
442 341 573 381 sedem
598 344 820 392 recondito
847 332 1040 394 Psyehem
1073 341 1237 380 innoxio
1270 342 1452 394 punctulo
1486 356 1540 381 sa
1533 343 1653 391 „rinae
1686 356 1779 382 sule
1816 342 1993 382 suscitat.
2043 334 2097 383 Et

313 409 419 447 ecee,
447 396 587 451 inquit,
615 412 770 439 rursum
797 398 987 451 perieras,
1015 396 1181 447 misella,
1210 376 1582 438 siniilicuriositale.
1612 398 1686 438 bed
1702 398 1857 438 interlin
1872 398 2021 451 quidem
2039 406 2095 450 lu,

313 524 475 563 Psychem
490 528 526 556 F.
542 529 570 556 1.
585 529 614 556 3.
630 528 665 555 G.
679 528 716 554 D.
731 527 800 555 edd.
814 528 890 554 vett.
903 526 998 554 Vulc.
1014 527 1044 553 2.
1064 526 1146 554 Elm.
1171 526 1206 554 In
1227 529 1296 554 cett.
1319 523 1482 562 Psychen.
1507 528 1600 556 Certe
1618 527 1696 555 nihil
1718 527 1838 555 monuit
1859 528 1937 555 Oud.
1980 533 2100 564 perso-

313 570 390 600 Ian8
402 574 440 601 D.
488 570 690 608 decussaque
705 578 815 598 smuno
831 580 862 603 φ.
888 568 1095 607 decursoque
1109 567 1138 598 δ.
1186 568 1348 607 Psychem
1367 572 1402 599 F.
1421 573 1448 599 1.
1464 573 1493 600 3.
1508 574 1543 600 G.
1557 574 1594 601 D.
1608 574 1690 600 Elui.
1704 573 1798 600 Vulc.
1814 573 1843 600 2.
1870 573 1904 599 ln
1925 574 1997 600 cett.
2014 570 2100 608 Psy-

313 615 413 649 chen.
441 619 522 652 quod
537 618 663 646 omnino
678 617 787 643 exulat
802 623 821 644 a
835 612 863 644 δ.
910 614 1050 642 innox-ie
1069 622 1169 649 prave
1186 617 1245 644 Ed.
1259 617 1396 645 Amstel.
1416 617 1520 645 Scriv.
1568 617 1718 653 sagittae
1731 624 1812 644 suae
1832 618 1866 644 F.
1881 618 1911 646 3.
1927 618 1962 644 G.
1976 618 2011 645 P.
2025 617 2064 646 1).
2079 616 2101 646 ἴ.

312 664 349 691 In
369 666 440 692 cett.
461 670 543 690 suae
562 661 721 697 sagittar.
759 660 914 697 sagiptae
933 660 1052 692 legitur
1069 661 1102 688 in
1122 661 1205 690 lunt.
1219 662 1249 689 2.
1297 668 1371 688 ecce
1384 669 1447 689 non
1460 667 1619 696 comparet
1636 662 1667 690 in
1685 659 1712 689 δ’.
1750 663 1932 696 Perneram.
1969 662 2103 691 Rectius

314 709 428 737 deesse
453 706 561 744 u'nqm‘l
582 705 743 734 sententia
763 709 811 733 est
830 706 908 736 Oud.
934 706 996 733 Sed
1017 712 1078 734 non
1099 706 1339 744 necessarium,
1360 714 1454 743 quum
1470 711 1639 741 utrumque
1659 709 1740 735 bene
1754 706 1954 736 defendatur.
2003 714 2102 744 quam

316 755 351 781 tu
366 753 388 780 ἲι
400 761 454 788 pro
468 750 595 790 quidem
612 753 646 777 tu
661 758 691 786 p.

315 865 481 903 illorum
500 867 690 914 sequatur
710 875 914 917 errorem,¹
934 865 1021 916 qni,
1045 865 1139 916 qnia
1161 879 1186 903 a

309 921 457 973 pennis
487 919 645 958 duabus
676 919 754 957 hoc
779 933 859 959 esse
882 934 1024 958 nomen
1049 922 1186 959 existi·

315 980 435 1019 munt,
460 976 640 1026 pinnas
664 976 796 1014 urium
817 976 903 1015 dici
922 976 1080 1021 volant,
1113 977 1187 1015 sed

316 1030 778 1082 etiamCapr.p.2243.qui
790 1033 876 1083 pin
886 1047 969 1072 nas
982 1046 1186 1076 murorum,

310 1102 474 1140 pennas
484 1087 610 1125 avium
627 1087 699 1125 dici
709 1090 939 1139 pronuntiat.
955 1089 1042 1127 Hoc
1055 1089 1186 1127 discri-

315 1157 403 1182 men
415 1143 564 1182 videtur
573 1144 621 1183 ab
631 1145 911 1195 antiquissimis
921 1146 1183 1192 observatum,

315 1213 548 1251 quamquam
575 1214 689 1238 unum
715 1201 895 1253 idemque
920 1206 1001 1240 erat
1020 1203 1185 1241 vocabu-

315 1255 405 1295 lum.
442 1255 592 1296 Postea
603 1270 697 1295 vero
718 1259 769 1296 ita
788 1259 1008 1309 promiscue
1022 1263 1186 1310 utraque

316 1326 392 1351 vox
407 1326 430 1350 a
443 1312 632 1351 Romanis
646 1314 790 1353 usitata
810 1320 889 1360 est,
915 1319 955 1353 ut
980 1315 1184 1353 discrimen

315 1369 461 1408 nullum
487 1371 583 1408 inter
608 1384 679 1407 eas
703 1372 821 1409 statui
849 1371 974 1416 liceat,
999 1376 1040 1409 ut
1055 1370 1188 1409 volunt

315 1426 507 1472 nonnulli,
545 1427 609 1477 qui
641 1428 795 1478 pinnas
820 1427 977 1473 alarum,
1011 1442 1188 1480 pennam

315 1482 491 1534 plumam
527 1483 562 1520 in
599 1486 757 1533 pectore
792 1484 857 1522 vel
893 1485 927 1522 in
959 1488 1069 1534 tergo
1095 1497 1189 1521 esse

319 1539 559 1585 existimant3
585 1538 634 1577 cs.
651 1539 718 1577 Dr.
734 1540 783 1577 ad
799 1539 882 1578 Liv.
900 1539 1008 1578 XXI.
1025 1544 1090 1581 30.
1105 1539 1134 1590 ᾧ.
1151 1544 1189 1581 9.

317 1595 382 1633 vel
408 1594 536 1634 Doed.
563 1595 780 1646 Synonym.
809 1595 853 1635 T.
868 1596 933 1635 Ill.
954 1610 989 1647 p.
1006 1601 1098 1636 205.
1125 1597 1189 1647 qui

315 1666 493 1706 pennam.
531 1652 682 1690 caulem
719 1653 1051 1704 comprehendere
1087 1653 1189 1699 dicit,

316 1710 488 1761 pinnam
523 1721 615 1745 vero
647 1709 820 1760 plumam
852 1710 978 1759 magis
1010 1709 1191 1750 indicare.

321 1764 383 1802 vel
407 1764 571 1802 Ranish.
600 1766 818 1815 synonymi.
847 1765 890 1804 T.
917 1765 945 1805 l.
969 1779 1008 1816 p.
1035 1770 1101 1806 57.
1128 1766 1191 1816 qui

319 1820 369 1860 nd
399 1821 746 1872 pronuntiationem
784 1826 931 1860 tantum
967 1823 1193 1874 discrepare

318 1881 522 1927 utrumque
547 1877 685 1928 prodit.
737 1878 820 1916 Sed
851 1878 927 1917 hoc
956 1879 1101 1929 ubique
1127 1879 1193 1916 ob-

317 1933 491 1979 servavi,
527 1934 658 1985 pinna
694 1935 940 1973 scribendum
978 1948 1090 1980 esse,
1128 1935 1193 1973 ubi

317 1990 368 2029 de
405 1989 647 2028 acuminibus
684 2004 879 2029 murorum
917 1995 956 2029 et
992 1991 1192 2041 galearum

318 2060 447 2086 sermo
475 2051 550 2085 est.
600 2045 809 2086 posteriori
842 2052 1017 2098 tempore
1037 2049 1197 2099 pinnae

318 2103 409 2156 plus
436 2103 614 2147 obtinuit,
641 2107 681 2140 ut
706 2117 754 2141 ex
780 2104 916 2142 (iloss.
943 2103 1034 2142 lsid.
1048 2117 1084 2155 p.
1100 2107 1195 2145 691.

318 2159 483 2209 intelligi
508 2164 659 2211 potest:
686 2161 855 2199 Pindae
877 2162 1034 2213 pinnae
1060 2161 1197 2199 dietae

317 2221 412 2256 sunt
442 2230 467 2254 a
494 2217 736 2268 pendendo,
775 2218 846 2256 secl
880 2231 972 2256 usus
1010 2218 1194 2261 obte'nnit.

318 2278 365 2313 ut
376 2273 531 2324 pinnae
545 2273 741 2311 dieantur
766 2277 806 2311 et
824 2287 874 2311 ex
889 2273 1024 2312 Gloss.
1039 2271 1194 2311 Philox.

316 2331 450 2383 pinna
482 2328 633 2380 πτέρυξ,
659 2328 801 2381 πτερόν
825 2332 985 2382 pinnae
1014 2326 1197 2376 ἐπάλξεις,

320 2384 459 2437 πτερά,
483 2387 519 2423 in
541 2386 682 2435 quibus
704 2400 750 2424 ne
772 2390 878 2424 extat
898 2386 1054 2450 quidem
1075 2386 1199 2424 forma

315 2456 468 2496 penna.
480 2441 615 2480 Gloss.
627 2440 758 2481 (ΠίΙΙ.
767 2457 801 2494 p.
808 2446 899 2482 599.
910 2442 1197 2494 πτερόνῃίηηα.

317 2498 734 2560 plmna‚ala(;10ss.v
737 2499 810 2536 ulc.
820 2503 1197 2566 11:107et11141en-

320 2571 377 2595 na
401 2570 537 2606 πτερον
556 2556 690 2606 pinna
719 2554 855 2606 πτέρις
845 2556 1063 2606 pennula
1087 2553 1201 2608 ).o(3‹3;

317 2611 494 2664 pinnula
510 2607 631 2663 λοβὸς.
660 2610 896 2657 Quomodo
888 2625 927 2659 ι(
930 2612 1002 2649 itur
1017 2612 1063 2650 lis
1077 2612 1198 2650 dirimi

323 2672 459 2718 queat,
486 2667 668 2717 equidem
689 2682 764 2705 non
786 2668 919 2712 video,
946 2681 1063 2718 quum
1082 2682 1131 2706 ne
1150 2668 1200 2706 ad

324 2725 438 2765 codd.
466 2724 621 2776 quidem
648 2725 934 2769 auctoritatem,
968 2725 1041 2763 nisi
1061 2738 1198 2762 omnes

324 2781 477 2820 omnino
509 2782 771 2826 consentiant,
806 2781 960 2819 nimium
997 2781 1198 2833 provocari

322 2838 468 2890 possit,
492 2837 687 2888 siquidem
700 2851 798 2876 usus
811 2837 1040 2888 posterioris
1060 2839 1200 2876 aetatis

325 2894 549 2939 obtinuerit,
563 2908 634 2946 per
647 2895 658 2931 i
671 2908 810 2933 vocem
823 2894 1032 2933 scribendi.
1056 2893 1097 2932 In
1113 2894 1202 2933 cod.

323 2949 437 2988 Rom.
440 2950 475 2986 Υ
481 2950 746 3002 irgiliioptimo
756 2950 1017 3000 sereubique'
1004 2964 1016 2987 ι
1031 2951 1204 3001 proferri,

325 3006 485 3044 adnotat
499 3006 604 3046 lahn.
619 3008 793 3058 adVirg.
807 3007 951 3056 Georg.
966 3005 1034 3045 IV.
1050 3011 1142 3048 310.
1162 3006 1203 3045 ln

324 3061 483 3112 Apuleii
511 3064 624 3102 codd.
646 3065 685 3102 id
704 3049 798 3102 licet
817 3063 1014 3109 affirmari,
1046 3077 1205 3115 semper

327 3117 408 3155 sere
429 3117 674 3171 legipinna,
698 3122 911 3173 pinnulas,
934 3121 1135 3172 pinnt‘qer
1164 3124 1206 3159 ut

326 3173 423 3212 Met.
432 3172 498 3214 lV.
507 3189 543 3226 p.
553 3180 646 3217 304
651 3176 688 3214 Υ
693 3190 746 3228 .p.
757 3181 852 3219 311.
862 3180 954 3217 385.
958 3173 1105 3229 Vlllmp
1111 3181 1203 3218 552

1243 865 1361 916 Apol.
1387 878 1424 915 p.
1450 868 1543 905 522.
1568 868 1660 905 523.
1678 866 1878 905 524529.
1898 866 1990 903 535.
2012 866 2107 905 568.

1245 921 1386 959 Florid.
1402 934 1439 972 p.
1455 925 1490 961 8.
1514 921 1592 969 (ubi
1615 921 1703 959 cdd.
1724 919 1930 958 nonnullae
1943 920 2106 968 variant)

1244 991 1280 1028 p.
1309 981 1372 1017 60.
1399 992 1434 1029 p.
1465 981 1555 1018 108.
1581 976 1630 1014 de
1656 976 1789 1015 Mund.
1822 990 1857 1027 p.
1885 979 1977 1016 338.
2026 974 2108 1014 Sed

1245 1036 1280 1072 in
1302 1032 1407 1072 libris
1434 1033 1483 1071 de
1506 1033 1648 1083 Dogm.
1676 1032 1775 1073 Plat.
1792 1032 1818 1072 1.
1846 1045 1884 1083 p.
1907 1035 1995 1072 182.
2011 1045 2109 1084 pen-

1245 1092 1308 1129 nis
1333 1095 1371 1128 et
1396 1090 1445 1128 de
1471 1089 1558 1128 Deo
1586 1090 1695 1128 Socr.
1726 1102 1762 1140 p.
1798 1092 1888 1129 138.
1917 1088 2110 1140 pennulis

1244 1160 1378 1185 omnes
1415 1146 1529 1185 codd.
1565 1150 1737 1190 servant,
1775 1145 1847 1184 nisi
1884 1144 1988 1196 quod
2011 1144 2111 1198 Kloco

1242 1203 1449 1254 posteriori
1481 1202 1543 1243 ed.
1575 1217 1630 1254 pr.
1659 1203 1846 1254 pinnule's
1870 1201 1999 1239 habet.
2055 1199 2111 1238 lta

1244 1259 1333 1298 ibid.
1360 1274 1398 1311 p·
1430 1263 1518 1300 140.
1556 1260 1732 1310 renn'qia
1765 1271 2011 1310 pennarum,
2047 1257 2110 1294 ubi

1246 1316 1330 1354 cod.
1358 1316 1478 1353 Voss.
1503 1315 1614 1353 solus
1644 1316 1863 1365 pinnarum
1883 1313 2047 1364 praebet
2075 1317 2112 1350 et

1247 1372 1296 1410 de
1333 1371 1468 1410 Mund.
1507 1386 1543 1423 p.
1570 1375 1661 1411 369.
1701 1371 1830 1419 optimi
1869 1369 1981 1408 codd.
2018 1370 2114 1407 inter

1243 1433 1514 1480 pennatorum
1529 1432 1568 1466 et
1579 1429 1843 1480 pinnatarum
1856 1427 2013 1470 variant,
2040 1439 2115 1476 quo

1248 1484 1335 1522 loco
1350 1484 1534 1522 Bosseha
1544 1498 1771 1535 pennarum.
1796 1484 1830 1520 in
1846 1485 1954 1520 textu
1973 1481 2115 1533 posuit,

1244 1542 1467 1592 pinnarum
1505 1554 1595 1578 vero
1633 1539 1870 1578 adnotationi
1907 1537 2117 1588 praefixum

1249 1602 1320 1635 est.
1348 1596 1540 1647 Equidem
1556 1596 1748 1637 existimo,
1769 1595 1946 1633 omnibus
1960 1593 2117 1645 Apuleii

1250 1653 1347 1691 locis
1380 1655 1512 1705 pinna
1550 1666 1644 1690 esse
1680 1652 1978 1697 restituendum,
2016 1650 2120 1700 quod

1250 1710 1483 1761 praetulisse
1493 1710 1654 1748 videtur.
1667 1707 1731 1746 De
1745 1707 1972 1746 confusione
1984 1707 2120 1745 utrius·

1252 1779 1329 1816 que
1353 1766 1532 1804 vocabuli
1560 1766 1607 1803 cs.
1633 1764 1769 1803 Munk.
1795 1764 1845 1803 ad
1859 1762 2120 1802 Lact.Enarr.

1252 1822 1348 1860 Fal).
1375 1821 1421 1860 L.
1447 1821 1509 1860 111.
1539 1822 1562 1861 f.
1577 1820 1730 1871 Vlup.
1747 1825 1839 1861 803.
1867 1819 2121 1859 Stav.Burm.

1252 1878 1302 1917 ad
1334 1878 1494 1916 Anthol.
1531 1878 1578 1917 L.
1611 1877 1657 1916 T.
1683 1876 1709 1915 l.
1743 1892 1778 1929 p.
1806 1881 1898 1918 623.
1948 1875 2047 1914 Cort.
2074 1875 2124 1913 ad

1252 1934 1400 1973 Lucan.
1416 1933 1444 1973 1.
1459 1938 1550 1975 588.
1577 1934 1750 1974 lv..131.
1773 1932 1854 1972 ΥΠ.
1871 1937 1964 1974 835.
1990 1931 2122 1984 Kopp.

1254 1990 1305 2028 ad
1324 1989 1438 2029 Mart.
1461 1989 1612 2041 Cap.ll.
1634 1990 1666 2040 ξ.
1683 1994 1772 2030 101.
1794 2003 1828 2040 p.
1848 1994 1937 2030 141.
1959 1994 1997 2027 et
2010 1988 2125 2026 Mart.

1257 2046 1350 2098 Cap.
1378 2046 1443 2084 ΙΥ.
1470 2047 1500 2096 ᾗ.
1516 2050 1609 2087 379.
1635 2060 1673 2097 p.
1696 2050 1789 2086 357.
1810 2047 1966 2097 pinnae
1991 2058 2013 2083 e
2039 2045 2125 2084 cod.

1256 2103 1408 2142 Bouon.
1445 2105 1589 2154 optimo
1625 2102 1905 2141 restituendum
1937 2105 1999 2139 est
2024 2101 2127 2152 apud

1257 2159 1434 2198 Lactant.
1462 2159 1512 2197 de
1537 2158 1643 2211 Opis.
1670 2174 1703 2198 c.
1728 2164 1766 2199 5.
1791 2158 1885 2208 §.a
1918 2172 1953 2209 p.
1983 2157 2125 2209 1146.]

1315 2217 1558 2268 detersoque
1582 2230 1733 2255 somno.
1785 2214 1857 2267 [cf.
1889 2214 2021 2252 Barth.
2048 2213 2126 2252 Ad-

1257 2286 1358 2311 vers‘.
1384 2272 1556 2311 XXXV.
1587 2277 1648 2312 14.
1675 2286 1712 2323 p.
1741 2271 1878 2323 1612]

1311 2330 1509 2381 perieras.
1543 2329 1708 2380 [Perire
1732 2328 1794 2366 hic
1819 2328 1869 2366 de
1893 2326 2056 2378 Psycha
2075 2326 2128 2364 di-

1259 2390 1381 2431 etum,
1418 2399 1520 2436 quae
1556 2400 1630 2423 sua
1666 2385 1781 2436 culpa
1813 2389 1852 2422 et
1875 2397 1990 2422 manu
2016 2383 2129 2435 quasi

1258 2443 1333 2481 sibi
1364 2443 1451 2493 ipsa
1482 2442 1715 2488 admovens,
1754 2440 2017 2491 exstinguitur.
2065 2438 2130 2478 De

1257 2499 1332 2537 hac
1359 2500 1465 2536 vocis
1490 2498 1772 2549 significatione
1797 2497 1842 2535 cf.
1862 2496 2130 2547 Doed.Syn0-

1261 2568 1363 2605 nym.
1391 2554 1452 2592 ΙΙΙ.
1479 2569 1517 2606 p.
1546 2554 1654 2606 179]

1317 2613 1490 2650 interim.
1538 2610 1682 2661 [Hand.
1711 2609 1879 2649 Turseli.
1896 2609 1957 2649 111.
1983 2624 2021 2661 p.
2037 2614 2131 2650 425.

1260 2672 1298 2706 et
1313 2672 1406 2708 426.
1435 2667 1533 2705 lianc
1556 2667 1784 2717 particulam
1803 2670 2130 2718 praeoccupatum

1258 2730 1414 2775 tempus
1439 2724 1668 2775 significare,
1694 2723 1781 2761 aliis
1806 2724 1924 2762 rebus
1948 2723 2133 2775 repositis

1260 2781 1321 2819 vel
1347 2781 1490 2825 dilatis,
1516 2781 1616 2818 bene
1640 2781 1870 2830 pronuntiat.
1901 2779 1987 2818 Hoc
2002 2783 2132 2818 nostro

1257 2837 1473 2890 respondet
1487 2839 1665 2890 rmjestt,
1686 2841 1850 2882 rorerst,
1878 2836 2132 2874 efflstweilen.

1260 2894 1412 2933 Eadem
1438 2893 1595 2932 notione
1620 2890 1758 2943 legitur
1777 2891 1873 2931 Met.
1890 2891 1973 2932 Vll.
1986 2906 2021 2944 p.
2038 2895 2131 2932 497.

1265 2956 1554 3003 cruentumque
1564 2963 1842 3001 percussorem
1863 2949 2132 2993 eritm'uantes,

1264 3009 1323 3046 ml
1348 3021 1463 3047 casas
1493 3007 1686 3044 interim
1715 3019 1808 3044 snas
1838 3006 2011 3045 vinetum
2038 3017 2132 3056 per-

1266 3065 1433 3110 ducunt,
1445 3062 1586 3117 quoad
1598 3062 1841 3101 renascendi
1848 3062 1915 3100 die
1930 3061 2134 3101 deductus

1265 3121 1323 3160 ml
1350 3121 1614 3173 mayistratus
1638 3131 1801 3170 poenae
1829 3117 2072 3158 redderetur
2095 3119 2134 3154 et

1264 3176 1384 3228 Apol.
1411 3189 1446 3227 p.
1475 3178 1569 3216 562.
1596 3174 1780 3214 concedo
1805 3173 2030 3226 interim]

2194 233 2198 249 t

2187 252 2198 322 l
