2155 3590
642 144 832 185 LIBER
860 144 933 184 Vl.
994 143 1123 184 CAP.
1152 142 1298 183 XXX.
1803 142 1888 185 507

105 259 258 314 puella,
307 265 489 311 parentes
526 265 613 298 tuos
649 257 883 299 intervisere
919 257 1185 311 properabas?
1231 254 1307 296 Sed
1341 254 1348 310 Ι
1379 269 1450 294 nos
1487 262 1526 295 et
1561 255 1759 296 solitudini
1795 263 1885 296 tuae
1908 266 1976 299 442

103 314 338 370 praesidium
373 314 657 368 praestabimus
694 321 733 354 et
767 315 813 354 ad
850 320 1031 368 parentes
1074 321 1161 353 tuos
1202 312 1279 352 iter
1302 311 1621 352 monstrabimus.
1682 311 1737 352 Et
1765 326 1882 362 unus,

105 434 180 459 tuos
192 430 392 459 intervisere
405 433 439 460 F.
455 433 485 460 3.
500 434 536 461 G.
552 433 581 460 1.
595 433 626 460 2.
639 433 678 461 D.
693 433 729 461 B.
743 433 813 460 edd.
826 434 903 460 vett.
917 432 1010 460 Vulc.
1027 432 1056 458 2.
1086 429 1215 469 furtim
1234 429 1342 457 m’sere
1360 429 1395 457 F.
1420 430 1446 458 1.
1468 437 1500 461 φ,
1528 428 1660 467 furtim
1674 428 1885 457 intervisere.

101 478 185 506 Elm.
199 480 228 504 et
242 477 361 506 Florid.
402 476 615 513 properabas
628 478 663 505 F.
678 478 708 505 3.
723 479 759 505 G.
774 479 804 505 2.
818 478 856 505 D.
870 479 907 505 R.
922 476 944 504 f.
957 473 986 504 d.
1012 478 1047 504 In
1063 480 1321 512 cettproperas.
1368 481 1429 501 nos
1442 472 1680 500 consnlttndr'm'
1691 476 1725 502 0.
1772 477 1808 500 et
1825 481 1885 501 nos

102 524 136 548 et
148 519 324 549 solitudini
335 523 411 551 Bas.
428 524 456 550 1.
504 520 683 549 solitudine
695 523 772 550 BaS.
787 523 817 550 2.
854 519 1117 555 sollr·c2‘tml1'm·p.
1160 518 1368 557 praesidium
1383 518 1635 555 praestabimus
1656 519 1691 547 F.
1705 520 1736 547 3.
1762 517 1838 552 (sed
1852 519 1886 546 in

100 567 247 602 margine
265 569 304 595 ab
324 568 436 595 eadem
455 574 552 595 manu
568 566 819 604 praebebimus)
840 569 877 594 G.
897 569 922 594 l.
937 568 967 595 2.
987 567 1025 594 D.
1047 567 1082 594 P.
1098 567 1132 594 O.
1146 574 1183 594 π.
1199 566 1218 594 f.
1242 567 1358 593 Incert.
1377 563 1577 600 praebemus
1596 564 1632 591 F.
1648 565 1676 591 1.
1691 566 1772 591 teste
1784 565 1885 599 Elm.‚

100 612 156 640 sed
172 611 205 639 in
218 612 433 647 Lindenbrog.
448 612 618 641 collatione
631 613 670 640 ad
686 620 784 646 marg.
799 613 846 639 ed.
856 613 951 640 Vulc.
961 613 989 639 2².
1003 611 1085 639 nihil
1098 614 1253 639 mutatum
1267 615 1326 638 est.
1350 611 1397 638 Ea
1411 609 1497 638 enim
1505 607 1736 645 praebebimus
1750 616 1822 636 cum
1835 609 1885 637 ed.

99 657 384 691 Vulc.2.praebet,
394 658 476 692 quod
490 658 585 685 etiam
599 658 632 685 in
646 659 799 685 eddxett.
810 654 1159 692 legitur.7)rulc⁷'bemus
1169 657 1204 684 Β.
1222 653 1644 692 perln·beh1·1nnsEd.scriv.
1659 653 1847 689 perihemus
1855 650 1884 681 δ.

100 699 378 737 cmupendmsmn,
405 704 485 736 quod
500 702 532 730 in
548 703 713 730 nonnullis
726 703 814 731 codd.
828 706 856 729 et
873 701 1020 729 omnibus
1033 702 1102 729 edd.
1117 701 1236 736 legitur
1247 704 1322 729 ante
1335 698 1382 726 acl
1394 702 1484 735 tuos,
1505 707 1568 728 non
1582 702 1743 733 comparet
1759 699 1791 726 in
1805 699 1840 727 F.
1855 699 1886 726 3.

99 748 134 775 G.
152 748 180 775 1.
195 748 225 775 2.
240 746 278 775 D.
294 747 329 775 P.

378 745 599 783 adparentes
619 749 694 774 tuos
713 748 748 775 F.
769 748 798 776 3.
820 747 854 774 G.
877 747 906 775 1.
927 748 957 774 2.
978 746 1011 774 Ο.
1034 743 1063 774 δ.
1079 747 1113 773 P.
1130 745 1151 774 f.
1166 747 1203 774 D.
1229 747 1264 774 In
1285 748 1357 774 cett.
1377 745 1465 773 codd.
1484 748 1513 772 et
1528 745 1771 780 edd.pa1·cntes
1786 745 1888 772 abest.

98 794 132 818 ct
146 798 230 819 umes
243 793 279 820 F.
293 793 323 820 3.
339 793 373 820 G.
390 794 418 821 1.
432 794 463 820 2.
478 794 516 821 Ι).
530 793 566 821 Ρ.
590 794 627 820 In
641 795 713 821 cett.
728 793 817 820 codd.
831 794 859 819 et
875 792 944 820 edd.
959 793 1034 820 vett.
1048 789 1191 819 verbum.

100 894 161 929 est
173 891 269 928 inter
282 892 585 942 vesperuyinem
592 895 631 929 et
639 891 757 930 iubar
771 892 792 928 i.
801 904 835 929 e.
845 894 963 927 totam

99 947 180 984 fere
200 950 369 993 noctem,
402 946 596 985 Censorin.
612 947 661 984 de
675 947 736 985 die
750 946 840 985 Nat.
854 960 885 985 c.
900 950 962 986 24.

1022 890 1111 928 dem
1137 888 1233 927 loeis
1259 889 1417 927 ironiam
1443 888 1643 934 desidero,
1676 900 1778 937 quae
1807 890 1887 925 tan-

1024 946 1222 983 tummodo
1259 946 1382 996 reperi
1420 944 1597 983 Met.Vl.
1627 957 1666 995 p.
1692 947 1784 984 397.
1823 946 1888 983 An

99 1016 198 1054 quae
212 1003 437 1055 interposita
455 1007 518 1040 est
542 1004 638 1042 inter
663 1003 900 1043 concubium
926 1007 965 1040 ec
1016 1004 1158 1053 pott'us
1193 1003 1379 1040 maritum
1415 1003 1702 1040 intervisere
1736 1000 1888 1038 venisti.

97 1065 252 1112 tempus
277 1060 334 1098 ad
352 1060 524 1098 mediam
536 1065 702 1099 noctem.
730 1059 841 1098 Serv.
862 1059 960 1097 Aen.

97 1115 159 1154 ΙΙΙ.
197 1119 289 1156 587.
325 1117 562 1167 intempesta
600 1117 715 1154 dicta
746 1121 803 1154 est
826 1116 960 1153 media

96 1186 198 1217 nox,
224 1185 274 1209 ex
288 1172 387 1209 Aelii
414 1173 607 1209 sententia
621 1175 702 1209 erat
716 1186 801 1210 uox
817 1185 962 1209 concu-

97 1228 165 1267 bia
187 1227 232 1266 cf.
243 1228 367 1266 Varro
383 1227 406 1265 Ι.
421 1241 450 1266 c.
473 1227 639 1278 denique
658 1228 851 1278 Apuleius
871 1226 962 1264 nihil

96 1285 189 1322 certi
214 1283 345 1321 definit
380 1283 478 1322 Met.
498 1282 544 1323 H.
573 1298 609 1335 p.
635 1286 725 1323 151.
752 1298 841 1322 cum
872 1296 963 1321 ecce

97 1340 376 1391 crepusculum
406 1345 444 1378 et
477 1354 563 1378 uosc
585 1344 781 1391 provecta
810 1345 848 1378 et
878 1353 962 1376 uox

89 1396 220 1435 altior
241 1401 279 1434 et
302 1396 395 1434 dein
422 1396 622 1434 concubia
647 1395 798 1434 altiora
825 1401 863 1434 et
885 1396 965 1432 iam

92 1466 181 1491 ‘noce
215 1453 464 1503 intempesta.
517 1451 618 1490 Hinc
648 1455 758 1502 puto,
789 1465 876 1489 uox·
906 1453 963 1488 iu-

94 1513 286 1560 tempesta
312 1520 469 1559 semper
493 1521 588 1546 esse
612 1507 752 1545 dictum
775 1507 824 1545 de
843 1507 963 1545 multa

92 1569 224 1611 nocte,
262 1577 361 1614 qnae
396 1562 551 1614 longius
581 1579 605 1603 a
638 1564 893 1616 vesperugine
925 1568 962 1601 et

95 1636 117 1660 a
137 1621 268 1659 iubare
290 1624 371 1659 erat
389 1625 553 1665 remota,
579 1624 619 1659 et
638 1621 673 1658 in
690 1621 909 1658 universum
925 1620 960 1658 id

94 1690 233 1715 nomen
266 1689 289 1714 a
318 1678 516 1715 veteribus
548 1691 642 1716 esse
678 1677 863 1728 positum.
899 1677 962 1714 ubi

95 1737 240 1772 certum
265 1734 390 1771 noctis
414 1734 666 1784 provectioris
691 1737 846 1784 tempus
872 1733 964 1771 indi-

95 1791 171 1829 cari
197 1803 271 1828 non
296 1793 459 1841 poterat.
486 1789 596 1828 Haec
620 1791 846 1840 significatio
871 1789 964 1827 mihi

93 1846 236 1896 ubique
249 1859 295 1884 se
309 1847 496 1898 probavit.
518 1845 572 1885 Ita
588 1846 965 1898 explicantGlossae

93 1901 298 1940 Philoxen.
313 1915 349 1953 p.
369 1906 456 1942 122.
473 1904 707 1954 intempesta
722 1896 845 1955 ἄωρος
859 1897 964 1941 ἄκαι-

93 1973 158 2011 ρος
179 1960 350 2011 βαθεῖα
375 1953 567 2012 ἄκρατος]

152 2026 295 2065 ῘΙῙαηεε
330 2026 582 2078 Larvasque.
651 2024 722 2076 [cf.
761 2024 809 2062 ad
847 2024 964 2077 Apol.

95 2096 133 2134 p.
148 2085 247 2122 535:
276 2082 477 2134 quicquid
501 2081 736 2126 Lemurum,
765 2083 966 2134 quicquid

96 2138 301 2183 stIcmz'um,
341 2138 544 2190 quicquid
567 2137 795 2177 Lari-arum
834 2137 964 2177 oculis

96 2195 175 2233 tuis
189 2199 377 2246 oyyerat,
393 2195 547 2233 omnia
566 2195 778 2233 noctium
799 2207 963 2233 occur-

95 2249 296 2302 sucula]

153 2327 207 2367 Al
220 2333 263 2367 tu
273 2329 549 2379 properabas.
577 2328 706 2380 [Haec
719 2329 833 2367 lectio
848 2342 963 2379 quum

97 2385 326 2434 optimorum
351 2384 466 2423 codd.
490 2386 559 2429 sit,
584 2399 657 2422 non
684 2385 854 2423 dubitavi
880 2398 965 2423 eam

95 2441 280 2491 recipere.
332 2440 388 2479 At
404 2446 448 2480 tu
467 2441 567 2479 enim
581 2442 721 2479 acerbe
735 2441 877 2479 dictum
891 2445 965 2486 est,

95 2496 146 2534 de
171 2509 246 2546 qua
271 2497 411 2534 ironica
445 2497 658 2548 particulae
687 2498 967 2547 significatione

97 2552 146 2590 cf.
172 2553 220 2590 ad
246 2552 344 2591 Met.
369 2551 397 2591 l.
423 2566 461 2604 p.
487 2557 522 2593 2.
574 2553 701 2591 Etiam
732 2552 834 2592 oud.
867 2553 967 2592 hane

95 2610 322 2661 scripturam
353 2611 508 2659 probat,
546 2610 775 2661 praesertim
807 2611 840 2647 si
869 2624 964 2662 pro-

93 2665 278 2716 perabas
302 2665 488 2718 1egatur.]

151 2744 393 2782 interciserc.
407 2744 621 2795 Vulgarem
635 2744 734 2782 hanc
751 2743 965 2789 lectionem,

97 2800 204 2837 cuius
229 2800 610 2850 interpretamentum
636 2813 731 2838 esse
755 2803 849 2850 puto
875 2802 965 2839 scri-

96 2858 244 2905 pturam
255 2858 403 2908 furtim
417 2858 551 2903 visere,
560 2855 747 2894 Pricaeus
761 2869 810 2894 ex
825 2857 965 2895 ceteris

96 2909 255 2961 Apuleii
274 2911 372 2951 locis
395 2912 586 2959 defendit,
612 2914 676 2963 qui
691 2912 848 2963 parilem
863 2926 965 2951 ania-

96 2965 317 3013 ritudinem,
349 2982 451 3020 quae
475 2969 538 3008 hic
562 2969 774 3021 conspicua
799 2968 868 3015 sit,
901 2981 965 3006 ex-

97 3021 264 3073 primant
287 3023 334 3063 cs.
360 3024 386 3064 l.
412 3039 449 3077 p.
471 3030 535 3066 74.
564 3026 678 3078 quod
701 3026 968 3066 intervisimus

98 3082 156 3123 ie,
182 3077 232 3116 de
244 3078 333 3119 Deo
348 3081 498 3121 Socrat.
524 3095 561 3134 p.
582 3084 672 3122 129.
698 3082 761 3120 vel
783 3083 968 3134 muyien·

100 3134 197 3173 tium
208 3149 357 3190 yreyes
379 3138 694 3183 interz·isat,in
710 3138 850 3189 quibus
864 3138 968 3189 equi-

1020 1060 1075 1096 At
1093 1058 1191 1095 forte
1206 1057 1355 1095 fortuna
1375 1057 1436 1095 hic
1456 1057 1598 1096 factum
1613 1069 1706 1094 esse
1719 1059 1888 1095 autumo.

1019 1114 1190 1151 verbum
1205 1127 1298 1165 prae
1306 1115 1444 1151 ceteris
1460 1111 1888 1151 estPlautinumAulul.

1022 1169 1066 1208 Π.
1094 1174 1129 1210 2.
1157 1174 1220 1210 25.
1258 1169 1303 1207 ΙΙ.
1330 1175 1366 1210 7.
1397 1175 1429 1209 l.
1474 1169 1679 1207 Menaech.
1705 1168 1734 1207 l.
1763 1173 1796 1208 1.
1823 1172 1890 1209 32.

1023 1225 1145 1264 Stich.
1171 1226 1196 1263 Ι.
1224 1230 1262 1266 2.
1288 1229 1351 1266 90.
1377 1225 1439 1264 Ill.
1466 1230 1502 1266 2.
1529 1226 1594 1278 3.]

1073 1282 1382 1333 praestabitnus.
1421 1279 1577 1333 [Mirum
1593 1285 1666 1325 est,
1693 1281 1890 1332 quomodo

1021 1337 1122 1375 Oud.
1149 1339 1184 1375 in
1210 1338 1285 1375 hoc
1311 1338 1499 1376 vocabulo
1525 1338 1725 1376 offendere
1750 1351 1797 1374 eo
1823 1349 1891 1388 po-

1022 1395 1135 1432 tuerit
1144 1425 1152 1437 ‚
1174 1394 1276 1445 quod
1290 1395 1600 1433 monstrabimus
1609 1419 1660 1423 —
1668 1394 1892 1445 praestabi-

1022 1464 1105 1489 mus
1130 1450 1470 1488 homoeoteleuton
1503 1452 1554 1488 sit
1583 1452 1682 1487 satis
1714 1449 1890 1488 intolera-

1022 1507 1112 1545 bile.
1136 1506 1214 1544 Sed
1231 1520 1280 1544 ne
1293 1506 1403 1557 plura
1417 1506 1587 1551 afferam,
1599 1507 1713 1558 Apul.
1724 1503 1891 1544 MetNI.

1021 1578 1057 1615 p.
1081 1566 1172 1603 436.
1201 1563 1293 1601 dicit
1316 1578 1507 1603 cursum
1527 1577 1712 1602 rursum
1732 1563 1892 1608 incitat,

1022 1623 1061 1657 et
1078 1632 1115 1670 p.
1130 1624 1223 1660 440.
1248 1625 1530 1670 supernatasse
1554 1643 1608 1648 —
1633 1619 1893 1672 gubernasse,

1025 1699 1074 1705 ——
1097 1676 1399 1727 supercubasse.
1448 1676 1568 1714 Immo
1601 1675 1893 1713 amantissimus

1023 1736 1084 1770 est
1108 1732 1221 1770 huius
1248 1732 1403 1779 figurae.
1431 1732 1478 1771 cs.
1495 1732 1741 1783 F101·id.p.4.
1768 1733 1879 1770 inum

1025 1789 1143 1828 brata
1161 1812 1216 1816 —
1240 1794 1410 1827 onerata
1435 1812 1487 1817 -
1515 1789 1714 1827 coronula
1741 1792 1780 1825 et
1804 1801 1839 1838 p.
1856 1791 1893 1827 5.

1025 1851 1284 1884 consecratus
1297 1867 1351 1871 —
1372 1846 1583 1898 effiyiteizts
1608 1858 1642 1895 p.
1658 1849 1694 1885 9.
1715 1845 1894 1883 incurio-

1023 1915 1108 1940 sum
1124 1912 1168 1928 -ὲ-
1187 1901 1464 1940 meticulosum
1489 1914 1526 1951 p.
1544 1903 1605 1940 15.
1629 1902 1829 1953 ful-qurut
1842 1923 1889 1928 —

1024 1958 1502 2009 candicat—carieqat.
1529 1969 1566 2008 p.
1595 1961 1658 1997 21.
1686 1957 1894 1996 colare—

1024 2014 1193 2052 domarc
1206 2016 1320 2065 p.23.
1333 2015 1438 2052 aeris
1451 2018 1489 2051 et
1503 2015 1633 2052 auctis
1646 2026 1684 2065 p.
1700 2016 1763 2053 29.
1778 2014 1894 2065 5971«)-

1022 2070 1125 2108 verit
1137 2093 1186 2097 ——
1198 2070 1430 2121 permiserit
1441 2070 1514 2107 alia
1530 2069 1577 2108 cf.
1593 2069 1753 2121 Rupert.
1769 2071 1803 2107 in
1820 2069 1894 2107 ind.

1021 2125 1111 2163 Lat.
1127 2124 1247 2164 Tacit.
1262 2139 1293 2163 s,
1310 2139 1343 2164 v.
1365 2126 1742 2166 Homoeoteleuton.
1768 2122 1896 2164 Multa

1023 2181 1204 2233 exempla
1229 2180 1390 2233 collegit
1402 2181 1597 2221 Burmad
1612 2181 1764 2234 PmpJ.
1775 2186 1811 2222 8.
1831 2186 1845 2221 1
1860 2186 1894 2221 1.

1021 2236 1190 2276 Passov.
1204 2238 1252 2275 ad
1269 2237 1379 2276 Pers.
1397 2237 1498 2279 [92.
1513 2248 1549 2290 p.
1561 2242 1653 2279 313.
1680 2238 1894 2276 Weickert.

1023 2295 1074 2332 de
1099 2294 1240 2332 versib.
1255 2295 1360 2334 iniur.
1373 2307 1482 2346 susp.
1497 2309 1534 2346 p.
1550 2299 1602 2337 86
1628 2308 1741 2346 seqq.
1758 2294 1896 2333 Schra-

1026 2350 1330 2389 de1·.Ol·›se1·v.l.
1361 2356 1394 2390 1.
1419 2364 1457 2402 p.
1484 2357 1520 2392 7.
1547 2355 1585 2390 et
1609 2352 1657 2389 ad
1684 2351 1894 2389 Musaeum

1024 2421 1063 2460 p.
1092 2410 1171 2448 139
1197 2419 1285 2457 sqq.
1311 2407 1398 2445 Nec
1423 2407 1557 2446 Cicero
1583 2409 1717 2446 vitavit
1763 2407 1810 2445 cs.
1845 2407 1895 2444 de

1025 2463 1150 2502 Amic.
1177 2477 1208 2502 c.
1232 2467 1294 2504 19.
1321 2463 1352 2513 §
1375 2467 1438 2505 69.
1467 2464 1629 2503 colebat
1647 2487 1694 2492 —-
1718 2464 1893 2502 volebat.

1024 2520 1163 2559 Altera
1187 2533 1279 2557 vero
1300 2533 1414 2571 quam
1434 2521 1541 2559 addit
1553 2533 1716 2567 caussa,
1742 2519 1896 2572 probari

1022 2576 1324 2629 perlubebv'mus
1337 2578 1565 2629 scripturam
1581 2576 1779 2622 Scriverii,
1806 2577 1896 2626 quia

1023 2633 1259 2685 saepissime
1284 2633 1358 2671 hoc
1378 2633 1609 2671 vocabulum
1630 2633 1733 2683 apud
1751 2631 1896 2682 Apule-

1023 2690 1100 2727 ium
1115 2689 1284 2740 legatur,
1297 2703 1406 2727 mere
1421 2689 1540 2727 sutilis
1557 2693 1620 2727 est
1634 2688 1721 2727 coll.
1736 2688 1832 2726 Met.
1848 2686 1896 2726 H.

1022 2759 1062 2797 p.
1090 2749 1181 2786 149.
1213 2747 1479 2785 testimonium
1506 2745 1821 2797 perhibetote
1845 2744 1895 2781 ad

1023 2801 1119 2840 Met.
1145 2800 1208 2839 ΠΙ.
1234 2815 1271 2853 p.
1301 2806 1391 2842 185.
1422 2801 1610 2841 solatium
1639 2800 1897 2852 perhibuit

1025 2858 1198 2910 saepius
1249 2858 1331 2896 Sed
1366 2856 1583 2906 elegantior
1612 2857 1763 2894 videtur
1798 2866 1894 2894 esse

1026 2914 1168 2952 locutio
1179 2919 1394 2966 praestare
1401 2914 1529 2952 alicui
1536 2913 1769 2959 subsiciuam
1778 2926 1895 2964 quam

1025 2981 1123 3008 cum‘
1137 2969 1275 3008 librarii
1296 2984 1370 3008 non
1392 2965 1666 3020 intelligerent,
1693 2969 1773 3006 sere
1793 2981 1895 3007 sem·

1024 3037 1096 3079 per
1109 3027 1144 3065 in
1155 3026 1356 3079 praebere
1368 3026 1578 3064 mutabant.
1598 3026 1831 3065 Accuratius
1845 3026 1895 3063 de

1025 3083 1103 3122 hoc
1126 3083 1316 3121 vocabulo
1344 3086 1383 3120 et
1405 3082 1543 3120 crebra
1566 3082 1768 3133 utriusque
1786 3082 1893 3120 verbi

1027 3138 1258 3177 confusione
1272 3139 1445 3191 disputat
1459 3137 1562 3178 Cort.
1576 3138 1626 3178 ad
1639 3137 1892 3178 Lucan.VlH.
