2155 3590
690 104 873 146 LIBER
902 104 976 145 lv.
1037 103 1166 144 CAP.
1198 104 1254 143 11.
1804 105 1885 146 215

87 233 166 260 non
185 231 462 272 usquequaque
482 217 610 258 ferina
628 217 911 271 praecordiaV
914 217 1044 258 eneris
1064 223 1103 257 et
1117 215 1345 257 Gratiarum
1365 215 1494 255 lucum
1516 215 1622 255 illum
1642 228 1688 254 ιιι
1690 214 1768 255 biti
1770 215 1882 263 Ὶ1ιιιι,

86 275 197 315 cuius
221 275 328 314 inter
351 287 474 329 opaca
497 280 652 314 secreta
675 273 784 314 floris
810 274 975 328 genialis
1000 273 1134 327 regius
1159 272 1266 312 nitor
1294 271 1511 311 relucebat.
1562 270 1676 311 Tunc
1700 271 1885 312 invocato

87 331 212 371 hilaro
237 337 353 384 atque
379 343 567 384 prospero
596 327 770 380 Eventu⁷
799 344 917 370 cursu
941 344 1003 370 me
1028 328 1183 370 concito
1208 326 1402 391 proripio,
1438 334 1480 368 ut
1502 327 1595 367 hert
1601 327 1696 367 ule
1686 341 1769 380 ipse
1795 341 1885 368 sen-

86 387 202 427 tirem
216 401 295 426 non
309 387 460 427 asinum
482 399 560 436 me,
580 399 718 426 verum
744 386 860 426 etiam
885 400 1026 439 equum
1052 383 1270 441 curlrulem
1295 383 1413 423 nimia
1439 383 1650 423 velocitate
1675 384 1882 424 refectum.

84 442 163 484 sed
194 443 308 497 agilis
333 449 449 506 atque
474 442 700 496 praeclarus
724 441 790 483 ille
816 449 979 483 conatus
1005 442 1188 482 fortunae
1211 453 1322 481 meae
1346 439 1602 480 scaevitatem
1628 439 1781 480 anteire
1806 454 1886 479 non

85 500 225 553 potuit.
275 497 357 539 Iam
378 499 483 539 enim
504 499 590 538 loco
615 498 838 552 proximus,
866 513 946 538 non
969 498 1060 538 illas
1084 511 1198 538 rosas
1222 504 1382 537 teneras
1408 502 1448 536 et
1471 508 1681 545 amoenas,
1708 496 1884 536 madidas

84 555 325 596 diviniroris
340 562 380 596 et
392 554 582 606 nectaris,
611 568 708 609 quas
732 555 822 595 rubi
847 555 981 595 felices
1007 555 1147 595 beatae
1171 553 1308 609 spinae
1334 559 1548 607 generant,
1578 565 1623 591 ac
1648 565 1697 592 ne
1723 552 1882 593 conval-

83 701 290 731 usqueqnam
308 696 346 723 D.
367 695 404 722 G.
455 692 581 722 Veneri
597 694 699 722 etiam
717 697 855 731 gratum
869 695 905 723 F.
922 696 950 722 1.
998 693 1105 722 locam
1118 695 1195 723 Bas.
1211 695 1239 723 1.
1287 695 1403 721 set-eta
1415 694 1454 722 D.
1485 689 1630 729 phylari
1641 693 1679 720 D.
1695 698 1715 720 a
1729 700 1758 725 n.
1772 699 1813 720 m.
1829 693 1885 720 sed

79 746 103 768 a
115 748 155 768 m.
169 748 196 768 s.
210 737 337 776 hylari.
378 738 576 775 perconcito
588 741 626 768 B.
640 740 723 774 quod
737 742 847 774 piacet
859 740 989 774 Sciopp.
1004 742 1100 774 Susp.
1111 741 1167 768 111.
1180 741 1235 768 22.
1250 741 1281 767 et
1293 740 1332 768 V.
1345 740 1385 768 D.
1399 738 1492 768 Misc.
1507 739 1641 767 observ.
1651 738 1772 766 votll.
1787 738 1885 765 TJH.

80 792 108 818 p.
127 786 202 814 391.
227 785 356 813 Medius
369 784 663 821 malebatpereito.
706 785 848 821 proprio
861 785 897 813 F.
912 786 942 812 3.
958 786 993 812 G.
1008 785 1043 813 P.
1059 791 1114 818 pro
1127 783 1296 821 proripio.
1324 791 1395 820 ,ppo
1408 785 1447 812 D.
1461 790 1534 812 am.
1549 790 1577 817 p.
1591 783 1682 810 seda
1695 789 1736 810 ni.
1750 789 1777 810 s.
1799 789 1885 817 pro-

81 828 179 866 ripio,
215 832 246 856 el
262 827 352 858 herc.
366 831 403 858 R.
419 829 441 857 f.
489 828 637 857 curulem
650 831 684 858 0.
699 831 735 858 P.
750 827 779 859 ὃ.
793 831 831 858 D.
846 830 944 858 ceteri
958 828 1127 856 currulem
1141 832 1271 858 nabent.
1318 836 1393 856 mea
1406 826 1508 856 veloc.
1521 824 1550 856 ὃ.
1576 825 1839 864 nr'm.felz'eilatc
1848 828 1884 855 G.

79 875 118 903 D.
133 876 168 903 P.
215 875 433 902 severitatem
446 875 580 902 anteire
590 876 627 903 L.
640 876 678 903 R.
693 874 715 903 f.
730 871 758 903 δ.
784 882 834 901 me
847 873 1037 902 seaecz‘tate
1049 875 1085 903 F.
1103 876 1131 902 1.
1157 874 1361 902 saevitatem
1375 875 1411 902 G.
1423 874 1462 902 D.
1477 874 1513 902 Ο.
1525 881 1556 907 p.
1604 871 1758 899 anterire
1771 873 1808 900 L.
1822 875 1850 900 et
1866 880 1887 900 a.

79 927 121 948 m.
135 928 162 948 s.
177 919 210 948 iu
223 921 262 948 D.
272 941 280 955 ‚
305 920 400 948 cuius
414 919 502 954 prior
518 920 615 948 lectio
629 919 769 948 discerni
784 919 905 954 nequit.
925 917 1135 947 Pro.1·immts
1148 920 1306 949 Pricaeus
1318 918 1443 948 maluit.
1491 916 1614 945 divinis
1625 917 1735 954 guttis
1749 916 1840 943 ror-is
1855 925 1883 950 p.

77 969 111 993 et
123 965 194 993 edd.
207 968 283 993 vett.
299 968 426 999 praeter
437 966 521 993 lunt.
535 967 566 993 2.
581 971 664 999 quae
677 968 784 993 tamen
798 973 840 993 ex
854 967 1092 999 typothetarum
1106 973 1212 993 errore
1225 967 1320 993 habet
1341 962 1474 991 divinis.
1521 965 1553 990 el
1572 963 1654 997 quod
1668 966 1744 991 ante
1763 961 1885 989 beatae

77 1010 202 1044 aliquot
216 1011 307 1038 codd.
320 1012 439 1039 habent
450 1012 545 1039 abest
557 1017 578 1039 a
589 1010 625 1038 F.
639 1011 670 1039 3.
684 1011 720 1038 G.
732 1011 772 1039 D.
785 1011 823 1039 B.
836 1017 873 1038 π.
887 1006 917 1039 ὃ.
931 1013 961 1038 et
975 1010 1123 1038 omnibus
1137 1011 1208 1039 edd.
1222 1013 1302 1039 vett.
1348 1011 1386 1037 αι
1400 1016 1441 1036 ne
1454 1009 1490 1038 F.
1504 1009 1535 1038 3.
1550 1010 1585 1037 G.
1599 1009 1639 1037 D.
1652 1009 1689 1036 B.
1703 1007 1725 1037 f.

77 1117 212 1169 Kopp.
242 1119 292 1157 ad
322 1118 436 1157 Mart.
470 1118 563 1170 Cap.
589 1117 618 1157 I.
643 1119 674 1170 ξ.
702 1123 765 1160 67.
792 1132 829 1169 p.
857 1122 948 1159 109.

77 1175 293 1225 quieMss.
320 1176 471 1214 virecta
496 1174 669 1213 stabilire
694 1175 827 1213 studet
839 1174 871 1212 F
875 1178 947 1212 est.

74 1244 110 1268 s.
125 1244 159 1269 V.
185 1231 374 1270 ιίιιηιεοία
397 1244 434 1282 p.
449 1235 514 1271 51.
534 1231 728 1269 excstans:
761 1231 949 1270 ‹lancee-ta

75 1288 239 1339 antiqui
271 1288 387 1340 qnasi
424 1287 629 1326 dumieeta
659 1287 946 1338 appellabant,

75 1356 179 1392 quae
219 1357 292 1382 nos
328 1343 509 1388 dumeta,
550 1343 615 1381 ubi
651 1342 795 1381 Dacier
828 1342 947 1394 plane

74 1399 226 1449 ineptit:
253 1400 407 1444 dumus,
434 1399 614 1449 inquiens
641 1399 884 1439 ‹lamicetmn
908 1402 948 1436 et

74 1454 172 1493 eliso
196 1469 220 1494 c
244 1455 456 1494 dmnetum.
504 1455 725 1506 Deceptum
739 1456 840 1492 enim
853 1468 947 1492 esse

72 1510 182 1549 Fest.
203 1511 397 1549 lubentius
411 1512 574 1550 dixerim
587 1510 689 1550 Mss.
705 1512 945 1557 auctoritate,

74 1571 115 1605 ut
128 1568 324 1605 veteribus
339 1567 430 1618 quid
443 1568 637 1613 tribueret,
653 1568 759 1618 quod
767 1581 817 1605 ex
826 1581 945 1618 prava

73 1627 220 1662 tantum
237 1623 432 1662 scribendi
452 1625 598 1663 ratione
616 1624 944 1676 proficiscebatur,

73 1679 178 1718 unde
204 1694 319 1731 quam
345 1684 596 1731 pervetustus
622 1681 690 1719 ille
709 1694 814 1718 error
834 1680 947 1719 suerit

73 1740 203 1787 potest
227 1736 408 1788 intellig13
435 1736 482 1775 cf.
497 1736 633 1776 Munk.
660 1737 710 1776 ad
723 1735 837 1788 Fulg.
854 1736 946 1788 My-

72 1792 164 1831 thot.
193 1792 220 1831 I.
247 1806 282 1843 p.
313 1798 374 1833 11.
400 1797 440 1831 et
470 1797 529 1834 12.
557 1793 683 1845 Stav.]

128 1850 290 1889 mimus.
350 1848 462 1888 Hanc
487 1849 695 1888 lectionem
720 1851 946 1888 necessario

71 1905 310 1944 retinendam
330 1919 436 1951 esse,
462 1906 601 1957 probat
618 1905 849 1944 vocabulum
871 1921 946 1958 qm-

71 1963 256 2000 nicantes
287 1962 394 2012 quod
417 1964 549 2000 statim
573 1963 764 2013 sequitur.
797 1976 869 2000 nec
893 1963 944 2001 ad

69 2031 185 2057 ‘rosas
198 2019 332 2057 niveas
344 2017 476 2056 referri
491 2022 633 2069 potest.
670 2018 840 2069 Decepti
854 2023 945 2057 sunt

71 2071 213 2112 librarii
231 2074 552 2113 antecedentibus
572 2075 709 2113 vocab.
732 2075 944 2126 fnlyenles

71 2133 111 2167 et
141 2130 323 2169 candens
353 2132 556 2170 rosarium
578 2144 616 2181 p.
644 2134 736 2171 236.
765 2143 868 2181 quae
893 2131 944 2168 de

70 2186 213 2224 colore
226 2187 412 2225 candido
427 2187 682 2237 explicarunt:
707 2200 942 2237 quamquam

70 2241 401 2293 Rhododaphnen
423 2257 455 2282 s.
474 2242 634 2281 Nerium
657 2242 815 2281 floribus
839 2242 942 2281 albis

70 2311 166 2336 esse
190 2311 237 2336 ac
260 2299 385 2337 rubris
410 2299 525 2338 docet
548 2298 650 2339 Bod.
675 2313 698 2338 a
716 2298 866 2351 stapel.
891 2299 943 2337 ad

71 2353 270 2406 Theophr.
295 2354 322 2393 Ι.
348 2369 382 2394 c.
409 2360 473 2395 15.

124 2412 293 2463 reyium.
343 2410 471 2464 [Male
496 2415 605 2463 putat
629 2411 744 2457 Oud.,
768 2425 943 2450 rosarum

68 2467 232 2505 nitorem
250 2467 338 2506 ideo
363 2469 523 2521 reyiam
546 2468 750 2519 appellari,
777 2469 867 2518 quia
892 2469 941 2507 ob

67 2523 276 2574 puniceum
309 2524 491 2563 ruborem
526 2523 727 2575 regalibus
765 2525 941 2563 vestibus

68 2578 183 2618 suerit
205 2581 415 2632 proprium.
464 2582 626 2633 Reyiae
645 2581 746 2618 enim
765 2584 804 2619 et
821 2595 941 2632 raya-

66 2635 125 2675 les
145 2635 321 2675 dicuntur
339 2651 403 2675 res
423 2650 560 2675 omnes
572 2636 760 2688 pulchrae
777 2641 816 2675 et
830 2650 939 2687 prae-

65 2695 241 2741 stantes3
267 2692 316 2731 cs.
341 2694 392 2732 ad
416 2692 534 2744 Apul.
560 2691 708 2732 Florid.
733 2706 771 2744 p.
798 2693 881 2745 26]

124 2748 292 2788 Eventu.
353 2749 488 2801 [Boni
512 2754 671 2789 eventus
694 2749 843 2801 templu
902 2750 939 2788 in

65 2816 206 2855 campo
220 2804 360 2844 Martio
386 2805 509 2844 fuisse
546 2809 677 2844 notum
702 2810 766 2844 est
790 2763 937 2899 οἲξέζῒ.

61 2859 221 2907 aanor.
236 2860 312 2900 od.
327 2861 394 2901 Ν.
409 2866 445 2902 5.
463 2837 532 2918 ιῴ
543 2861 653 2900 vars.
670 2862 720 2899 de
733 2862 782 2900 R.
795 2861 843 2900 R.
877 2892 885 2900 .
905 2866 938 2902 1.

65 2915 98 2966 ᾗ.
113 2920 149 2956 8.
169 2916 308 2957 Marin.
329 2917 452 2957 Fratr.
473 2916 607 2956 Arval.
628 2931 664 2969 p.
686 2922 779 2959 236.
804 2917 939 2958 Burm.

63 2971 117 3009 ad
144 2971 315 3024 Prop.1.
351 2978 413 3015 10.
439 2979 504 3016 28.
537 2973 723 3024 Hartung.
755 2975 790 3012 in
822 2974 937 3013 libro:

68 3028 206 3081 Reliy.
232 3030 273 3068 d.
299 3031 422 3069 Ιιῖϋηι.
449 3030 495 3069 Τ.
521 3030 568 3069 Il.
592 3044 629 3081 p.
657 3024 750 3071 254.
778 3031 873 3083 not.]

123 3086 335 3126 currulem.
379 3086 453 3139 [ita
471 3086 720 3126 scribendum
740 3100 846 3133 esse,
868 3101 939 3127 nec

1009 1119 1210 1163 curulem,
1248 1122 1381 1157 contra
1411 1117 1514 1157 Oud.
1552 1130 1603 1155 ex
1638 1115 1714 1156 loci
1749 1121 1881 1169 potest

1009 1175 1106 1213 effici
1131 1176 1335 1213 sententia.
1395 1174 1524 1221 Quum
1550 1175 1651 1212 enim
1675 1173 1773 1212 asini
1798 1187 1883 1224 pro-

1007 1235 1092 1283 pter
1117 1231 1389 1269 lassitudinem
1414 1234 1454 1269 et
1478 1230 1670 1281 pigritiam
1694 1230 1798 1269 male
1818 1243 1883 1267 au-

1007 1287 1131 1333 diant,
1165 1286 1314 1325 Lucius
1344 1300 1437 1325 vero
1463 1299 1510 1324 se
1533 1287 1651 1325 nimia
1674 1285 1884 1325 velocitate

1005 1343 1247 1395 proripuisse
1265 1343 1381 1388 dicat,
1405 1342 1495 1381 hinc
1514 1356 1590 1380 non
1611 1343 1661 1380 de
1681 1356 1787 1395 equo
1807 1343 1882 1380 eir-

1007 1401 1128 1444 censi,
1154 1399 1229 1438 sed
1253 1399 1304 1438 de
1329 1412 1434 1451 equo
1454 1403 1643 1438 currente
1661 1411 1882 1436 sermonem

1006 1469 1100 1494 esse
1114 1456 1153 1494 fit
1167 1457 1424 1507 perspicuum.
1468 1454 1573 1501 Quid
1586 1455 1686 1492 enim
1700 1455 1773 1492 sibi
1789 1454 1883 1492 velit

1006 1526 1132 1565 equus
1163 1512 1315 1553 curulis
1348 1524 1465 1562 quem
1495 1510 1604 1550 Fest.
1631 1524 1662 1549 S.
1689 1525 1723 1548 v.
1752 1524 1788 1561 p.
1815 1514 1880 1550 38.

1007 1569 1297 1621 quadri-aalma
1329 1567 1518 1619 explicat,
1549 1580 1622 1605 nec
1645 1567 1709 1604 hic
1735 1580 1807 1604 nec
1831 1581 1880 1604 ex

1004 1625 1091 1663 Liv.
1116 1623 1268 1663 XXIV.
1298 1628 1360 1665 18.
1386 1625 1417 1675 §.
1446 1628 1510 1664 10.
1543 1627 1678 1675 potest
1708 1623 1880 1673 intelligi.

1005 1681 1054 1720 cf.
1080 1680 1183 1720 Iuret
1207 1681 1256 1720 ad
1283 1680 1509 1732 Symmaeh.
1535 1679 1604 1719 IX.
1632 1684 1696 1720 23.
1730 1679 1880 1718 Eadem

1005 1738 1286 1789 significatione
1301 1737 1627 1787 cui-ralislegitur
1635 1737 1737 1787 apud
1746 1735 1879 1774 Front.

1006 1795 1057 1833 de
1087 1793 1194 1832 feriis
1215 1793 1305 1832 Ais.
1327 1794 1440 1844 epist.
1462 1797 1498 1834 3.
1520 1807 1557 1844 p.
1581 1796 1675 1833 213.
1689 1793 1749 1831 cd.
1764 1792 1878 1831 Rom.

1006 1856 1046 1890 et
1078 1851 1308 1902 palpebras
1344 1851 1557 1889 incarrere
1596 1854 1758 1900 oportet
1794 1864 1868 1887 em·

1005 1908 1090 1947 ruli
1114 1908 1287 1958 strepltu
1313 1911 1350 1945 el
1375 1920 1465 1945 cnm
1493 1907 1661 1958 fremitu
1687 1907 1882 1957 equestri:

1004 1963 1054 2002 ef.
1079 1963 1175 2002 Met.
1202 1962 1270 2001 lX.
1295 1976 1333 2013 p.
1361 1966 1454 2003 610.
1482 1961 1642 2002 cem-ruli
1666 1961 1811 2012 ratde]

1060 2032 1261 2058 amoenas.
1278 2017 1498 2070 [Proprium
1509 2018 1584 2056 hoc
1598 2032 1691 2055 esse
1706 2031 1879 2055 rosarum

1004 2075 1218 2126 epitheton,
1243 2075 1376 2113 multis
1396 2074 1590 2125 exemplis
1611 2074 1778 2112 illustrat
1797 2073 1879 2111 Feu,

1003 2131 1053 2169 ad
1066 2131 1159 2170 Hor.
1173 2130 1249 2169 Od.
1265 2130 1309 2170 ll.
1325 2135 1362 2172 3.
1380 2135 1442 2171 14.
1469 2130 1518 2170 cf.
1533 2130 1631 2170 Met.
1647 2130 1715 2168 Xl.
1730 2144 1767 2181 p.
1787 2134 1878 2170 779.

1004 2201 1218 2233 coronam,
1253 2201 1358 2240 quae
1387 2189 1492 2226 rosis
1516 2188 1695 2226 amoenis
1719 2189 1880 2225 intexta

999 2244 1263 2296 feclyarabat.
1311 2243 1471 2282 Anthol.
1486 2244 1534 2282 L.
1551 2242 1660 2281 Tom.
1677 2243 1703 2282 1.
1719 2257 1755 2294 p.
1772 2247 1879 2284 701..

1002 2299 1406 2351 ubinonnullilegunt:
1436 2299 1880 2378 Veneruntaliqaamlo

1001 2370 1121 2395 rosae
1141 2357 1249 2408 prolz
1275 2358 1378 2396 veris
1403 2370 1594 2395 amoenae
1612 2357 1853 2407 maeniana}

1057 2413 1152 2452 iube?
1177 2413 1324 2465 felices
1357 2413 1498 2452 beatae
1529 2414 1686 2463 spinae.
1747 2411 1874 2462 [Grut

1003 2469 1121 2519 Susp.
1146 2468 1232 2507 Vll.
1257 2473 1295 2510 4.
1323 2469 1465 2508 beatae
1488 2473 1633 2521 spinae
1657 2469 1877 2519 suspicatui

1000 2525 1305 2564 additamentum
1332 2539 1426 2563 esse
1450 2525 1607 2563 subtilis
1632 2524 1785 2569 librarii,
1812 2526 1874 2574 qui

1001 2582 1242 2632 interpretari
1283 2581 1469 2628 voluerit,
1513 2581 1697 2633 quidnam
1738 2586 1873 2618 essent

998 2639 1092 2678 rubi
1103 2639 1263 2690 felices,
1278 2642 1317 2676 et
1330 2639 1366 2676 in
1381 2652 1430 2677 ea
1443 2638 1637 2676 sententia
1646 2636 1875 2675 Elm.habet

999 2694 1305 2740 adsentientem,
1353 2694 1418 2745 qui
1466 2698 1597 2733 tamen
1647 2697 1686 2731 et
1733 2692 1876 2732 beatae

997 2752 1142 2802 spinae
1172 2764 1221 2789 ex
1252 2750 1298 2789 F.
1328 2756 1363 2790 1.
1390 2753 1423 2789 ὃ.
1455 2754 1495 2787 et
1524 2764 1563 2789 π.
1595 2749 1712 2788 tacite
1743 2748 1873 2788 edidit.

996 2806 1114 2853 Oud.,
1140 2807 1202 2858 qui
1230 2807 1303 2845 loci
1330 2810 1369 2845 et
1387 2807 1591 2845 verborum
1611 2805 1873 2844 difficultatem

997 2877 1074 2902 non
1111 2862 1321 2908 intellexit,
1359 2876 1428 2913 per
1465 2863 1751 2914 appositionem
1788 2864 1873 2913 capi

998 2933 1122 2971 posse
1154 2920 1297 2959 beatae
1325 2921 1472 2971 spinae
1496 2922 1624 2969 putat,
1655 2921 1696 2956 et
1718 2920 1874 2970 Hymet-

997 2981 1060 3015 tos
1085 2976 1229 3016 Attica
1252 3005 1260 3014 .
1281 3006 1290 3014 .
1311 3005 1319 3014 .
1339 3005 1348 3014 .
1378 2976 1526 3028 ylebae
1553 2975 1698 3027 felices
1721 2973 1819 3013 Met.
1845 2973 1872 3012 l.

997 3045 1036 3083 p.
1063 3036 1101 3073 7.
1126 3045 1330 3084 perperam
1364 3035 1575 3082 comparat.
1635 3031 1749 3070 Rubi
1773 3032 1873 3068 enim

998 3088 1140 3129 beatae
1169 3090 1314 3141 spinae
1345 3087 1451 3127 nullo
1482 3088 1600 3126 modo
1633 3088 1706 3126 nisi
1742 3087 1875 3139 inepte
