2155 3590
677 95 869 138 LIBER
897 93 925 134 l.

985 87 1101 130 CAP
1142 85 1252 127 XIV.

1814 70 1870 112 49

66 222 266 277 iugulatus
293 231 405 258 mane
433 212 631 270 paruerit?
657 210 732 252 Cui
757 208 920 251 videbor
944 203 1029 247 veri
1053 199 1196 243 similia
1215 196 1366 244 dicere,
1395 191 1600 246 proferens
1627 185 1746 226 vera?
1771 181 1870 223 Pro-

68 281 260 320 clamares
291 274 429 315 saltem
459 268 742 325 suppetiatum,
776 266 809 306 si

840 263 1028 305 resistere
1059 257 1123 299 vir
1153 261 1288 296 tantus
1313 247 1469 290 mulieri
1500 239 1728 298 nequibas}
1792 237 1871 280 Sed
1899 243 1912 260 ⁷

68 334 191 376 oculis
215 332 292 372 tuis
318 332 432 371 homo
456 326 660 381 iugulatur
684 331 725 364 et
747 323 869 363 siles?
898 317 984 361 Cur
1008 321 1138 357 autem
1162 319 1201 352 te
1226 307 1353 350 simile
1377 301 1629 346 latrocinium
1655 312 1735 339 non
1760 309 1871 350 pere-

67 392 161 433 mit?
191 387 276 430 Cur
300 399 421 428 saeva
446 382 658 425 crudelitas
683 380 746 421 vel
771 384 931 433 propter
954 375 995 414 in

477 446 641 480 mortem
673 449 776 477 nuuc
807 434 874 474 illo
905 431 1004 473 redi.

539 493 739 549 Optimum
759 491 890 544 itaque
911 489 1017 528 factu
1030 484 1158 527 visum
1173 487 1234 523 est
1247 475 1470 520 anteluculo
1485 472 1621 513 furtim
1634 468 1819 516 evadere,
1837 471 1876 505 et

902 543 1024 586 Sumo
1038 537 1275 582 sarcinulam
1289 547 1431 583 meam,

68 446 252 503 quoniam
283 442 446 485 evasisti

69 511 108 546 et
127 518 210 544 nox
228 501 311 541 ibat
327 500 368 540 in
389 498 505 539 diem.

69 561 172 602 viam
186 559 279 599 licet
297 555 446 610 trepido
461 551 630 606 vestigio
645 561 867 604 capessere.

999 371 1140 413 dicium
1165 365 1328 409 sceleris
1354 362 1505 403 arbitro
1530 355 1729 413 pepercit?
1760 351 1872 406 Ergo

1072 426 1182 468 Haec
1210 420 1420 464 identidem
1447 429 1598 458 mecum
1624 409 1873 466 replicabam,

1454 528 1609 571 subdita
1623 524 1724 566 clavi
1739 536 1875 578 pessu-

68 618 128 658 los
153 616 314 656 reduco,
365 612 421 652 At
445 611 535 650 illae
560 607 705 663 probae
731 612 771 645 et
796 603 928 643 {ideles
953 601 1118 648 ianuae,
1147 608 1246 650 quae
1271 605 1343 634 sua
1368 594 1507 644 sponte
1531 589 1735 626 reseratae
1760 585 1875 620 nocte

69 675 241 722 fuerant,
270 669 340 710 vix
366 668 520 708 tandem
547 672 585 706 et
611 661 831 718 aegerrime
854 667 945 699 tunc
966 674 975 696 ‹

65 789 223 830 patuerit
269 790 304 817 L.
324 789 359 816 P.
381 788 416 814 G.
437 786 475 813 D.
495 785 529 812 0.
544 785 626 811 lunt.
647 783 671 809 1.
688 782 717 808 2.
733 780 808 808 Ald.

977 655 1088 696 -lavis
1109 666 1203 694 suae
1225 649 1363 691 crebra
1384 641 1649 699 immislsione
1671 635 1871 693 patefiunt.

857 775 992 816 deferre
1003 772 1184 812 proferens
1198 768 1359 798 stewech.
1373 760 1592 801 differentiae
1602 756 1783 796 proferens
1799 755 1876 782 Bas.

74 839 101 866 1.
116 840 144 865 et
160 836 193 864 in
207 841 307 869 marg.
323 830 496 869 dtff'ercns.
527 829 596 857 Alii
609 825 721 853 dicere
729 823 920 862 perferens.
946 820 1072 853 Sciopp.
1087 815 1243 845 coniecit:
1270 808 1471 840 verisimilia
1484 805 1663 839 disserere,
1679 801 1783 829 etium
1793 806 1877 836 pro-

63 882 197 923 ferens.
212 879 322 908 dicere
341 880 459 907 habent
481 882 592 903 omnes
612 872 704 901 codd.
730 874 761 899 et
787 869 856 899 eud.
874 865 1058 905 proferans

247 923 374 952 diceret
393 920 518 958 aliquis
535 919 582 946 mi
598 915 809 945 Aristomene
829 910 937 950 procl.
951 913 986 939 0.
1001 908 1087 937 dicet
1107 904 1233 943 aliquis
1252 902 1288 931 in
1305 897 1522 933 Aristomeass
1543 893 1653 933 procl.
1670 900 1706 921 π.
1721 900 1738 920 e
1757 892 1881 925 glossa.

926 957 959 984 in
980 953 1153 987 excerptis.

961 1002 1020 1029 1.·3.
1068 1001 1099 1026 et
1117 1000 1227 1024 tamen
1242 992 1320 1022 siles
1331 994 1395 1020 G.a
1406 998 1446 1019 m.
1463 988 1558 1023 need
1573 986 1701 1015 videtur
1714 984 1754 1011 ab
1768 981 1882 1010 eadem

909 1046 1080 1074 laet-mmm
1090 1045 1127 1071 1).
1143 1050 1162 1070 a
1176 1049 1215 1069 m.
1234 1048 1262 1074 p.
1311 1035 1448 1066 sceleris
1464 1030 1637 1061 vitandum
1651 1027 1785 1056 arbitro
1800 1026 1835 1054 Ο.
1845 1033 1881 1053 π.

71 928 199 959 vicent.

73 971 303 1009 suppetiarum
318 971 353 998 L.
369 970 446 997 Bas.
464 968 490 994 1.
510 966 650 994 vulcani.
669 960 856 998 suppetium
871 960 905 986 P.

74 1017 186 1046 titttc'm
201 1017 285 1051 quod
301 1016 334 1043 ln
347 1015 416 1042 cod.
427 1012 541 1045 &ipse
556 1009 630 1045 legi.
678 1004 853 1043 iugulatus
866 1004 957 1032 Vena

73 1071 170 1092 manu
185 1070 258 1090 esse
272 1063 460 1089 correctum.
508 1054 565 1083 cui
576 1053 735 1081 auteml).
749 1059 769 1080 a
781 1059 822 1079 111.
833 1058 860 1084 p.

1076 863 1153 891 ΑΜ.
1171 860 1300 889 1un1.·.‘.
1321 860 1350 885 et
1371 855 1517 890 plerique
1536 850 1627 879 codd.
1643 846 1822 886 perferens
1842 845 1879 872 L.

1168 952 1251 979 Elui.
1265 949 1322 977 sed
1337 948 1370 975 iu
1385 945 1464 975 Oud.
1479 945 1514 972 P.
1529 947 1557 971 el
1573 942 1609 969 G.
1622 940 1738 969 hahent
1759 942 1880 971 suppe-

76 1107 257 1136 arbitrium
267 1107 303 1134 P.
318 1105 350 1133 in
367 1101 529 1136 excerptis
537 1101 620 1129 Elin.
651 1095 840 1124 arbitr-inin
855 1093 1055 1122 oud.coua1.
1069 1088 1153 1123 quod
1166 1081 1421 1114 etiamputscnii
1436 1081 1510 1109 coll.
1525 1077 1707 1111 comprobat
1722 1077 1750 1102 et
1767 1071 1799 1099 in
1807 1074 1885 1099 met

78 1156 114 1182 G.
130 1156 297 1188 praeterea
310 1153 409 1179 extat.
451 1155 516 1174 nun
525 1142 677 1182 pepercit
693 1145 728 1171 L.
767 1137 1000 1177 peperct‘lunl.
1015 1137 1045 1162 2.
1088 1141 1146 1169 ego
1161 1140 1193 1168 q.
1214 1129 1310 1158 evasi
1322 1136 1357 1156 π.
1377 1126 1463 1155 unde
1475 1125 1589 1152 U'ass.
1605 1119 1744 1150 coniecit
1763 1113 1884 1144 euasti.

76 1196 224 1226 nemaeo
236 1198 275 1225 Ι).
290 1204 309 1225 a
323 1203 362 1224 m.
379 1203 407 1229 p.
457 1190 624 1228 replicans
638 1188 671 1226 β.

719 1185 803 1213 diem
817 1184 987 1220 optimum.
1016 1179 1140 1215 Itaque
1155 1178 1192 1205 D.

1233 1175 1374 1214 sactum
1389 1173 1425 1199 G.
1440 1172 1475 1199 Ι..
1491 1171 1529 1198 R.
1544 1176 1571 1202 p.
1588 1167 1609 1196 f.
1634 1168 1671 1194 ln
1685 1160 1883 1201 cett.fuctu.

75 1246 157 1272 ante
175 1240 319 1270 dituculo
342 1242 378 1268 B.
398 1235 603 1266 antelucimn
623 1236 658 1263 Ο.
678 1230 848 1260 antelucio
863 1230 899 1257 G.
914 1227 1019 1255 Scriv.
1038 1228 1066 1253 el
1083 1223 1166 1251 Pric.
1186 1224 1219 1249 ut
1234 1227 1307 1248 mox
1321 1222 1349 1247 et
1365 1223 1474 1250 supra.
1489 1211 1678 1241 antelucico
1691 1211 1730 1238 D.
1778 1206 1836 1234 via
1854 1212 1884 1240 p.

76 1296 202 1318 summo
222 1289 258 1316 G.
279 1287 317 1315 D.
337 1287 451 1314 Venet.
466 1284 495 1310 2.
544 1283 576 1308 et
598 1283 673 1309 anile
692 1274 828 1305 subdita
848 1274 930 1309 quod
951 1272 984 1300 in
1005 1277 1101 1298 nonn.
1123 1267 1213 1295 codd.
1233 1265 1380 1298 additur.
1401 1264 1491 1290 abest
1514 1266 1533 1287 a
1547 1259 1582 1286 F.
1597 1259 1627 1285 3.
1642 1264 1672 1290 p.
1689 1255 1709 1283 f.
1725 1255 1794 1284 edd.
1808 1254 1886 1280 vett.

77 1334 172 1363 clave
186 1334 234 1363 ed.
249 1331 334 1360 Pric.

77 1379 136 1409 vit.
151 1376 296 1407 tandem.
307 1377 391 1411 Elm,
438 1371 559 1401 crebra
572 1371 606 1399 in
620 1371 658 1398 D.
672 1372 720 1397 est
735 1374 755 1396 a
768 1375 808 1395 m.
823 1374 850 1394 S.

80 1481 208 1521 poena
226 1469 309 1505 erat
332 1462 405 1502 sed
431 1461 619 1500 latronum
645 1468 801 1507 quoque
827 1455 865 1490 et
884 1451 950 1489 ho-

79 1523 321 1569 micidarum3
346 1519 394 1559 cf.
412 1518 517 1568 Rup.
541 1516 592 1554 ad
611 1513 742 1553 luven.
759 1509 870 1549 XIV.
886 1512 952 1548 77.

80 1582 194 1634 Lips.
219 1579 269 1618 de
295 1589 406 1617 cruce
431 1573 478 1613 ll.
507 1572 588 1625 13.]

140 1638 190 1677 cle
201 1650 261 1676 me
270 1637 350 1689 fiet.
364 1632 421 1672 lta
435 1644 483 1669 ex
498 1629 611 1669 codd.
625 1630 719 1680 optt.
735 1640 766 1664 c.
781 1622 884 1662 Oud.
899 1634 953 1659 rc-

84 1695 182 1747 cepi,
203 1706 319 1744 quum
340 1693 542 1738 utrumque
563 1685 635 1724 dici
648 1683 784 1736 possit.
801 1679 849 1719 cf.
865 1677 954 1716 Ter.

86 1751 206 1791 Andr.
225 1747 286 1788 Ill.
317 1753 355 1788 5.
388 1751 426 1786 7.
455 1744 577 1782 Voss,
602 1742 652 1780 de
678 1742 802 1779 const.
834 1752 867 1775 c.
893 1738 959 1775 48.

85 1807 207 1847 Drak.
238 1805 288 1845 ad
322 1803 409 1842 Liv.
429 1806 494 1846 45,
521 1803 586 1841 39.
613 1796 764 1849 [Hand.
790 1791 960 1832 Turseli.

84 1864 131 1904 ll.
155 1879 194 1917 p.
215 1861 326 1914 221]

142 1920 344 1974 paruerit.
374 1915 440 1968 [cs.
466 1912 602 1953 Munk.
632 1911 681 1951 ad
707 1908 851 1960 Hygin.
884 1905 962 1944 sab.

89 1982 183 2020 204.
217 1990 257 2029 p.
294 1977 388 2015 335.
430 1970 536 2010 Mos.
573 1968 621 2008 ad
662 1966 741 2005 Cic.
778 1962 898 2002 Tusc.
934 1960 962 2000 Ι.

89 2036 156 2080 28.
187 2048 226 2086 p.
258 2035 352 2073 233.
382 2029 524 2068 dictum
555 2026 656 2064 enim
687 2025 750 2061 est
784 2034 853 2073 pro
891 2031 962 2070 ap-

88 2103 251 2145 parere.
295 2088 362 2126 Sic
385 2099 447 2137 ap.
470 2082 621 2122 Placid.
646 2080 780 2119 Gloss.
806 2091 844 2129 p.
870 2078 964 2115 449.

93 2148 185 2187 Mai.
212 2144 421 2197 legendum
451 2144 514 2179 est
540 2138 692 2182 censio,
724 2134 851 2174 multa
883 2145 964 2185 qua

95 2206 253 2248 citatos,
278 2202 311 2241 si
334 2213 417 2238 non
438 2196 657 2250 paruerint
677 2191 791 2245 [Cod.
806 2188 963 2242 ponde-

96 2260 198 2313 rum]
226 2270 367 2299 censor
391 2250 635 2307 afficiebat]

153 2318 212 2356 vir
237 2319 381 2354 tantus.
407 2310 552 2350 Brantii
578 2307 797 2347 coniectura
815 2304 875 2342 vir
900 2314 969 2340 ua-

97 2379 159 2414 tus
183 2371 299 2417 Oud.,
326 2370 385 2409 cui
411 2367 568 2418 vulgata
591 2363 705 2403 lectio
732 2360 877 2400 nullam
902 2357 968 2396 ba-

97 2432 164 2470 bet
188 2428 412 2471 efficaciam,
449 2424 595 2462 videtur
631 2433 724 2458 esse
760 2415 972 2467 elegantior

99 2498 290 2537 usumque
324 2483 438 2522 huius
469 2478 656 2533 participii
685 2489 756 2528 per
791 2473 971 2526 pleonas-

98 2557 202 2584 mum
245 2539 499 2580 substantivis
542 2534 682 2576 adiecti
723 2544 772 2569 ex
809 2528 972 2568 Graecis

102 2598 305 2653 [Xenoph.
336 2595 478 2647 Cyrop.
512 2592 539 2631 1.
571 2606 608 2644 p.
634 2594 672 2631 2.
702 2585 908 2637 Leuencl.]
935 2587 974 2621 et

100 2656 291 2696 Romanis
333 2651 525 2702 (Phaedr.
563 2647 624 2687 lll.
669 2650 707 2687 8.
754 2649 816 2684 11.
853 2640 974 2693 Apul.

103 2713 201 2753 Met.
237 2710 305 2750 IX.
331 2724 368 2762 p.
395 2707 507 2759 593.)
538 2705 721 2747 illustrat,
757 2700 806 2739 cf.
837 2697 978 2750 Cuper.

105 2769 206 2809 obs.
230 2766 293 2807 lll.
321 2770 385 2807 10.
417 2764 567 2816 [Burm.
591 2760 640 2800 ad
666 2758 822 2797 Petron.
851 2758 914 2795 19.
938 2767 976 2806 p.

108 2830 174 2868 92.
209 2823 357 2865 Arnob.
391 2820 420 2860 l.
457 2835 490 2859 c.
526 2822 591 2859 37.
627 2815 771 2854 Fronto
809 2812 859 2850 de
882 2810 976 2849 bell.

106 2882 241 2922 Parth.
269 2895 308 2933 p.
334 2882 429 2920 200.
460 2876 519 2915 ed.
550 2874 666 2913 Rom.
697 2870 850 2910 homini
880 2871 978 2906 nato

108 2938 167 2979 lta
195 2937 299 2991 apud
323 2935 471 2974 Arnob.
495 2930 540 2970 ΙΙ.
574 2934 638 2971 77.
670 2941 720 2967 ex
743 2926 845 2966 Mss.
871 2923 980 2963 corri-

112 2995 278 3048 gendum
309 2996 388 3031 est:
420 2992 453 3030 si
484 2988 635 3041 aliquis
660 2986 800 3024 brutus
830 2995 880 3021 ac
904 2984 979 3020 sto-

114 3052 222 3092 lidus
263 3052 306 3089 in
353 3059 558 3087 carcerem
608 3042 803 3081 hominem
844 3041 980 3076 aratum

116 3110 302 3148 iniectum
317 3103 547 3157 [cod.habet
563 3105 699 3139 mltum
715 3092 981 3149 inyressum.].

390 1329 569 1358 reseratae
582 1326 617 1354 F.
635 1326 662 1353 1.
677 1325 707 1351 3.
723 1324 759 1350 G.
773 1323 807 1350 0.
824 1320 844 1349 f.
860 1328 889 1354 p.
901 1318 1026 1347 B.1².7r.
1040 1312 1220 1342 deseram:
1233 1310 1404 1339 Vicen1.et
1421 1306 1510 1339 reliq.
1525 1304 1595 1333 edd.
1611 1296 1886 1336 proimme'rouio.

1012 1449 1166 1489 Tantas
1192 1449 1319 1483 tamen
1346 1438 1516 1479 defendo
1543 1434 1646 1487 quod
1672 1437 1710 1471 et
1734 1432 1784 1471 ad
1809 1444 1888 1469 cor-

1012 1505 1117 1558 poris
1143 1506 1182 1540 et
1206 1500 1322 1540 animi
1346 1496 1600 1536 infirmitatem
1624 1487 1821 1540 reseram]

1071 1561 1242 1600 arbitro.
1276 1556 1337 1608 [Si
1364 1554 1500 1607 plures
1525 1549 1750 1589 addicerent
1776 1542 1888 1583 codd.

1015 1632 1090 1670 ego
1121 1615 1298 1656 arbitrio
1329 1625 1351 1649 e
1380 1610 1427 1649 G.
1453 1608 1498 1646 P.
1526 1621 1562 1644 π.
1590 1605 1810 1645 retinere-im
1842 1599 1892 1638 cs.

1015 1674 1120 1714 Oud.
1145 1672 1195 1712 ad
1221 1670 1336 1710 Caesa
1362 1667 1409 1706 B.
1436 1662 1553 1703 (2111.
1581 1666 1645 1702 40.
1677 1660 1810 1699 ΑιΊιίκ.
1843 1656 1893 1694 ad

1019 1731 1118 1770 Plio.
1131 1728 1228 1767 Pan.
1243 1730 1309 1767 49.
1329 1725 1360 1776 ξ.
1373 1728 1409 1764 8.
1426 1738 1461 1775 p.
1477 1720 1559 1762 227
1573 1731 1662 1769 sqq.
1683 1715 1770 1755 Nec
1784 1714 1895 1754 aliter

1020 1787 1124 1841 apud
1150 1783 1245 1824 Min.
1267 1782 1354 1821 Fel.
1374 1784 1439 1822 33.
1461 1780 1492 1830 ξ.
1509 1782 1544 1817 2.
1573 1776 1710 1825 legitur
1730 1771 1895 1811 indiciis

1020 1859 1090 1898 pro
1109 1840 1324 1885 indicibus,
1351 1838 1415 1889 qui
1435 1836 1545 1874 locus
1559 1835 1609 1871 ita
1628 1832 1896 1882 interpungen-

1021 1902 1095 1940 dus
1121 1902 1198 1938 est:
1232 1898 1385 1949 Reyes,
1413 1896 1565 1932 tuntum
1591 1887 1712 1939 reflui
1737 1886 1799 1925 sni
1819 1896 1898 1936 per

1023 1958 1169 2011 officia
1200 1954 1491 1994 mae'm'strornm,
1524 1947 1710 1985 universa
1739 1953 1897 1980 not-ere.

1024 2015 1114 2053 Deo
1128 2011 1293 2051 indiciis
1309 2022 1412 2061 opas
1426 2019 1506 2045 uon
1522 2007 1591 2043 est.
1620 2000 1676 2039 Cf.
1693 1998 1788 2038 infra
1801 1993 1897 2036 Met.

1022 2070 1066 2109 11.
1093 2084 1129 2122 p.
1158 2066 1267 2119 124]

1082 2127 1182 2165 haec
1207 2122 1443 2162 identidem.
1470 2118 1536 2171 [cf.
1557 2114 1684 2154 Hand.
1708 2111 1740 2151 T
1744 2124 1822 2150 urS.
1836 2108 1901 2148 111.

1026 2199 1062 2236 p.
1093 2186 1184 2223 177.
1208 2177 1305 2219 Met.
1333 2177 1394 2216 111.
1421 2191 1457 2228 p.
1490 2177 1585 2215 174.
1618 2174 1699 2213 284
1724 2172 1763 2207 et
1788 2166 1902 2218 440]

1081 2242 1211 2292 factu.
1243 2235 1344 2274 Oud.
1371 2234 1511 2272 ret'utat
1536 2229 1646 2268 Colv.
1672 2225 1903 2266 sententiani

1030 2298 1093 2348 qui
1137 2295 1329 2347 optimum
1369 2293 1529 2343 sactum
1572 2289 1609 2323 et
1642 2287 1764 2337 facta
1801 2281 1904 2319 idem

1030 2366 1123 2392 esse
1155 2352 1317 2395 dixerat,
1349 2360 1466 2399 qutun
1494 2348 1578 2397 opt.
1602 2345 1763 2395 sactum
1792 2337 1830 2376 id
1855 2337 1906 2373 sit

1031 2409 1135 2462 quod
1170 2410 1246 2447 iam
1280 2407 1401 2449 bene,
1440 2402 1583 2454 optimc
1620 2399 1820 2450 peractum
1856 2393 1907 2430 sit

1029 2467 1093 2505 vel
1120 2464 1308 2508 credatur,
1335 2465 1420 2514 opt.
1442 2462 1563 2512 factet
1583 2455 1619 2494 id
1641 2453 1745 2507 quod
1767 2451 1906 2490 facien-

1032 2524 1123 2563 dum
1154 2520 1282 2561 adhuc
1311 2521 1458 2557 restare
1489 2514 1680 2558 videntum
1711 2508 1760 2548 cs.
1792 2505 1909 2546 eund.

1032 2581 1082 2621 ad
1107 2579 1222 2618 Caes.
1247 2576 1295 2615 B.
1322 2574 1371 2614 G.
1395 2572 1443 2611 11.
1469 2575 1535 2611 30.

1089 2635 1253 2675 subdita
1285 2631 1405 2672 clari.
1456 2627 1530 2680 [cf.
1567 2623 1700 2664 Barth.
1738 2620 1909 2660 Advers.

1034 2691 1206 2732 XXXV.
1236 2694 1297 2729 14.
1331 2703 1369 2740 p.
1399 2688 1518 2726 1613.
1555 2681 1737 2732 Sagittar.
1776 2677 1824 2716 de
1854 2674 1912 2714 la·

1036 2750 1120 2789 nuis
1146 2763 1176 2787 c.
1203 2751 1266 2787 14.
1292 2746 1328 2783 in
1355 2743 1496 2782 Graev.
1523 2737 1644 2777 Thes.
1669 2733 1738 2773 Vl.
1763 2748 1799 2786 p.
1815 2736 1911 2773 455.

1035 2806 1139 2846 Nam
1185 2807 1358 2842 veterum
1399 2799 1533 2838 claves
1580 2790 1762 2832 subditae
1810 2790 1913 2828 seris

1036 2861 1224 2916 pessulos
1249 2853 1515 2905 reducebant]

1095 2917 1283 2958 reserari.
1321 2913 1387 2965 [cs.
1418 2911 1526 2950 Fest.
1567 2922 1602 2959 p.
1634 2909 1723 2946 138.
1756 2908 1793 2942 et.
1819 2905 1916 2944 233.

1039 2977 1129 3027 ibiq.
1155 2974 1240 3012 Intt.
1273 2986 1308 3024 p.
1337 2973 1429 3011 651.
1462 2963 1659 3015 Lindem.]

1094 3033 1166 3071 via:
1192 3029 1355 3068 tandem
1380 3029 1416 3065 et
1435 3022 1673 3075 aeyerrime.
1699 3017 1765 3070 [cs.
1785 3015 1917 3055 Doed.

1041 3091 1136 3141 Syn.
1162 3086 1223 3125 111.
1251 3100 1287 3137 1¹.
1315 3086 1378 3124 94.
1405 3080 1553 3119 Lucan.
1580 3076 1629 3115 V.
1664 3079 1755 3116 161.
1787 3073 1918 3124 ibique
