2155 3590
596 153 784 194 LIBER
806 152 881 193 Vl.
928 151 1057 193 CAP.
1083 148 1294 190 XXVIII.

1748 145 1827 188 501

43 281 173 328 gestas
193 278 233 312 et
248 270 428 311 horridas
450 275 576 309 comta
598 266 798 321 diligentia
819 265 1016 320 per-polibo
1029 296 1040 315 ‚
1067 262 1274 304 monilibus
1287 259 1480 313 bullisque
1495 266 1531 300 te.
1547 257 1678 300 multis
1699 256 1829 298 aureis

41 330 297 378 inoculatum‚
331 325 453 367 veluti
473 324 479 383 1
501 325 624 366 stellis
644 323 808 365 sidereis
828 322 1068 365 relucentem
1101 326 1140 361 et
1165 317 1316 374 gaudiis
1336 316 1579 372 popularium
1600 327 1826 370 pomparum
1857 315 1920 349 439

42 468 195 499 sordidas
216 477 271 503 pro
290 466 449 495 horridas
470 469 505 496 P.
525 475 566 496 ex
587 467 880 500 interpretamento.
929 465 1052 499 cuneta
1073 470 1128 497 pro
1143 463 1254 488 comta
1268 461 1304 488 Β.
1319 459 1340 488 f.
1355 459 1389 487 0.
1404 457 1553 486 Beroald.
1566 456 1662 484 Vulc.
1678 456 1708 484 2.
1721 455 1834 482 NVow.

42 514 254 544 Pric.l·*lorid.
269 514 358 542 etita
374 514 424 541 vir
437 515 548 541 doctus
562 513 603 541 ad
616 519 717 546 marg.
731 512 790 540 Ed.
800 511 1036 539 vicent.meae.
1057 505 1235 544 pec-{innon
1246 501 1717 540 postdilegentiaintruditFA.
1728 521 1736 535 ,
1752 500 1834 533 quod

40 562 122 590 Elm.
137 559 297 595 reposuit,
324 560 418 587 cuius
433 558 530 586 editio
544 565 650 586 errore
664 558 899 590 typothetarum
914 553 1091 590 pectinata
1105 552 1326 581 contaminata
1344 552 1403 578 est.
1426 549 1468 577 At
1483 546 1587 576 seculi
1602 548 1676 574 sunt
1691 545 1835 573 Scriver.

42 605 200 634 etFlorid.
215 606 252 632 de
267 612 363 633 more.
387 606 424 632 In
437 606 510 632 cett.
525 603 614 631 codd.
630 605 659 630 et
674 602 743 630 edd.
759 604 912 629 exaratur
922 598 1104 635 perpoliam
1132 598 1194 626 Sed
1207 598 1340 625 verbum
1355 594 1557 622 desideratur
1570 591 1835 622 inF.3.G.P.D.,

41 651 97 686 qui
109 652 218 684 legunt
230 648 407 685 diligentia
420 647 595 675 monilibus
607 645 783 683 bullisque.
830 643 1070 681 monilibusque
1088 644 1108 671 f.
1120 644 1154 671 B.
1169 650 1224 677 pro
1237 639 1346 670 bullis.
1394 636 1570 666 munilibus
1583 634 1786 672 bullerz'sqne
1798 635 1836 662 P.

42 694 216 723 monilibus
229 693 405 731 'nullisque
413 691 442 722 δ.
460 695 497 722 In
511 694 594 729 edd..
608 699 692 726 quae
702 689 880 727 pectinabo
895 691 947 718 vel
958 687 1127 725 pet-polibo
1142 690 1276 723 habent,
1297 683 1471 713 monilibus
1486 682 1689 711 desideratur
1700 702 1707 714 ,
1725 682 1837 713 legen-

41 741 145 769 tibus:
165 739 337 776 perpolibo
350 738 523 776 bullisque.
570 730 987 766 inaulaaenm'1‹·.2.G.D.P.
1001 734 1021 763 f.
1037 731 1066 762 δ.
1091 734 1291 760 inauratum
1305 732 1339 759 0.
1364 727 1607 758 inoccullalmu
1628 735 1657 762 p.
1706 723 1796 752 velut
1810 731 1837 752 s.

43 783 141 813 velud
149 783 284 822 gaudiis
298 785 320 813 f.
344 786 380 813 G.
393 785 431 813 D.
449 791 505 819 pro
519 781 632 812 veluti,
680 780 801 810 sideris
814 781 852 809 D.
867 780 1015 809 Beroald.
1030 781 1105 808 Bas.
1123 780 1151 807 1.

100 895 277 935 incuria.
316 894 481 934 Incuria
498 897 649 933 etcum
663 893 913 945 potissimum

46 952 145 990 circa
159 951 431 1002 capillamenta
444 951 517 988 dici
530 950 668 1001 probat
677 949 843 987 Gronov.
856 947 913 986 l.c.

44 1008 146 1046 Prie.
170 1008 220 1046 ad
245 1007 320 1046 h.l.
346 1006 518 1045 Broukh.
546 1005 595 1044 ad
626 1005 742 1057 Prop.
765 1003 825 1042 HI.
852 1008 912 1044 12.

47 1068 111 1105 28.
137 1064 188 1101 ad
211 1062 441 1102 Phaedr.ll.
468 1067 504 1103 2.
531 1066 569 1102 8.
595 1061 741 1113 [Bentl.
757 1061 805 1099 ad
821 1060 914 1098 Hor.

47 1120 171 1171 Epist.
197 1119 224 1158 l.
254 1125 286 1159 1.
314 1123 380 1160 94.
404 1120 532 1169 ibique
552 1118 739 1156 Schmidt.
761 1120 799 1155 et
825 1116 915 1154 Fea.

47 1175 205 1215 Ruhnk.
230 1176 331 1214 Dict.
358 1175 409 1213 ad
434 1175 542 1213 Suet.
569 1173 683 1212 Caes.
710 1177 776 1213 45.
798 1187 835 1223 p.
851 1177 915 1213 75.

45 1233 191 1271 Arnob.
227 1234 263 1270 in
302 1232 387 1270 loco
424 1231 733 1269 obscoenissimo
771 1229 820 1267 Υ.
851 1233 915 1269 25.

41 1293 207 1342 partem
241 1288 356 1327 illam
392 1288 582 1338 corporis
699 1299 785 1323 eom
821 1285 916 1322 Ion-

45 1346 193 1398 9z'ore
221 1345 278 1383 ab
309 1345 505 1382 incuria
532 1342 695 1388 liberat,
723 1342 834 1393 facit
855 1355 915 1379 sn-

49 1413 156 1439 mere
169 1400 348 1439 habitum
358 1401 589 1451 puriorem,
616 1411 730 1448 quem
746 1397 914 1434 Gronov.

45 1456 266 1494 coniectura
287 1455 466 1494 interula
481 1468 623 1492 vexare
644 1468 718 1491 non
735 1453 913 1491 debebat.

45 1511 133 1551 Nisi
169 1513 204 1550 in
241 1525 355 1562 seqq.
393 1512 566 1563 levi-qari
604 1510 812 1561 legeretur,
854 1508 917 1546 hie

47 1581 204 1619 quoque
229 1569 382 1621 leviyat
404 1568 662 1606 emendarem.
701 1565 783 1604 Sed
797 1578 917 1603 sanus

46 1625 136 1677 est]

105 1686 329 1734 conyestas.
379 1680 644 1732 [Stewechius
669 1680 704 1717 in
731 1680 805 1717 hoc
830 1678 917 1716 loco

48 1738 226 1784 offendit,
275 1742 488 1777 contextas
524 1737 737 1786 corrigens,
787 1739 919 1773 contra

47 1807 162 1845 quem
177 1794 344 1832 Gronov.
369 1794 449 1844 agit
475 1794 496 1831 l.
512 1807 542 1832 c.
570 1797 608 1831 et
628 1792 828 1836 Pricaeus,
856 1793 916 1842 qui

45 1849 221 1900 exApol.
236 1863 272 1901 p.
288 1853 381 1890 389.
396 1855 435 1889 et
447 1850 721 1902 inaequaliter
735 1849 864 1887 hirtus
879 1852 920 1886 et

46 1907 243 1960 globosus
255 1911 293 1945 et
312 1920 436 1959 cong]
446 1919 489 1946 es
499 1912 574 1946 tus
590 1905 712 1943 offert.
732 1904 814 1943 Sed
829 1904 919 1942 mihi

48 1975 205 2013 quoque
218 1963 384 2013 ingenue
400 1962 654 2000 confitendum
671 1965 745 2007 est,
755 1965 921 2010 utroque

47 2019 135 2058 loco
178 2018 253 2057 hoc
286 2019 517 2056 vocabulum
569 2032 642 2055 non
679 2017 921 2055 satisfacere.

49 2074 163 2122 Quos
183 2076 284 2112 enim
302 2074 415 2113 affert
428 2075 596 2113 Gronov.
608 2073 786 2111 Senecae
801 2073 922 2124 Epist.

52 2135 116 2172 90.
143 2130 316 2168 frondem
344 2135 574 2183 conyestam
598 2143 667 2181 pro
700 2129 923 2180 implicitam

52 2191 93 2224 et
129 2190 350 2225 contextam
387 2190 426 2224 et
462 2186 564 2224 Oud.
598 2186 739 2224 Senec.
766 2184 924 2236 Hippol.

55 2247 174 2284 1248.
199 2248 312 2282 artus
336 2248 480 2281 temere
505 2247 721 2294 conyestos
746 2240 819 2280 loci
845 2254 923 2279 me-

53 2299 129 2338 lius
160 2299 209 2337 de
240 2298 377 2336 fronde
408 2303 448 2337 et
479 2299 638 2336 artubus
663 2298 926 2347 intelliguntur

53 2357 89 2394 in
121 2369 236 2394 unum
270 2355 396 2393 locum
427 2355 679 2393 coacervatis,
751 2354 838 2392 Nisi
875 2354 927 2391 ita

54 2411 155 2450 velis
186 2412 405 2462 intelligere
435 2416 540 2450 setas
564 2415 797 2462 confles-tas,
822 2413 927 2448 recte

54 2481 102 2507 se
114 2467 261 2507 habere
275 2482 349 2505 non
364 2471 543 2520 possunt.
564 2466 753 2504 Fortasse
766 2470 928 2517 utroque

55 2524 143 2563 loco
169 2524 376 2575 legendum
402 2528 465 2562 est
488 2525 686 2574 impexus.
713 2522 818 2573 quod
842 2535 930 2560 sen-

55 2581 200 2619 tentiae
226 2581 299 2619 loci
325 2581 449 2631 magis
475 2579 680 2631 convenit]

115 2642 247 2676 comta
262 2637 496 2689 dib'yentia.
530 2635 752 2687 [Prompta
767 2634 932 2672 coniecit

59 2693 289 2744 Sopingius,
326 2693 386 2731 cui
411 2692 511 2730 haec
548 2692 662 2729 lectio
695 2704 740 2728 se
766 2691 930 2742 probare

58 2762 134 2788 non
159 2752 318 2801 poterat.
346 2749 534 2787 Gruterus
565 2749 600 2786 in
632 2747 803 2785 Miscell.
829 2745 929 2785 Nov.

61 2803 170 2856 Lips.
194 2805 284 2843 Vol.
311 2804 372 2842 lll.
398 2804 445 2844 Ρ.
471 2809 507 2844 3.
541 2818 579 2856 p.
607 2808 700 2844 507.
732 2802 931 2854 vulgatum

61 2859 249 2907 defendit,
275 2862 366 2912 quia
389 2861 584 2900 neminem
611 2859 864 2905 offendisset,
897 2860 932 2897 si

61 2917 290 2968 scripsisset
302 2921 452 2964 auctor,
479 2921 680 2956 accurata
694 2916 931 2967 cliliqentia,

62 2985 131 3024 per
165 2974 441 3025 metonymiam
479 2973 607 3012 effecti
637 2986 707 3024 pro
739 2971 934 3017 efficienti,

62 3041 195 3067 verum
217 3039 286 3079 pro
321 3043 369 3068 ea
404 3030 594 3069 maluisse
626 3033 815 3074 comtum,
851 3028 936 3066 sive

65 3096 166 3135 quae
189 3085 309 3124 nitide
328 3090 472 3133 comat,
500 3087 647 3130 dicere,
673 3085 763 3136 quia
782 3097 938 3123 comere

65 3140 226 3179 verbum
258 3142 326 3188 sit,
362 3156 438 3194 quo
469 3143 679 3194 praecipue
711 3140 937 3192 capillorum

1198 775 1317 815 gaudii
1329 784 1358 812 p.

974 903 1064 929 cura
1084 893 1123 927 et
1142 892 1299 926 ornatus
1321 886 1566 937 exprimatur.
1597 881 1693 936 [Vix
1711 883 1838 919 tamen

972 950 1086 998 puto,
1131 950 1262 984 comta
1301 943 1522 995 dili-(sentia
1556 954 1626 992 pro
1663 941 1840 976 accurata

973 1004 1046 1041 dici
1070 1015 1210 1054 posse,
1237 1005 1278 1039 ut
1303 997 1560 1050 corruptelam
1580 996 1643 1034 hic
1659 994 1733 1033 loci
1747 1006 1842 1031 esse

972 1063 1159 1103 statuam,
1197 1070 1297 1108 quae
1334 1056 1396 1093 vel
1434 1068 1518 1093 cum
1555 1050 1842 1100 Kulenkampio

974 1116 1100 1153 sanari
1127 1118 1276 1166 potest,
1302 1116 1343 1150 ut
1355 1125 1424 1163 pro
1440 1115 1571 1148 comta
1587 1122 1739 1147 comam
1755 1119 1843 1144 cum

975 1172 1194 1223 aliliqentia
1218 1169 1387 1219 legatur,
1413 1168 1445 1205 si
1474 1166 1628 1205 lat-acri
1650 1165 1844 1207 retinetur,

976 1227 1036 1264 vel
1063 1227 1169 1265 aliud
1196 1225 1286 1276 quid
1312 1239 1379 1276 pro
1413 1228 1545 1262 comta
1575 1221 1844 1259 substituatur.

975 1283 1057 1321 Sed
1089 1283 1180 1334 quia
1210 1283 1353 1331 ubique
1384 1280 1543 1317 verbum
1580 1277 1698 1315 totius
1730 1288 1844 1313 enun-

974 1339 1144 1377 tiationis
1177 1342 1414 1389 postremum
1449 1335 1574 1372 locum
1606 1333 1770 1378 obtinet,
1808 1334 1847 1368 et

975 1396 1010 1433 in
1038 1396 1105 1433 ibo
1129 1394 1191 1432 vel
1218 1395 1296 1433 abo
1323 1392 1482 1432 desinit,
1514 1390 1730 1429 monilibus
1754 1401 1846 1424 vero

976 1453 1024 1491 ab
1041 1451 1126 1489 aliis
1142 1450 1253 1489 codd.
1270 1449 1419 1494 exulat,
1447 1452 1486 1485 et
1502 1445 1726 1498 perpolibo
1739 1443 1846 1482 multi

975 1508 1080 1547 Mss.
1113 1508 1286 1551 eiiciunt,
1318 1506 1407 1544 hinc
1436 1503 1529 1542 milii
1563 1516 1652 1539 vero
1684 1499 1849 1538 similius

974 1564 1126 1602 videtur
1139 1563 1291 1609 esse‚in
1301 1560 1492 1600 vocabulo
1502 1558 1718 1597 monilibus
1731 1557 1849 1594 totius

977 1621 1051 1659 loci
1079 1634 1172 1659 esse
1198 1618 1469 1671 corruptelam.
1507 1615 1624 1662 Quod
1648 1614 1681 1651 si
1707 1613 1851 1664 proba-

977 1679 1098 1724 veris,
1145 1677 1284 1716 melius
1322 1676 1419 1713 inter
1455 1686 1550 1711 sese
1587 1670 1852 1709 cohaerebunt

977 1735 1189 1775 enuntiata:
1231 1746 1316 1771 nam
1349 1729 1595 1769 desiderabis
1623 1725 1851 1778 particulam

978 1791 1257 1842 copulativam,
1284 1802 1385 1839 quae
1410 1788 1446 1825 in
1472 1785 1612 1825 ceteris
1646 1782 1852 1821 enuntiatis

978 1847 1189 1898 conspicua
1213 1845 1312 1897 est.]

1035 1903 1250 1941 monilibus
1287 1900 1499 1952 Italusque.
1565 1895 1769 1936 Monilium
1808 1907 1853 1931 ac

979 1959 1170 1998 bullarum
1194 1970 1360 2007 magnus
1383 1969 1480 1994 usus
1506 1958 1587 1992 erat
1611 1954 1646 1990 in
1672 1949 1853 1990 ornandis

981 2016 1171 2054 iumentis.
1188 2014 1374 2053 cssBurm.
1385 2013 1433 2050 ad
1444 2010 1669 2049 Ovidmet.
1679 2007 1728 2046 X.
1743 2012 1759 2047 1
1774 2011 1833 2047 12.
1844 2038 1853 2051 ,

984 2072 1046 2122 qui
1078 2072 1294 2110 accuratius
1325 2069 1375 2107 ibi
1407 2069 1457 2106 de
1487 2070 1619 2106 nostro
1647 2064 1732 2102 loco
1759 2064 1853 2114 agit:

987 2126 1152 2167 Cornua
1175 2126 1398 2179 fztlyebaut
1416 2138 1519 2164 auro
1540 2122 1794 2173 demissaque
1814 2121 1855 2157 in

985 2198 1121 2224 armos
1147 2183 1396 2222 Pemlebcmt
1415 2181 1532 2219 tereti
1544 2182 1746 2232 [lemmata
1773 2189 1851 2214 mo·

982 2242 1109 2280 uilia
1146 2239 1267 2279 collo.
1330 2237 1485 2277 Bulla
1521 2248 1645 2287 super
1678 2235 1856 2285 frontem

978 2298 1123 2350 parvis
1136 2300 1334 2348 ctryentea
1351 2295 1450 2334 loris
1465 2293 1610 2332 Vincta
1625 2290 1858 2329 movebatur

981 2353 1222 2407 pariles-que
1246 2365 1299 2390 ex
1330 2364 1434 2389 auro
1464 2348 1647 2387 nitebant
1679 2345 1858 2385 Auribus

986 2412 1027 2447 in
1040 2409 1212 2461 yemim's
1221 2409 1375 2447 circum
1388 2420 1486 2445 cava
1504 2412 1686 2455 tempora
1697 2402 1857 2441 baccae.

986 2464 1175 2504 Barth.ad
1187 2462 1366 2514 Calpxl.
1376 2461 1551 2511 49.Virg.
1561 2461 1594 2498 A
1602 2457 1749 2498 eanI.
1766 2461 1857 2497 278.

989 2523 1265 2573 Προστερνίὸια
1301 2521 1365 2558 καὶ
1400 2519 1684 2569 προμετωπίδια
1719 2513 1859 2564 ψέλλια

988 2581 1130 2616 vocant
1144 2576 1304 2621 Graeci,
1330 2575 1378 2614 cf.
1400 2574 1552 2612 Aelian.
1568 2573 1698 2610 Anim.
1712 2569 1779 2608 Vl.
1797 2573 1858 2609 10.

990 2632 1231 2673 Achill.Tac.
1246 2636 1358 2684 p.l19.
1376 2631 1456 2683 [De
1472 2629 1591 2669 bullis
1605 2625 1797 2666 cf.Munk.
1811 2624 1861 2662 ad

989 2687 1577 2740 Fulgent.Myth.praes.p.618.
1587 2681 1861 2722 Stavlfaubm.

989 2746 1039 2785 ad
1063 2745 1190 2785 Plaut.
1216 2743 1389 2784 Asin.ll.
1405 2748 1441 2783 4.
1457 2745 1522 2782 ⁶20.
1548 2754 1584 2792 p.
1609 2743 1700 2780 128.
1726 2738 1864 2776 Isidor.

990 2802 1126 2841 Gloss.
1164 2816 1201 2854 p.
1235 2806 1328 2843 671.
1360 2797 1607 2837 emendanda
1631 2799 1711 2833 est:
1751 2793 1864 2833 bulla

992 2863 1230 2898 ornamenta
1244 2857 1410 2909 regyalia
1423 2854 1486 2894 vel
1498 2852 1755 2896 camelorum,
1776 2850 1866 2901 quia

990 2914 1237 2967 potissimum
1275 2913 1325 2951 ad
1363 2912 1524 2952 ditiores
1561 2907 1804 2959 pertinebant
1827 2909 1867 2943 et

993 2984 1032 3023 p.
1047 2974 1141 3012 672.
1168 2970 1305 3009 bullae
1323 2970 1565 3007 ornamenta
1584 2964 1787 3016 reyall'um
1805 2962 1870 3003 vel

995 3026 1273 3078 camelorum]

1053 3083 1318 3122 inoculatum.
1343 3078 1405 3118 Ex
1419 3080 1601 3129 corrupta
1618 3075 1786 3115 lectione
1801 3073 1867 3114 ali-

998 3142 1092 3190 quot
1105 3138 1216 3177 codd.
1230 3136 1456 3177 immlatum
1470 3134 1607 3173 Heius.
1621 3136 1724 3172 teste
1737 3131 1867 3171 Burni.
