2155 3590
622 122 809 162 LIBER
838 122 914 164 111.

972 121 1102 162 CAP.
1129 118 1298 160 XXVI.

1784 119 1866 162 199

71 237 178 279 rario
209 236 348 277 melior
377 250 438 277 me
468 236 666 277 sententia
695 236 921 286 revocavit,
954 249 1003 275 ne
1034 241 1159 275 morte
1190 233 1353 275 multata
1380 230 1519 272 Fotide
1551 231 1746 273 salutares
1770 232 1864 272 mihi

71 293 266 348 suppetias
290 307 430 334 rursus
456 293 760 346 exstinguerem.
783 291 949 332 Deiecto
972 291 1104 344 itaque
1129 297 1168 330 et
1193 288 1396 343 quassanti
1422 288 1546 342 capite
1572 302 1618 328 ac
1643 289 1863 329 demussata

71 349 275 404 temporali
300 349 556 400 contumelia,
584 348 792 389 durissimo
819 348 926 388 casui
952 362 1038 388 meo
1063 346 1264 396 serviens,
1291 346 1339 385 ad
1364 359 1504 399 equum
1530 345 1638 385 illum
1663 352 1863 386 vectorem

68 465 262 496 salvatores
275 466 449 504 suppetias
461 474 597 495 rursum
610 475 640 501 p.

689 465 819 493 deiectu
834 465 951 503 itaque
964 462 993 493 δ.
1019 464 1145 492 deiecto
1164 463 1263 501 inque
1281 464 1318 491 P.
1366 460 1524 490 cassantz‘
1540 458 1569 490 ὃ.
1617 469 1753 499 equum,
1780 463 1862 496 quud

68 516 144 542 ante
156 510 249 540 illum
269 512 302 541 in
316 514 352 541 B.
372 516 453 541 teste
466 514 548 540 Elm.
569 514 738 544 exulabat.
764 512 798 539 in
812 512 967 539 Modiana
987 510 1160 539 collatione
1179 511 1353 543 comparet.
1378 509 1440 537 Sed
1453 509 1536 536 Elm.
1551 507 1583 535 in
1598 515 1634 536 eo
1648 507 1777 535 videtur
1790 515 1864 535 esse

67 557 191 593 falsus,
216 558 300 592 quod
329 565 448 594 equum
478 558 530 586 hic
550 557 704 585 Modiana
736 558 809 585 con.
830 558 958 592 probat,
986 557 1124 584 sednon
1143 557 1301 590 agnoscat
1320 556 1391 589 post
1421 550 1602 580 inductum.
1635 554 1697 581 Sed
1722 551 1862 580 seris-er.

65 603 159 638 prius
172 609 291 640 equum
304 603 397 631 uncis
410 602 555 631 inclusit.
602 601 761 630 m'etorem
776 602 889 630 Venet.
906 602 952 630 2.:

64 646 158 676 illum
171 650 337 676 vectorem
350 647 442 676 illum
457 645 485 678 ὃ.

65 748 316 789 mordicibus
340 748 583 800 disceptatio.
612 748 806 788 Stewech.
823 749 931 788 Colv.

65 804 230 856 probant
243 806 513 849 mordicibus,
542 805 646 856 quod
660 806 696 844 in
709 804 837 844 Plaut.
854 806 931 844 Au-

65 859 131 899 lul.
155 860 202 900 ll.
218 865 253 901 2.
281 865 346 901 57.
372 862 568 900 invenisse
592 875 639 899 se
663 863 802 901 dicunt.
828 862 931 901 Oud.

66 918 130 968 qui
165 918 372 958 mordicus
408 920 442 956 in
481 918 679 970 plerisque
722 919 833 957 codd.
869 919 931 957 hic

65 973 142 1025 legi
155 975 388 1025 pronuntiat,
414 989 526 1013 usum
541 975 717 1013 vocabuli
732 975 929 1013 illustrans

63 1043 113 1071 ex
139 1029 235 1069 Met.
260 1029 322 1069 Ill.
347 1044 385 1081 p.
414 1035 503 1071 183.
530 1030 648 1082 IX.p.
665 1036 758 1073 657.
784 1031 929 1070 Florid.

63 1102 101 1126 n.
127 1090 192 1127 23.
217 1101 254 1138 p.
282 1091 370 1128 110.
398 1088 479 1134 (ubi
505 1088 608 1126 nulla
634 1092 697 1126 est
720 1089 930 1140 scripturae

64 1143 286 1192 diversitas)
312 1142 494 1182 Prudent.
515 1143 688 1183 Hamart.
703 1147 794 1184 690.
822 1144 931 1183 Varr.

56 1198 110 1240 R.
142 1199 190 1237 R.
224 1204 259 1239 7.
298 1199 440 1250 Hygin.
479 1199 727 1238 CCLXXIII.
760 1214 798 1250 p.
837 1203 929 1240 380.

63 1254 189 1301 Stav.,
215 1255 277 1294 hic
302 1257 552 1296 mordicibus
577 1269 627 1294 ex
651 1256 736 1295 cod.
762 1254 865 1294 Flor.
896 1260 930 1296 1.

61 1315 101 1350 et
124 1315 282 1363 propter
295 1313 527 1351 sententiam
542 1312 614 1350 loci
630 1312 814 1364 praefert,
839 1326 931 1362 quo-

59 1368 160 1406 niam
186 1367 264 1406 illic
288 1372 423 1418 agatur
447 1368 497 1406 de
521 1369 657 1413 rebus,
684 1382 785 1417 quae
809 1370 845 1406 in
866 1382 931 1406 ore

59 1425 154 1470 sint,
179 1438 254 1462 non
280 1436 382 1474 quae
406 1428 650 1475 appetantur.
688 1424 803 1470 Quod
830 1426 928 1462 enim

60 1480 226 1527 addidit,
252 1481 355 1531 apud
381 1479 561 1519 Plautum
587 1494 744 1532 quoque
763 1482 821 1520 sic
841 1482 930 1532 legi,

59 1551 133 1576 non
160 1538 211 1575 ita
235 1537 381 1574 firmum
395 1542 473 1583 est,
500 1542 540 1576 ut
554 1542 821 1587 argumentum
842 1538 930 1576 inde

59 1593 199 1633 deduci
229 1594 369 1645 possit.
417 1594 635 1634 IVIordicus
664 1608 755 1632 vero
787 1609 833 1633 ea
870 1599 931 1633 est

59 1649 200 1696 forma,
234 1663 349 1700 quam
381 1651 563 1701 equidem
595 1651 658 1690 hic
681 1651 794 1690 unice
820 1665 927 1689 com-

56 1707 190 1759 probo.
237 1705 376 1758 Neque
403 1709 502 1745 enim
527 1707 644 1746 Nonii
669 1712 815 1747 tantum
840 1722 926 1746 con-

56 1763 225 1802 firmatur
247 1765 477 1802 auctoritate
508 1777 545 1815 p.
576 1768 666 1805 138.
698 1768 737 1803 et
770 1778 806 1815 p.
836 1768 926 1805 139.

56 1819 198 1866 Mem,
229 1819 303 1858 sed
333 1834 408 1858 una
439 1825 518 1861 est.
557 1834 657 1871 quae
689 1835 738 1859 ex
771 1822 926 1872 optimis

56 1877 283 1927 scriptorum
309 1877 420 1915 codd.
439 1881 574 1929 potest
593 1879 682 1917 erui.
710 1877 811 1915 Inter
830 1892 930 1916 mor-

58 1932 220 1972 dicibus
243 1936 283 1971 et
305 1934 548 1973 mordicitus
567 1934 713 1972 variant
732 1935 798 1972 viri
814 1934 928 1974 docti.

55 1988 269 2027 Posteriori
300 1988 448 2027 formae
485 1991 728 2030 mordicitus
764 1992 927 2029 novissi-

55 2047 130 2084 mis
143 2046 384 2096 temporibus
400 2046 571 2085 Goeller.
587 2047 623 2084 in
639 2051 841 2085 comment.
857 2046 926 2085 lv.

57 2102 108 2140 de
133 2102 290 2140 adverb.
316 2115 353 2152 p.
378 2105 439 2142 13.
466 2107 505 2140 et
525 2102 703 2141 Lindem.
729 2104 778 2141 ad
798 2102 925 2142 Plaut.

55 2157 148 2197 Aul.
174 2157 196 2196 l.
223 2157 259 2196 d.
285 2159 511 2209 patrocinati
536 2163 644 2203 sunt,
670 2160 832 2198 alteram
848 2173 926 2198 om-

55 2216 144 2253 nino
175 2214 403 2252 reiicientes.
459 2214 602 2264 Neque
632 2215 829 2261 Handius,
862 2218 925 2266 qui

55 2271 105 2309 de
136 2269 198 2308 his
232 2269 363 2309 formis
397 2269 563 2310 'I'urselL
590 2270 652 2310 lll.
684 2285 721 2323 p.
750 2276 842 2312 653.
870 2272 924 2310 su-

53 2328 138 2365 sius
183 2327 410 2378 disputavit,
457 2327 642 2379 expedire
678 2342 725 2366 se
762 2332 926 2380 poterat,

51 2388 256 2434 utrumque
285 2397 354 2435 pro
394 2384 515 2422 lubitu
546 2386 658 2434 quasi
694 2384 926 2424 defendens.

51 2440 138 2478 Res
174 2439 283 2479 aliter
319 2441 471 2479 videtur
508 2454 603 2479 esse
640 2441 924 2480 constituenda.

53 2495 223 2534 Primum
238 2498 338 2534 enim
353 2497 465 2536 codd.
480 2498 623 2548 ubique
635 2498 670 2535 in
686 2497 807 2536 forma
821 2512 923 2536 mor—

54 2553 173 2592 dicus
198 2555 453 2599 consentiunt,
474 2567 576 2604 quae
601 2567 833 2604 quamquam
858 2568 928 2606 per

52 2609 271 2660 analogiam
298 2609 414 2648 aliam
429 2625 502 2648 non
518 2611 772 2656 confirmatur,
798 2624 845 2648 eo
871 2616 925 2649 ta-

52 2679 138 2704 men
148 2667 516 2717 nomiueimprobari
531 2668 679 2716 nequit;
701 2666 928 2705 cs.Ramsh-

53 2722 204 2773 Synon.
229 2721 256 2760 l.
284 2736 321 2773 p.
349 2722 506 2761 (XVII.
556 2722 658 2761 Nam
689 2723 793 2774 quod
818 2723 922 2762 Han-

51 2778 138 2817 dius
171 2780 410 2830 comparavit
433 2780 657 2818 adverbium
683 2793 806 2821 secus,
833 2779 923 2819 huic

49 2835 106 2872 rei
152 2835 271 2887 plane
319 2836 489 2874 alienum
520 2840 592 2874 est.
660 2836 922 2876 Momm-ibus

49 2903 141 2930 vero
173 2895 214 2930 et
242 2893 485 2932 mordicitus
508 2892 698 2930 Romanis
729 2892 924 2931 vindicare

50 2961 127 2986 non
152 2948 298 2992 audeo,
336 2962 438 2999 quae
462 2950 498 2986 in
524 2962 630 2986 mera.
655 2949 920 2999 grammatico-

49 3017 132 3042 rum
146 3005 366 3044 coniectura
380 3007 558 3044 insistere
573 3005 785 3043 videantur.
805 3004 920 3044 Nonii

50 3061 150 3099 enim
180 3074 219 3112 p.
246 3066 337 3102 139.
373 3063 582 3100 auctoritas
613 3075 687 3099 non
719 3063 814 3099 tanti
845 3066 919 3107 est,

50 3120 91 3153 ut
115 3117 203 3155 inde
233 3131 299 3156 res
330 3119 528 3157 iudicetur.
579 3118 707 3164 Quem
739 3119 840 3156 enim
864 3123 918 3157 at-

982 605 1010 629 ιιι
1026 601 1136 629 statim
1151 600 1246 628 infra.
1294 606 1399 626 meum
1413 600 1504 627 abest
1524 604 1545 626 a
1557 599 1594 627 R.
1611 597 1632 627 f.
1681 595 1729 624 acl
1744 604 1862 636 equum

991 749 1076 787 tulit
1102 750 1229 788 locum
1246 747 1375 787 Plaut.
1403 760 1451 785 ex
1469 745 1559 784 Aul.
1585 745 1619 784 si
1645 744 1861 784 accuratius

991 820 1077 844 cum
1089 803 1190 845 Mss.
1213 805 1511 857 comparaveris,
1537 803 1669 840 mirum
1696 804 1769 846 est,
1796 800 1860 851 qui

991 876 1128 901 omnes
1157 862 1262 901 Mss.
1293 865 1476 912 quantum
1507 859 1590 897 scio
1626 857 1689 896 hic
1724 858 1861 895 acriter

989 919 1195 959 mordicus
1230 917 1450 956 defendant.
1504 915 1604 954 Hinc
1634 918 1727 966 puto
1757 927 1860 952 mor-

990 976 1148 1014 dicibus
1173 989 1196 1014 a
1219 975 1465 1025 grammatico
1487 971 1655 1023 quodam
1668 984 1761 1009 esse
1774 983 1860 1022 pro-

990 1031 1152 1077 fectum,
1184 1033 1246 1081 qui
1277 1033 1329 1070 ita
1357 1043 1513 1068 versum
1543 1027 1672 1066 Plauti
1704 1040 1774 1079 per
1803 1040 1860 1064 ra-

988 1088 1134 1125 tionem
1164 1089 1363 1126 metricam
1394 1088 1512 1125 statui
1538 1099 1611 1123 non
1639 1097 1761 1136 posse
1786 1083 1861 1121 sibi

990 1148 1251 1194 persuaserat.
1277 1145 1312 1182 A
1320 1145 1489 1195 ntiquum
1509 1146 1637 1180 tamen
1651 1140 1753 1179 hunc
1767 1152 1861 1178 esse

992 1214 1175 1245 errorem,
1212 1200 1364 1238 Nonius
1402 1200 1488 1251 ipse
1525 1201 1749 1249 argumento
1786 1199 1859 1241 est,

991 1260 1030 1293 et
1061 1256 1111 1294 ad
1143 1257 1382 1307 posteriores
1413 1255 1556 1293 deiude
1587 1255 1639 1292 ita
1669 1253 1860 1305 profluxit,

990 1314 1031 1349 ut
1057 1312 1218 1350 formam
1243 1313 1484 1351 mordicitus
1509 1311 1599 1348 inde
1630 1310 1860 1349 fabricaren-

991 1372 1066 1413 tur.
1099 1382 1200 1418 quae
1225 1369 1344 1407 totius
1369 1368 1606 1418 antiquitatis
1636 1367 1861 1406 auctoritate

990 1424 1195 1471 destituta,
1221 1425 1255 1462 in
1283 1425 1479 1463 nonnullis
1505 1423 1567 1461 hic
1590 1422 1729 1473 legitur
1753 1423 1860 1474 Apu-

990 1481 1054 1519 leii
1080 1481 1191 1520 codd.
1224 1482 1306 1519 Sed
1333 1482 1396 1532 qui
1423 1481 1664 1519 mordicitus
1689 1492 1860 1529 compro-

989 1538 1074 1583 bat,
1106 1539 1357 1578 mordicibus
1389 1551 1475 1575 cum
1509 1535 1680 1575 Goeller.
1707 1540 1747 1573 et
1770 1534 1860 1572 Lin-

990 1594 1091 1633 dem.
1118 1608 1262 1646 negare
1283 1609 1356 1633 non
1377 1594 1536 1646 poterit,
1562 1592 1667 1643 qnod
1680 1592 1782 1630 unde
1795 1591 1861 1629 ad-

987 1651 1160 1689 verbium
1185 1656 1360 1703 repetas,
1387 1651 1459 1688 nisi
1474 1650 1754 1688 asubstanfivo
1769 1662 1861 1699 quo-

987 1708 1075 1746 dam
1101 1708 1320 1753 mordices,
1346 1722 1420 1745 non
1446 1707 1623 1745 habebis.
1668 1704 1785 1752 Quod
1805 1708 1860 1743 ta-

986 1778 1074 1802 men
1106 1764 1207 1802 oud.
1242 1765 1513 1808 commoverit,
1550 1767 1592 1801 ut
1622 1765 1781 1815 propter
1808 1762 1860 1800 si-

987 1821 1269 1870 gnificationem
1284 1820 1537 1860 mordIcibus
1550 1818 1859 1870 praeserretmon

989 1877 1176 1927 intelligo.
1202 1878 1290 1929 quia
1315 1882 1520 1927 utrumque
1539 1875 1641 1914 idem
1658 1874 1860 1926 significat,

988 1935 1022 1972 si
1048 1933 1204 1985 quidem
1227 1933 1480 1972 mordicibus
1504 1932 1667 1983 probum
1693 1931 1789 1983 est.]

1047 1992 1256 2042 quassanti
1287 1992 1436 2041 capite.
1494 1988 1554 2027 Ex
1585 1988 1671 2027 cod.
1704 1991 1736 2028 ὃ.
1768 1988 1860 2025 scri-

986 2051 1097 2098 ptura
1129 2048 1307 2086 cassanli
1338 2060 1410 2085 non
1442 2059 1556 2083 nemo
1589 2044 1746 2096 legebat
1782 2045 1859 2083 ine-

986 2103 1167 2153 ptissime
1193 2105 1352 2142 casonti
1375 2104 1461 2141 sive
1486 2103 1521 2140 in
1549 2115 1686 2142 casum
1705 2114 1860 2153 prono,

985 2158 1096 2197 Bene
1111 2160 1309 2209 vulgatum
1322 2157 1668 2198 defenditPiccart.
1683 2158 1719 2195 in
1733 2156 1858 2196 Peric.

986 2214 1075 2255 Crit.
1100 2230 1130 2254 c.
1157 2221 1193 2256 4.
1221 2215 1435 2268 [quassans
1459 2214 1623 2253 neutrali
1647 2228 1770 2253 sensu
1788 2228 1859 2267 pro

985 2277 1197 2324 quassatus
1208 2273 1370 2323 saepius
1391 2273 1530 2323 legitur
1543 2270 1670 2310 Plaut.
1685 2272 1797 2310 Asin.
1811 2269 1858 2309 ll.

986 2332 1024 2368 3.
1052 2332 1116 2369 23.
1141 2328 1288 2368 Bacch.
1313 2328 1357 2367 ll.
1384 2333 1420 2370 3.
1448 2333 1512 2369 71.
1539 2328 1651 2367 Serv.
1678 2327 1727 2366 ad
1748 2327 1857 2377 Virg.

986 2384 1130 2436 Georg.
1147 2385 1174 2424 1.
1190 2389 1252 2425 74.
1280 2385 1330 2425 cs.
1356 2399 1455 2436 qnos
1481 2386 1625 2424 excitat
1652 2383 1789 2423 Eckst.
1807 2383 1859 2421 ad

984 2441 1105 2480 Voss.
1131 2442 1350 2481 Aristarch.
1377 2441 1421 2481 T.
1447 2441 1510 2480 lll.
1536 2455 1575 2493 p.
1600 2445 1692 2481 861.
1720 2439 1858 2491 Capite

982 2500 1184 2548 quassanti
1211 2503 1364 2536 veteres
1389 2500 1483 2537 iram
1510 2498 1677 2536 nondum
1697 2496 1857 2535 efferve-

984 2558 1159 2593 scentem
1184 2556 1257 2594 scd
1277 2555 1405 2594 adhuc
1418 2567 1659 2606 repressam,
1687 2566 1787 2604 quae
1801 2552 1857 2591 ul-

984 2610 1128 2649 tionem
1166 2612 1388 2657 meditatur,
1427 2611 1625 2650 indicasse
1662 2609 1856 2660 exemplis

983 2667 1223 2706 demonstrat
1245 2668 1374 2706 Doed.
1401 2668 1497 2719 Syn.
1524 2667 1590 2705 lv,
1617 2680 1653 2717 p.
1681 2665 1769 2719 37.]

1039 2724 1098 2763 od
1117 2739 1263 2777 equum
1282 2725 1397 2763 illam
1417 2729 1611 2763 vectorem
1631 2737 1767 2762 meum.
1794 2721 1856 2761 Ex

980 2779 1084 2818 Mss.
1111 2782 1146 2819 in
1168 2784 1274 2819 textu
1290 2782 1342 2819 ita
1355 2781 1531 2832 reposui,
1558 2779 1649 2817 licet
1662 2778 1854 2818 Oud.non

981 2838 1185 2887 probatum
1216 2838 1283 2876 sit.
1318 2838 1380 2887 qui
1413 2836 1534 2874 verba
1565 2836 1624 2874 ad
1655 2849 1801 2888 equum
1833 2849 1856 2874 e

981 2893 1120 2944 glossa
1135 2898 1225 2932 nata
1243 2894 1456 2932 existimat:
1483 2892 1585 2930 unde
1599 2895 1703 2930 recte
1718 2905 1742 2930 a
1754 2892 1856 2931 Scri-

980 2963 1058 2988 ver.
1073 2950 1240 3000 aliisque
1253 2950 1362 2988 uncis
1377 2948 1630 2988 includantur.
1656 2948 1742 2987 coll.
1756 2947 1857 2988 Met.

979 3005 1007 3045 l.
1035 3019 1073 3057 p.
1088 3011 1152 3048 65.
1181 3007 1293 3059 quod
1317 3005 1571 3059 beneficium,
1596 3006 1719 3044 etiam
1741 3004 1857 3045 illum

980 3068 1176 3102 rectorem
1207 3077 1334 3102 meum
1364 3062 1522 3102 laetari.
1577 3061 1661 3100 Sed
1691 3061 1855 3100 alterum

977 3118 1078 3157 bene
1109 3119 1328 3158 defenditur
1359 3131 1409 3157 ex
1442 3118 1539 3157 Met.
1572 3114 1661 3157 Vll.
1696 3132 1732 3170 p.
1761 3121 1854 3158 452.
