2155 3590
633 156 823 197 LIBER
845 155 922 198 XI.
968 155 1096 196 CAP.
1116 153 1188 195 VI.
1208 153 1303 193 vll.
1753 147 1859 192 1005

79 268 361 310 criminabitur.
434 267 557 309 Plane
593 269 817 310 memineris
854 275 893 309 et
934 268 1061 323 penita
1100 273 1229 307 mente
1266 264 1461 306 conditum
1503 275 1656 317 semper
1692 260 1859 311 tenebis,

78 325 171 365 mihi
194 325 345 378 reliqua
369 324 473 365 vitae
499 332 588 366 tuae
613 326 808 366 curricula
833 326 1003 378 adusque
1029 323 1216 364 terminos
1242 322 1365 362 ultimi
1390 320 1549 375 spiritus
1574 319 1732 360 vadata.
1776 316 1863 358 Nec

79 381 286 430 iniurium,
326 380 434 421 cuius
470 381 659 422 beneficio
695 381 859 422 redieris
886 382 933 421 ad
959 381 1154 429 homines,
1193 379 1228 418 ci
1264 385 1385 418 totum
1423 376 1563 417 debere
1603 375 1703 429 quod
1733 373 1860 415 vives.

78 437 202 479 Vives
227 444 356 477 autem
382 437 540 488 beatuS,
567 438 678 478 vives
703 438 743 478 in
769 451 854 478 mea
874 436 881 493 Ι
903 437 1025 477 tutela
1050 435 1267 490 gloriosuS‚
1300 441 1338 474 et
1363 448 1447 473 cum
1474 431 1638 486 spatium
1663 430 1785 471 seculi
1808 432 1863 470 tui
1888 430 1987 471 [260]

79 507 306 548 permensus
331 494 379 533 ad
402 493 552 534 inferos
579 494 786 544 demearis,
813 494 866 533 ibi
891 507 1042 546 quoque
1062 493 1102 532 in
1121 491 1204 545 ipso
1224 490 1480 530 subterraneo
1499 488 1764 529 semirotundo
1784 500 1860 537 me,

80 564 193 604 quam
218 549 326 590 vides
352 549 589 590 Acherontis
625 551 794 590 tenebris
825 550 1121 589 interlucentem
1148 546 1376 602 Stygiisque
1407 544 1667 598 penetralibus
1693 556 1864 597 regnan-

78 613 178 656 tem,
206 619 360 660 campos
385 605 544 661 Elysios
570 606 746 646 incolens
778 606 859 660 ipse
896 606 964 645 tibi
1004 603 1206 658 propitiam
1240 605 1424 655 frequens
1456 600 1651 640 adorabis.
1715 599 1865 652 Quodsi

79 662 223 702 sedulis
244 662 438 716 obsequiis
460 670 499 702 et
516 663 714 716 religiosis
733 661 961 702 ministeriis
981 668 1018 701 et
1037 660 1238 700 tenacibus
1261 657 1500 698 castimoniis
1526 670 1669 696 numen
1689 662 1865 695 nostrum

78 718 363 772 promerueris,
403 720 503 759 scies
540 719 643 759 ultra
678 725 825 759 statuta
857 718 937 757 fato
968 725 1034 757 tuo
1065 716 1189 771 spatia
1220 715 1341 756 vitam
1372 726 1523 767 quoque
1558 712 1626 752 tibi
1650 724 1865 766 prorogare

80 775 171 814 mihi
193 774 200 830 Ι
223 781 369 814 tantum
397 775 530 815 licere.
1890 762 1955 796 767

637 922 1074 972 CAPUT
1176 921 1315 968 VII.

194 1033 260 1075 Sic
292 1034 437 1075 oraculi
474 1033 709 1075 venerabilis
741 1034 817 1074 fine
849 1032 999 1088 prolato
1024 1045 1167 1072 numen
1198 1030 1384 1071 invictum
1410 1029 1451 1070 in
1476 1042 1519 1070 se
1543 1028 1723 1069 recessit.
1783 1024 1870 1067 Nec

82 1139 249 1177 cognitum
264 1139 298 1168 Ι..
314 1139 334 1169 f.
349 1136 378 1168 δ.
426 1138 578 1177 reliquae
592 1141 627 1168 B.
652 1141 687 1168 Id
707 1139 830 1174 placuit
848 1139 918 1167 viro
939 1139 1029 1166 docto
1048 1137 1082 1166 in
1101 1137 1241 1166 Miscell.
1256 1137 1390 1165 observ.
1403 1136 1475 1164 Vol.
1489 1137 1529 1164 11.
1543 1136 1578 1164 T.
1592 1136 1649 1163 111.
1663 1142 1693 1168 p.
1709 1134 1784 1161 399.
1810 1132 1873 1160 Sed

82 1193 249 1219 perperam
274 1185 316 1214 cf.
335 1193 435 1219 supra
454 1186 530 1214 761.
551 1182 699 1212 Arabiae
711 1183 837 1223 felicia
855 1183 1017 1220 germina.
1044 1184 1097 1211 Sic
1117 1189 1219 1216 aeque
1237 1189 1311 1211 mox
1330 1189 1385 1216 pro
1412 1179 1571 1208 terminos
1595 1178 1708 1206 ultimi
1731 1177 1873 1214 spiritns

82 1231 225 1258 scribere
245 1230 350 1264 possis
371 1228 517 1257 ultimos.
565 1227 647 1256 mihi
670 1232 763 1258 abest
787 1236 807 1257 a
832 1237 861 1262 p.
910 1228 1030 1255 mirum
1050 1235 1107 1262 pro
1126 1226 1284 1254 iniurium
1306 1228 1341 1254 B.
1390 1225 1483 1253 euius
1505 1227 1613 1254 exulat
1634 1231 1655 1252 a
1673 1226 1708 1252 G.
1730 1224 1764 1252 Ο.
1785 1224 1821 1251 P.
1834 1224 1872 1251 Ι).

83 1273 269 1302 reddideris
288 1276 326 1304 D.
375 1278 482 1302 totam
502 1276 539 1303 I).
587 1273 703 1301 debere
721 1282 768 1302 sc.
788 1282 879 1302 omne
899 1274 985 1302 istud
1006 1277 1147 1307 tempus·‚
1171 1273 1251 1306 quod
1272 1271 1372 1298 vices.
1402 1269 1476 1300 Fuit
1503 1278 1573 1299 cum
1592 1269 1671 1298 oud.
1691 1269 1875 1297 emendaret

82 1319 168 1347 vivis
180 1322 232 1348 vel
247 1319 359 1355 vicus,
384 1321 441 1348 sed
464 1324 576 1354 postea
595 1328 630 1348 se
650 1319 800 1348 correxit.
846 1318 957 1345 vicere
970 1319 1018 1346 ed.
1036 1326 1082 1352 pr.
1095 1318 1222 1345 vicent.
1236 1318 1348 1346 Vener.
1363 1317 1392 1344 2.
1431 1314 1544 1343 tutula
1557 1314 1683 1343 vicent.
1729 1312 1825 1340 beate
1837 1314 1874 1342 L.

81 1364 148 1400 ipsu·
158 1366 194 1393 B.
226 1363 432 1400 prospiciam
447 1365 573 1393 Vicent.
595 1363 747 1400 prospici
759 1364 872 1392 Venet.
885 1365 915 1392 2.
930 1361 1034 1397 (unde
1046 1363 1215 1390 emendare
1229 1362 1302 1396 quis
1316 1359 1666 1397 possitprospicnum;
1691 1359 1745 1387 VI.
1760 1366 1789 1393 p.
1799 1359 1874 1386 420.

87 1408 208 1436 Turris
226 1407 289 1435 illa
301 1409 505 1445 prospicua,
531 1409 698 1444 ubivide.)
746 1406 879 1435 sedulus
900 1409 933 1436 Ο.
970 1405 1094 1434 desum
1109 1409 1145 1435 G.
1177 1405 1285 1434 desm‘s
1299 1407 1336 1434 D.
1385 1409 1418 1433 et
1430 1409 1506 1435 ante
1521 1403 1692 1432 tenacibus
1705 1411 1768 1431 non
1782 1406 1829 1431 est
1843 1403 1876 1430 in

81 1455 165 1482 lunt.
187 1455 216 1482 1.
237 1455 266 1483 2.
286 1454 362 1482 Ald.
404 1454 596 1490 promer-uis
622 1450 653 1481 δ.
691 1452 781 1481 scias
800 1453 947 1482 emendat
967 1452 1018 1482 vir
1041 1453 1153 1480 doctus
1179 1451 1212 1480 in
1231 1452 1359 1480 Vicent.
1378 1457 1460 1479 mea.
1508 1452 1644 1477 seatota
1662 1449 1698 1478 F.
1718 1450 1748 1477 3.

83 1499 250 1526 enimvero
264 1500 300 1527 B.
347 1497 465 1526 liceret
482 1500 520 1527 D.

1796 1456 1825 1474 m
1829 1445 1861 1474 ila
1866 1446 1879 1473 ι’

169 1542 293 1581 perlito
307 1544 344 1572 B.
359 1547 440 1572 teste
451 1544 550 1580 Elm.‚
575 1546 607 1572 at
621 1543 722 1571 Modii
737 1542 868 1572 collatio
881 1544 977 1570 hahet
987 1540 1143 1579 perlato,
1170 1541 1251 1575 quod
1266 1540 1363 1569 etiam
1376 1548 1405 1575 p.
1420 1542 1562 1575 praebet.
1587 1536 1729 1566 Perlato
1748 1540 1878 1573 propter

75 1586 150 1625 fine
174 1589 280 1618 minus
305 1591 473 1626 probatur;
497 1590 577 1618 oud.
603 1592 770 1622 utrumque
796 1590 878 1616 bene
903 1587 967 1615 dici
992 1594 1088 1622 posse
1107 1586 1304 1621 pronuntiat.

139 1676 198 1715 ibt·
222 1676 264 1714 v'fn
288 1676 380 1728 ipso
403 1675 677 1715 subterraneo.
730 1673 798 1727 [cf.
821 1673 888 1712 VI.
913 1687 951 1725 p.

87 1735 178 1773 391.
209 1731 299 1771 illie
330 1733 373 1770 ἰη
405 1732 526 1770 domo
557 1732 696 1771 matris
727 1734 765 1769 et
789 1731 839 1769 ad
864 1729 951 1769 Vll.

86 1802 123 1839 p.
149 1788 267 1840 448]

138 1844 429 1897 promerueris.
490 1843 555 1895 [cf.
581 1843 632 1882 de
656 1856 741 1882 voc.
761 1842 954 1894 significa-

87 1902 192 1939 tione
216 1900 404 1939 Buenem.
428 1900 478 1938 ad
501 1900 678 1939 Lactant.
706 1899 814 1938 lnstt.
834 1898 954 1940 VL9.

88 1957 124 2011 ξ.
145 1961 208 1998 24.
229 1970 268 2007 p.
289 1959 381 1996 743.
407 1955 538 1994 detra.
560 1970 591 1995 c.
608 1961 644 1996 5.
664 1957 693 2007 ξ.
710 1960 745 1996 7.
760 1970 796 2008 p.
816 1955 953 2008 1012]

135 2013 232 2052 milei
246 2018 401 2052 tantum
415 2013 546 2052 licere.
574 2012 836 2064 [Quamquam
851 2010 954 2050 Oud.

90 2074 243 2110 tantum
275 2069 413 2120 probat
448 2069 650 2120 explicans
686 2069 784 2107 milti
813 2068 956 2108 solum-

90 2126 213 2164 modo
238 2129 276 2164 et
298 2139 379 2164 non
405 2126 496 2169 alit,
526 2129 568 2163 ut
590 2124 748 2176 reginae
772 2125 955 2170 siderum,

90 2185 218 2220 tamen
245 2183 308 2219 vix
333 2181 517 2219 credibile
541 2185 614 2226 est,
641 2181 835 2231 quomodo
849 2180 955 2221 Bert.

92 2238 176 2277 cod.
191 2238 397 2277 lectionem
418 2239 614 2277 enimvero
633 2237 843 2279 notabilem
864 2250 957 2275 esse

91 2295 258 2345 potuerit
287 2294 437 2346 eloqui,
469 2294 627 2345 capiens
661 2308 729 2345 pro
760 2296 958 2346 profecto

93 2350 363 2389 et·conferens
388 2350 501 2389 Misc.
529 2349 696 2389 Observ.
723 2349 814 2388 Vol.
838 2349 886 2389 ll.
911 2348 958 2388 T.

93 2405 156 2445 Ill.
175 2420 215 2459 p.
230 2411 336 2453 400„
361 2407 424 2445 ubi
449 2407 555 2459 prius
580 2407 654 2445 iam
681 2406 844 2444 eandem
869 2419 958 2444 sen-

91 2463 252 2502 tentiam
277 2463 472 2515 exposuit.
519 2462 713 2515 Exempla
738 2464 837 2500 enim
861 2476 963 2513 quae

94 2518 207 2558 affert
230 2518 377 2558 Florid.
401 2533 437 2570 p.
454 2523 519 2560 98.
545 2520 784 2558 enimvero
808 2520 963 2558 uuiver-

94 2589 162 2614 sae
182 2575 483 2627 philosophiae,
508 2579 547 2614 et
572 2576 621 2614 de
645 2574 779 2613 Mund.
806 2588 843 2626 p.
869 2578 961 2615 352.

95 2632 332 2670 enimvero
369 2632 427 2671 ad
461 2647 572 2672 suum
610 2632 741 2670 locum
781 2645 965 2684 quaeque

91 2688 381 2739 properabunt
401 2687 489 2727 nihil
510 2689 686 2739 probant,
711 2687 814 2739 quod
834 2687 963 2726 nullus

97 2747 280 2794 quantum
305 2744 389 2782 scio
415 2748 588 2783 veterum
615 2744 723 2782 locus
749 2746 872 2787 extat,
897 2743 964 2782 ubi

98 2801 296 2839 enimvero
320 2799 370 2838 ad
393 2815 510 2839 unum
534 2800 764 2838 vocabulum
796 2801 966 2850 positum

96 2855 226 2894 medio
263 2856 300 2895 in
343 2859 539 2896 enuntiato
582 2856 805 2895 inveniatur.
865 2855 967 2894 Fere

96 2913 241 2962 ubique
265 2916 332 2952 aut
360 2914 482 2965 primo
516 2913 600 2952 loco
632 2916 698 2951 aut
727 2915 820 2964 post
849 2925 966 2952 unum

98 2968 330 3009 vocabulum
355 2970 524 3021 positum
555 2969 704 3020 legitur.
764 2966 876 3006 Unus
903 2969 967 3019 qui

99 3023 296 3063 adversari
312 3025 485 3064 videatur
500 3026 608 3065 locus
625 3023 969 3076 estApul.Florid.

98 3093 135 3131 p.
151 3084 215 3121 86.
242 3081 300 3121 ila
320 3086 357 3121 el
374 3083 516 3135 patria
536 3083 578 3121 in
599 3082 776 3121 concilio
797 3081 971 3132 Africae

100 3137 299 3177 enimvero
325 3143 362 3178 et
382 3139 564 3193 pueritia
589 3138 707 3192 apud
727 3150 806 3183 2:03,
831 3137 895 3176 ubi
916 3141 972 3177 ta,

1010 1687 1097 1713 men
1124 1673 1208 1712 cod.
1236 1673 1406 1724 optimus
1432 1672 1604 1712 Florent.
1631 1675 1668 1712 3.
1694 1670 1813 1709 habet
1836 1670 1878 1708 irc

1013 1731 1191 1770 concilio
1225 1730 1396 1780 Africae
1425 1730 1474 1769 id
1505 1734 1562 1768 est
1592 1733 1740 1773 restro,
1777 1726 1879 1764 unde

1011 1787 1050 1824 id
1075 1790 1178 1824 certe
1203 1789 1336 1836 potest
1356 1785 1455 1824 effici
1477 1785 1578 1824 hunc
1597 1784 1720 1822 locum
1741 1796 1878 1821 sanum

1011 1857 1085 1881 non
1113 1855 1216 1880 esse.
1265 1842 1433 1893 Saepius
1466 1843 1527 1879 uni
1554 1840 1743 1879 vocabulo
1768 1839 1879 1890 Apu-

1012 1898 1111 1937 leius
1130 1899 1365 1950 postposuit,
1379 1899 1608 1950 praesertim
1628 1898 1662 1935 in
1686 1896 1879 1934 locutione

1012 1956 1131 1993 immo
1161 1956 1369 1994 enimvero.
1416 1954 1535 2006 Apol.
1566 1967 1601 2005 p.
1630 1956 1721 1993 597.
1749 1952 1880 2005 silium

1013 2012 1179 2063 scripsit
1213 2011 1419 2057 llere-dem,
1464 2012 1599 2049 immo
1641 2010 1880 2048 enimvero

1012 2082 1095 2107 uon
1116 2067 1244 2120 filiam
1277 2067 1348 2106 secl
1373 2067 1590 2106 Aemiliani
1620 2079 1709 2117 spes
1733 2069 1772 2103 et
1796 2065 1880 2105 Ru-

1011 2125 1085 2177 fini
1108 2124 1296 2175 nuptias5
1321 2123 1515 2175 Florid.p.
1532 2126 1566 2163 6.
1586 2123 1722 2160 immo
1747 2122 1881 2160 enim-

1014 2193 1123 2220 vero
1155 2179 1263 2219 Ιιιιηε
1294 2193 1445 2219 versum
1471 2180 1542 2219 ille
1567 2179 1624 2218 acl
1649 2179 1881 2217 eoeamiuan-

1015 2237 1112 2276 clam
1136 2235 1312 2275 homines
1337 2240 1608 2281 converteram
1655 2248 1690 2286 p.
1718 2237 1782 2274 69.
1808 2234 1881 2272 ‹Zu-

1012 2293 1128 2344 plam
1147 2305 1247 2345 erqo
1265 2293 1446 2345 qratiam
1467 2291 1576 2331 vobis
1595 2291 1721 2330 debeo
1746 2291 1882 2329 immo

1017 2350 1258 2388 enimvero
1280 2349 1559 2401 multiiuqam3
1594 2361 1630 2399 p.
1658 2351 1722 2387 74.
1747 2347 1849 2385 imm
1860 2360 1883 2382 o

1017 2406 1261 2444 enimvero
1288 2405 1390 2457 quid
1413 2409 1611 2457 superest,
1648 2403 1697 2442 de
1723 2415 1882 2453 quarum

1018 2461 1291 2514 particularum
1320 2475 1394 2499 usu
1429 2474 1476 2498 ac
1510 2460 1787 2511 significatione
1820 2471 1883 2496 ac-

1020 2518 1187 2556 curatius
1217 2517 1342 2555 dieam
1367 2517 1416 2556 ad
1442 2516 1587 2556 Florid.
1621 2530 1653 2568 p.
1681 2519 1717 2556 6.
1764 2513 1884 2552 Prae-

1020 2579 1132 2613 terea
1155 2573 1202 2612 cf.
1228 2573 1278 2611 de
1302 2573 1390 2612 Deo
1418 2573 1566 2612 Socrat.
1593 2587 1630 2625 p.
1648 2576 1736 2612 142.
1762 2571 1884 2610 Num:

1021 2632 1259 2670 enimvero
1289 2630 1497 2681 pendulae
1521 2635 1557 2668 el
1581 2628 1762 2673 mobiles‚-
1791 2626 1885 2664 Flo-

1020 2687 1088 2726 rid.
1119 2700 1155 2738 p.
1189 2691 1224 2726 7.
1263 2686 1417 2738 Aqm'la
1453 2687 1710 2730 enimc-erm
1757 2697 1794 2735 p.
1821 2686 1885 2723 60.

1024 2743 1281 2795 loquaciores
1317 2743 1565 2781 enimvero.
1615 2741 1777 2792 insuper
1805 2752 1886 2777 rne-

1022 2798 1246 2838 morandum
1272 2797 1433 2844 videtur,
1457 2798 1492 2835 in
1514 2795 1887 2848 Metamorphoseon

1025 2855 1131 2893 libris
1155 2855 1351 2892 rarissime
1375 2857 1520 2892 tantum
1539 2853 1639 2893 hanc
1663 2851 1888 2905 particulam

1024 2911 1202 2956 inveniri,
1233 2911 1306 2948 nisi
1332 2910 1445 2948 fallor
1470 2913 1605 2960 quater
1629 2908 1888 2954 solummodo,

1026 2981 1142 3019 quum
1185 2979 1206 3004 e
1243 2967 1431 3005 contrario
1470 2967 1505 3004 in
1542 2965 1711 3004 Floridis
1755 2964 1890 3003 decies

1028 3024 1152 3061 octies
1184 3023 1351 3073 legatum
1376 3022 1423 3061 cf.
1449 3022 1499 3060 ad
1523 3021 1667 3060 Florid.
1694 3035 1729 3073 p.
1756 3020 1810 3073 6.]

1087 3078 1175 3118 ΟΜ».
1200 3077 1285 3115 VH.
1344 3091 1487 3118 numen
1511 3078 1712 3117 invictum.
1751 3076 1892 3117 Contra

1030 3149 1165 3175 sanam
1185 3134 1383 3182 rationem,
1409 3134 1528 3187 inquit·
1547 3132 1669 3181 Qud„
1695 3133 1891 3176 Stewech.
