2155 3590
700 158 888 201 LIBER
911 160 987 201 IX.
1045 160 1173 201 CAP.
1203 159 1230 200 1.
1777 160 1861 203 749

88 271 95 329 Ι
115 273 364 314 incontanter
385 270 566 312 immitto.
592 270 678 312 Nec
696 284 818 326 pauca
837 286 968 313 rerum
988 278 1197 327 apparatus
1217 271 1378 324 cibarii,
1403 285 1559 314 mensas
1576 272 1693 313 etiam
1716 271 1862 327 impetu

82 343 169 369 meo
193 328 332 368 collido
356 334 471 381 atque
497 327 687 368 disturbo.
716 327 805 382 Qua
827 342 961 369 rerum
985 328 1150 369 deformi
1174 334 1308 382 strage
1328 329 1607 382 paterfamilias
1627 335 1859 378 commotus,

83 392 125 424 ut
149 384 412 438 importunum
438 390 553 447 atque
578 384 700 424 lascix
704 399 766 424 um
791 398 853 425 me
878 384 1029 425 cuidam
1054 384 1198 424 famulo
1223 384 1377 424 curiose
1396 386 1580 424 traditum
1601 392 1708 426 certo
1732 385 1862 439 aliquo

82 441 168 480 Ioco
200 441 374 480 clausum
407 439 522 479 iussit
551 440 746 491 cohiberi,
779 454 828 480 ne
859 455 1015 481 rursum
1048 439 1268 481 convivium
1293 440 1484 494 placidum
1509 441 1625 481 simili
1650 440 1865 495 petulantia

83 496 328 550 dissiparem.
389 495 466 536 Hic
502 496 629 536 astulo
674 503 892 536 commento
929 496 1067 537 scitule
1103 496 1273 536 munitus
1309 502 1349 536 et
1382 496 1519 536 mediis
1555 497 1651 536 lanii
1686 497 1865 537 manibus

84 559 262 606 ereptus,
291 551 489 591 custodela
514 552 700 592 salutaris
725 552 819 592 mihi
844 553 1058 606 gaudebam
1079 552 1260 592 carceris.
1294 550 1371 592 Sed
1392 551 1572 592 nimirum
1592 552 1688 592 nihil
1708 553 1866 592 fortuna

84 615 273 649 renuente
303 608 396 648 licet
426 607 572 647 homini
602 615 695 648 nato
721 609 926 648 dexterum
952 608 1182 671 provenire:
1214 621 1286 648 nec
1317 607 1480 649 consilio
1511 608 1692 662 prudenti
1715 609 1779 649 vel
1802 622 1865 649 re-

84 664 210 705 medio
226 663 523 718 sagacidivinae
538 664 807 718 providentiae
825 664 956 704 fatalis
977 663 1179 719 dispositio
1199 664 1268 704 sub
1280 662 1397 720 lverti
1416 663 1480 706 vel
1499 664 1707 705 reformari
1721 671 1863 718 potest.

83 780 305 808 mcuntanter
317 781 353 810 G.
368 777 399 809 1.
413 781 449 810 Ρ.
461 782 500 810 D.
515 777 544 809 δ’.
569 780 809 808 incunctanter
822 782 858 810 G.
871 782 904 809 2.
950 787 1083 808 mensas
1096 780 1200 808 etiam
1211 779 1336 817 impetu
1349 781 1386 810 F.
1400 781 1430 810 3.
1444 782 1481 809 G.
1495 782 1525 810 1.
1539 781 1571 809 2.
1585 781 1621 809 Ρ.
1635 781 1671 810 Ο.
1682 781 1722 810 D.
1735 781 1773 810 L.
1793 782 1831 809 R.
1846 781 1869 811 f.

84 834 123 854 π.
138 823 166 854 δ.
179 827 262 854 lunt.
276 828 307 854 2.
321 827 411 855 Colv.
424 827 519 855 Vulc.
534 828 633 855 Merc.
646 827 755 855 W'ow.
770 826 856 855 Prie.
891 832 1025 853 mensas
1044 825 1147 852 etiam
1158 833 1262 862 genus
1275 826 1400 862 impetu
1413 826 1448 854 F.
1465 827 1493 854 1.
1508 834 1538 860 p.
1573 832 1705 853 mensas
1718 824 1822 853 etiam
1835 828 1871 853 et

85 869 123 897 id
131 878 234 908 genus
248 872 283 899 B.
297 872 368 899 edd.
381 874 457 899 vett.
470 872 552 900 Eim.
567 871 703 900 Scriver.
717 871 836 899 Florid.
861 871 943 905 Quid
957 870 1055 899 ceteri
1068 871 1158 899 codd.
1172 872 1281 906 legant
1291 893 1299 905 ,
1325 878 1366 900 ex
1379 872 1585 899 adnotatione
1598 871 1677 900 Oud.
1690 878 1755 899 non
1769 873 1872 906 potest

87 916 245 951 dignosci.
292 914 357 942 mei
373 924 404 950 p.
451 914 632 943 lasse-icum
652 918 688 944 G.
712 917 740 944 i.
777 914 951 943 lascivium
970 923 1001 950 p.
1049 913 1120 942 loco
1142 918 1234 942 certo
1253 915 1368 953 aliquo
1388 924 1417 950 p.
1438 919 1467 944 et
1487 917 1557 944 edd.
1572 919 1647 944 ante
1661 916 1750 944 Colv.
1797 914 1870 943 loco

87 963 200 989 exulat
212 967 232 989 a
244 962 282 989 R.
297 960 317 990 f.
365 961 467 988 iussit
478 969 541 989 non
554 964 715 995 comparet
735 960 768 988 in
785 961 817 988 F.
834 961 862 988 1.
878 968 907 994 p.
950 958 1117 996 placitum
1130 962 1166 989 G.
1183 962 1211 989 1.
1225 963 1256 990 2.
1269 963 1308 990 D.
1323 962 1356 990 0.
1370 962 1406 989 P.
1419 962 1456 989 1..
1477 960 1742 995 frequentissima
1758 961 1872 989 varia-

87 1006 185 1035 tione.
225 1004 418 1042 petulentia
431 1002 460 1034 a.
506 1003 562 1032 hie
574 1007 644 1034 edd.
657 1009 734 1034 vett.
748 1009 776 1033 et
791 1008 921 1033 recente.
935 1012 1037 1040 usque
1049 1006 1088 1034 ad
1102 1005 1260 1042 Scriver.‚
1284 1005 1339 1040 qui
1352 1006 1474 1040 primus
1487 1003 1550 1032 hoc
1562 1005 1717 1040 restituit.
1742 1006 1825 1040 quod
1838 1005 1873 1034 in

86 1051 125 1079 F.
140 1052 168 1080 1.
183 1052 213 1079 3.
228 1052 303 1079 G.2.
315 1052 354 1079 D.
368 1052 405 1079 P.
417 1052 454 1079 L.
469 1047 497 1080 ὃ.
513 1051 534 1079 f.
549 1059 576 1085 p.
591 1052 626 1079 B.
640 1050 768 1086 legitur.
793 1047 878 1077 lum·
891 1051 926 1078 G.
938 1051 967 1078 1.
1015 1049 1128 1077 asculo
1141 1050 1252 1079 inveni
1265 1050 1297 1079 in
1311 1051 1458 1079 omnibns
1472 1050 1554 1079 meis
1568 1051 1655 1079 codd.
1670 1053 1700 1079 et
1712 1051 1781 1079 edd.
1795 1053 1874 1080 vett.

87 1097 170 1124 Elm.
189 1098 286 1125 Mero.
305 1103 378 1124 cum
396 1103 482 1129 seqq.
518 1094 672 1123 astutulo
686 1096 779 1124 Vulc.
800 1096 830 1123 2.
851 1098 881 1122 et
901 1095 993 1123 Colv.
1030 1094 1166 1122 ausi-mlo
1182 1095 1201 1124 f.
1225 1097 1292 1124 Iam
1311 1096 1489 1124 Beroaldus
1508 1095 1539 1123 in
1560 1095 1778 1130 explicatione
1797 1095 1875 1124 fecit

89 1140 260 1177 astutulo,
286 1142 370 1169 unde
388 1141 516 1169 videtur
535 1141 713 1175 arripuisse
728 1141 885 1168 Pricaeus
903 1140 1078 1173 meritoque
1091 1140 1187 1168 eliam
1203 1140 1347 1174 probavit
1363 1142 1398 1169 G.
1411 1140 1551 1169 vossius
1564 1143 1593 1168 et
1612 1140 1760 1174 aupinxit
1777 1140 1875 1174 quasi

90 1194 107 1212 e
120 1188 182 1214 ΜΞ.
198 1186 249 1214 vir
262 1187 375 1214 doctus
388 1186 427 1213 ad
442 1193 529 1214 oram
544 1186 603 1213 Ed.
619 1185 743 1213 Vicent.
767 1185 874 1212 Etiam
893 1184 927 1212 in
941 1187 1013 1212 cett.
1033 1186 1122 1213 codd.
1142 1185 1290 1214 omnibns
1309 1183 1422 1213 astula
1441 1187 1494 1214 vel
1514 1183 1650 1212 anstulo
1663 1185 1728 1220 legi
1743 1186 1875 1214 adnotat

89 1231 169 1260 Oud.
194 1229 328 1259 IamiD.
353 1229 455 1257 laniis
469 1228 583 1257 mediis
597 1231 633 1258 L.
680 1232 715 1255 et
726 1232 801 1257 ante
813 1226 928 1256 ‚auidiis
942 1231 1033 1256 abest
1048 1236 1067 1257 a
1082 1229 1102 1258 f.
1116 1233 1146 1257 et
1160 1231 1236 1258 Bas.
1251 1230 1280 1258 1.
1328 1228 1480 1257 salutari
1491 1230 1566 1259 ΑΜ.
1584 1232 1667 1258 lunt.
1683 1231 1711 1259 1.
1723 1231 1755 1258 2.
1769 1230 1875 1260 Colin.

87 1274 293 1311 grandebom
307 1277 343 1303 G.
359 1277 388 1303 2².
403 1282 422 1303 a
434 1282 475 1303 m.
490 1283 519 1309 p.
567 1272 733 1301 hominnm
747 1276 829 1300 nato
843 1271 873 1302 δ.
919 1271 1078 1300 de.rtrum
1093 1271 1122 1303 ὃ.
1157 1272 1307 1301 deterunt
1321 1276 1357 1303 G.
1372 1276 1402 1303 2.
1417 1277 1456 1304 D.
1502 1273 1641 1302 consilio
1649 1273 1813 1311 prudenti
1823 1273 1877 1302 vel

91 1319 232 1347 remedio
247 1320 366 1357 sagam·
376 1320 412 1348 F.
428 1321 457 1347 1.
482 1318 600 1353 (eiiam
612 1319 645 1347 in
659 1319 821 1353 excerptis
835 1319 876 1346 ad
888 1325 990 1353 marg.
1004 1318 1052 1346 ed.
1068 1319 1176 1353 colu]
1191 1321 1220 1348 3.
1235 1320 1271 1347 G.
1287 1321 1316 1347 1.
1329 1321 1360 1348 2.
1386 1320 1422 1349 P.
1442 1321 1481 1348 D.
1500 1321 1535 1349 Ο.
1555 1317 1585 1348 δ.
1603 1327 1640 1348 π.
1658 1327 1688 1355 p.
1709 1320 1781 1349 edd.
1797 1323 1876 1349 velt.

90 1372 193 1399 usque
206 1366 245 1393 ad
261 1365 423 1400 Colvium‚
448 1364 502 1398 qui
520 1371 687 1398 perperam
706 1363 903 1392 immutavit:
922 1360 1061 1390 consilio
1076 1362 1255 1400 prudentis
1275 1362 1328 1392 vel
1343 1362 1486 1392 remedio
1506 1364 1659 1403 sagacis,
1684 1366 1769 1400 quod
1787 1368 1878 1395 extat

91 1410 124 1438 in
139 1411 229 1439 Colv.
241 1411 386 1439 xvower.
399 1409 484 1438 Prie.
499 1411 596 1439 Mero.
611 1410 705 1438 Vulc.
718 1410 751 1437 2.

90 1505 218 1546 Plaut.
243 1506 345 1546 Rud.
369 1505 414 1546 II.
441 1510 478 1547 3.
507 1510 569 1547 11.
597 1510 658 1547 12.
685 1505 753 1544 Sic
773 1505 886 1544 etiam
907 1504 957 1544 de

95 1563 222 1602 libatis
236 1562 388 1614 poculis
410 1563 559 1601 bibisse
580 1566 737 1601 veteres
755 1562 845 1601 coll.
860 1561 957 1601 Min.

93 1619 179 1658 Fel.
197 1623 258 1660 12.
277 1620 308 1671 ᾧ.
323 1623 378 1664 5.,
403 1633 530 1670 neque
549 1620 600 1657 ad
619 1619 692 1657 has
712 1618 836 1671 dapes
853 1618 958 1656 ullos

94 1676 310 1722 admissos,
336 1676 409 1714 nisi
434 1675 663 1714 sacerdotes
689 1679 754 1713 aut
777 1688 866 1720 eos,
894 1674 958 1725 qui

95 1746 120 1770 a
142 1733 264 1770 sacris
289 1746 362 1770 non
387 1731 566 1784 prohibiti
592 1731 729 1769 fuerint
753 1730 842 1770 coll.
866 1730 959 1768 Ter-

96 1788 178 1826 tull.
193 1788 242 1826 de
250 1787 408 1827 Praese.
423 1788 509 1826 adv.
518 1787 685 1827 Iudaeos
701 1791 959 1839 c.114.p.201.

97 1843 140 1883 C.
163 1843 306 1894 Rigalt.
354 1843 447 1883 Alia
476 1844 577 1882 idem
609 1843 792 1895 exempla
814 1843 961 1894 profert

95 1899 149 1939 ad
170 1900 314 1939 Minue.
338 1899 364 1938 l.
389 1914 421 1938 c.
446 1913 483 1951 p.
507 1899 617 1939 XIX.

155 1957 273 1996 etiam
302 1957 464 2008 impeta.
513 1957 651 1995 Etiam
674 1969 744 2006 pro
764 1955 812 1994 id
832 1969 963 2007 yemis

98 2014 136 2052 in
166 2013 320 2064 optimis
351 2012 456 2050 libris
486 2016 525 2050 et
554 2011 643 2051 edd.
674 2012 822 2062 legitur.
881 2010 964 2048 Sed

99 2069 192 2121 quia
220 2069 256 2106 in
285 2067 457 2106 Florent.
489 2071 529 2106 et
556 2066 658 2106 Pith.
690 2069 808 2107 ctiam
835 2080 965 2119 yemis

102 2129 143 2163 et
166 2125 202 2161 in
227 2123 314 2162 aliis
338 2125 456 2163 etiam
481 2129 519 2163 ct
543 2124 589 2162 id
612 2137 742 2176 yenus
766 2124 964 2174 reperitur,

102 2181 221 2224 Elm..
251 2180 505 2231 sequentibus
536 2180 701 2218 Scriver.
733 2183 773 2218 et
803 2178 964 2225 Florid„

101 2241 305 2287 utrumque
329 2235 503 2274 exhibuit
532 2237 651 2274 etlam
687 2240 726 2274 et
758 2236 806 2274 id
839 2249 967 2288 yemis

102 2292 291 2338 scribens,
316 2296 356 2331 et
379 2293 432 2330 ita
456 2292 565 2342 quasi
591 2305 640 2329 ex
671 2293 825 2343 optimis
849 2304 968 2329 mem-

103 2349 233 2388 branis
263 2348 355 2387 citat
377 2347 513 2386 Heins.
545 2347 595 2386 ad
624 2347 713 2386 val.
738 2347 871 2386 Flacc.
896 2346 964 2385 lv,

105 2408 200 2446 497.
252 2404 335 2442 Sed
371 2404 423 2443 ad
458 2403 572 2442 ovid.
604 2403 700 2442 Met.
730 2402 838 2442 XIV.
872 2407 965 2444 208.

104 2461 259 2513 scriptis
285 2461 396 2499 codd.
414 2464 453 2499 et
466 2460 655 2512 prioribus
674 2458 774 2498 Edd.
796 2458 969 2511 legivult

106 2531 256 2557 mensas
290 2521 330 2555 et
361 2516 409 2555 id
443 2515 858 2571 yen1ts.0ud.prius
883 2528 970 2554 cum

108 2573 206 2613 Elm.
231 2572 412 2625 praefert.
450 2572 563 2611 Certe
588 2568 689 2610 enim
714 2576 753 2611 et
774 2572 820 2610 id
843 2585 970 2624 qemcs

107 2643 225 2681 prave
239 2630 378 2667 eiicele
391 2643 413 2666 v
418 2629 513 2667 oluit
528 2627 636 2666 Colv.
654 2627 849 2666 cumEdd.
857 2627 893 2664 V
897 2627 970 2665 ule.

108 2686 231 2726 Meimc
246 2689 350 2731 cett„
376 2685 463 2723 coll.
480 2685 567 2723 dict.
581 2683 743 2723 adMet.
751 2683 817 2722 Xi.
831 2697 867 2734 p.
879 2688 973 2724 771.

109 2743 194 2781 alio
206 2755 354 2794 yenere
363 2742 522 2791 facium
535 2741 698 2780 ῖιιηιίηα.
724 2739 828 2791 [Ego
843 2753 973 2791 quam-

112 2811 225 2849 quam
262 2798 326 2848 qui
360 2798 407 2836 id
440 2811 570 2849 {senus
607 2795 669 2833 vel
703 2809 830 2848 yemis
860 2795 973 2834 lectio

113 2858 246 2892 exorta
269 2855 337 2900 sit,
369 2866 512 2905 capere
537 2866 747 2903 nequeam,
784 2855 910 2890 tamen
934 2856 976 2890 ut

113 2909 348 2960 superfluum
383 2917 422 2948 et
457 2910 621 2947 ieiunum
658 2908 704 2946 id
733 2922 861 2960 yemis
890 2921 976 2946 cum

116 2966 269 3017 optimis
299 2965 411 3004 codd.
444 2964 629 3017 expunxi,
667 2964 787 3003 etiam
816 2968 976 3004 tantum-

115 3020 230 3060 modo
259 3022 466 3075 retinens]

172 3078 305 3116 astula
329 3083 560 3117 commento.
595 3076 789 3115 Diversae
813 3080 902 3115 sunt
926 3076 978 3114 in-

114 3137 325 3185 terpretum
350 3134 401 3172 de
426 3134 462 3172 h.
478 3134 501 3173 l.
525 3134 752 3172 sententiae.
798 3132 979 3171 Roaldus

1014 1505 1214 1546 emendat:
1256 1506 1454 1553 astutulo,
1487 1505 1690 1547 Brantius:
1725 1507 1878 1554 catulo,

1015 1563 1244 1614 Sopingius:
1281 1564 1456 1603 suteloso
1484 1576 1508 1601 e
1532 1563 1692 1603 Glossis
1721 1562 1877 1603 Philox.

1014 1633 1051 1671 p.
1068 1623 1159 1660 208.
1176 1620 1347 1659 suielose
1365 1617 1602 1673 πανούργως,
1624 1619 1752 1659 Plaut.
1768 1619 1878 1672 Capt.

1016 1675 1079 1713 III.
1106 1680 1142 1716 5.
1169 1679 1234 1716 34.
1261 1674 1392 1716 Casin.
1415 1675 1443 1714 I.
1472 1680 1507 1717 1.
1533 1681 1572 1717 7.
1602 1676 1738 1716 Gloss.
1762 1676 1879 1716 Vule.

1016 1745 1053 1783 p.
1072 1735 1161 1772 150.
1176 1731 1303 1771 sutela
1316 1730 1569 1785 κακορῤαφία.
1594 1731 1696 1771 Oud.
1711 1746 1880 1783 quoque,

1017 1789 1080 1839 qui
1099 1788 1297 1827 astutulus
1314 1789 1494 1840 praebet,
1520 1802 1597 1826 vox
1616 1789 1749 1828 astula
1762 1789 1880 1827 offen-

1017 1845 1114 1882 sioni
1139 1847 1238 1888 erat,
1263 1856 1379 1894 quam
1402 1857 1472 1895 pro
1495 1845 1738 1884 substantivo
1762 1845 1883 1884 habet

1018 1900 1252 1938 deminutivo
1283 1900 1332 1939 ab
1364 1905 1491 1948 astus,
1519 1901 1574 1940 ita
1594 1905 1637 1940 ut
1661 1907 1882 1941 commento

1019 1957 1069 1994 sit
1082 1960 1211 1994 natum
1226 1969 1248 1994 e
1267 1956 1405 2007 glossa
1423 1970 1470 1996 ac
1487 1958 1883 2007 sequentibusverbis

1019 2012 1094 2051 id·
1080 2026 1210 2064 ipsum
1229 2017 1498 2053 «tenimentum.
1525 2012 1737 2069 [Equidem
1750 2014 1885 2054 astula

1020 2069 1210 2113 retinens,
1235 2074 1456 2108 commento
1479 2068 1681 2121 glossema
1704 2083 1798 2108 esse
1820 2083 1884 2108 ne-

1022 2138 1096 2176 gav
1100 2124 1210 2172 erim3
1258 2130 1499 2166 commentus
1543 2127 1645 2165 enim
1684 2126 1787 2164 idem
1822 2130 1885 2164 est

1023 2180 1129 2231 quod
1161 2182 1298 2233 fictam,
1334 2194 1407 2220 nec
1435 2186 1549 2232 puto,
1586 2195 1818 2234 quemquam
1846 2183 1884 2220 in

1024 2237 1191 2275 dictione
1216 2238 1338 2290 fictus
1369 2237 1507 2285 dolas,
1536 2238 1601 2278 vel
1628 2240 1746 2292 fictus
1775 2243 1886 2279 astus

1024 2306 1322 2339 „ersonnene
1351 2293 1489 2334 List“
1519 2294 1757 2334 haesiturum
1780 2308 1885 2334 esse.

1023 2350 1206 2388 Attamen
1222 2350 1348 2394 miror,
1372 2351 1434 2401 qui
1448 2364 1562 2390 nemo
1578 2351 1614 2390 in
1629 2352 1887 2390 coniecturam

1025 2410 1156 2446 astuto
1169 2410 1246 2444 tam
1260 2404 1481 2446 facillimam
1493 2407 1677 2453 inciderit,
1686 2409 1744 2447 cui
1757 2411 1885 2446 tamen

1026 2460 1205 2512 equidem
1228 2463 1457 2513 patrocinari
1481 2464 1582 2503 nolo.
1631 2463 1810 2503 Forsitan
1834 2464 1888 2502 ita

1027 2517 1210 2569 explicari
1229 2518 1359 2569 possit
1375 2518 1554 2559 lectionis
1567 2520 1771 2559 diversitas
1785 2519 1888 2571 apud

1029 2573 1255 2612 Ciceronem
1279 2574 1329 2612 de
1353 2574 1465 2614 Osfie.
1490 2575 1554 2616 111.
1582 2581 1644 2618 16.
1669 2576 1700 2626 ξ.
1716 2580 1798 2622 68.,
1822 2575 1887 2614 ubi

1027 2630 1178 2683 plurimi
1191 2629 1303 2668 codd.
1319 2637 1480 2677 astutos,
1500 2634 1612 2683 pauci
1625 2637 1732 2672 astus
1746 2632 1889 2683 legunt,

1029 2687 1063 2724 si
1077 2685 1285 2736 scripsisse
1295 2685 1517 2726 Ciceronem
1526 2689 1677 2728 astutos
1690 2701 1890 2739 ponamus.

1030 2742 1089 2781 lta
1102 2743 1202 2780 enim
1217 2747 1324 2781 astus
1337 2743 1477 2794 glossa
1491 2749 1554 2783 est
1572 2745 1746 2783 lectionis
1762 2744 1891 2794 genui-

1032 2812 1117 2844 nae,
1127 2798 1431 2849 necsignilicatio
1440 2800 1658 2838 deminutivi
1668 2800 1893 2839 adversatur

1033 2853 1243 2904 exemplis,
1273 2867 1373 2904 quae
1392 2869 1510 2907 supra
1530 2855 1662 2895 Cicero
1682 2855 1891 2908 proponit]

1089 2910 1161 2950 sed
1174 2911 1361 2949 nimirum
1375 2915 1463 2950 cett.
1513 2911 1594 2964 [De
1613 2913 1808 2951 sententia
1821 2913 1895 2951 loci

1035 2966 1083 3006 cf.
1109 2978 1208 3016 quae
1234 2966 1431 3017 proferunt
1453 2967 1553 3006 Prie.
1579 2968 1630 3007 ad
1653 2968 1690 3007 h.
1705 2968 1729 3007 l.
1755 2973 1794 3007 et
1812 2968 1897 3007 Fea

1035 3023 1086 3061 ad
1115 3020 1247 3060 Hoifflat
1284 3021 1409 3074 Epod.
1428 3023 1476 3062 V.
1502 3028 1585 3070 87„
1623 3025 1688 3075 qui
1721 3029 1897 3065 nostrum

1036 3079 1160 3117 locum
1176 3083 1462 3126 commemorat,
1482 3080 1701 3133 prudentis
1720 3084 1759 3120 et
1778 3095 1896 3134 sayn-

1035 3136 1093 3175 εἰς
1116 3133 1284 3186 legens]

1885 277 1949 312 593

1889 671 1955 704 594
