2221 3667
308 168 390 211 988

307 279 559 320 simulacrum
596 292 766 318 excusso
803 277 942 331 pelago
979 284 1070 318 ante
1106 291 1166 317 me
1203 278 1427 318 constitisse
1463 281 1588 319 visum
1619 286 1694 319 est.

564 168 613 209 L.
636 166 863 207 APULEII
887 165 1288 205 MADAURENSIS
1312 166 1854 208 METAMORPHOSEON

1755 280 1852 321 Eius
1884 281 2099 321 mirandam

307 335 473 389 speciem
505 336 552 375 ad
584 349 655 375 vos
686 334 802 373 etiam
834 335 987 374 referre
1020 334 1221 385 connitar,
1255 334 1287 374 si
1323 342 1449 374 tamen
1475 335 1567 374 mihi
1594 335 1808 376 disserendi
1836 337 2017 377 tribuerit
2042 338 2099 376 fa-

307 393 487 431 cultatem
514 398 721 445 paupertas
747 390 828 430 oris
854 390 1027 441 humani,
1055 391 1118 431 vel
1143 391 1265 444 ipsum
1293 405 1434 431 numen
1454 391 1537 431 eius
1557 391 1742 445 dapsilem
1763 393 1910 447 copiam
1931 393 2099 433 locutilis

307 448 513 487 facundiae
539 447 915 487 subministraverit.

306 503 442 543 intorti
469 517 538 557 per
563 503 695 543 divina
723 503 821 543 colla
848 502 1003 558 passive
1029 503 1193 557 dispersi
1220 503 1391 544 molliter
1421 504 1656 544 defluebant.

977 447 1055 486 Iam
1082 446 1245 501 primum
1271 447 1400 487 crines
1426 447 1613 488 uberrimi
1640 448 1859 502 prolixique
1890 457 1929 490 et
1952 449 2099 489 sensim

1720 503 1879 545 Corona
1906 506 2098 545 multifor-

305 560 377 600 mis
408 560 530 600 variis
557 560 717 600 floribus
743 559 947 600 sublimem
979 560 1240 600 distrinxerat
1268 560 1478 611 verticem,
1515 561 1624 600 cuius
1655 561 1781 601 media
1806 562 1956 615 quidem
1983 575 2100 615 super

215 621 278 654 757
305 618 472 657 frontem
493 616 499 673 Ι
521 616 636 672 plana
656 616 876 658 rotunditas
896 617 935 656 in
955 616 1109 656 modum
1125 616 1272 671 speculi
1293 617 1386 658 *vel
1405 617 1552 657 immo*
1572 625 1846 671 argumentum
1866 618 1981 659 lunae
2004 631 2096 659 ean—

305 760 356 786 esl
382 765 445 786 non
470 761 633 793 comparet
656 758 690 787 in
716 759 752 787 B.
800 757 859 795 qui
881 756 1072 785 mirandam
1092 760 1126 787 G.
1148 760 1177 787 1.
1198 760 1228 787 2.
1252 760 1289 788 L.
1315 760 1350 787 P.
1376 760 1415 788 D.
1452 759 1511 796 qui
1533 760 1604 788 eius
1630 759 1650 788 s.
1677 761 1714 788 R.
1733 761 1766 788 0.
1785 756 1815 788 δ.
1862 759 1993 798 referte
2011 761 2047 788 G.
2070 760 2098 787 1.

304 803 440 830 conitar
465 804 500 832 F.
528 805 557 832 3.
594 802 752 831 cmaew'tar
766 804 898 831 G.2.D.
937 803 1072 830 cem'tar
1090 805 1126 832 G.
1148 805 1176 832 1.
1203 805 1235 832 iu
1262 807 1412 833 contextu
1439 811 1459 833 a
1483 812 1524 833 m.
1550 815 1577 834 s.
1615 804 1777 834 enitar-O.
1825 802 1999 832 deserendi
2017 805 2052 832 G.
2070 806 2097 833 1.

305 847 426 876 tribuit
449 848 593 883 (omissa
606 853 652 877 est
668 849 798 883 virgula
813 835 958 883 tribdis.)
974 857 1002 883 p.
1031 848 1212 876 tribuerint
1231 845 1314 887 (non
1329 848 1540 885 tribuerunt)
1562 853 1597 879 B.
1645 848 1783 877 das-ilem
1798 851 1831 879 0.
1881 847 2054 888 luquntilis
2072 857 2099 878 s.

302 892 451 921 luc-utilis
464 895 500 922 F.
514 895 544 922 3.
559 896 594 923 G.
611 896 640 922 1.
654 896 683 923 2.
699 896 736 923 D.
752 895 787 922 1..
814 892 989 931 Inqm‘tulis
1003 897 1054 922 vel
1069 893 1235 931 luqm‘h'lis
1248 896 1328 923 Oud.
1342 898 1448 923 enotat
1464 903 1505 923 ex
1524 898 1559 924 G.
1577 897 1604 925 l.
1618 897 1654 924 P.
1670 897 1721 932 0.;
1747 897 1830 929 quod
1850 904 1913 924 nou
1934 895 2099 929 probabile

300 940 438 968 videtur.
474 938 640 966 locuturis
659 937 687 968 δ.
720 942 755 968 In
777 942 849 967 cett.
869 938 1045 967 elocutilis.
1094 939 1236 978 Iamque
1250 940 1397 976 primum
1417 941 1505 968 Colv.
1518 942 1613 970 Vulc.
1628 943 1738 969 Wow.
1753 941 1837 969 Pric.
1859 942 1896 969 de
1915 948 2017 976 more,
2041 940 2099 968 sed

301 985 435 1013 ultimus
449 988 534 1013 recte
549 989 669 1021 innuet,
696 993 809 1013 rursus
825 985 995 1018 tegendum
1009 985 1075 1012 iam
1086 985 1248 1021 primum,
1274 988 1306 1013 ut
1321 989 1367 1014 est
1382 986 1414 1013 in
1429 987 1578 1015 omnibus
1593 989 1671 1015 Mss.
1686 990 1820 1020 excepto
1834 986 1939 1022 Ltus„
1965 986 2099 1013 ceteris-

301 1036 362 1063 que
375 1031 444 1058 edd.

493 1029 658 1057 uberrime
672 1030 692 1058 f.
742 1035 779 1057 uc
793 1032 828 1056 et
840 1029 961 1057 sensim
975 1027 1004 1057 ὃ.
1047 1039 1110 1067 per
1124 1029 1221 1058 devia
1234 1033 1270 1060 1..

1314 1030 1486 1067 passimam
1499 1033 1533 1060 F.
1544 1033 1573 1061 3.
1594 1032 1724 1068 passim.
1733 1033 1809 1060 Bas.
1818 1033 1847 1059 2.
1857 1031 1947 1060 Colv.
1962 1032 2097 1059 Vulc.2.

294 1075 458 1112 passique
477 1077 525 1104 ed.
550 1077 683 1104 Altenb.
704 1075 776 1104 sine
796 1076 892 1104 dubio
915 1078 1153 1110 typothetarum
1173 1085 1295 1111 errore,
1327 1084 1522 1114 quamquam
1550 1077 1634 1106 inter
1663 1077 1775 1106 varias
1805 1077 1962 1105 lectiones
1985 1077 2098 1105 eadem

298 1121 461 1154 scriptura
486 1122 624 1155 repetita
649 1125 707 1150 est.
744 1123 781 1149 In
806 1124 878 1150 cett.
898 1121 1046 1157 passine.
1071 1124 1120 1150 Ita
1145 1123 1239 1151 etiam
1266 1123 1301 1151 F.
1328 1124 1356 1150 1.
1383 1125 1411 1149 et
1438 1123 1473 1150 P.
1499 1122 1533 1151 iu
1556 1123 1717 1157 excerptis
1742 1124 1782 1151 ad
1806 1129 1906 1157 marg.
1931 1123 1980 1150 ed.
2006 1121 2097 1150 Colv.

298 1161 498 1199 diffluebant
523 1168 558 1194 Β.
595 1164 764 1203 defluebat
789 1175 818 1200 p.
866 1165 1125 1205 multiformiter
1143 1165 1172 1195 ὃ.

297 1212 459 1245 excerptis
485 1212 524 1239 ad
551 1219 650 1247 marg.
677 1213 724 1240 ed.
752 1212 841 1240 Colv.
870 1220 898 1246 p.
924 1213 1006 1240 lunt.
1022 1214 1050 1241 1.
1066 1215 1095 1241 2.
1111 1214 1186 1241 Aut.
1209 1213 1310 1242 Colin.
1332 1214 1407 1241 Bas.
1455 1211 1816 1241 mediumvelmedsam
1841 1211 1876 1241 1..

1219 1165 1429 1194 distr-iserae
1447 1167 1526 1196 0011.
1546 1169 1636 1202 Lips.
1673 1166 1885 1195 distinxerat
1905 1168 1938 1195 0.
1958 1167 1994 1196 F.
2017 1167 2044 1194 1.
2064 1166 2098 1195 in

1923 1211 2041 1249 fronte
2059 1213 2095 1241 B.

297 1255 406 1283 nwde‘a
426 1264 526 1293 super
536 1257 661 1294 fronte
678 1259 789 1285 κνοω.
809 1257 894 1285 Prie.
931 1255 1036 1284 medio
1058 1259 1195 1287 coniecit
1216 1259 1301 1287 Pric.
1344 1257 1486 1295 planam
1507 1260 1542 1288 B.
1562 1260 1632 1288 edd.
1653 1262 1728 1287 ante
1741 1258 1843 1287 Basil.
1863 1265 1935 1286 cum
1954 1258 2095 1287 scriver.

291 1301 395 1338 plena
409 1299 438 1331 δ’.
486 1302 539 1329 vel
550 1302 584 1330 iu
597 1301 726 1331 mudum
741 1302 913 1331 semestris
928 1301 1029 1330 lunae
1043 1313 1075 1337 φ.

295 1417 370 1459 tur,
397 1426 467 1464 per
492 1426 588 1464 quas
616 1418 735 1452 totum
763 1427 906 1466 corpus
933 1414 1079 1460 elucet,
1117 1414 1165 1452 cf.

296 1469 425 1521 Heyn.
451 1470 501 1508 ad
528 1469 668 1509 Tibull.
695 1470 760 1509 lV.
789 1475 825 1510 6.
848 1475 912 1512 13.
939 1471 1090 1509 lacobs.
1117 1470 1167 1508 ad

296 1526 414 1565 Anth.
441 1527 506 1565 Gr.
534 1526 579 1565 T.
606 1526 658 1581 H„
684 1526 729 1566 P.
756 1526 799 1565 H.
829 1541 868 1579 p.
895 1531 987 1568 279.
1037 1526 1165 1565 iuven.

297 1582 341 1621 ll.
381 1587 445 1623 78.
489 1583 538 1621 de
569 1584 726 1621 homine
763 1584 852 1635 ipso
888 1584 990 1623 tales
1027 1588 1164 1623 vestes

297 1643 456 1691 gerente
476 1641 667 1692 perluces
691 1640 811 1692 dicit]

350 1698 472 1735 visum
498 1702 563 1735 est.
626 1696 796 1748 [Videre
831 1697 894 1736 hic
928 1701 970 1736 ut
1000 1698 1162 1749 saepius

294 1753 343 1790 de
373 1754 590 1791 somniante
621 1753 763 1791 dictum
795 1758 872 1799 est,
911 1753 958 1791 cs.
991 1754 1041 1792 de
1072 1754 1161 1792 Deo

294 1810 444 1848 socrat.
470 1824 507 1861 p.
539 1814 628 1850 182.
664 1811 799 1849 videre
823 1810 899 1849 sibi
922 1811 1050 1849 visus
1076 1815 1162 1856 est,·

294 1865 376 1904 lntt.
402 1866 452 1904 ad
476 1866 584 1917 Yirg.
609 1867 707 1905 Aen.
734 1865 778 1904 ΙΙ.
795 1870 886 1907 271.
912 1867 962 1904 ad
988 1866 1052 1905 ΙΙΙ.
1070 1871 1160 1907 150.

291 1922 458 1961 Valken.
490 1924 594 1975 apud
635 1923 837 1975 Wyttenb.
874 1923 924 1961 ad
964 1922 1160 1963 Plutarch.

289 1979 339 2016 de
365 1980 406 2017 S.
433 1978 481 2018 N.
509 1980 556 2018 V.
582 1993 618 2031 p.
645 1979 733 2033 54.]

347 2036 448 2075 Eius
470 2038 710 2076 mirandam..
744 2036 911 2075 Diverso
927 2037 1042 2076 modo
1060 2036 1161 2076 hune

291 2092 417 2131 locum
459 2097 654 2132 tentarunt
687 2093 773 2132 lntt.
809 2093 941 2132 Brant.
980 2094 1163 2132 emendat

291 2164 411 2201 quam
435 2151 675 2196 mirandam,
702 2150 750 2189 G.
772 2150 891 2189 Voss.
921 2152 1029 2202 quin,
1055 2150 1159 2189 Oud.

289 2206 457 2256 denique
474 2208 619 2259 quoius
631 2207 716 2244 sive
731 2208 858 2252 cuius,
875 2207 977 2258 quod
993 2208 1157 2245 omnium

288 2263 442 2300 minime
456 2264 678 2313 comprobo.
715 2263 856 2301 Mirum
871 2267 944 2308 cst,
960 2264 1155 2314 quomodo

288 2319 323 2357 in
350 2318 498 2370 aliquot
517 2320 628 2358 codd.
648 2320 883 2358 vocabulum
904 2321 974 2373 qui
993 2322 1158 2372 irrepse-

287 2376 350 2422 rit,
378 2376 439 2413 vel
466 2380 684 2427 corruptum
708 2378 770 2415 sit.

344 2432 534 2472 loculilis.
608 2432 692 2484 [lta
729 2447 814 2471 cum
852 2434 1008 2485 optimis
1041 2433 1154 2472 codd.

285 2489 531 2527 scribendum
568 2494 632 2527 est
667 2503 736 2540 pro
780 2490 1000 2535 elocutilis,
1050 2490 1155 2540 quod

286 2559 488 2597 perperam
520 2547 634 2584 etiam
661 2546 762 2585 Oud.
789 2547 976 2598 probavit.
1026 2546 1153 2585 Voca-

284 2603 415 2640 bulum
441 2603 553 2653 igitur
578 2603 778 2641 elocutilis
807 2615 829 2639 e
862 2603 996 2641 lexicis
1022 2603 1152 2641 delen—

283 2659 397 2705 dum,
451 2659 692 2709 alterumque
745 2660 1022 2697 restituendum
1078 2664 1150 2699 est.

284 2715 555 2755 Emcndabant
581 2716 717 2753 librarii
743 2720 782 2753 et
807 2718 1053 2767 interpretes,
1087 2718 1150 2766 qui

282 2772 484 2812 elocutilis
519 2772 710 2810 vocabulo
742 2774 974 2825 facundiae
1011 2773 1150 2811 melius

281 2829 520 2879 respondere
545 2830 746 2880 putabant.
793 2828 880 2868 Hoc
905 2843 995 2867 vero
1021 2830 1149 2881 ipsum

282 2886 430 2935 probat,
446 2886 649 2925 elocutilis
657 2887 918 2924 necessarium
935 2900 1009 2924 non
1025 2887 1147 2939 esse]

332 2943 492 2993 passive
517 2943 703 2994 dispersi.
748 2942 941 2994 [Florent.
967 2946 1005 2983 3.
1030 2943 1150 2981 habet

277 2999 475 3049 possimne
498 2999 584 3036 sine
609 2998 725 3036 dubio
751 3001 989 3038 correctione
1009 2999 1147 3037 librarii

282 3055 344 3102 qui
386 3054 547 3093 forsitan
595 3055 630 3093 in
673 3056 868 3107 asyndeto
911 3055 1146 3095 offendebat.

280 3109 447 3148 Desendi
474 3115 615 3162 posset
638 3111 736 3151 haec
759 3113 891 3158 lectio,
927 3113 960 3151 si
985 3127 1061 3165 per
1085 3113 1146 3151 cli-

281 3166 373 3204 viua
398 3168 510 3206 colla
534 3172 625 3219 apte
654 3168 704 3207 ad
729 3170 875 3208 intorti
898 3169 1031 3208 referri
1055 3182 1147 3220 pos·

1226 1418 1324 1453 sent.
1363 1414 1424 1452 De
1438 1428 1536 1453 voce
1544 1416 1733 1467 passivus
1746 1415 1906 1466 saepius
1923 1415 1972 1452 ab
1986 1413 2093 1465 Apu-

1227 1470 1303 1509 leio
1330 1475 1515 1522 usurpata
1540 1471 1587 1510 cf.
1615 1471 1663 1510 ad
1689 1468 1788 1510 Met.
1814 1470 1879 1508 Vl.
1906 1484 1943 1520 p.
1958 1470 2068 1522 399.]

1283 1543 1437 1567 corona
1461 1528 1730 1580 multiformis.
1792 1527 1857 1579 [cs.
1883 1526 2017 1566 Munk.
2043 1527 2093 1564 ad

1224 1584 1402 1635 Fulgent.
1429 1598 1467 1635 p.
1493 1589 1585 1625 714.
1636 1583 1753 1623 Plura
1789 1584 1838 1621 (le
1876 1584 1937 1622 his
1974 1583 2091 1622 Isidis

1223 1642 1458 1679 ornamentis
1491 1641 1635 1679 dabunt
1667 1639 1804 1692 Cuper.
1836 1639 2021 1691 Harpocr.
2055 1640 2091 1677 in

1221 1696 1360 1736 Polen.
1394 1698 1534 1748 Suppl.
1568 1697 1689 1735 Thes.
1720 1697 1879 1747 Antiqq.
1914 1696 1958 1735 T.
1985 1695 2027 1734 ll.
2055 1710 2090 1747 p.

1223 1758 1316 1794 510.
1355 1754 1475 1804 Spon.
1502 1754 1557 1791 rei
1582 1753 1698 1804 antiq.
1727 1752 1890 1799 Quaest.
1915 1753 2024 1791 Diss.
2052 1757 2089 1794 7.

1222 1826 1254 1849 n.
1282 1814 1348 1851 36.
1386 1810 1472 1848 ibid.
1501 1809 1546 1848 T.
1574 1809 1639 1848 IV.
1666 1824 1703 1861 p.
1730 1814 1823 1850 444.
1862 1810 1986 1850 eiusd.
2014 1809 2089 1848 Mi-

1220 1868 1332 1906 scell.
1360 1866 1479 1906 Erud.
1504 1867 1637 1918 Antiq.
1665 1866 1760 1905 Tab.
1781 1865 1972 1906 XXXVI.
1998 1866 2088 1906 ibid.

1218 1938 1255 1977 p.
1283 1924 1400 1976 684]
1667 1946 1668 1949 =

1276 1982 1559 2020 distrinxerat.
1619 1979 1730 2019 Beue
1761 1979 1863 2019 Oud.
1895 1979 1995 2018 lianc
2031 1978 2087 2017 lc-

1219 2039 1384 2076 ctionem
1422 2036 1617 2084 defendit,
1667 2036 1868 2088 explicans
1905 2037 2088 2089 undique

1222 2095 1548 2139 capurtami-015
1572 2093 1620 2133 cf.
1646 2093 1782 2132 Heins.
1797 2094 1844 2132 ad
1861 2093 1975 2132 Ovid.
1989 2093 2086 2132 Met.

1220 2150 1282 2190 111.
1298 2153 1390 2192 665.
1418 2150 1527 2200 Virg.
1555 2151 1650 2189 Aen.
1676 2150 1742 2188 Vl.
1759 2155 1851 2191 617.
1880 2150 2084 2203 [Bucnem.

1217 2207 1266 2246 ad
1292 2207 1401 2246 Lact.
1427 2206 1566 2246 Institt.
1585 2208 1632 2245 V.
1651 2211 1712 2248 19.
1728 2221 1763 2258 p.
1780 2210 1861 2249 669
1875 2220 1934 2259 sq.
1961 2206 2087 2247 Orell.

1216 2265 1265 2302 ad
1290 2264 1438 2302 Arnob.
1464 2262 1529 2301 vl.
1556 2267 1593 2304 3.
1621 2263 1665 2302 Τ.
1685 2263 1730 2302 ΙΙ.
1757 2277 1792 2314 p.
1810 2267 1903 2304 349.
1929 2266 1969 2302 et
1991 2277 2085 2315 prae

1217 2323 1357 2359 ceteris
1384 2319 1522 2371 Cuper.
1549 2320 1717 2358 Observ.
1743 2319 1809 2359 lv,
1835 2320 1890 2373 5.]

1273 2379 1389 2417 cuias
1411 2377 1545 2415 media
1573 2378 1734 2429 quidem
1758 2391 1880 2429 super
1902 2379 2082 2429 frontem

1209 2434 1345 2486 plana
1380 2433 1616 2472 rotunditas
1650 2434 1692 2472 ‘iu
1727 2434 1890 2473 modum
1925 2434 2083 2485 speculi

1213 2491 1277 2529 rel
1304 2491 1421 2529 immo
1457 2494 1736 2542 arqumeulmn
1775 2490 1897 2530 lunae
1941 2491 2082 2529 camli-

1213 2548 1322 2586 dum.
1381 2546 1502 2584 Suam
1535 2546 1585 2584 de
1616 2546 1690 2585 hoc
1724 2546 1810 2585 loco
1846 2547 2080 2584 sententiam

1210 2603 1358 2642 Florid.
1388 2603 1450 2640 his
1474 2603 1606 2641 verbis
1632 2603 1847 2653 expressit:
1885 2602 1982 2641 Cod.
2008 2601 2079 2640 Ur-

1209 2662 1280 2698 sin.
1302 2659 1436 2698 habet:
1462 2659 1527 2698 vel
1548 2661 1591 2698 in
1615 2660 1777 2699 modum
1801 2660 1996 2699 semestris
2021 2659 2077 2698 lu-

1208 2731 1301 2762 uae,
1334 2716 1436 2767 quod
1463 2730 1536 2754 non
1562 2716 1745 2767 probatur
1769 2729 1792 2753 a
1816 2716 1958 2761 doctis,
1992 2729 2078 2753 cum

1209 2773 1438 2824 praesertim
1475 2772 1576 2810 adeo
1625 2772 1824 2823 discrepet
1863 2785 1887 2810 a
1928 2776 2076 2809 cetero-

1208 2843 1290 2868 rum
1327 2829 1440 2867 codd.
1478 2828 1656 2868 lectione.
1717 2828 1887 2867 Omissis
1924 2827 2076 2866 Pricaei

1208 2886 1461 2933 coniecturis,
1512 2885 1574 2924 rel
1605 2886 1708 2924 euim
1744 2889 1783 2923 et
1819 2889 2077 2937 aufflneutum

1206 2943 1454 2994 reponentis,
1491 2941 1583 2980 nihil
1620 2943 1655 2980 in
1692 2945 1801 2980 textu
1835 2946 1964 2988 muto,
2000 2941 2076 2980 sed

1205 2998 1393 3050 virgulam
1419 3011 1614 3051 expungo,
1640 3011 1740 3049 quae
1763 2999 1861 3035 inter
1886 2998 2017 3037 lumen
2035 3000 2075 3035 et

1205 3056 1431 3095 camlidum
1454 3056 1584 3106 posita
1603 3057 1675 3099 est,
1699 3057 1817 3104 atque
1836 3053 1936 3092 haec
1954 3054 2076 3093 verba

1205 3116 1488 3165 aryumeutum
1513 3111 1631 3151 lunae
1655 3110 1808 3149 duabus
1834 3111 1991 3162 virgulis
2017 3110 2072 3148 in-

1205 3168 1338 3215 cludo,
1370 3181 1472 3219 quae
1495 3169 1531 3206 in
1558 3167 1682 3206 vicem
1708 3170 1909 3218 praestent
1932 3180 2072 3221 paren-
