2155 3590
683 139 868 182 LIBER
894 141 966 183 VI.
1027 143 1153 184 CAP.
1184 141 1306 186 XVI.
1812 151 1894 193 449

110 245 250 285 ferales
276 254 434 300 penates
461 249 659 304 tederigc.
687 251 798 293 Tunc
813 255 992 296 conferes
1008 257 1189 310 pyxidem
1203 256 1474 311 Proserpinae:
1508 257 1613 299 Petit
1626 260 1671 300 de
1685 266 1722 300 te
1736 259 1888 313 Venus,

109 301 244 352 dicito,
285 304 475 344 modicum
503 305 510 360 Ι
536 307 581 346 de
618 313 683 346 tua
716 309 847 350 mittas
879 311 913 351 ei
945 313 1189 354 formositate
1219 313 1282 354 vel
1311 313 1359 353 ad
1385 327 1501 354 unam
1532 316 1670 356 saltem
1701 317 1889 358 dieculam
1915 324 1980 359 412

105 357 318 398 sufficiens.
367 359 470 400 Nam
498 361 505 413 1
530 363 630 415 quod
662 363 811 412 habuit,
844 367 931 406 dnm
963 368 1082 408 filium
1114 376 1226 410 curat
1255 377 1482 424 aegrotum,
1522 372 1738 413 consumsit
1773 381 1889 427 atque
1914 380 2013 420 [180]

104 414 288 454 contrivit
325 429 449 457 omne.
497 416 575 458 Sed
610 419 711 459 haud
747 421 991 464 immaturius
1028 425 1175 475 redito,
1215 425 1304 480 quia
1340 440 1400 468 me
1436 440 1597 468 necesse
1628 435 1689 469 est
1718 430 1887 471 indidem

102 468 254 509 delitam
280 471 474 513 theatrum
500 474 653 515 deorum
682 477 947 531 frequentare.

91 611 256 645 poenates
269 610 395 640 vicem.
424 611 544 650 diriget
561 615 596 643 P.
611 616 646 643 D.
661 615 680 643 f.
696 612 724 644 δ.
741 625 769 651 ρ.
795 615 922 655 deriget
936 620 1010 648 Ra.
1026 621 1061 648 G.
1091 619 1237 650 Tlittera
1249 622 1450 652 adhaesitex
1463 624 1611 657 sequenti
1626 627 1783 654 vocabulo
1798 627 1886 656 eune.

96 655 131 681 In
146 656 217 682 cett.
232 658 277 682 est
292 653 407 693 dirige.
456 658 611 697 cmqferes
624 661 658 689 F.
674 663 704 689 3.
720 663 756 690 R.
771 659 798 691 δ’.
813 671 848 690 π.
863 667 891 691 el
906 672 1016 692 omnes
1031 666 1100 694 edd.
1111 669 1185 694 vett.
1202 675 1304 701 usque
1317 668 1358 696 ad
1370 669 1486 697 Bas.2.
1511 669 1689 708 mansere-‘5
1703 680 1735 703 φ.
1761 672 1796 699 In
1812 674 1886 699 cett.

97 699 186 727 codd.
207 707 286 733 quos
305 701 452 734 equidem
473 704 538 732 vidi
559 708 645 733 extat
667 706 856 745 conferens.
882 709 962 743 Quid
981 709 1033 737 sui
1052 714 1221 744 praeterea
1239 712 1367 741 codices
1386 715 1574 750 praebeant,
1599 716 1678 743 Oud.
1693 715 1811 744 dubius
1825 720 1884 744 est.

93 750 117 768 a
131 745 162 770 te
177 751 232 777 pro
245 742 284 771 de
298 747 330 772 te
343 747 421 775 G.P.
432 749 467 775 1).
485 748 506 776 f.
519 750 556 778 R.
579 748 625 776 ad
638 753 668 776 le
682 752 716 779 Ο.
753 751 914 780 madir-um
928 753 1047 781 mittas
1061 754 1093 781 εἰ
1104 753 1142 781 de
1157 756 1450 796 ttcaformositale
1463 766 1492 792 p.
1502 755 1530 787 δ.
1566 757 1730 787 aesculum
1745 762 1780 788 G.
1795 761 1830 789 P.
1846 762 1884 789 D.

91 785 285 826 sufficiente
300 791 336 818 F.
353 792 381 820 1.
429 792 497 819 sam
511 792 601 830 quod
616 792 644 824 ὃ,
692 800 795 823 carae
810 805 864 831 pro
879 802 980 825 curat
992 801 1028 827 G.
1065 803 1161 827 carel
1174 802 1213 829 D.
1261 799 1355 829 baud
1372 805 1462 832 abest
1475 811 1494 831 a
1508 805 1543 832 G.
1558 805 1593 833 P.
1607 805 1646 832 D.
1691 803 1884 833 innuatur&

91 833 126 860 G.
142 834 177 862 P.
192 835 229 862 D.
276 833 341 862 αιῖφ·
356 837 525 865 nutem-ms
539 842 626 867 extat
641 839 673 868 in
688 849 734 875 p..
755 843 837 870 unde
854 843 903 871 vir
921 845 1034 872 doctus
1057 845 1196 874 coniecit
1224 845 1326 874 audi.-
1350 847 1519 876 maturius
1543 847 1662 876 redico.
1698 851 1884 879 salmasius

88 878 210 906 adlevit
230 878 330 907 audi.-
354 881 579 911 immatarius.
604 884 806 913 immaturus
826 888 952 917 vicent.
1001 887 1131 916 reddito
1150 892 1185 919 G.
1206 892 1242 919 P.
1290 890 1404 919 rede'do
1422 894 1461 921 D.
1509 891 1646 921 delitam
1665 895 1700 922 F.
1715 896 1745 924 3.
1760 897 1795 924 G.
1809 897 1844 925 0.
1860 895 1882 924 Υ.

88 920 245 950 delictam
258 925 310 961 P.‚
326 928 409 960 quod
422 928 516 957 eliam
531 933 682 963 excerpta
695 932 734 959 ad
749 939 849 967 marg.
864 933 939 962 edit.
955 934 1043 962 Colv.
1058 938 1273 969 comprobant.
1293 935 1414 965 delicto
1427 939 1464 966 1).
1507 936 1688 967 delibutam
1702 941 1738 969 B.
1753 949 1783 975 p.
1797 937 1826 969 δ.
1840 948 1882 969 ex

86 969 290 1002 glossemate.
338 969 521 1001 delimatam
538 975 610 1002 Bas.
630 976 657 1002 ¹1.
672 977 701 1004 2.
732 974 906 1005 delinitam
921 979 1018 1007 ceteri
1030 980 1120 1008 codd.
1136 983 1252 1009 liabent
1268 984 1296 1010 et
1313 990 1422 1011 omnes
1437 986 1511 1012 vett.
1527 985 1597 1012 edd.
1612 992 1684 1019 cum
1697 993 1784 1020 seqq.

78 1090 288 1139 protinus,
309 1096 347 1129 et
359 1106 493 1145 usqne.
522 1095 663 1133 Verum
680 1098 950 1136 tamenmalim

83 1157 168 1181 cum
195 1144 296 1184 Oud.
328 1148 391 1185 vel
422 1150 478 1186 sic
510 1151 675 1189 retinere
701 1156 739 1190 et
761 1155 872 1192 uncis
898 1155 950 1192 in-

82 1198 257 1245 cludere,
284 1207 321 1240 el
345 1205 464 1244 dedit
479 1208 688 1256 protinus,
716 1210 804 1258 quia
819 1210 948 1259 optimi

82 1255 194 1294 codd.
221 1257 259 1295 id
284 1264 451 1299 servant.
480 1260 645 1300 ieiunum
672 1265 773 1302 enim
797 1265 948 1303 videtur

79 1324 174 1350 esse
199 1312 302 1352 Oud.
326 1321 611 1366 argumentum,
637 1322 859 1359 necessario
885 1321 947 1359 hic

78 1367 177 1406 haec
200 1370 320 1408 verba
344 1385 437 1409 esse
462 1375 713 1424 apponenda,
739 1374 829 1427 qnia
853 1377 945 1415 alio-

77 1425 165 1475 quin
181 1439 369 1476 nusquam
386 1428 736 1481 legatur‚pyxiden1
752 1431 944 1484 aPsyche

76 1479 200 1519 fuisse
235 1487 448 1534 acceptam.
499 1485 610 1524 Talia
647 1488 747 1526 liene
778 1493 943 1539 possunt

75 1537 207 1582 omitti,
221 1542 447 1588 praesertim
462 1543 495 1579 si
510 1555 559 1580 ex
571 1546 651 1581 toto
665 1546 941 1584 sententiarum

73 1605 173 1631 nexu
199 1600 363 1645 possunt
386 1598 658 1652 subintelligi]

129 1650 283 1703 deriye.
311 1651 438 1703 [Hanc
461 1655 663 1694 lectionem
679 1658 825 1703 retinui,
854 1660 942 1709 qnia

71 1704 120 1742 ab
145 1707 290 1757 optimo
316 1710 404 1747 cod.
436 1710 604 1751 Florent.
629 1716 666 1753 3.
693 1717 731 1752 et
756 1714 885 1752 Guell'.
902 1720 937 1755 2.

70 1761 319 1802 confirmatur.
336 1765 452 1804 Extat
465 1767 502 1805 id
510 1769 669 1807 verbum
677 1770 779 1820 apud
786 1769 937 1810 Luci-et.

68 1816 237 1865 VL824,
252 1820 316 1858 ubi
330 1822 442 1860 codd.
453 1824 600 1863 variant
615 1825 660 1863 cf.
677 1825 841 1864 Forcell.
852 1840 883 1865 s.
899 1827 934 1865 h.

66 1886 101 1911 v.
111 1878 150 1912 et
161 1888 236 1912 s.v.
252 1877 393 1917 derivo
407 1892 441 1918 n.
452 1884 487 1919 2.
503 1879 683 1920 Forsitan
699 1896 773 1919 non
787 1886 935 1921 temere

65 1931 196 1980 posuit
208 1931 282 1970 hoc
297 1935 455 1973 verbum
472 1936 673 1987 Apuleius,
694 1939 783 1989 quia
807 1939 855 1977 ad
883 1940 932 1977 in-

65 1985 171 2024 seros
186 1987 428 2029 descendere
442 1991 775 2042 PsychenVenus
790 1995 931 2047 iussit]

119 2046 216 2082 tunc
235 2049 431 2097 conferes.
458 2047 559 2093 Quia
577 2049 611 2086 in
629 2048 744 2100 longe
758 2049 930 2101 plurimis

61 2098 174 2137 codd.
213 2099 351 2151 legitur
375 2116 464 2142 cum
490 2107 612 2155 feres,
649 2105 685 2143 id
724 2105 812 2143 huic
843 2106 928 2145 loco

58 2154 297 2194 substituere
320 2157 402 2196 vult
415 2157 536 2204 Oud.,
564 2173 679 2210 quem
705 2162 820 2200 etiam
847 2162 927 2201 lati-

58 2211 186 2249 nitatis
212 2213 307 2251 ratio
333 2213 489 2252 dubium
519 2216 657 2261 reddit,
684 2231 730 2255 an
758 2231 925 2268 unquam

56 2270 247 2319 conferre
271 2270 401 2309 alieni
426 2273 673 2320 protrudere
696 2287 780 2311 rem
804 2288 925 2314 unam

52 2327 278 2373 usurpatum
291 2326 352 2364 sit.
378 2325 479 2364 Nam
496 2327 605 2377 plura
618 2334 806 2380 congesta
820 2335 924 2369 recte

52 2378 124 2416 dici
151 2382 338 2432 conferri
362 2385 403 2419 rt
417 2381 521 2421 Vell.
537 2383 563 2422 1.
585 2399 616 2423 c.
631 2389 667 2425 9.
696 2387 803 2424 suet.
819 2387 919 2438 Aug.

50 2438 114 2474 31.
141 2435 206 2473 Dr.
222 2437 272 2474 ad
289 2437 370 2475 Liv.
382 2438 428 2476 V.
443 2444 507 2479 25.
529 2440 674 2492 WVopk.
690 2441 803 2480 Misc.
818 2442 916 2482 Obs.

49 2489 139 2529 Vol.
154 2491 255 2530 VIII.
281 2507 319 2544 p.
345 2498 429 2539 24„
456 2499 494 2533 et
519 2496 572 2535 ita
597 2510 756 2549 semper
780 2500 815 2536 in
843 2513 916 2538 usu

46 2546 85 2584 id
110 2560 202 2586 esse
226 2549 330 2600 apud
353 2550 564 2601 Apuleium
584 2553 680 2593 Met.
695 2553 737 2592 II.
763 2568 798 2605 p.
823 2559 912 2596 124.

47 2604 445 2657 spoliapopulormn
459 2622 480 2646 c
491 2611 633 2660 onfer
642 2615 691 2649 at
703 2612 817 2650 mari.
832 2612 916 2650 VII.

46 2672 84 2711 p.
103 2664 194 2701 449.
217 2665 393 2713 fortuna
417 2677 510 2703 suas
530 2679 626 2716 opes
644 2667 702 2705 ad
720 2667 915 2720 indignos

49 2720 289 2769 conferat.
317 2718 418 2770 [Sed
433 2723 624 2772 conferre
637 2722 738 2760 idem
751 2725 912 2774 saepius

47 2775 125 2818 est,
151 2774 254 2824 quod
279 2778 426 2828 afferre
445 2780 485 2815 ut
496 2775 596 2815 Plin.
610 2777 659 2817 H.
673 2778 722 2817 N.
738 2778 910 2819 XXXV.

49 2830 110 2866 15.
147 2831 212 2869 50.
248 2831 421 2883 sulphur
468 2836 632 2885 confert
677 2836 909 2883 candorem,

45 2893 275 2935 quamquam
299 2887 387 2926 huic
410 2889 465 2926 rei
490 2903 564 2927 non
590 2890 642 2929 ita
663 2891 822 2930 multum
841 2906 910 2943 po·

43 2941 121 2977 test
129 2940 250 2988 tribui,
259 2944 361 2993 quod
375 2945 492 2995 plane
505 2944 582 2984 alia
595 2950 657 2985 est
669 2948 907 2998 significatio.

43 2992 232 3034 Fortasse
266 3004 459 3052 conferre
500 3015 549 3039 ex
585 3002 764 3055 analogia
797 3005 907 3043 vocis

43 3051 300 3094 conclamare
311 3061 442 3107 potest
456 3057 631 3104 defendi,
657 3060 761 3110 quod
776 3064 906 3099 notum

40 3110 102 3145 est
124 3109 284 3160 saepius
308 3123 377 3164 pro
395 3113 559 3167 simplici
577 3116 756 3156 clamare
775 3115 813 3156 in
832 3130 907 3156 usu

72 3245 90 3268 s

1011 1113 1114 1138 esse.
1142 1101 1188 1138 es.
1216 1100 1310 1140 Tac.
1336 1102 1435 1141 Hist.
1465 1102 1524 1142 ΙΙΙ.
1553 1109 1618 1145 29.
1644 1105 1693 1143 al.
1721 1105 1763 1144 Si
1789 1107 1880 1157 quid

1009 1156 1233 1194 mutandum
1258 1161 1337 1203 est,
1371 1159 1486 1196 velim
1514 1160 1589 1210 legi
1615 1162 1788 1213 obseres.
1824 1163 1879 1201 At

1008 1210 1108 1249 Oud.
1123 1213 1198 1249 iam
1216 1213 1317 1251 bene
1330 1215 1536 1255 intellexit.
1552 1217 1652 1255 istud
1670 1232 1758 1257 cum
1767 1221 1878 1270 feres

1007 1268 1190 1305 orationis
1221 1270 1462 1309 concinnitati
1494 1272 1620 1309 minus
1655 1276 1875 1320 convenire,

1006 1323 1107 1360 unde
1139 1324 1222 1374 ipse
1254 1326 1435 1363 emendat
1464 1340 1550 1365 eam
1576 1331 1732 1379 serens,
1771 1332 1875 1380 quod

1004 1382 1131 1416 tamen
1158 1381 1269 1419 nimis
1295 1382 1461 1419 ieiunum
1482 1383 1630 1421 videtur
1656 1398 1760 1423 esse.
1787 1385 1873 1437 Ego

1003 1438 1133 1473 contra
1165 1436 1267 1475 Mss.
1307 1437 1396 1475 nihil
1430 1442 1546 1477 muto,
1595 1439 1779 1479 Futurum
1811 1443 1872 1481 hic

1002 1492 1145 1542 excipit
1169 1492 1453 1544 imperativum,
1479 1495 1529 1533 de
1555 1509 1631 1546 quo
1656 1511 1730 1536 usu
1755 1511 1873 1549 supra

1002 1548 1073 1585 iam
1100 1548 1267 1586 vidimus
1293 1550 1341 1588 ad
1368 1564 1402 1601 p.
1430 1555 1522 1591 405.
1558 1553 1745 1606 deferes]

1055 1605 1161 1655 petie}
1184 1605 1236 1643 tle
1260 1611 1308 1645 te.
1341 1606 1405 1656 [cs.
1434 1606 1558 1645 Hand.
1573 1608 1622 1646 nd
1638 1608 1749 1648 ans.
1766 1608 1872 1651 T.11.

1001 1672 1035 1709 p.
1067 1664 1158 1700 192.
1192 1663 1254 1711 qni
1288 1662 1397 1712 plura
1429 1662 1540 1701 huius
1572 1667 1869 1706 constructionis

998 1717 1180 1767 exempla
1205 1718 1363 1768 profert,
1388 1722 1426 1757 et
1451 1733 1552 1769 quae
1566 1721 1688 1759 dicam
1710 1723 1759 1761 ad
1773 1723 1867 1762 Met.

999 1771 1098 1810 wll.
1126 1787 1163 1823 p.
1191 1778 1284 1814 583.
1310 1774 1405 1813 Met.
1434 1774 1475 1813 ΙΙ.
1502 1789 1540 1826 p.
1571 1778 1678 1829 133]

1052 1829 1167 1868 lea-ml
1191 1831 1439 1870 ἱιηηιαΐανίιιε
1465 1833 1610 1871 redito.
1656 1834 1671 1884 [
1676 1834 1717 1872 Si
1732 1835 1865 1885 plures

994 1884 1107 1923 codd.
1139 1886 1381 1931 addicerent,
1419 1888 1548 1941 leand,
1585 1890 1690 1939 quod
1720 1904 1744 1928 a
1774 1906 1864 1930 non-

994 1940 1109 1977 nullis
1135 1941 1237 1980 Mss.
1263 1943 1459 1987 omittitur,
1491 1944 1651 1983 exulare
1677 1946 1861 1987 iuberem.

992 1996 1161 2046 Saepius
1175 1999 1274 2035 enim
1290 1999 1654 2050 videtin-Apuleius,
1668 2006 1709 2040 ut
1723 2003 1796 2041 iam
1811 2004 1862 2043 ad

990 2051 1085 2090 Met.
1119 2052 1142 2090 l.
1180 2066 1219 2104 p.
1255 2058 1321 2095 56.
1359 2057 1632 2106 comprobavi,
1669 2060 1861 2099 vocabula

988 2121 1072 2145 cum
1089 2110 1129 2147 in
1150 2110 1335 2159 privativo
1356 2114 1575 2162 composita
1592 2114 1646 2152 ita
1658 2128 1857 2167 usurpare,

987 2167 1027 2201 ut
1040 2164 1114 2202 vim
1129 2165 1298 2205 habeant
1312 2167 1553 2214 intensivam,
1567 2173 1608 2208 ut
1621 2171 1858 2213 immaturus

984 2220 1036 2257 sit·
1061 2220 1175 2259 valde
1200 2226 1382 2261 maturus.
1431 2224 1513 2263 Sed
1539 2225 1698 2267 aC-odd.
1712 2229 1856 2280 ubique

982 2276 1162 2315 standum
1189 2278 1288 2331 est]

1038 2333 1216 2373 delitam.
1268 2335 1427 2374 Variant
1447 2337 1560 2377 codd.
1583 2339 1679 2378 inter
1707 2340 1851 2380 delini-

981 2392 1062 2427 tam
1076 2394 1114 2427 et
1127 2390 1361 2436 delibutam.
1373 2406 1489 2443 quum
1500 2393 1733 2442 delimatam,
1744 2399 1850 2448 quod

977 2448 1040 2482 est
1064 2446 1098 2483 in
1125 2450 1285 2498 utraque
1298 2447 1390 2487 Bas.
1410 2454 1465 2495 1.‚
1492 2465 1564 2488 non
1591 2453 1643 2490 sit
1667 2453 1739 2491 nisi
1766 2467 1848 2492 cor-

976 2502 1128 2552 ruptela
1174 2503 1464 2554 typothetarum
1510 2520 1579 2557 pro
1622 2509 1846 2550 delinitam.

973 2556 1150 2597 Roaldus
1186 2560 1289 2598 male
1326 2562 1546 2601 emendavit
1583 2565 1843 2606 delineatam.

976 2613 1211 2655 Delibat-eam
1235 2615 1364 2666 placet
1388 2617 1492 2657 Oud.
1516 2633 1603 2657 cuni
1624 2620 1784 2671 Sciopp.
1805 2626 1845 2661 et

973 2667 1072 2708 Prie.
1099 2671 1190 2710 coll!
1212 2671 1354 2711 Florid.
1382 2687 1419 2724 p.
1442 2678 1506 2714 94.
1534 2675 1620 2714 Iam
1646 2690 1689 2715 os
1714 2678 1843 2728 ipsius

971 2728 1154 2778 unyzcine
1180 2729 1311 2768 odore
1336 2730 1604 2770 delibutum
1651 2732 1764 2772 Auct.
1789 2735 1842 2774 ad

970 2781 1138 2822 Herenn.
1171 2783 1233 2823 III.
1266 2789 1329 2826 22.
1368 2787 1535 2826 rubrica
1572 2787 1841 2830 delibutum

966 2839 1207 2879 inducamus
1232 2841 1352 2880 Salm.
1372 2842 1421 2880 ad
1443 2842 1563 2881 Solin.
1584 2856 1620 2894 p.
1637 2848 1728 2884 147.
1753 2844 1838 2887 lntt.

966 2894 1013 2932 ad
1028 2894 1162 2935 Horat.
1176 2896 1303 2948 Epod.
1315 2896 1441 2936 XVII.
1457 2902 1524 2938 31.
1551 2898 1600 2937 Et
1613 2900 1663 2937 ita
1676 2903 1837 2952 saepius

967 2951 1079 2989 utitur
1110 2952 1304 3003 Apuleius
1330 2966 1450 2991 sensu
1482 2955 1763 3005 metaphorice:
1794 2963 1836 2999 ut

963 3007 1144 3057 qaudio,
1170 3009 1332 3048 laetitia
1346 3009 1560 3049 delibutus.
1588 3011 1689 3062 [Sed
1703 3017 1835 3055 contra

964 3061 1136 3102 Mss.hic
1149 3064 1240 3103 nihil
1253 3064 1474 3104 mutandum
1488 3070 1561 3105 est.
1574 3064 1679 3107 Nam
1693 3069 1834 3110 eodem

962 3119 1079 3158 modo
1102 3120 1195 3159 dicit
1217 3120 1409 3173 Apuleius
1434 3121 1533 3160 Met.
1553 3122 1655 3164 VIII.
1681 3137 1718 3178 p.
1737 3130 1832 3169 578.

1483 3188 1540 3233 29
