2221 3667
297 153 379 195 114
549 153 596 192 L.
628 153 848 192 APULEll
880 148 1283 193 MADAURENSIS
1316 147 1860 188 METAMORPHOSEON

297 264 458 305 cundia:
491 263 712 316 Proeliare,
741 266 883 319 inquit,
911 272 950 305 et
974 264 1133 304 fortiter
1158 260 1374 314 proeliare3
1408 273 1481 300 nec
1507 260 1609 300 enim
1635 260 1705 300 tibi
1730 261 1864 301 cedam
1890 274 1962 301 nec
1985 267 2100 314 terga

296 328 467 361 vortam.
521 318 712 362 Cominus
739 322 779 361 in
805 323 1045 375 adspectum,
1075 319 1106 358 si
1132 318 1196 357 vir
1214 331 1273 367 ες,
1301 316 1428 369 dirige
1448 323 1489 356 et.
1513 330 1699 369 grassare
1725 317 1881 357 naviter
1904 324 1944 357 et
1968 317 2100 357 occide

297 377 528 418 moriturus.
569 377 773 419 Hodierna
799 392 927 433 pugna
954 390 1031 415 non
1058 374 1172 414 habet
1198 372 1441 413 missionem.
1484 372 1594 413 Haec
1619 372 1734 414 simul
1759 373 1892 413 dicens
1917 373 2101 413 inscenso

297 493 438 522 caedum
452 497 536 524 lunt.
554 497 583 524 1.
604 497 678 524 ΑΜ.
695 496 820 523 Viccnt.
870 495 998 520 vertam
1014 493 1049 519 G.
1067 492 1094 518 1.
1110 493 1139 518 2.
1155 491 1192 518 D.
1207 487 1236 518 δ.
1257 492 1359 519 (male
1373 489 1558 525 cf.1·¹‹›r1›ig.
1573 492 1615 519 ad
1627 492 1757 519 Lucret.
1772 491 1875 526 praef.
1890 490 2104 525 p.xx·11.qui

296 542 381 568 hanc
396 540 530 569 formam
544 549 585 569 ex
598 540 822 575 grammaticis
836 537 1024 567 accuratius
1038 538 1246 570 comprobat.)
1269 534 1304 562 in
1318 534 1513 572 adspectum
1527 536 1755 564 desiderantur
1767 536 1801 564 in
1816 538 1851 564 G.
1864 538 1891 564 1.
1907 538 1936 564 2.
1957 540 2047 565 (am.
2062 541 2104 570 p.)

295 586 333 613 P.
347 586 386 614 D.
401 587 435 614 0.
449 593 486 614 π.
501 583 530 614 δ.
579 584 638 614 sed
651 586 739 613 eires
753 593 789 612 π.
838 582 926 610 vires
946 579 1097 617 derigere
1110 582 1224 610 Vener.
1240 583 1269 609 4.
1284 585 1312 609 et
1328 582 1404 610 Bas.
1420 583 1450 609 2.
1469 582 1527 610 sed
1546 581 1580 610 in
1594 583 1648 617 B..
1673 585 1707 610 ut
1725 583 1810 610 Elm.
1830 581 2015 615 adnotavit,
2041 588 2105 609 non

297 630 422 659 inveni.
454 629 550 667 digne
563 632 599 660 L.
649 635 810 657 crassare
825 630 861 655 G.
878 629 907 655 1.
920 628 949 654 2.
965 628 1001 654 P.
1017 627 1053 654 L.
1068 627 1102 655 0.
1117 622 1162 654 ‘de
1175 634 1263 654 more
1277 626 1375 654 medii
1390 627 1464 655 aevi
1483 627 1693 655 librariorum
1713 626 1755 654 cf.
1769 627 1824 654 Dr.
1841 628 1881 655 ad
1895 627 1969 655 Liv.
1982 627 2037 656 VI.
2051 627 2105 654 25.

296 677 328 709 S.
344 677 373 704 6.
388 674 526 711 [W‘agn.
541 677 582 704 ad
595 676 685 709 Virg.
700 676 771 703 Ecl.
785 674 854 701 VII.
869 674 923 700 39.
936 673 1020 700 Aen.
1032 673 1086 700 ΠΙ.
1104 673 1155 699 14.
1171 672 1256 700 cort.
1269 673 1311 700 ad
1324 673 1448 700 Lucan.
1462 673 1486 700 1.
1499 671 1592 707 575]
1614 671 1772 708 graviter
1785 668 1814 700 δ.
1828 672 1935 700 Paris.
1946 671 2108 708 gnaviter

296 722 424 749 1unt.2.
441 723 478 749 G.
493 724 522 749 2).
538 723 594 749 (de
612 723 674 748 hac
693 719 857 753 scriptura
877 717 918 745 cf.
934 724 1019 751 quae
1039 717 1160 751 disput.
1172 718 1272 746 Doed.
1285 718 1464 751 Synonym.
1478 719 1502 745 1.
1517 726 1547 752 p.
1564 718 1625 745 123
1641 722 1708 752 sq.)
1739 717 1878 744 nauiter
1892 718 1929 745 G.
1942 718 1974 745 2.
1987 724 2008 745 a
2021 724 2062 746 m.
2075 725 2107 751 p.

291 774 410 803 pugna
434 769 525 794 abest
541 774 561 794 a
574 767 610 793 G.
624 766 653 792 2.
669 772 689 793 a
702 772 742 792 m.
757 771 787 797 p.
802 764 837 790 P.
851 764 890 791 D.
905 770 941 790 π.
978 760 1178 789 hodiernam
1192 770 1257 789 non
1271 760 1303 788 Ιι.
1318 764 1354 790 G.
1372 764 1400 790 1.
1415 770 1435 791 a
1448 770 1487 791 m.
1504 771 1531 791 s.
1568 764 1759 798 Elegantem
1772 765 1858 791 lianc
1871 763 2016 797 ellipsim
2028 762 2108 791 oud.

297 812 455 844 quomodo
470 812 578 839 dicere
592 809 746 844 potuerit.
773 807 923 841 equidem
943 815 1005 835 non
1025 808 1129 842 capio.

1179 806 1347 835 me'ssinem
1368 809 1406 836 D.
1427 814 1447 836 a
1465 816 1505 836 m.
1521 816 1551 842 p.
1599 805 1662 836 stoc
1675 806 1778 836 simul
1788 809 1825 836 1).

1874 807 2007 836 insenso
2027 809 2063 836 G.
2080 808 2108 835 1.

296 855 447 884 instenso
463 858 498 884 G.
514 858 543 883 ⁴2.
558 852 713 882 inscendo
728 855 767 882 D.
782 861 802 881 a
815 861 855 881 111.
871 862 900 888 p.
926 851 1092 880 inscensio
1107 854 1222 882 Venet.
1237 855 1266 881 4.
1292 853 1447 881 anseris-o
1463 850 1492 882 ὸ“.

299 944 397 995 rupti
441 947 480 980 et
520 941 702 986 adulteri,
752 954 852 991 quos
894 940 1068 992 ylabros
1110 954 1175 992 ap-

298 999 517 1051 pellabant,
560 997 607 1037 cf.
640 996 788 1048 Hygin.
827 996 905 1036 sab.
938 996 1175 1035 CCLXXV.

298 1070 335 1108 p.
362 1058 455 1096 389.
482 1054 591 1093 Stav.
625 1053 741 1107 qaod
766 1054 953 1093 dicerent
976 1068 1062 1094 eam
1086 1054 1177 1106 yla-

300 1113 412 1151 brmn
449 1124 528 1149 esse
565 1116 603 1149 et
639 1115 935 1161 corruptorem.
1008 1112 1176 1149 Accura-

300 1169 375 1206 tius
401 1167 526 1205 dicam
552 1167 603 1206 ad
628 1167 726 1206 Met.
754 1166 823 1206 lX.
849 1181 887 1219 p.
915 1168 1026 1220 648]

352 1224 577 1277 proclt'are.
599 1223 743 1276 [Huius
756 1224 875 1261 totius
892 1223 1182 1275 lociimaginem

299 1280 653 1320 obscoenissimam
684 1294 709 1319 a
738 1293 779 1318 re
803 1280 1037 1331 gladiatoria
1060 1281 1180 1332 Apul.

299 1338 553 1389 deprompsit,
581 1350 684 1389 quae
707 1350 799 1388 sqq.
826 1338 955 1375 verbis
975 1337 1181 1376 hodierna

293 1409 445 1447 ψηφιεῖ.
481 1395 707 1434 missionem
742 1407 826 1432 non
857 1394 980 1433 habet
1010 1395 1181 1445 apertius

297 1451 495 1490 indicatur.
556 1451 717 1501 Antiqui
748 1450 850 1488 enim
878 1464 1066 1503 puynam.
1099 1452 1183 1490 sine

298 1509 483 1547 missione
518 1508 787 1552 nominabant,
826 1521 911 1545 cum
943 1506 1181 1557 gladiatores

300 1579 349 1603 ea
390 1564 481 1615 lege
513 1564 811 1603 descendebant
848 1564 884 1601 in
922 1577 1098 1603 arenam.
1142 1568 1183 1601 ut

299 1622 424 1659 neutri
448 1620 510 1659 sas
536 1624 647 1659 esset
671 1621 898 1659 missionem
924 1625 1076 1671 petere.
1108 1620 1183 1658 sed

299 1678 569 1716 necessarium
589 1681 711 1722 esset,
738 1677 789 1716 ad
803 1677 1103 1715 internecionem
1118 1691 1182 1714 us·

301 1748 378 1786 que
404 1734 648 1776 dimicarent:
675 1734 723 1772 cf.
756 1733 841 1772 Intt.
875 1733 925 1772 ad
956 1733 1042 1772 Liv.
1074 1732 1181 1772 XLI.

301 1796 367 1833 20.
401 1790 427 1830 1.
459 1791 570 1843 Lips.
605 1792 732 1829 Satur.
765 1789 813 1829 II.
844 1804 875 1828 e.
903 1794 969 1830 21.
1030 1789 1182 1828 Eodem

300 1848 417 1886 modo
447 1848 667 1900 yladiator
700 1847 900 1885 obscoeno
932 1860 1055 1885 sensu
1088 1846 1181 1898 legi-

299 1909 360 1943 tur
385 1904 491 1956 apud
515 1903 693 1947 Petron.‚
721 1904 804 1943 Sat.
831 1918 863 1942 c.
892 1907 927 1944 9.
954 1918 991 1955 p.
1020 1908 1104 1952 543
1131 1903 1180 1942 cs.

299 1961 386 1999 Intt.
414 1960 464 2000 ad
490 1961 659 2000 eundem
674 1964 741 2001 20.
755 1974 794 2012 p.
810 1964 874 2001 92.
890 1973 972 2011 sq.,
1003 1962 1067 1998 ubi
1094 1974 1183 1999 ean-

300 2019 390 2056 dem
416 2031 439 2055 a
459 2018 741 2069 gladiatoribus
761 2018 968 2069 imaginem
986 2021 1183 2056 mutuatus

301 2079 364 2113 est
394 2073 551 2114 Petron.
583 2088 657 2114 nec
687 2074 799 2113 aliter
828 2075 965 2113 missio
996 2075 1031 2112 in
1062 2088 1104 2112 re
1134 2075 1185 2112 si-

300 2130 381 2170 mili
408 2131 499 2169 dicit
523 2131 700 2177 Petron„
726 2145 757 2170 c.
792 2135 857 2171 21.
891 2132 921 2182 §.
954 2135 990 2171 2.
1024 2145 1055 2169 e.
1092 2135 1184 2172 108.

303 2189 334 2240 ξ.
370 2192 434 2229 10.
468 2188 516 2226 cf.
548 2202 669 2240 supra
698 2202 735 2239 p.
771 2192 862 2229 126.
893 2188 1184 2240 9ἶαιῖἰαΐονίαε

310 2245 486 2285 Veneris.
545 2246 613 2283 Sic
639 2244 840 2283 Censorin.
866 2245 915 2282 (le
939 2244 990 2283 D.
1016 2244 1066 2284 N.
1092 2260 1124 2283 c.
1145 2249 1181 2285 5.

303 2302 400 2339 dixit
419 2307 521 2354 post
539 2301 750 2354 pecudum
776 2301 1105 2354 contentionem]

361 2360 542 2398 cominus
562 2360 603 2396 in
623 2358 864 2410 adspectum
878 2358 1028 2411 diriye.
1070 2358 1184 2397 Hanc

304 2414 539 2454 locutionem
574 2415 777 2453 militarem
816 2414 877 2452 vel
910 2413 1183 2465 gladiatoriam

303 2471 408 2511 Oud.
438 2472 666 2524 comprobat
697 2471 748 2509 de
779 2472 824 2509 iis
856 2471 948 2516 dici.
983 2473 1047 2522 qui
1072 2474 1183 2510 intre-

303 2528 395 2580 pido
427 2542 500 2567 nec
530 2541 671 2567 averso
703 2527 812 2565 vultu
843 2541 889 2565 se
921 2529 1085 2567 invicem
1117 2542 1183 2579 ag-

303 2585 524 2635 grediuntur
549 2589 588 2623 et
612 2584 808 2624 oculorum
834 2584 1032 2622 hostilium
1059 2587 1182 2624 aciem

302 2641 404 2680 ferre
428 2646 616 2695 possunt3
642 2640 822 2680 cf.Ovid.
849 2640 1008 2680 Heroid.
1033 2640 1180 2680 XVIII.

305 2703 398 2740 216.
474 2698 688 2751 [Absolute
725 2698 788 2736 hic
825 2697 964 2748 legitur
999 2698 1037 2736 h.
1074 2700 1180 2737 verb.

303 2760 345 2793 ut
369 2771 432 2808 ap.
449 2756 589 2795 Senec.
611 2755 737 2806 Epist.
762 2752 824 2792 lll.
846 2753 876 2804 §.
903 2758 935 2794 1.
958 2755 1015 2793 ad
1029 2756 1182 2795 let'da

305 2813 456 2851 diremi.
515 2812 603 2852 Nec
633 2812 774 2851 eadem
808 2823 903 2849 esse
933 2813 1114 2851 cominus
1145 2816 1183 2850 et

303 2870 340 2906 in
372 2870 611 2921 adspectum
636 2868 741 2908 Oud.
771 2868 872 2906 bene
898 2868 972 2906 iam
999 2869 1182 2907 observa-

303 2926 369 2964 vit.
433 2926 620 2965 Cominus
651 2926 751 2963 enim
783 2930 846 2963 est
876 2930 1037 2964 armata
1062 2940 1183 2965 mann

304 2982 367 3019 vel
394 2983 429 3020 in
456 2983 558 3027 acie,
584 2985 619 3021 in
653 2996 731 3033 qua
761 2983 817 3020 vir
840 2983 961 3020 virum
994 2980 1107 3032 legit;
1134 2983 1182 3021 cs.

302 3038 431 3077 Hand.
465 3037 576 3078 Turs.
602 3039 648 3078 Il.
679 3053 718 3090 p.
745 3042 809 3079 98.
870 3037 929 3076 Eo
960 3039 1086 3089 magis
1118 3041 1181 3077 mi·

303 3095 463 3133 randum
495 3100 572 3137 est.
607 3096 712 3147 qnod
744 3095 807 3133 hic
833 3095 1061 3133 eiiciendum
1088 3109 1181 3133 esse

304 3151 535 3190 vocabulum
550 3152 677 3191 Hand.
693 3154 780 3204 ipse
794 3155 976 3191 autumat.
1027 3150 1180 3191 Eodem

1236 941 1352 979 modo
1380 940 1475 979 Met.
1503 939 1548 979 ll.
1575 954 1610 992 p.
1630 945 1721 982 100.
1749 942 1929 980 cominus
1955 954 2044 980 cnm
2067 953 2112 978 re

1238 999 1330 1049 ipsa
1374 999 1532 1036 naviter
1564 998 1822 1050 congredere
1858 997 2111 1036 exterminan-

1236 1053 1326 1092 dum
1360 1058 1471 1092 esset
1502 1055 1701 1099 cominus,
1734 1054 1837 1104 quod
1864 1069 1895 1093 c.
1921 1053 2048 1092 Hand.
2073 1067 2111 1105 p.

1238 1114 1302 1151 99.
1335 1115 1374 1149 et
1399 1110 1500 1150 Elin.
1531 1110 1594 1149 hic
1623 1125 1697 1148 non
1730 1124 1798 1161 pro
1825 1111 1985 1150 directo
2011 1123 2113 1148 sum-

1241 1168 1375 1213 serim,
1408 1167 1458 1206 de
1492 1181 1569 1218 qua
1598 1167 1880 1218 significatione
1911 1167 2038 1205 dicam
2065 1166 2115 1206 ad

1242 1224 1360 1276 Apul.
1388 1225 1437 1262 de
1469 1224 1618 1262 Mundo
1650 1237 1688 1275 p.
1721 1228 1815 1264 345.
1851 1224 2115 1274 Lindenbrog.

1240 1285 1354 1320 acute
1368 1282 1532 1320 coniecit
1545 1282 1586 1319 in
1603 1295 1646 1319 os
1659 1281 1868 1333 spatlcam3
1886 1281 1934 1320 cs.
1955 1280 2006 1318 ad
2018 1279 2113 1319 Met.

1241 1337 1343 1376 VIII.
1370 1352 1406 1390 p.
1434 1338 1545 1390 586]

1298 1396 1333 1433 si
1363 1396 1425 1433 rii·
1459 1408 1507 1433 es.
1570 1394 1665 1446 [Vir
1696 1394 1840 1432 dictum
1867 1398 1929 1432 est
1954 1394 2003 1432 de
2030 1394 2117 1432 ciro

1238 1452 1348 1503 forti
1373 1455 1411 1489 et
1436 1456 1618 1497 strenam
1646 1450 1693 1489 cf.
1710 1450 1847 1490 Munk.
1872 1451 1922 1490 ad
1936 1450 2117 1501 Fulgent.

1244 1507 1378 1557 Virgil.
1412 1506 1561 1546 Contin.
1594 1521 1631 1558 p.
1666 1511 1757 1547 746.
1790 1507 1922 1545 Barth.
1948 1506 2118 1544 Advers.

1242 1563 1415 1602 XXXV.
1447 1569 1480 1604 1.
1512 1578 1548 1614 p.
1579 1568 1697 1603 1587.
1735 1563 1893 1603 Ruhnk.
1930 1563 2031 1602 Dict.
2069 1562 2119 1600 ad

1244 1620 1352 1658 Suet.
1385 1634 1421 1672 p.
1455 1625 1548 1661 357.
1639 1621 1706 1658 Τἰνί
1743 1620 1943 1660 obscoena
1978 1619 2119 1671 signifi-

1243 1678 1394 1715 catione
1413 1677 1556 1715 deinde
1587 1678 1611 1714 ii
1636 1677 1828 1723 dicuntur,
1855 1678 1918 1730 qui
1943 1677 2057 1723 vires,
2083 1677 2119 1714 iu

1243 1734 1449 1772 concubitu
1467 1747 1624 1785 semper
1637 1734 1767 1785 vegeti
1789 1737 1828 1772 et
1847 1735 2013 1779 alacres,
2027 1747 2120 1772 nun—

1244 1804 1360 1841 quam
1392 1791 1609 1841 deponunt3
1635 1790 1683 1829 cf.
1710 1790 1798 1829 Intt.
1823 1791 1875 1828 ad
1899 1790 2054 1830 Petron.
2087 1804 2120 1830 c.

1245 1851 1337 1888 113.
1362 1862 1398 1900 p.
1425 1851 1525 1888 379:
1556 1848 1621 1886 ubi
1646 1847 1786 1886 eadem
1813 1847 1953 1886 locutio
1978 1847 2121 1885 inveni-

1243 1909 1302 1943 tur
1337 1909 1377 1942 et
1413 1903 1546 1943 Schol.
1585 1904 1635 1942 ad
1660 1904 1791 1942 luven.
1818 1903 1884 1943 Vl.
1919 1908 2032 1951 373.‚
2057 1904 2122 1942 ubi

1242 1975 1395 2000 mecum
1431 1961 1563 2012 legas:
1615 1962 1791 2000 tonsoris
1828 1961 1992 2001 (Iamno.
2053 1960 2122 2001 Ad

1244 2018 1340 2057 illos
1377 2019 1522 2058 retulit
1559 2019 1743 2070 qainon
1773 2018 1923 2057 habent
1955 2017 2122 2057 barbam

1244 2089 1317 2114 uec
1343 2076 1384 2113 in
1409 2074 1631 2114 concubitu
1656 2076 1735 2113 riri
1759 2074 1885 2127 sunt]

1300 2133 1458 2170 naviter
1485 2131 1525 2183 [i.
1540 2145 1573 2170 e.
1600 2133 1833 2184 artificiose,
1860 2145 1913 2170 ex
1939 2133 2040 2170 artis
2063 2145 2121 2170 re-

1242 2189 1365 2241 yala,
1397 2193 1594 2228 accurate
1624 2188 1729 2239 quod
1754 2188 1978 2227 adverbium
2004 2201 2122 2239 quum

1243 2259 1318 2283 non
1356 2244 1616 2296 intelligerent
1652 2245 1789 2283 librarii
1826 2246 1990 2296 saepius
2020 2258 2122 2283 com-

1242 2306 1451 2348 mutarunt,
1477 2306 1518 2340 ut
1543 2302 1647 2354 apud
1671 2301 1818 2340 Arnob.
1838 2302 1865 2341 I.
1888 2306 1954 2347 61,
1978 2302 2042 2340 ubi
2069 2300 2123 2339 le·-

1244 2359 1415 2409 gendum
1440 2363 1501 2397 est
1527 2372 1575 2396 ex
1601 2358 1681 2398 Ms.
1707 2359 1961 2398 lateutalt'ter
1985 2381 2037 2387 ——
2064 2358 2121 2397 la-

1244 2420 1327 2454 tent
1350 2418 1508 2455 naviter
1533 2416 1741 2454 involutae
1765 2420 1803 2454 et
1828 2416 1897 2454 cix
1920 2415 1999 2454 ulli
2018 2429 2121 2454 com-

1238 2473 1536 2524 prehensibiles
1572 2486 1750 2511 caussae.
1816 2471 1968 2510 Eodem
2005 2471 2120 2509 modo

1243 2529 1338 2568 dixit
1374 2528 1532 2568 Lucret.
1565 2528 1592 2567 l.
1625 2532 1719 2569 526.
1754 2529 1992 2567 distinctam
2025 2543 2121 2581 qao-

1242 2587 1351 2624 m‘am
1378 2600 1452 2625 nec
1475 2586 1645 2638 plenam
1671 2587 1827 2624 naviter
1848 2590 1985 2624 exstat
2030 2584 2120 2624 Nec

1236 2656 1372 2695 porro
1397 2642 1596 2694 vacuam]

1300 2700 1447 2738 occide
1472 2700 1705 2738 moriturus.
1753 2698 1854 2737 Oud.
1880 2698 1981 2737 haec
2000 2699 2121 2736 verba

1242 2757 1526 2808 interpretatur:
1564 2756 1729 2794 Fortem
1755 2760 1791 2794 te
1813 2769 1914 2807 ,qere
1939 2760 1977 2794 et
1999 2756 2120 2794 inter-

1239 2816 1317 2866 fice
1358 2827 1417 2852 mc
1452 2817 1521 2852 tuo
1560 2813 1640 2851 {elo
1679 2813 1774 2851 dam
1811 2813 1898 2864 ipse
1934 2813 2119 2851 morien's

1242 2869 1330 2908 coll.
1357 2870 1497 2908 Senec.
1526 2868 1652 2919 Epist.
1686 2873 1719 2908 7.
1747 2867 1831 2906 Intt.
1852 2869 1901 2907 ad
1923 2868 1994 2906 Sil.
2008 2866 2118 2906 XIV.

1243 2931 1338 2967 554.
1371 2926 1478 2977 Virg.
1510 2927 1610 2964 Aen.
1644 2924 1710 2962 lX.
1744 2929 1838 2965 441.
1872 2924 2020 2964 Lucan.
2053 2923 2117 2963 III.

1246 2987 1337 3024 696.
1366 2982 1450 3022 Vll.
1477 2987 1569 3024 464.
1598 2982 1718 3020 Salm.
1745 2982 1793 3020 ad
1821 2981 1942 3020 Solin.
1964 2995 2003 3032 p.
2022 2985 2117 3022 247.

1241 3040 1372 3078 Burni.
1405 3040 1455 3077 ad
1481 3038 1642 3078 Antliol.
1668 3037 1696 3077 I.
1727 3052 1765 3089 p.
1791 3041 1885 3078 390.
1913 3037 2054 3090 [Mors
2079 3042 2119 3075 et

1242 3098 1345 3134 mori
1358 3097 1407 3134 de
1423 3096 1590 3134 Veneris
1605 3095 1779 3133 dicuntur
1793 3095 1939 3134 militia.
1966 3094 2014 3133 cf.
2029 3093 2115 3133 Intt.

1239 3153 1289 3191 ad
1307 3150 1476 3192 :llartiaL
1501 3152 1563 3192 111.
1585 3156 1649 3193 75.
1675 3155 1714 3190 ct
1738 3152 1787 3189 ad
1814 3151 1972 3204 Prop.l.
1998 3155 2061 3192 10.
2077 3155 2113 3191 5.
