2155 3590
729 119 920 162 LIBER
944 121 1017 162 Vl.
1077 119 1203 162 CAP.
1228 119 1305 162 111.
1813 121 1893 164 403

683 314 1120 364 CAPUT
1205 314 1312 365 ΙΙΙ.

211 422 383 478 Suscipit
407 422 551 465 Ceres:
579 423 676 465 Tuis
703 424 855 478 quidem
880 425 1100 466 lacrimosis
1119 424 1298 480 precibus
1318 429 1358 465 et
1376 436 1631 464 commoveor
1649 429 1689 463 et
1707 423 1891 478 opitulari

100 480 232 535 cupio3
258 481 326 521 sed
341 488 533 534 cognatae
553 494 678 532 meae,
701 495 788 521 cum
809 496 884 535 qua
903 482 1020 522 etiam
1041 483 1178 522 foedus
1198 481 1401 534 antiquum
1414 479 1610 519 amicitiae
1625 479 1710 519 colo
1723 511 1734 530 ‚
1762 480 1890 521 bonae

98 543 302 590 praeterea
317 537 499 587 feminae,
517 537 656 577 malam
671 537 838 591 gratiam
854 537 987 578 subire
1002 551 1166 591 nequeo.
1191 536 1348 578 Decede
1361 536 1493 589 itaque
1512 535 1599 576 istis
1619 536 1779 576 aedibus
1800 551 1890 591 pro·
1961 582 1965 597 w

98 593 216 644 tinus,
245 600 284 633 et
299 594 398 646 quod
413 606 436 632 a
450 607 510 633 me
524 600 679 633 retenta
695 594 966 647 custoditaque
981 608 1059 633 non
1074 593 1196 634 fueris
1208 625 1219 644 ‚
1247 592 1380 648 optimi
1401 592 1576 633 consule.
1616 590 1767 632 Contra
1782 607 1889 647 spem

94 662 203 689 suam
218 650 373 704 repulsa
386 648 556 704 Psyche,
579 657 618 690 et
637 650 782 690 afflicta
802 650 942 704 duplici
962 650 1178 700 moestitia,
1207 650 1284 690 iter
1307 656 1524 690 retrorsum
1553 647 1760 703 porrigens
1785 649 1891 690 inter

92 705 266 746 subsitae
292 705 482 747 convallis
502 705 509 762 Ι
531 706 774 746 sublucidum
800 706 928 747 lucum
960 706 1148 761 prospicit
1177 707 1310 747 fanum
1336 705 1473 746 solerti
1498 704 1648 745 fabrica
1671 711 1886 757 structum3
1913 712 1978 747 ³87

174 820 300 861 foedas
314 823 491 860 antiquum
511 824 545 852 F.
559 825 591 852 3.
610 826 645 852 G.
661 825 696 853 P.
710 825 748 852 D.
764 823 785 852 t.
805 823 886 852 lunt.
902 825 931 851 2.
963 822 1181 861 antiquatum
1195 833 1228 858 φ.
1259 825 1396 851 auctum
1411 824 1446 852 0.
1460 830 1481 852 a
1493 830 1533 852 m.
1547 830 1576 857 p.
1600 823 1804 852 Vocabulum
1816 829 1890 857 per-

90 875 200 902 peram
214 871 324 897 exulat
340 871 380 897 ab
394 869 469 897 edit.
482 869 615 897 Floridi.
640 871 679 898 In
697 872 768 898 cett.
787 869 906 905 legitur
924 867 1251 908 antiqumnsoedm.
1275 871 1431 903 Magnam
1443 868 1512 897 vim
1524 868 1577 896 hic
1589 867 1767 905 antiquum
1779 870 1888 897 hahet.

88 913 264 942 Firmiores
282 914 366 942 enim
386 916 417 942 et
435 914 616 942 sanctiores
635 917 709 943 sunt
729 913 894 943 amicitiae
915 914 1086 952 antiquae,
1118 915 1176 943 sed
1194 921 1258 943 non
1277 914 1476 947 antiquatae.
1529 920 1655 950 nequeo
1674 911 1786 940 subire
1803 914 1843 941 R.
1864 912 1887 942 f.

87 957 165 985 istis
178 956 290 986 diebus
305 959 325 987 ί.
351 957 427 986 istis
436 957 574 994 pedibus
588 960 622 988 0.
644 960 733 994 Quod
746 956 908 992 δεικτικῶς
922 959 1169 994 intelligendum
1182 961 1279 994 esset,
1295 958 1368 987 sive
1381 958 1472 992 meis,
1486 958 1604 993 quibus
1618 959 1772 987 advoluta
1785 958 1886 988 iaces.

87 1004 150 1031 Sed
171 1003 270 1031 nimis
295 1007 473 1032 contortum
492 1007 550 1033 est.
599 1004 721 1040 optime
746 1005 782 1033 F.
805 1006 833 1033 1.
851 1006 883 1032 3.
908 1006 944 1032 G.
964 1005 999 1032 Ρ.
1019 1005 1058 1032 D.
1077 1005 1112 1033 Ο.
1131 1006 1169 1033 R.
1190 1004 1212 1032 f.
1233 1011 1263 1038 p.
1283 1000 1312 1032 δ.
1347 1005 1386 1032 In
1413 1006 1485 1033 cett.
1511 1001 1638 1040 optimi.
1685 1001 1825 1039 depulsa
1850 1004 1886 1032 0.

80 1045 218 1084 μεμε-[ιε’
232 1046 272 1076 D.
319 1046 449 1084 duplice
462 1049 566 1077 Scriv.
580 1050 716 1078 Amstel.
730 1047 811 1076 duce
825 1057 880 1084 pro
893 1047 1018 1085 duplici
1028 1050 1066 1077 D.
1096 1048 1189 1076 incer
1202 1056 1258 1083 pro
1272 1049 1339 1076 z'cer
1351 1048 1478 1077 Yicent.
1507 1047 1676 1076 subsistae
1689 1045 1717 1077 δ’.
1742 1046 1887 1076 subsiste

87 1094 122 1121 G.
137 1094 174 1121 D.
190 1094 225 1122 P.
241 1101 270 1127 p.
291 1097 394 1129 Marg.
414 1095 491 1122 Bas.
514 1096 541 1122 1.
568 1095 670 1128 Quam
684 1094 773 1123 Colv.
793 1102 835 1123 ex
851 1095 920 1122 cod.
940 1095 977 1122 B.
997 1094 1141 1122 enotavit
1161 1093 1335 1122 lectionem
1355 1091 1510 1121 subditae
1524 1094 1558 1122 in
1580 1095 1688 1122 collat.
1703 1092 1806 1121 Modii
1819 1101 1885 1122 non

83 1137 206 1166 inveni.
255 1137 361 1165 soluti
378 1147 433 1172 pro
453 1137 588 1166 sollerte·
600 1140 635 1168 P.
674 1138 781 1177 fabri
798 1140 1027 1166 constructum
1048 1147 1135 1166 error
1153 1141 1202 1167 est
1224 1137 1347 1173 Colvii,
1373 1139 1459 1166 unde
1477 1138 1607 1166 defluxit
1628 1138 1662 1166 in
1681 1140 1785 1173 Marg.
1805 1139 1883 1167 Bas.

83 1183 177 1211 Vuic.
197 1184 227 1211 2.
247 1183 383 1217 Lipsius
404 1184 541 1212 coniecit
562 1182 810 1222 sollertae'ftzbro
824 1186 875 1212 vel
895 1190 961 1212 una
978 1191 1059 1215 voce
1084 1181 1306 1221 solertz‘fabre
1325 1185 1355 1210 et
1368 1184 1464 1211 Vulc.
1479 1184 1510 1211 2.
1524 1191 1596 1211 cum
1610 1183 1827 1211 Rittershusio
1841 1191 1884 1210 ca

82 1229 206 1256 addens
221 1228 354 1256 retinuit
367 1236 439 1264 con,
455 1232 483 1256 et
498 1228 749 1268 ediditfabre‘ca
762 1231 1005 1257 constructum.
1030 1229 1129 1257 Falso
1143 1228 1240 1257 etiam
1252 1229 1400 1256 Elmenh.
1416 1227 1523 1264 tradit,
1538 1228 1737 1257 inF.1.esse
1750 1226 1883 1256 instru-

83 1275 182 1301 ctum.
207 1274 288 1301 Nam
307 1273 585 1309 Lindenbrogius,
612 1273 706 1302 cuius
727 1273 889 1308 excerptis
909 1280 990 1302 usus
1010 1275 1076 1309 est,
1102 1273 1229 1302 notavit
1246 1272 1293 1301 ibi
1311 1280 1387 1301 esse
1405 1274 1583 1301 structum.
1613 1274 1651 1302 In
1671 1274 1707 1303 B.
1728 1273 1884 1304 scribitur

72 1315 221 1358 fabric-t?
240 1319 408 1345 structum
422 1322 451 1347 et
465 1318 512 1346 ita
523 1320 641 1347 habere
654 1319 690 1347 F.
710 1320 736 1347 1.
751 1322 839 1347 notat
851 1320 960 1347 collat.
971 1318 1005 1346 in
1018 1324 1119 1353 marg.
1133 1319 1181 1347 ed.
1196 1318 1290 1348 Colv.

137 1415 223 1455 Cn».
250 1415 311 1455 Ill.
362 1417 490 1456 bonae
513 1422 730 1469 praeterea
756 1417 946 1469 feminae.

80 1473 161 1526 [De
185 1473 465 1524 significatione
489 1475 597 1512 vocis
624 1474 752 1513 bonae
782 1474 803 1512 i.
829 1486 863 1512 e.
896 1474 945 1511 de

79 1543 156 1580 qua
180 1529 269 1567 nihil
289 1529 379 1568 mali
398 1534 527 1568 notum
543 1530 610 1575 sit,
637 1530 762 1569 fusius
788 1530 946 1582 exponit

77 1585 209 1624 Barth.
243 1586 408 1624 Advers.
440 1585 631 1626 XXXVI.
665 1591 726 1627 13.
758 1600 794 1638 p.
826 1590 945 1627 1654.

78 1642 158 1681 Sed
189 1642 300 1680 aliter
330 1642 500 1694 explicat
529 1656 598 1694 pro
627 1656 734 1681 more
758 1656 830 1682 suo
855 1642 944 1681 ibid.

76 1698 221 1738 XLIX.
249 1703 284 1739 5.
310 1713 347 1751 p.
374 1702 494 1740 2290.
519 1713 588 1751 pro
615 1699 813 1752 placida,
844 1700 944 1744 miti,

77 1755 180 1805 quod
205 1755 334 1793 verius
360 1768 452 1793 esse
477 1756 691 1806 putaverim
730 1755 777 1795 cf.
805 1754 943 1794 Vales.

75 1811 125 1850 ad
134 1811 315 1862 Excerpt.
331 1812 620 1864 postAmmian.
632 1811 839 1864 V01.111.p.
850 1815 942 1853 399.

73 1868 134 1907 ed.
161 1867 240 1907 Erf.

130 1868 275 1964 malariz
298 1926 490 1977 qratiam.
517 1924 821 1976 Oud.explicat:
849 1925 943 1963 Sive

72 1981 237 2019 animum
252 1981 433 2019 inducere
448 1995 520 2019 non
539 1995 720 2033 possum,
745 1985 786 2019 ut
799 1980 940 2020 malam

72 2037 232 2088 gratiam
263 2038 389 2076 ineam
419 2051 443 2075 a
474 2041 638 2088 cognata
661 2050 750 2075 mea
774 2041 812 2075 et
836 2037 941 2076 bona

71 2097 277 2144 praeterea
300 2093 451 2132 femina.
490 2093 534 2132 Si
557 2107 686 2146 neque
709 2094 940 2132 scriberetur

71 2149 201 2187 statim
225 2152 317 2200 post
341 2150 430 2195 sed,
460 2149 700 2200 subintelligi
724 2152 864 2202 posset
889 2162 938 2187 ex

70 2205 316 2256 praecedenti
341 2206 476 2258 cupz'O.
504 2205 653 2245 Gruter.
667 2206 702 2243 in
718 2206 871 2256 Suspic.
885 2204 937 2244 X.

69 2276 102 2300 s.
128 2261 176 2300 L.
190 2261 214 2299 1.
242 2261 468 2300 ineditarum
494 2261 530 2299 in
556 2261 741 2300 Biblioth.
767 2261 937 2300 Remen-

68 2319 269 2357 strantium
285 2317 501 2357 Amstelod.
516 2332 547 2357 c.
563 2322 599 2358 3.
624 2320 847 2370 suspicatus
863 2322 935 2364 est,

66 2375 248 2413 substitui
284 2388 406 2427 posse
443 2375 577 2414 subire
618 2379 760 2414 metuo.
819 2373 936 2413 Haud

66 2431 198 2484 inepte
222 2444 294 2469 nec
309 2444 400 2469 vere
415 2434 557 2469 tamen.
586 2430 690 2469 Vide
704 2430 818 2470 Misc.
832 2430 936 2471 Nov.

66 2486 174 2539 Lips.
203 2487 248 2527 T.
261 2486 366 2527 VIII.
390 2501 426 2538 p.
453 2491 490 2528 3.
516 2501 605 2538 pag.
632 2491 725 2528 487.

122 2545 266 2596 optimi
279 2544 453 2584 consule.
500 2543 612 2582 Hanc
625 2543 936 2582 emendationem

64 2601 371 2651 antiquissimam
398 2614 484 2639 cum
508 2599 612 2639 Oud.
644 2601 680 2638 in
714 2604 935 2638 contextum

64 2658 193 2708 recepi
234 2670 285 2696 ex
319 2656 466 2708 vulgari
502 2657 578 2695 ista
613 2656 777 2695 formula
812 2656 936 2709 aequi

66 2714 275 2753 consulere
309 2728 337 2753 s.
364 2714 461 2752 boni
497 2713 666 2753 consulo
712 2712 763 2753 cf.
802 2712 933 2759 Quint.

64 2766 243 2809 Prooem.
259 2768 282 2809 l.
297 2769 364 2809 Vl.
378 2770 409 2821 §.
428 2773 489 2810 16.
518 2768 592 2821 [lta
600 2768 719 2820 Apul.
733 2766 933 2808 Metvffl.

65 2835 102 2876 p.
123 2828 216 2866 535.
240 2826 335 2865 dixit
359 2826 456 2865 boni
479 2839 582 2879 erqo
607 2831 646 2865 et
669 2826 813 2878 optimi
838 2839 933 2866 eon·

64 2881 176 2921 cules.

121 2880 224 2976 intbr
247 2939 419 2979 subsitae
452 2938 651 2979 convallis
673 2937 930 2978 sublucidum

68 2991 210 3033 lucum.
258 2994 380 3034 Colvii
405 2995 658 3040 sententiam,
689 2995 823 3034 lucum
854 3008 927 3032 non

63 3061 219 3100 semper
253 3051 325 3090 dici
360 3052 435 3090 deo
471 3054 663 3091 sacratum
678 3074 701 3097 ,-
730 3052 931 3102 impugnat

65 3102 186 3152 Oud.,
221 3107 284 3159 qui
309 3108 424 3150 lucus
454 3121 660 3161 numquam
690 3107 741 3147 de
764 3107 930 3162 profana

1004 1416 1106 1454 silva
1142 1415 1205 1454 vel
1242 1429 1401 1454 nemore
1436 1417 1612 1467 usurpari
1647 1417 1879 1468 pronuntiat.

1004 1472 1147 1524 Neque
1172 1473 1271 1511 enim
1286 1472 1463 1524 quamvis
1477 1472 1617 1510 silvam
1631 1485 1725 1511 esse
1739 1472 1879 1519 lucum,

1004 1533 1046 1567 ut
1071 1531 1171 1568 sumi
1195 1529 1324 1580 possit
1348 1529 1385 1566 in
1411 1528 1519 1580 Virg.
1553 1528 1649 1568 Aen.
1669 1527 1738 1567 XI.
1766 1533 1879 1575 466„

1003 1585 1074 1624 sed
1097 1586 1273 1637 quemvis
1294 1583 1421 1624 lucum
1441 1598 1535 1624 esse
1553 1585 1692 1623 silvam
1713 1585 1775 1623 vel
1795 1586 1879 1625 eius

1004 1646 1166 1694 partem,
1203 1641 1292 1680 Deo
1330 1641 1482 1680 cuidam
1512 1640 1577 1679 vel
1604 1641 1693 1679 Diis
1724 1655 1878 1681 sacram

1003 1698 1091 1737 coll.
1124 1699 1191 1738 Dr.
1231 1698 1281 1736 ad
1317 1697 1404 1737 Liv.
1433 1697 1542 1737 XXI.
1575 1702 1660 1743 48„
1698 1702 1738 1737 et
1774 1699 1878 1750 apud

1004 1754 1181 1794 Solinum
1212 1754 1475 1793 tantummodo
1508 1756 1598 1805 poni
1629 1767 1697 1805 pro
1730 1754 1877 1805 vulgari

1002 1811 1102 1849 silva
1127 1826 1158 1850 c.
1186 1815 1249 1852 27.
1277 1814 1316 1849 et
1341 1824 1372 1849 c.
1389 1814 1454 1851 30.
1481 1809 1547 1862 [cf.
1575 1810 1658 1849 Intt.
1684 1810 1735 1848 ad
1760 1809 1877 1851 Ovid.

1001 1867 1097 1906 Met.
1111 1867 1216 1906 Vlll.
1254 1871 1348 1908 744.
1386 1870 1424 1905 et
1461 1866 1511 1904 ad
1545 1865 1646 1905 Plin.
1678 1865 1874 1918 Panegyr.

1002 1937 1032 1962 e.
1059 1928 1126 1963 81.
1158 1925 1188 1974 ξ.
1220 1928 1254 1962 1.
1287 1922 1370 1961 Sed
1401 1922 1546 1961 dictata
1576 1923 1661 1960 eius
1693 1922 1876 1962 refellunt

999 1980 1073 2018 loci
1083 1980 1188 2030 Virg.
1199 1977 1397 2030 Georg.ll.
1409 1983 1497 2019 122.
1508 1976 1698 2018 Ecl.V111.
1708 1982 1772 2020 86.
1786 1978 1873 2018 alia.

997 2035 1039 2074 In
1065 2050 1112 2074 eo
1137 2039 1341 2087 praeterea
1365 2038 1466 2074 errat
1485 2034 1607 2081 Oud.,
1633 2034 1738 2085 quod
1762 2037 1873 2074 intra

997 2091 1104 2130 malit
1117 2106 1185 2144 pro
1201 2093 1317 2137 inter,
1343 2091 1448 2142 quod
1463 2106 1536 2130 non
1553 2091 1691 2130 viderit
1711 2090 1872 2143 Psyche

996 2148 1127 2186 sanum
1139 2150 1243 2187 inter
1255 2147 1378 2193 lucos,
1387 2147 1460 2186 sed
1473 2149 1586 2187 intra
1599 2161 1715 2186 unum
1731 2148 1869 2194 lucum,

997 2206 1106 2243 cuius
1121 2204 1289 2242 medium
1307 2202 1496 2254 templum
1520 2203 1651 2252 suerit3
1677 2203 1765 2242 coll.
1782 2203 1871 2245 dict.

996 2261 1046 2299 ad
1072 2259 1186 2300 Caes.
1211 2260 1257 2299 B.
1285 2259 1403 2300 C.IH.
1419 2265 1483 2300 44.
1509 2260 1645 2299 Heius.
1667 2260 1717 2299 ad
1733 2260 1868 2300 Claud.

994 2317 1120 2356 Rufio.
1145 2316 1171 2356 l.
1198 2322 1263 2358 81.
1290 2317 1358 2355 Dr.
1384 2317 1434 2356 ad
1458 2315 1543 2355 Liv.
1562 2317 1609 2355 V.
1626 2321 1690 2357 27.
1719 2316 1866 2357 Colum.

993 2372 1061 2413 IX.
1091 2378 1152 2414 14.
1179 2373 1262 2412 Sed
1286 2375 1391 2412 inter
1417 2374 1516 2411 bene
1540 2376 1674 2424 potest
1698 2373 1868 2420 defendi,

994 2443 1109 2480 quum
1123 2430 1226 2469 idem
1239 2433 1357 2476 notet,
1372 2430 1475 2481 quod
1490 2430 1728 2482 praepositio
1743 2431 1796 2469 ἰη.
1818 2429 1869 2471 cs.

992 2485 1122 2527 Plaut.
1149 2485 1241 2525 Cist.
1262 2486 1308 2527 ΙΙ.
1338 2491 1371 2526 1.
1398 2489 1461 2527 29.
1488 2487 1593 2525 inter
1617 2499 1760 2525 novam
1785 2499 1867 2525 rem

993 2543 1154 2584 verbum
1173 2543 1384 2595 usurpabo
1402 2547 1523 2582 vetus.
1549 2541 1678 2581 Hand.
1698 2542 1747 2581 ad
1769 2541 1866 2581 Tur·

993 2598 1082 2639 seli.
1106 2599 1170 2639 ΠΙ.
1196 2613 1232 2651 p.
1249 2603 1341 2640 388.
1368 2598 1455 2638 Nec
1478 2599 1743 2637 necessarium
1769 2601 1864 2644 erat,

992 2655 1161 2694 medium
1181 2655 1308 2695 locum
1327 2656 1506 2695 tenuisse
1519 2655 1718 2707 templum,
1732 2653 1806 2693 sed
1826 2653 1864 2693 iu

991 2712 1079 2763 ipso
1109 2713 1193 2752 luco
1220 2716 1301 2751 erat
1331 2715 1613 2756 constructum,
1645 2714 1763 2761 atque
1794 2724 1865 2762 per

990 2769 1151 2808 arbores
1170 2769 1341 2820 conspici
1355 2768 1538 2820 poterat]
1564 2767 1674 2806 Bene
1688 2766 1865 2806 defendit

992 2824 1093 2864 Oud.
1131 2825 1337 2865 lectionem
1374 2824 1548 2864 subsitae
1589 2837 1639 2863 ex
1681 2823 1864 2875 analogia

987 2882 1193 2921 verborum
1218 2882 1403 2926 dissitus,
1430 2880 1599 2926 obsitus„
1632 2883 1675 2918 ut
1698 2879 1749 2918 ad
1774 2893 1862 2918 con-

986 2938 1170 2978 iecturam
1194 2939 1382 2978 subditae
1405 2936 1584 2986 refugere
1604 2950 1678 2975 non
1700 2936 1862 2976 debeas.

1040 2995 1210 3047 fabrica
1234 2998 1442 3033 structum.
1485 2991 1548 3031 Ex
1571 2992 1862 3044 typothetarum

986 3051 1072 3089 sine
1090 3051 1171 3090 ullo
1186 3051 1305 3088 dubio
1319 3062 1440 3102 pravo
1461 3062 1588 3087 errore
1602 3049 1637 3087 in
1653 3049 1862 3089 editionem

987 3105 1210 3148 Colvianam
1234 3106 1386 3160 irrepsit
1409 3105 1526 3146 lectio
1549 3105 1668 3158 fabri
1679 3110 1860 3148 constru-

1485 3159 1580 3205 26*
