<?xml version="1.0" encoding="UTF-8"?>
<!DOCTYPE html PUBLIC "-//W3C//DTD XHTML 1.0 Transitional//EN"
    "http://www.w3.org/TR/xhtml1/DTD/xhtml1-transitional.dtd">
<html xmlns="http://www.w3.org/1999/xhtml" xml:lang="en" lang="en">
 <head>
  <title>
</title>
<meta http-equiv="Content-Type" content="text/html;charset=utf-8" />
  <meta name='ocr-system' content='tesseract 3.04.00' />
  <meta name='ocr-capabilities' content='ocr_page ocr_carea ocr_par ocr_line ocrx_word'/>
</head>
<body>
  <div class='ocr_page' id='page_1' title='image "./operaomnia01apuluoft/operaomnia01apuluoft_0762.png"; bbox 0 0 2221 3667; ppageno 0'>
   <div class='ocr_carea' id='block_1_1' title="bbox 270 141 1831 186">
    <p class='ocr_par' dir='ltr' id='par_1_1' title="bbox 270 141 1831 186">
     <span class='ocr_line' id='line_1_1' title="bbox 270 141 1831 186; baseline 0.002 -3"><span class='ocrx_word' id='word_1_1' title='bbox 270 141 353 183; x_wconf 83' lang='grc'>568</span> <span class='ocrx_word' id='word_1_2' title='bbox 528 141 572 179; x_wconf 85' lang='lat' dir='ltr'>L.</span> <span class='ocrx_word' id='word_1_3' title='bbox 606 141 823 181; x_wconf 71' lang='lat' dir='ltr'>APULEn</span> <span class='ocrx_word' id='word_1_4' title='bbox 854 142 1256 182; x_wconf 70' lang='lat' dir='ltr'>MADAURENsls</span> <span class='ocrx_word' id='word_1_5' title='bbox 1286 143 1831 186; x_wconf 66' lang='lat' dir='ltr'><strong>METAMORPHOSEON</strong></span> 
     </span>
    </p>
   </div>
   <div class='ocr_carea' id='block_1_2' title="bbox 270 253 426 292">
    <p class='ocr_par' dir='ltr' id='par_1_2' title="bbox 270 253 426 292">
     <span class='ocr_line' id='line_1_2' title="bbox 270 253 426 292; baseline -0.006 0"><span class='ocrx_word' id='word_1_6' title='bbox 270 253 426 292; x_wconf 80' lang='lat' dir='ltr'>mortui.</span> 
     </span>
    </p>
   </div>
   <div class='ocr_carea' id='block_1_3' title="bbox 498 251 2078 313">
    <p class='ocr_par' dir='ltr' id='par_1_3' title="bbox 498 251 2078 313">
     <span class='ocr_line' id='line_1_3' title="bbox 498 251 2078 313; baseline 0.004 -21"><span class='ocrx_word' id='word_1_7' title='bbox 498 251 611 292; x_wconf 88' lang='lat' dir='ltr'>Tunc</span> <span class='ocrx_word' id='word_1_8' title='bbox 655 254 762 294; x_wconf 85' lang='lat' dir='ltr'>nullo</span> <span class='ocrx_word' id='word_1_9' title='bbox 810 255 970 308; x_wconf 73' lang='lat' dir='ltr'>negotio</span> <span class='ocrx_word' id='word_1_10' title='bbox 1013 253 1224 294; x_wconf 72' lang='lat' dir='ltr'><strong>artissimis</strong></span> <span class='ocrx_word' id='word_1_11' title='bbox 1266 255 1436 295; x_wconf 80' lang='lat' dir='ltr'>vinculis</span> <span class='ocrx_word' id='word_1_12' title='bbox 1479 255 1672 310; x_wconf 82' lang='lat' dir='ltr'>impeditis</span> <span class='ocrx_word' id='word_1_13' title='bbox 1714 272 1760 298; x_wconf 86' lang='lat' dir='ltr'>ac</span> <span class='ocrx_word' id='word_1_14' title='bbox 1801 273 1871 313; x_wconf 87' lang='lat' dir='ltr'>pro</span> <span class='ocrx_word' id='word_1_15' title='bbox 1913 259 2078 300; x_wconf 82' lang='lat' dir='ltr'>arbitrio</span> 
     </span>
    </p>
   </div>
   <div class='ocr_carea' id='block_1_4' title="bbox 270 380 1423 418">
    <p class='ocr_par' dir='ltr' id='par_1_4' title="bbox 270 380 1423 418">
     <span class='ocr_line' id='line_1_4' title="bbox 270 380 1423 418; baseline 0.003 -11"><span class='ocrx_word' id='word_1_16' title='bbox 270 380 414 417; x_wconf 73' lang='lat' dir='ltr'>negociis</span> <span class='ocrx_word' id='word_1_17' title='bbox 429 382 465 409; x_wconf 83' lang='lat' dir='ltr'>G.</span> <span class='ocrx_word' id='word_1_18' title='bbox 481 382 509 409; x_wconf 91' lang='lat'>1.</span> <span class='ocrx_word' id='word_1_19' title='bbox 535 381 668 418; x_wconf 75' lang='lat' dir='ltr'>negatis</span> <span class='ocrx_word' id='word_1_20' title='bbox 682 384 716 412; x_wconf 86' lang='grc'>0,</span> <span class='ocrx_word' id='word_1_21' title='bbox 764 380 937 418; x_wconf 72' lang='lat' dir='ltr'>impedietis</span> <span class='ocrx_word' id='word_1_22' title='bbox 950 383 990 410; x_wconf 84' lang='lat' dir='ltr'>D.</span> <span class='ocrx_word' id='word_1_23' title='bbox 1017 380 1194 417; x_wconf 68' lang='lat' dir='ltr'>impeditus</span> <span class='ocrx_word' id='word_1_24' title='bbox 1209 383 1244 411; x_wconf 81' lang='lat' dir='ltr'>G.</span> <span class='ocrx_word' id='word_1_25' title='bbox 1261 384 1290 411; x_wconf 82' lang='lat'>1.</span> <span class='ocrx_word' id='word_1_26' title='bbox 1306 390 1326 411; x_wconf 81' lang='lat' dir='ltr'>a</span> <span class='ocrx_word' id='word_1_27' title='bbox 1339 391 1379 411; x_wconf 92' lang='lat' dir='ltr'>m.</span> <span class='ocrx_word' id='word_1_28' title='bbox 1394 392 1423 418; x_wconf 84' lang='lat' dir='ltr'>p.</span> 
     </span>
    </p>
   </div>
   <div class='ocr_carea' id='block_1_5' title="bbox 268 478 1158 3129">
    <p class='ocr_par' dir='ltr' id='par_1_5' title="bbox 268 478 1158 3129">
     <span class='ocr_line' id='line_1_5' title="bbox 272 478 1150 532; baseline 0.002 -16"><span class='ocrx_word' id='word_1_29' title='bbox 272 483 312 516; x_wconf 79' lang='lat' dir='ltr'>et</span> <span class='ocrx_word' id='word_1_30' title='bbox 337 492 515 530; x_wconf 78' lang='lat' dir='ltr'>corpore</span> <span class='ocrx_word' id='word_1_31' title='bbox 539 480 672 519; x_wconf 79' lang='lat' dir='ltr'>ebrios</span> <span class='ocrx_word' id='word_1_32' title='bbox 694 481 821 532; x_wconf 74' lang='lat' dir='ltr'>fuisse</span> <span class='ocrx_word' id='word_1_33' title='bbox 845 478 932 518; x_wconf 91' lang='lat' dir='ltr'>coll.</span> <span class='ocrx_word' id='word_1_34' title='bbox 949 479 1073 518; x_wconf 84' lang='lat' dir='ltr'>Salm.</span> <span class='ocrx_word' id='word_1_35' title='bbox 1098 480 1150 518; x_wconf 86' lang='lat' dir='ltr'>ad</span> 
     </span>
     <span class='ocr_line' id='line_1_6' title="bbox 274 534 1149 587; baseline 0.003 -16"><span class='ocrx_word' id='word_1_36' title='bbox 274 534 396 573; x_wconf 77' lang='lat' dir='ltr'>Solin.</span> <span class='ocrx_word' id='word_1_37' title='bbox 412 548 448 585; x_wconf 89' lang='lat' dir='ltr'>p.</span> <span class='ocrx_word' id='word_1_38' title='bbox 465 539 577 583; x_wconf 81' lang='lat'>267.;</span> <span class='ocrx_word' id='word_1_39' title='bbox 598 550 773 587; x_wconf 77' lang='lat' dir='ltr'>prorsus</span> <span class='ocrx_word' id='word_1_40' title='bbox 799 549 931 573; x_wconf 80' lang='lat' dir='ltr'>onmes</span> <span class='ocrx_word' id='word_1_41' title='bbox 955 536 1008 573; x_wconf 86' lang='lat' dir='ltr'>ita</span> <span class='ocrx_word' id='word_1_42' title='bbox 1033 538 1149 574; x_wconf 90' lang='lat' dir='ltr'>etiam</span> 
     </span>
     <span class='ocr_line' id='line_1_7' title="bbox 273 589 1149 643; baseline 0.003 -15"><span class='ocrx_word' id='word_1_43' title='bbox 273 589 502 629; x_wconf 82' lang='lat' dir='ltr'>Ciceronem</span> <span class='ocrx_word' id='word_1_44' title='bbox 517 593 703 636; x_wconf 70' lang='lat' dir='ltr'>iunxisse.</span> <span class='ocrx_word' id='word_1_45' title='bbox 713 592 955 630; x_wconf 81' lang='lat' dir='ltr'>demonstrat</span> <span class='ocrx_word' id='word_1_46' title='bbox 963 605 1013 630; x_wconf 88' lang='lat' dir='ltr'>ex</span> <span class='ocrx_word' id='word_1_47' title='bbox 1021 591 1149 643; x_wconf 82' lang='lat' dir='ltr'>Epist.</span> 
     </span>
     <span class='ocr_line' id='line_1_8' title="bbox 272 645 1149 699; baseline 0.003 -15"><span class='ocrx_word' id='word_1_48' title='bbox 272 645 340 685; x_wconf 78' lang='lat' dir='ltr'>IV.</span> <span class='ocrx_word' id='word_1_49' title='bbox 351 648 401 686; x_wconf 87' lang='lat' dir='ltr'>ad</span> <span class='ocrx_word' id='word_1_50' title='bbox 410 647 563 686; x_wconf 85' lang='lat' dir='ltr'>Divers.</span> <span class='ocrx_word' id='word_1_51' title='bbox 574 652 637 688; x_wconf 90' lang='lat'>20.</span> <span class='ocrx_word' id='word_1_52' title='bbox 647 648 678 697; x_wconf 61' lang='grc' dir='ltr'>ξ.</span> <span class='ocrx_word' id='word_1_53' title='bbox 688 652 722 687; x_wconf 97' lang='grc'>2.</span> <span class='ocrx_word' id='word_1_54' title='bbox 738 661 868 699; x_wconf 80' lang='lat' dir='ltr'>neque</span> <span class='ocrx_word' id='word_1_55' title='bbox 880 648 1009 687; x_wconf 83' lang='lat' dir='ltr'>solum</span> <span class='ocrx_word' id='word_1_56' title='bbox 1022 649 1149 694; x_wconf 76' lang='lat' dir='ltr'>nobis,</span> 
     </span>
     <span class='ocr_line' id='line_1_9' title="bbox 273 704 1149 754; baseline 0.003 -13"><span class='ocrx_word' id='word_1_57' title='bbox 273 704 321 741; x_wconf 73' lang='lat' dir='ltr'>icl</span> <span class='ocrx_word' id='word_1_58' title='bbox 346 709 406 742; x_wconf 82' lang='lat' dir='ltr'>est</span> <span class='ocrx_word' id='word_1_59' title='bbox 436 706 533 749; x_wconf 69' lang='lat' dir='ltr'>tuis,</span> <span class='ocrx_word' id='word_1_60' title='bbox 571 704 643 743; x_wconf 73' lang='lat' dir='ltr'>secl</span> <span class='ocrx_word' id='word_1_61' title='bbox 675 717 881 754; x_wconf 75' lang='lat' dir='ltr'>prorsus</span> <span class='ocrx_word' id='word_1_62' title='bbox 919 705 1149 744; x_wconf 78' lang='lat' dir='ltr'>omnibus.</span> 
     </span>
     <span class='ocr_line' id='line_1_10' title="bbox 273 759 1149 811; baseline 0.003 -15"><span class='ocrx_word' id='word_1_63' title='bbox 273 759 420 798; x_wconf 81' lang='lat' dir='ltr'>Florid.</span> <span class='ocrx_word' id='word_1_64' title='bbox 448 764 483 800; x_wconf 79' lang='lat'>9.</span> <span class='ocrx_word' id='word_1_65' title='bbox 509 774 545 811; x_wconf 90' lang='lat' dir='ltr'>p.</span> <span class='ocrx_word' id='word_1_66' title='bbox 561 764 625 799; x_wconf 74' lang='lat' dir='ltr'>lit).</span> <span class='ocrx_word' id='word_1_67' title='bbox 652 759 868 799; x_wconf 80' lang='lat' dir='ltr'>Prorsus</span> <span class='ocrx_word' id='word_1_68' title='bbox 895 775 1050 800; x_wconf 81' lang='lat' dir='ltr'>omnes</span> <span class='ocrx_word' id='word_1_69' title='bbox 1076 762 1149 800; x_wconf 74' lang='lat' dir='ltr'>rir-</span> 
     </span>
     <span class='ocr_line' id='line_1_11' title="bbox 273 815 1150 867; baseline 0.002 -13"><span class='ocrx_word' id='word_1_70' title='bbox 273 821 379 855; x_wconf 69' lang='lat' dir='ltr'>tutes</span> <span class='ocrx_word' id='word_1_71' title='bbox 393 822 495 855; x_wconf 77' lang='lat' dir='ltr'>tuas.</span> <span class='ocrx_word' id='word_1_72' title='bbox 525 815 581 853; x_wconf 85' lang='lat' dir='ltr'>lta</span> <span class='ocrx_word' id='word_1_73' title='bbox 600 815 673 853; x_wconf 88' lang='lat' dir='ltr'>dici</span> <span class='ocrx_word' id='word_1_74' title='bbox 694 816 799 867; x_wconf 88' lang='lat' dir='ltr'>apud</span> <span class='ocrx_word' id='word_1_75' title='bbox 819 816 1032 867; x_wconf 78' lang='lat' dir='ltr'>Apuleium</span> <span class='ocrx_word' id='word_1_76' title='bbox 1052 817 1150 856; x_wconf 83' lang='lat' dir='ltr'>Met.</span> 
     </span>
     <span class='ocr_line' id='line_1_12' title="bbox 273 871 1151 925; baseline 0.005 -15"><span class='ocrx_word' id='word_1_77' title='bbox 273 871 324 910; x_wconf 89' lang='lat' dir='ltr'>X.</span> <span class='ocrx_word' id='word_1_78' title='bbox 339 885 375 923; x_wconf 89' lang='lat' dir='ltr'>p.</span> <span class='ocrx_word' id='word_1_79' title='bbox 393 876 483 912; x_wconf 88' lang='grc'>716.</span> <span class='ocrx_word' id='word_1_80' title='bbox 500 873 615 911; x_wconf 80' lang='lat' dir='ltr'>Tunc</span> <span class='ocrx_word' id='word_1_81' title='bbox 634 873 729 924; x_wconf 76' lang='lat' dir='ltr'>ipsa</span> <span class='ocrx_word' id='word_1_82' title='bbox 750 878 928 913; x_wconf 85' lang='lat' dir='ltr'>cuncto</span> <span class='ocrx_word' id='word_1_83' title='bbox 943 888 1151 925; x_wconf 77' lang='lat' dir='ltr'>prorsus</span> 
     </span>
     <span class='ocr_line' id='line_1_13' title="bbox 272 928 1153 980; baseline 0.001 -13"><span class='ocrx_word' id='word_1_84' title='bbox 272 929 453 979; x_wconf 75' lang='lat' dir='ltr'>spoliata</span> <span class='ocrx_word' id='word_1_85' title='bbox 486 929 680 979; x_wconf 69' lang='lat' dir='ltr'>tessmina,</span> <span class='ocrx_word' id='word_1_86' title='bbox 717 929 822 980; x_wconf 88' lang='lat' dir='ltr'>apud</span> <span class='ocrx_word' id='word_1_87' title='bbox 848 928 1075 968; x_wconf 84' lang='lat' dir='ltr'>Ciceronem</span> <span class='ocrx_word' id='word_1_88' title='bbox 1101 931 1153 968; x_wconf 88' lang='lat' dir='ltr'>de</span> 
     </span>
     <span class='ocr_line' id='line_1_14' title="bbox 273 983 1154 1038; baseline 0.005 -17"><span class='ocrx_word' id='word_1_89' title='bbox 273 983 463 1022; x_wconf 55' lang='lat' dir='ltr'>lna-enm.</span> <span class='ocrx_word' id='word_1_90' title='bbox 488 989 553 1024; x_wconf 73' lang='lat'>48.</span> <span class='ocrx_word' id='word_1_91' title='bbox 581 986 745 1023; x_wconf 75' lang='lat' dir='ltr'>omnino</span> <span class='ocrx_word' id='word_1_92' title='bbox 772 991 910 1025; x_wconf 82' lang='lat' dir='ltr'>totum.</span> <span class='ocrx_word' id='word_1_93' title='bbox 937 986 1154 1038; x_wconf 83' lang='lat' dir='ltr'>Sequentia</span> 
     </span>
     <span class='ocr_line' id='line_1_15' title="bbox 272 1042 1152 1093; baseline 0.005 -15"><span class='ocrx_word' id='word_1_94' title='bbox 272 1054 363 1079; x_wconf 78' lang='lat' dir='ltr'>vero</span> <span class='ocrx_word' id='word_1_95' title='bbox 385 1055 517 1079; x_wconf 83' lang='lat' dir='ltr'>omnes</span> <span class='ocrx_word' id='word_1_96' title='bbox 533 1043 687 1093; x_wconf 77' lang='lat' dir='ltr'>purtim</span> <span class='ocrx_word' id='word_1_97' title='bbox 702 1042 872 1080; x_wconf 86' lang='lat' dir='ltr'>delenda</span> <span class='ocrx_word' id='word_1_98' title='bbox 891 1056 986 1081; x_wconf 86' lang='lat' dir='ltr'>esse</span> <span class='ocrx_word' id='word_1_99' title='bbox 1001 1048 1152 1090; x_wconf 87' lang='lat' dir='ltr'>censet,</span> 
     </span>
     <span class='ocr_line' id='line_1_16' title="bbox 271 1097 1152 1147; baseline 0.006 -14"><span class='ocrx_word' id='word_1_100' title='bbox 271 1097 333 1134; x_wconf 82' lang='lat' dir='ltr'>his</span> <span class='ocrx_word' id='word_1_101' title='bbox 359 1098 597 1147; x_wconf 71' lang='lat' dir='ltr'>argumentis</span> <span class='ocrx_word' id='word_1_102' title='bbox 622 1100 855 1137; x_wconf 83' lang='lat' dir='ltr'>seutentiam</span> <span class='ocrx_word' id='word_1_103' title='bbox 881 1114 994 1138; x_wconf 85' lang='lat' dir='ltr'>suam</span> <span class='ocrx_word' id='word_1_104' title='bbox 1019 1100 1152 1139; x_wconf 83' lang='lat' dir='ltr'>defen-</span> 
     </span>
     <span class='ocr_line' id='line_1_17' title="bbox 273 1153 1152 1205; baseline 0.006 -15"><span class='ocrx_word' id='word_1_105' title='bbox 273 1153 390 1191; x_wconf 82' lang='lat' dir='ltr'>dens:</span> <span class='ocrx_word' id='word_1_106' title='bbox 418 1153 518 1191; x_wconf 69' lang='lat' dir='ltr'>Nam</span> <span class='ocrx_word' id='word_1_107' title='bbox 544 1155 668 1205; x_wconf 88' lang='lat' dir='ltr'>primo</span> <span class='ocrx_word' id='word_1_108' title='bbox 697 1169 830 1196; x_wconf 83' lang='lat' dir='ltr'>omnes</span> <span class='ocrx_word' id='word_1_109' title='bbox 855 1170 928 1194; x_wconf 80' lang='lat' dir='ltr'>suo</span> <span class='ocrx_word' id='word_1_110' title='bbox 949 1157 1036 1195; x_wconf 89' lang='lat' dir='ltr'>loco</span> <span class='ocrx_word' id='word_1_111' title='bbox 1051 1158 1152 1195; x_wconf 85' lang='lat' dir='ltr'>exci-</span> 
     </span>
     <span class='ocr_line' id='line_1_18' title="bbox 272 1209 1153 1265; baseline 0.005 -18"><span class='ocrx_word' id='word_1_112' title='bbox 272 1210 401 1248; x_wconf 85' lang='lat' dir='ltr'>derat:</span> <span class='ocrx_word' id='word_1_113' title='bbox 440 1209 524 1248; x_wconf 83' lang='lat' dir='ltr'>dein</span> <span class='ocrx_word' id='word_1_114' title='bbox 561 1213 735 1262; x_wconf 75' lang='lat' dir='ltr'>partim,</span> <span class='ocrx_word' id='word_1_115' title='bbox 773 1225 844 1262; x_wconf 88' lang='lat' dir='ltr'>pro</span> <span class='ocrx_word' id='word_1_116' title='bbox 882 1226 959 1264; x_wconf 90' lang='lat' dir='ltr'>quo</span> <span class='ocrx_word' id='word_1_117' title='bbox 996 1215 1153 1265; x_wconf 73' lang='lat' dir='ltr'>passt&#39;m</span> 
     </span>
     <span class='ocr_line' id='line_1_19' title="bbox 271 1267 1153 1318; baseline 0.005 -14"><span class='ocrx_word' id='word_1_118' title='bbox 271 1280 488 1318; x_wconf 76' lang='lat' dir='ltr'>reposuere</span> <span class='ocrx_word' id='word_1_119' title='bbox 524 1267 656 1305; x_wconf 52' lang='lat' dir='ltr'>XVow.</span> <span class='ocrx_word' id='word_1_120' title='bbox 694 1267 796 1306; x_wconf 84' lang='lat' dir='ltr'>Prie.</span> <span class='ocrx_word' id='word_1_121' title='bbox 834 1271 919 1307; x_wconf 76' lang='lat' dir='ltr'>sive</span> <span class='ocrx_word' id='word_1_122' title='bbox 962 1270 1025 1308; x_wconf 88' lang='lat' dir='ltr'>hic</span> <span class='ocrx_word' id='word_1_123' title='bbox 1067 1272 1153 1308; x_wconf 78' lang='lat' dir='ltr'>sive</span> 
     </span>
     <span class='ocr_line' id='line_1_20' title="bbox 272 1323 1153 1375; baseline 0.005 -15"><span class='ocrx_word' id='word_1_124' title='bbox 272 1323 353 1361; x_wconf 90' lang='lat' dir='ltr'>illic</span> <span class='ocrx_word' id='word_1_125' title='bbox 376 1337 447 1375; x_wconf 89' lang='lat' dir='ltr'>per</span> <span class='ocrx_word' id='word_1_126' title='bbox 471 1325 568 1361; x_wconf 81' lang='lat' dir='ltr'>antri</span> <span class='ocrx_word' id='word_1_127' title='bbox 594 1325 800 1371; x_wconf 84' lang='lat' dir='ltr'>conclave,</span> <span class='ocrx_word' id='word_1_128' title='bbox 826 1340 901 1364; x_wconf 89' lang='lat' dir='ltr'>non</span> <span class='ocrx_word' id='word_1_129' title='bbox 928 1332 991 1365; x_wconf 85' lang='lat' dir='ltr'>est</span> <span class='ocrx_word' id='word_1_130' title='bbox 1010 1328 1045 1366; x_wconf 85' lang='lat' dir='ltr'>iu</span> <span class='ocrx_word' id='word_1_131' title='bbox 1061 1326 1153 1364; x_wconf 82' lang='lat' dir='ltr'>Flo-</span> 
     </span>
     <span class='ocr_line' id='line_1_21' title="bbox 271 1381 1154 1434; baseline 0.005 -16"><span class='ocrx_word' id='word_1_132' title='bbox 271 1383 369 1419; x_wconf 77' lang='lat' dir='ltr'>rent.</span> <span class='ocrx_word' id='word_1_133' title='bbox 395 1384 526 1417; x_wconf 88' lang='lat' dir='ltr'>natum</span> <span class='ocrx_word' id='word_1_134' title='bbox 551 1381 704 1420; x_wconf 81' lang='lat' dir='ltr'>scilicet</span> <span class='ocrx_word' id='word_1_135' title='bbox 729 1395 779 1419; x_wconf 83' lang='lat' dir='ltr'>ex</span> <span class='ocrx_word' id='word_1_136' title='bbox 797 1385 960 1434; x_wconf 75' lang='lat' dir='ltr'>parati.</span> <span class='ocrx_word' id='word_1_137' title='bbox 991 1383 1154 1422; x_wconf 72' lang='lat' dir='ltr'>Scilicet</span> 
     </span>
     <span class='ocr_line' id='line_1_22' title="bbox 271 1435 1152 1491; baseline 0.005 -17"><span class='ocrx_word' id='word_1_138' title='bbox 271 1435 349 1475; x_wconf 81' lang='lat' dir='ltr'>huc</span> <span class='ocrx_word' id='word_1_139' title='bbox 374 1438 567 1487; x_wconf 76' lang='lat' dir='ltr'>pertinent</span> <span class='ocrx_word' id='word_1_140' title='bbox 592 1440 796 1489; x_wconf 75' lang='lat' dir='ltr'>superiora</span> <span class='ocrx_word' id='word_1_141' title='bbox 822 1441 1031 1491; x_wconf 77' lang='lat' dir='ltr'>quaesiere</span> <span class='ocrx_word' id='word_1_142' title='bbox 1049 1454 1152 1478; x_wconf 84' lang='lat' dir='ltr'>mor-</span> 
     </span>
     <span class='ocr_line' id='line_1_23' title="bbox 272 1494 1154 1548; baseline 0.003 -17"><span class='ocrx_word' id='word_1_143' title='bbox 272 1495 350 1539; x_wconf 77' lang='lat' dir='ltr'>tui,</span> <span class='ocrx_word' id='word_1_144' title='bbox 376 1507 424 1530; x_wconf 88' lang='lat' dir='ltr'>ac</span> <span class='ocrx_word' id='word_1_145' title='bbox 452 1494 701 1532; x_wconf 80' lang='lat' dir='ltr'>scribendum</span> <span class='ocrx_word' id='word_1_146' title='bbox 733 1499 845 1545; x_wconf 84' lang='lat' dir='ltr'>puto:</span> <span class='ocrx_word' id='word_1_147' title='bbox 878 1497 971 1534; x_wconf 71' lang='lat' dir='ltr'>vino</span> <span class='ocrx_word' id='word_1_148' title='bbox 1001 1497 1154 1548; x_wconf 70' lang='lat' dir='ltr'>sepulti</span> 
     </span>
     <span class='ocr_line' id='line_1_24' title="bbox 272 1549 1155 1604; baseline 0.006 -18"><span class='ocrx_word' id='word_1_149' title='bbox 272 1549 483 1594; x_wconf 72' lang='lat' dir='ltr'>iacebant,</span> <span class='ocrx_word' id='word_1_150' title='bbox 507 1552 651 1601; x_wconf 72' lang='lat' dir='ltr'>parali</span> <span class='ocrx_word' id='word_1_151' title='bbox 676 1553 816 1596; x_wconf 70' lang='lat' dir='ltr'>morti,</span> <span class='ocrx_word' id='word_1_152' title='bbox 847 1553 988 1602; x_wconf 87' lang='lat' dir='ltr'>quibus</span> <span class='ocrx_word' id='word_1_153' title='bbox 1014 1553 1155 1604; x_wconf 76' lang='lat' dir='ltr'>glossa</span> 
     </span>
     <span class='ocr_line' id='line_1_25' title="bbox 273 1605 1153 1660; baseline 0.006 -18"><span class='ocrx_word' id='word_1_154' title='bbox 273 1605 408 1643; x_wconf 86' lang='lat' dir='ltr'>addita</span> <span class='ocrx_word' id='word_1_155' title='bbox 446 1606 533 1651; x_wconf 77' lang='lat' dir='ltr'>suit,</span> <span class='ocrx_word' id='word_1_156' title='bbox 574 1608 692 1659; x_wconf 73' lang='lat' dir='ltr'>quasi</span> <span class='ocrx_word' id='word_1_157' title='bbox 724 1621 813 1646; x_wconf 72' lang='lat' dir='ltr'>rere</span> <span class='ocrx_word' id='word_1_158' title='bbox 843 1611 1013 1655; x_wconf 69' lang='lat' dir='ltr'>mortui,</span> <span class='ocrx_word' id='word_1_159' title='bbox 1051 1623 1153 1660; x_wconf 84' lang='lat' dir='ltr'>quae</span> 
     </span>
     <span class='ocr_line' id='line_1_26' title="bbox 275 1662 1152 1717; baseline 0.005 -17"><span class='ocrx_word' id='word_1_160' title='bbox 275 1662 363 1700; x_wconf 84' lang='lat' dir='ltr'>dein</span> <span class='ocrx_word' id='word_1_161' title='bbox 384 1662 586 1700; x_wconf 83' lang='lat' dir='ltr'>intextum</span> <span class='ocrx_word' id='word_1_162' title='bbox 606 1663 734 1701; x_wconf 85' lang='lat' dir='ltr'>alieno</span> <span class='ocrx_word' id='word_1_163' title='bbox 754 1665 869 1702; x_wconf 78' lang='lat' dir='ltr'>etiam</span> <span class='ocrx_word' id='word_1_164' title='bbox 887 1666 973 1704; x_wconf 90' lang='lat' dir='ltr'>loco</span> <span class='ocrx_word' id='word_1_165' title='bbox 988 1667 1152 1717; x_wconf 79' lang='lat' dir='ltr'>irrepsit.</span> 
     </span>
     <span class='ocr_line' id='line_1_27' title="bbox 274 1718 1153 1773; baseline 0.007 -17"><span class='ocrx_word' id='word_1_166' title='bbox 274 1718 323 1756; x_wconf 80' lang='lat' dir='ltr'>cf.</span> <span class='ocrx_word' id='word_1_167' title='bbox 349 1718 448 1757; x_wconf 78' lang='lat' dir='ltr'>Met.</span> <span class='ocrx_word' id='word_1_168' title='bbox 475 1718 519 1757; x_wconf 88' lang='lat' dir='ltr'>ll.</span> <span class='ocrx_word' id='word_1_169' title='bbox 546 1733 582 1770; x_wconf 89' lang='lat' dir='ltr'>p.</span> <span class='ocrx_word' id='word_1_170' title='bbox 614 1724 704 1760; x_wconf 77' lang='lat'>165.</span> <span class='ocrx_word' id='word_1_171' title='bbox 744 1722 829 1759; x_wconf 67' lang='lat' dir='ltr'>Hic</span> <span class='ocrx_word' id='word_1_172' title='bbox 865 1727 1011 1773; x_wconf 77' lang='lat' dir='ltr'>utpote</span> <span class='ocrx_word' id='word_1_173' title='bbox 1042 1723 1153 1762; x_wconf 72' lang='lat' dir='ltr'>vicus</span> 
     </span>
     <span class='ocr_line' id='line_1_28' title="bbox 276 1776 1150 1829; baseline 0.003 -15"><span class='ocrx_word' id='word_1_174' title='bbox 276 1776 459 1827; x_wconf 76' lang='lat' dir='ltr'>quidem,</span> <span class='ocrx_word' id='word_1_175' title='bbox 495 1776 567 1814; x_wconf 74' lang='lat' dir='ltr'>secl</span> <span class='ocrx_word' id='word_1_176' title='bbox 605 1781 737 1815; x_wconf 81' lang='lat' dir='ltr'>tamen</span> <span class='ocrx_word' id='word_1_177' title='bbox 772 1792 922 1829; x_wconf 75' lang='lat' dir='ltr'>sopore</span> <span class='ocrx_word' id='word_1_178' title='bbox 956 1784 1150 1818; x_wconf 79' lang='lat' dir='ltr'>mortuus.</span> 
     </span>
     <span class='ocr_line' id='line_1_29' title="bbox 272 1830 1152 1885; baseline 0.005 -15"><span class='ocrx_word' id='word_1_179' title='bbox 272 1830 362 1870; x_wconf 76' lang='lat' dir='ltr'>Non</span> <span class='ocrx_word' id='word_1_180' title='bbox 390 1846 482 1881; x_wconf 80' lang='lat' dir='ltr'>crgo</span> <span class='ocrx_word' id='word_1_181' title='bbox 511 1834 668 1882; x_wconf 77' lang='lat' dir='ltr'>partim</span> <span class='ocrx_word' id='word_1_182' title='bbox 699 1838 806 1871; x_wconf 86' lang='lat' dir='ltr'>erant</span> <span class='ocrx_word' id='word_1_183' title='bbox 831 1837 979 1885; x_wconf 71' lang='lat' dir='ltr'>parati</span> <span class='ocrx_word' id='word_1_184' title='bbox 1016 1837 1152 1881; x_wconf 70' lang='lat' dir='ltr'>morti,</span> 
     </span>
     <span class='ocr_line' id='line_1_30' title="bbox 273 1888 1153 1930; baseline 0.006 -6"><span class='ocrx_word' id='word_1_185' title='bbox 273 1888 358 1924; x_wconf 78' lang='lat' dir='ltr'>sive</span> <span class='ocrx_word' id='word_1_186' title='bbox 384 1888 433 1926; x_wconf 85' lang='lat' dir='ltr'>ad</span> <span class='ocrx_word' id='word_1_187' title='bbox 459 1892 623 1926; x_wconf 86' lang='lat' dir='ltr'>mortem</span> <span class='ocrx_word' id='word_1_188' title='bbox 648 1891 758 1928; x_wconf 84' lang='lat' dir='ltr'>strati</span> <span class='ocrx_word' id='word_1_189' title='bbox 792 1895 830 1928; x_wconf 88' lang='lat' dir='ltr'>et</span> <span class='ocrx_word' id='word_1_190' title='bbox 855 1891 1070 1929; x_wconf 88' lang='lat' dir='ltr'>occidendo</span> <span class='ocrx_word' id='word_1_191' title='bbox 1097 1891 1153 1930; x_wconf 86' lang='lat' dir='ltr'>sa-</span> 
     </span>
     <span class='ocr_line' id='line_1_31' title="bbox 274 1944 1152 1999; baseline 0.005 -17"><span class='ocrx_word' id='word_1_192' title='bbox 274 1944 390 1990; x_wconf 80' lang='lat' dir='ltr'>ciles,</span> <span class='ocrx_word' id='word_1_193' title='bbox 423 1944 497 1982; x_wconf 92' lang='lat' dir='ltr'>sed</span> <span class='ocrx_word' id='word_1_194' title='bbox 522 1958 679 1990; x_wconf 78' lang='lat' dir='ltr'>omnes,</span> <span class='ocrx_word' id='word_1_195' title='bbox 712 1960 842 1998; x_wconf 85' lang='lat' dir='ltr'>neque</span> <span class='ocrx_word' id='word_1_196' title='bbox 874 1949 1025 1999; x_wconf 83' lang='lat' dir='ltr'>passim</span> <span class='ocrx_word' id='word_1_197' title='bbox 1051 1948 1152 1986; x_wconf 85' lang='lat' dir='ltr'>iace-</span> 
     </span>
     <span class='ocr_line' id='line_1_32' title="bbox 271 2000 1153 2050; baseline 0.007 -13"><span class='ocrx_word' id='word_1_198' title='bbox 271 2001 378 2039; x_wconf 85' lang='lat' dir='ltr'>bant.</span> <span class='ocrx_word' id='word_1_199' title='bbox 402 2000 505 2038; x_wconf 74' lang='lat' dir='ltr'>Nam</span> <span class='ocrx_word' id='word_1_200' title='bbox 520 2001 754 2040; x_wconf 73' lang='lat' dir='ltr'>discurrisse</span> <span class='ocrx_word' id='word_1_201' title='bbox 775 2017 864 2050; x_wconf 76' lang='lat' dir='ltr'>eos,</span> <span class='ocrx_word' id='word_1_202' title='bbox 890 2006 973 2043; x_wconf 79' lang='lat' dir='ltr'>suis</span> <span class='ocrx_word' id='word_1_203' title='bbox 989 2005 1153 2043; x_wconf 83' lang='lat' dir='ltr'>sedibus</span> 
     </span>
     <span class='ocr_line' id='line_1_33' title="bbox 273 2058 1155 2112; baseline 0.007 -18"><span class='ocrx_word' id='word_1_204' title='bbox 273 2058 443 2101; x_wconf 84' lang='lat' dir='ltr'>excitos.</span> <span class='ocrx_word' id='word_1_205' title='bbox 475 2072 669 2109; x_wconf 85' lang='lat' dir='ltr'>nusquam</span> <span class='ocrx_word' id='word_1_206' title='bbox 702 2060 797 2098; x_wconf 82' lang='lat' dir='ltr'>(lixit</span> <span class='ocrx_word' id='word_1_207' title='bbox 820 2065 974 2107; x_wconf 80' lang='lat' dir='ltr'>auctor,</span> <span class='ocrx_word' id='word_1_208' title='bbox 1008 2062 1155 2112; x_wconf 87' lang='lat' dir='ltr'>quippe</span> 
     </span>
     <span class='ocr_line' id='line_1_34' title="bbox 273 2113 1154 2169; baseline 0.006 -18"><span class='ocrx_word' id='word_1_209' title='bbox 273 2113 492 2165; x_wconf 80' lang='lat' dir='ltr'>soporifero</span> <span class='ocrx_word' id='word_1_210' title='bbox 519 2115 607 2152; x_wconf 79' lang='lat' dir='ltr'>vino</span> <span class='ocrx_word' id='word_1_211' title='bbox 630 2118 959 2168; x_wconf 67' lang='lat' dir='ltr'>erautingurgati,</span> <span class='ocrx_word' id='word_1_212' title='bbox 986 2132 1062 2169; x_wconf 88' lang='lat' dir='ltr'>quo</span> <span class='ocrx_word' id='word_1_213' title='bbox 1079 2132 1154 2157; x_wconf 90' lang='lat' dir='ltr'>non</span> 
     </span>
     <span class='ocr_line' id='line_1_35' title="bbox 274 2170 1158 2224; baseline 0.007 -16"><span class='ocrx_word' id='word_1_214' title='bbox 274 2170 327 2208; x_wconf 80' lang='lat' dir='ltr'>ad</span> <span class='ocrx_word' id='word_1_215' title='bbox 353 2170 581 2210; x_wconf 81' lang='lat' dir='ltr'>furibundos</span> <span class='ocrx_word' id='word_1_216' title='bbox 609 2172 804 2211; x_wconf 85' lang='lat' dir='ltr'>clamores</span> <span class='ocrx_word' id='word_1_217' title='bbox 837 2178 876 2212; x_wconf 83' lang='lat' dir='ltr'>et</span> <span class='ocrx_word' id='word_1_218' title='bbox 900 2179 1040 2224; x_wconf 77' lang='lat' dir='ltr'>gestus</span> <span class='ocrx_word' id='word_1_219' title='bbox 1065 2180 1158 2214; x_wconf 86' lang='lat' dir='ltr'>sunt</span> 
     </span>
     <span class='ocr_line' id='line_1_36' title="bbox 274 2227 1157 2282; baseline 0.008 -19"><span class='ocrx_word' id='word_1_220' title='bbox 274 2227 469 2273; x_wconf 80' lang='lat' dir='ltr'>inebriati,</span> <span class='ocrx_word' id='word_1_221' title='bbox 495 2228 569 2265; x_wconf 81' lang='lat' dir='ltr'>sed</span> <span class='ocrx_word' id='word_1_222' title='bbox 584 2230 699 2267; x_wconf 83' lang='lat' dir='ltr'>tacite</span> <span class='ocrx_word' id='word_1_223' title='bbox 713 2231 876 2269; x_wconf 79' lang='lat' dir='ltr'>sauciati</span> <span class='ocrx_word' id='word_1_224' title='bbox 892 2231 1157 2282; x_wconf 84' lang='lat' dir='ltr'>suffocatique</span> 
     </span>
     <span class='ocr_line' id='line_1_37' title="bbox 274 2283 1158 2339; baseline 0.009 -19"><span class='ocrx_word' id='word_1_225' title='bbox 274 2283 485 2322; x_wconf 82' lang='lat' dir='ltr'>iacuerunt.</span> <span class='ocrx_word' id='word_1_226' title='bbox 534 2284 668 2330; x_wconf 78' lang='lat' dir='ltr'>Quare</span> <span class='ocrx_word' id='word_1_227' title='bbox 705 2287 830 2324; x_wconf 86' lang='lat' dir='ltr'>minus</span> <span class='ocrx_word' id='word_1_228' title='bbox 868 2288 969 2325; x_wconf 85' lang='lat' dir='ltr'>bene</span> <span class='ocrx_word' id='word_1_229' title='bbox 1003 2291 1158 2339; x_wconf 75' lang='lat' dir='ltr'>passim</span> 
     </span>
     <span class='ocr_line' id='line_1_38' title="bbox 273 2338 1155 2390; baseline 0.008 -13"><span class='ocrx_word' id='word_1_230' title='bbox 273 2338 369 2389; x_wconf 76' lang='lat' dir='ltr'>legit</span> <span class='ocrx_word' id='word_1_231' title='bbox 405 2353 562 2390; x_wconf 84' lang='lat' dir='ltr'>quoquc</span> <span class='ocrx_word' id='word_1_232' title='bbox 595 2341 874 2381; x_wconf 77' lang='lat' dir='ltr'>Toussaintius</span> <span class='ocrx_word' id='word_1_233' title='bbox 912 2346 946 2382; x_wconf 90' lang='lat' dir='ltr'>in</span> <span class='ocrx_word' id='word_1_234' title='bbox 981 2344 1155 2384; x_wconf 81' lang='lat' dir='ltr'>Coniect.</span> 
     </span>
     <span class='ocr_line' id='line_1_39' title="bbox 273 2395 1158 2441; baseline 0.008 -7"><span class='ocrx_word' id='word_1_235' title='bbox 273 2397 325 2435; x_wconf 85' lang='lat' dir='ltr'>ad</span> <span class='ocrx_word' id='word_1_236' title='bbox 339 2396 520 2435; x_wconf 82' lang='lat' dir='ltr'>Laetant.</span> <span class='ocrx_word' id='word_1_237' title='bbox 535 2397 585 2435; x_wconf 88' lang='lat' dir='ltr'>de</span> <span class='ocrx_word' id='word_1_238' title='bbox 597 2395 713 2437; x_wconf 77' lang='lat' dir='ltr'>Mort.</span> <span class='ocrx_word' id='word_1_239' title='bbox 729 2398 889 2438; x_wconf 86' lang='lat' dir='ltr'>Persec.</span> <span class='ocrx_word' id='word_1_240' title='bbox 905 2416 935 2439; x_wconf 94' lang='lat' dir='ltr'>c.</span> <span class='ocrx_word' id='word_1_241' title='bbox 950 2407 1008 2441; x_wconf 81' lang='lat'>17.</span> <span class='ocrx_word' id='word_1_242' title='bbox 1024 2402 1158 2441; x_wconf 74' lang='lat' dir='ltr'>Moru·</span> 
     </span>
     <span class='ocr_line' id='line_1_40' title="bbox 273 2452 1156 2509; baseline 0.009 -18"><span class='ocrx_word' id='word_1_243' title='bbox 273 2454 443 2505; x_wconf 75' lang='lat' dir='ltr'>sopitus.</span> <span class='ocrx_word' id='word_1_244' title='bbox 471 2452 560 2492; x_wconf 87' lang='lat' dir='ltr'>Fuit</span> <span class='ocrx_word' id='word_1_245' title='bbox 575 2468 661 2493; x_wconf 87' lang='lat' dir='ltr'>cum</span> <span class='ocrx_word' id='word_1_246' title='bbox 676 2455 864 2506; x_wconf 74' lang='lat' dir='ltr'>legerem:</span> <span class='ocrx_word' id='word_1_247' title='bbox 884 2459 1038 2509; x_wconf 73' lang='lat' dir='ltr'>sepulti</span> <span class='ocrx_word' id='word_1_248' title='bbox 1052 2461 1156 2498; x_wconf 75' lang='lat' dir='ltr'>iace-</span> 
     </span>
     <span class='ocr_line' id='line_1_41' title="bbox 275 2511 1158 2567; baseline 0.007 -19"><span class='ocrx_word' id='word_1_249' title='bbox 275 2511 376 2548; x_wconf 79' lang='lat' dir='ltr'>bant</span> <span class='ocrx_word' id='word_1_250' title='bbox 393 2511 513 2562; x_wconf 73' lang='lat' dir='ltr'>quasi</span> <span class='ocrx_word' id='word_1_251' title='bbox 532 2524 623 2550; x_wconf 72' lang='lat' dir='ltr'>vere</span> <span class='ocrx_word' id='word_1_252' title='bbox 643 2514 810 2559; x_wconf 73' lang='lat' dir='ltr'>mortui,</span> <span class='ocrx_word' id='word_1_253' title='bbox 832 2516 992 2565; x_wconf 71' lang='lat' dir='ltr'>partim</span> <span class='ocrx_word' id='word_1_254' title='bbox 1010 2517 1158 2567; x_wconf 69' lang='lat' dir='ltr'>parati</span> 
     </span>
     <span class='ocr_line' id='line_1_42' title="bbox 272 2567 1157 2622; baseline 0.008 -19"><span class='ocrx_word' id='word_1_255' title='bbox 272 2567 411 2611; x_wconf 70' lang='lat' dir='ltr'>morti,</span> <span class='ocrx_word' id='word_1_256' title='bbox 437 2570 480 2604; x_wconf 85' lang='lat' dir='ltr'>ut</span> <span class='ocrx_word' id='word_1_257' title='bbox 499 2567 552 2606; x_wconf 80' lang='lat' dir='ltr'>itia</span> <span class='ocrx_word' id='word_1_258' title='bbox 571 2567 727 2617; x_wconf 84' lang='lat' dir='ltr'>quidam</span> <span class='ocrx_word' id='word_1_259' title='bbox 748 2570 932 2608; x_wconf 87' lang='lat' dir='ltr'>iacuerint</span> <span class='ocrx_word' id='word_1_260' title='bbox 953 2573 1065 2622; x_wconf 86' lang='lat' dir='ltr'>quasi</span> <span class='ocrx_word' id='word_1_261' title='bbox 1081 2572 1157 2610; x_wconf 87' lang='lat' dir='ltr'>iam</span> 
     </span>
     <span class='ocr_line' id='line_1_43' title="bbox 274 2621 1155 2678; baseline 0.009 -19"><span class='ocrx_word' id='word_1_262' title='bbox 274 2621 434 2667; x_wconf 85' lang='lat' dir='ltr'>mortui,</span> <span class='ocrx_word' id='word_1_263' title='bbox 465 2623 501 2660; x_wconf 92' lang='lat' dir='ltr'>in</span> <span class='ocrx_word' id='word_1_264' title='bbox 533 2625 675 2675; x_wconf 84' lang='lat' dir='ltr'>quibus</span> <span class='ocrx_word' id='word_1_265' title='bbox 701 2625 846 2663; x_wconf 87' lang='lat' dir='ltr'>nullum</span> <span class='ocrx_word' id='word_1_266' title='bbox 873 2628 1035 2678; x_wconf 83' lang='lat' dir='ltr'>patebat</span> <span class='ocrx_word' id='word_1_267' title='bbox 1060 2628 1155 2667; x_wconf 88' lang='lat' dir='ltr'>indi-</span> 
     </span>
     <span class='ocr_line' id='line_1_44' title="bbox 275 2679 1155 2732; baseline 0.009 -17"><span class='ocrx_word' id='word_1_268' title='bbox 275 2679 374 2717; x_wconf 85' lang='lat' dir='ltr'>cium</span> <span class='ocrx_word' id='word_1_269' title='bbox 399 2680 504 2717; x_wconf 83' lang='lat' dir='ltr'>vitae</span> <span class='ocrx_word' id='word_1_270' title='bbox 527 2683 771 2732; x_wconf 66' lang='lat' dir='ltr'>superstitis,</span> <span class='ocrx_word' id='word_1_271' title='bbox 805 2683 869 2721; x_wconf 85' lang='lat' dir='ltr'>alii</span> <span class='ocrx_word' id='word_1_272' title='bbox 893 2688 1022 2722; x_wconf 81' lang='lat' dir='ltr'>tamen</span> <span class='ocrx_word' id='word_1_273' title='bbox 1051 2685 1155 2723; x_wconf 80' lang='lat' dir='ltr'>vide-</span> 
     </span>
     <span class='ocr_line' id='line_1_45' title="bbox 273 2736 1155 2780; baseline 0.009 -8"><span class='ocrx_word' id='word_1_274' title='bbox 273 2739 402 2775; x_wconf 71' lang='lat' dir='ltr'>rentur</span> <span class='ocrx_word' id='word_1_275' title='bbox 428 2736 577 2779; x_wconf 72' lang='lat' dir='ltr'>vivere,</span> <span class='ocrx_word' id='word_1_276' title='bbox 604 2737 853 2777; x_wconf 85' lang='lat' dir='ltr'>nihilominus</span> <span class='ocrx_word' id='word_1_277' title='bbox 878 2743 988 2779; x_wconf 88' lang='lat' dir='ltr'>morti</span> <span class='ocrx_word' id='word_1_278' title='bbox 1015 2746 1155 2780; x_wconf 82' lang='lat' dir='ltr'>essent</span> 
     </span>
     <span class='ocr_line' id='line_1_46' title="bbox 272 2791 1153 2844; baseline 0.01 -16"><span class='ocrx_word' id='word_1_279' title='bbox 272 2791 411 2830; x_wconf 80' lang='lat' dir='ltr'>aflines</span> <span class='ocrx_word' id='word_1_280' title='bbox 438 2793 668 2844; x_wconf 72' lang='lat' dir='ltr'>facilesque.</span> <span class='ocrx_word' id='word_1_281' title='bbox 696 2795 924 2835; x_wconf 69' lang='lat' dir='ltr'>(iroslotius</span> <span class='ocrx_word' id='word_1_282' title='bbox 950 2798 1153 2837; x_wconf 80' lang='lat' dir='ltr'>divinavit:</span> 
     </span>
     <span class='ocr_line' id='line_1_47' title="bbox 274 2852 1154 2904; baseline 0.009 -19"><span class='ocrx_word' id='word_1_283' title='bbox 274 2863 406 2887; x_wconf 79' lang='lat' dir='ltr'>omnes</span> <span class='ocrx_word' id='word_1_284' title='bbox 416 2852 720 2902; x_wconf 71' lang='lat' dir='ltr'>pransiymratt&#39;</span> <span class='ocrx_word' id='word_1_285' title='bbox 731 2855 864 2891; x_wconf 82' lang='lat' dir='ltr'>morti.</span> <span class='ocrx_word' id='word_1_286' title='bbox 880 2852 1013 2904; x_wconf 76' lang='lat' dir='ltr'>[Nunc</span> <span class='ocrx_word' id='word_1_287' title='bbox 1026 2870 1154 2893; x_wconf 86' lang='lat' dir='ltr'>meam</span> 
     </span>
     <span class='ocr_line' id='line_1_48' title="bbox 274 2905 1151 2958; baseline 0.009 -16"><span class='ocrx_word' id='word_1_288' title='bbox 274 2905 323 2942; x_wconf 85' lang='lat' dir='ltr'>de</span> <span class='ocrx_word' id='word_1_289' title='bbox 349 2905 425 2942; x_wconf 81' lang='lat' dir='ltr'>hoc</span> <span class='ocrx_word' id='word_1_290' title='bbox 451 2906 537 2945; x_wconf 89' lang='lat' dir='ltr'>loco</span> <span class='ocrx_word' id='word_1_291' title='bbox 563 2907 758 2958; x_wconf 87' lang='lat' dir='ltr'>proferam</span> <span class='ocrx_word' id='word_1_292' title='bbox 784 2911 1037 2949; x_wconf 80' lang='lat' dir='ltr'>sententiam:</span> <span class='ocrx_word' id='word_1_293' title='bbox 1069 2911 1151 2950; x_wconf 89' lang='lat' dir='ltr'>Pri-</span> 
     </span>
     <span class='ocr_line' id='line_1_49' title="bbox 273 2963 1152 3019; baseline 0.013 -22"><span class='ocrx_word' id='word_1_294' title='bbox 273 2974 377 2998; x_wconf 87' lang='lat' dir='ltr'>mum</span> <span class='ocrx_word' id='word_1_295' title='bbox 402 2963 504 3000; x_wconf 87' lang='lat' dir='ltr'>enim</span> <span class='ocrx_word' id='word_1_296' title='bbox 530 2967 641 3014; x_wconf 87' lang='lat' dir='ltr'>puto:</span> <span class='ocrx_word' id='word_1_297' title='bbox 684 2965 832 3005; x_wconf 72' lang='lat' dir='ltr'>Cmectt&#39;</span> <span class='ocrx_word' id='word_1_298' title='bbox 857 2967 1053 3019; x_wconf 75' lang='lat' dir='ltr'>denique,</span> <span class='ocrx_word' id='word_1_299' title='bbox 1079 2970 1152 3007; x_wconf 74' lang='lat' dir='ltr'>secl</span> 
     </span>
     <span class='ocr_line' id='line_1_50' title="bbox 268 3021 1150 3067; baseline 0.012 -14"><span class='ocrx_word' id='word_1_300' title='bbox 268 3030 442 3067; x_wconf 77' lang='lat' dir='ltr'>prorsus</span> <span class='ocrx_word' id='word_1_301' title='bbox 469 3033 602 3059; x_wconf 79' lang='lat' dir='ltr'>omnes</span> <span class='ocrx_word' id='word_1_302' title='bbox 628 3021 836 3060; x_wconf 87' lang='lat' dir='ltr'>lectionem</span> <span class='ocrx_word' id='word_1_303' title='bbox 863 3037 958 3062; x_wconf 86' lang='lat' dir='ltr'>esse</span> <span class='ocrx_word' id='word_1_304' title='bbox 983 3026 1150 3063; x_wconf 86' lang='lat' dir='ltr'>retinen-</span> 
     </span>
     <span class='ocr_line' id='line_1_51' title="bbox 274 3072 1151 3129; baseline 0.013 -20"><span class='ocrx_word' id='word_1_305' title='bbox 274 3072 374 3111; x_wconf 83' lang='lat' dir='ltr'>dam.</span> <span class='ocrx_word' id='word_1_306' title='bbox 422 3074 523 3113; x_wconf 70' lang='lat' dir='ltr'>Nam</span> <span class='ocrx_word' id='word_1_307' title='bbox 539 3078 613 3114; x_wconf 80' lang='lat' dir='ltr'>etsi</span> <span class='ocrx_word' id='word_1_308' title='bbox 628 3077 868 3129; x_wconf 82' lang='lat' dir='ltr'>frequentius</span> <span class='ocrx_word' id='word_1_309' title='bbox 891 3081 959 3127; x_wconf 76' lang='lat' dir='ltr'>sit,</span> <span class='ocrx_word' id='word_1_310' title='bbox 985 3085 1027 3119; x_wconf 87' lang='lat' dir='ltr'>ut</span> <span class='ocrx_word' id='word_1_311' title='bbox 1046 3082 1151 3120; x_wconf 88' lang='lat' dir='ltr'>idem</span> 
     </span>
    </p>
   </div>
   <div class='ocr_carea' id='block_1_6' title="bbox 1207 480 2098 3124">
    <p class='ocr_par' dir='ltr' id='par_1_6' title="bbox 1207 480 2098 2344">
     <span class='ocr_line' id='line_1_52' title="bbox 1209 480 2080 537; baseline 0.007 -19"><span class='ocrx_word' id='word_1_312' title='bbox 1209 480 1259 518; x_wconf 88' lang='lat' dir='ltr'>de</span> <span class='ocrx_word' id='word_1_313' title='bbox 1284 482 1425 532; x_wconf 87' lang='lat' dir='ltr'>quibus</span> <span class='ocrx_word' id='word_1_314' title='bbox 1451 483 1596 533; x_wconf 84' lang='lat' dir='ltr'>optime</span> <span class='ocrx_word' id='word_1_315' title='bbox 1627 484 1706 533; x_wconf 83' lang='lat' dir='ltr'>egit</span> <span class='ocrx_word' id='word_1_316' title='bbox 1730 483 1873 535; x_wconf 69' lang='lat' dir='ltr'>W&#39;agn.</span> <span class='ocrx_word' id='word_1_317' title='bbox 1899 484 1950 522; x_wconf 85' lang='lat' dir='ltr'>ad</span> <span class='ocrx_word' id='word_1_318' title='bbox 1973 485 2080 537; x_wconf 69' lang='lat' dir='ltr'>Virg.</span> 
     </span>
     <span class='ocr_line' id='line_1_53' title="bbox 1207 537 2082 588; baseline 0.005 -13"><span class='ocrx_word' id='word_1_319' title='bbox 1207 537 1308 575; x_wconf 89' lang='lat' dir='ltr'>Aen.</span> <span class='ocrx_word' id='word_1_320' title='bbox 1334 537 1362 576; x_wconf 91' lang='lat' dir='ltr'>I.</span> <span class='ocrx_word' id='word_1_321' title='bbox 1389 542 1501 585; x_wconf 69' lang='lat'>315..</span> <span class='ocrx_word' id='word_1_322' title='bbox 1539 539 1600 577; x_wconf 85' lang='lat' dir='ltr'>hic</span> <span class='ocrx_word' id='word_1_323' title='bbox 1637 553 1712 577; x_wconf 91' lang='lat' dir='ltr'>non</span> <span class='ocrx_word' id='word_1_324' title='bbox 1749 540 1975 578; x_wconf 88' lang='lat' dir='ltr'>morandum</span> <span class='ocrx_word' id='word_1_325' title='bbox 2007 545 2082 588; x_wconf 83' lang='lat' dir='ltr'>est,</span> 
     </span>
     <span class='ocr_line' id='line_1_54' title="bbox 1210 596 2081 647; baseline 0.006 -17"><span class='ocrx_word' id='word_1_326' title='bbox 1210 596 1315 644; x_wconf 87' lang='lat' dir='ltr'>quod</span> <span class='ocrx_word' id='word_1_327' title='bbox 1341 597 1480 634; x_wconf 75' lang='lat' dir='ltr'>cuncti</span> <span class='ocrx_word' id='word_1_328' title='bbox 1504 599 1543 633; x_wconf 86' lang='lat' dir='ltr'>et</span> <span class='ocrx_word' id='word_1_329' title='bbox 1563 610 1696 635; x_wconf 85' lang='lat' dir='ltr'>omnes</span> <span class='ocrx_word' id='word_1_330' title='bbox 1714 597 1789 635; x_wconf 84' lang='lat' dir='ltr'>sibi</span> <span class='ocrx_word' id='word_1_331' title='bbox 1808 597 2081 647; x_wconf 81' lang='lat' dir='ltr'>respondeant.</span> 
     </span>
     <span class='ocr_line' id='line_1_55' title="bbox 1208 649 2084 703; baseline 0.005 -16"><span class='ocrx_word' id='word_1_332' title='bbox 1208 649 1268 687; x_wconf 87' lang='lat' dir='ltr'>lta</span> <span class='ocrx_word' id='word_1_333' title='bbox 1292 651 1500 702; x_wconf 80' lang='lat' dir='ltr'>aliquoties</span> <span class='ocrx_word' id='word_1_334' title='bbox 1519 655 1724 702; x_wconf 85' lang='lat' dir='ltr'>utrumque</span> <span class='ocrx_word' id='word_1_335' title='bbox 1743 653 1911 690; x_wconf 88' lang='lat' dir='ltr'>iunctum</span> <span class='ocrx_word' id='word_1_336' title='bbox 1932 653 2084 703; x_wconf 78' lang='lat' dir='ltr'>legitur,</span> 
     </span>
     <span class='ocr_line' id='line_1_56' title="bbox 1211 706 2085 761; baseline 0.006 -17"><span class='ocrx_word' id='word_1_337' title='bbox 1211 706 1259 744; x_wconf 87' lang='lat' dir='ltr'>cf.</span> <span class='ocrx_word' id='word_1_338' title='bbox 1275 706 1457 746; x_wconf 73' lang='lat' dir='ltr'>Liv.Vll.</span> <span class='ocrx_word' id='word_1_339' title='bbox 1474 712 1538 748; x_wconf 79' lang='lat'>35.</span> <span class='ocrx_word' id='word_1_340' title='bbox 1554 708 1830 747; x_wconf 72' lang='lat' dir='ltr'>admiratione</span> <span class='ocrx_word' id='word_1_341' title='bbox 1841 710 2085 761; x_wconf 72' lang='lat' dir='ltr'>parentibus</span> 
     </span>
     <span class='ocr_line' id='line_1_57' title="bbox 1212 765 2087 816; baseline 0.003 -14"><span class='ocrx_word' id='word_1_342' title='bbox 1212 765 1402 802; x_wconf 80' lang='lat' dir='ltr'>cunctis</span> <span class='ocrx_word' id='word_1_343' title='bbox 1423 778 1545 816; x_wconf 68' lang='lat' dir='ltr'>quemn</span> <span class='ocrx_word' id='word_1_344' title='bbox 1565 765 1767 804; x_wconf 81' lang='lat' dir='ltr'>omnium</span> <span class='ocrx_word' id='word_1_345' title='bbox 1786 766 1828 803; x_wconf 80' lang='grc' dir='ltr'>ἰη</span> <span class='ocrx_word' id='word_1_346' title='bbox 1848 780 1888 804; x_wconf 88' lang='lat' dir='ltr'>se</span> <span class='ocrx_word' id='word_1_347' title='bbox 1908 767 2087 805; x_wconf 75' lang='lat' dir='ltr'>vertisset</span> 
     </span>
     <span class='ocr_line' id='line_1_58' title="bbox 1213 819 2086 873; baseline 0.003 -16"><span class='ocrx_word' id='word_1_348' title='bbox 1213 819 1354 859; x_wconf 80' lang='lat' dir='ltr'>oculos</span> <span class='ocrx_word' id='word_1_349' title='bbox 1385 821 1540 860; x_wconf 75' lang='lat' dir='ltr'>Decius</span> <span class='ocrx_word' id='word_1_350' title='bbox 1579 820 1630 859; x_wconf 83' lang='lat' dir='ltr'>cf.</span> <span class='ocrx_word' id='word_1_351' title='bbox 1654 820 1841 860; x_wconf 86' lang='lat' dir='ltr'>Doederl.</span> <span class='ocrx_word' id='word_1_352' title='bbox 1869 822 2086 873; x_wconf 84' lang='lat' dir='ltr'>Synonym.</span> 
     </span>
     <span class='ocr_line' id='line_1_59' title="bbox 1212 874 2087 930; baseline 0.003 -17"><span class='ocrx_word' id='word_1_353' title='bbox 1212 874 1258 914; x_wconf 88' lang='lat' dir='ltr'>T.</span> <span class='ocrx_word' id='word_1_354' title='bbox 1284 875 1351 914; x_wconf 88' lang='lat' dir='ltr'>lV.</span> <span class='ocrx_word' id='word_1_355' title='bbox 1376 890 1414 929; x_wconf 89' lang='lat' dir='ltr'>p.</span> <span class='ocrx_word' id='word_1_356' title='bbox 1441 880 1535 917; x_wconf 81' lang='lat'>355.</span> <span class='ocrx_word' id='word_1_357' title='bbox 1562 877 1627 928; x_wconf 87' lang='lat' dir='ltr'>qui</span> <span class='ocrx_word' id='word_1_358' title='bbox 1652 877 1764 928; x_wconf 84' lang='lat' dir='ltr'>plura</span> <span class='ocrx_word' id='word_1_359' title='bbox 1788 878 1978 929; x_wconf 84' lang='lat' dir='ltr'>exempla</span> <span class='ocrx_word' id='word_1_360' title='bbox 2001 892 2087 930; x_wconf 87' lang='lat' dir='ltr'>pro-</span> 
     </span>
     <span class='ocr_line' id='line_1_60' title="bbox 1210 932 2088 986; baseline 0.003 -16"><span class='ocrx_word' id='word_1_361' title='bbox 1210 932 1308 970; x_wconf 90' lang='lat' dir='ltr'>tulit.</span> <span class='ocrx_word' id='word_1_362' title='bbox 1339 933 1437 973; x_wconf 82' lang='lat' dir='ltr'>Cum</span> <span class='ocrx_word' id='word_1_363' title='bbox 1463 934 1639 986; x_wconf 71' lang='lat' dir='ltr'>(lenique</span> <span class='ocrx_word' id='word_1_364' title='bbox 1664 946 1714 971; x_wconf 78' lang='lat' dir='ltr'>ex</span> <span class='ocrx_word' id='word_1_365' title='bbox 1738 935 1892 985; x_wconf 80' lang='lat' dir='ltr'>ingenio</span> <span class='ocrx_word' id='word_1_366' title='bbox 1919 934 2088 973; x_wconf 84' lang='lat' dir='ltr'>librario-</span> 
     </span>
     <span class='ocr_line' id='line_1_61' title="bbox 1209 991 2090 1042; baseline 0.003 -16"><span class='ocrx_word' id='word_1_367' title='bbox 1209 1002 1292 1027; x_wconf 85' lang='lat' dir='ltr'>rum</span> <span class='ocrx_word' id='word_1_368' title='bbox 1307 994 1399 1039; x_wconf 91' lang='lat' dir='ltr'>puto</span> <span class='ocrx_word' id='word_1_369' title='bbox 1414 994 1536 1028; x_wconf 91' lang='lat' dir='ltr'>ortum</span> <span class='ocrx_word' id='word_1_370' title='bbox 1550 1003 1644 1028; x_wconf 73' lang='lat' dir='ltr'>esse</span> <span class='ocrx_word' id='word_1_371' title='bbox 1657 991 1875 1042; x_wconf 81' lang='lat' dir='ltr'>eorum‚qui</span> <span class='ocrx_word' id='word_1_372' title='bbox 1889 991 2090 1042; x_wconf 87' lang='lat' dir='ltr'>utriusque</span> 
     </span>
     <span class='ocr_line' id='line_1_62' title="bbox 1211 1046 2089 1098; baseline 0.005 -16"><span class='ocrx_word' id='word_1_373' title='bbox 1211 1047 1486 1085; x_wconf 81' lang='lat' dir='ltr'>enuntiationis</span> <span class='ocrx_word' id='word_1_374' title='bbox 1519 1059 1659 1085; x_wconf 85' lang='lat' dir='ltr'>nexum</span> <span class='ocrx_word' id='word_1_375' title='bbox 1691 1046 1856 1085; x_wconf 82' lang='lat' dir='ltr'>haerere</span> <span class='ocrx_word' id='word_1_376' title='bbox 1887 1049 2089 1098; x_wconf 84' lang='lat' dir='ltr'>putabant.</span> 
     </span>
     <span class='ocr_line' id='line_1_63' title="bbox 1211 1101 2091 1154; baseline 0.005 -15"><span class='ocrx_word' id='word_1_377' title='bbox 1211 1101 1368 1140; x_wconf 85' lang='lat' dir='ltr'>Deinde</span> <span class='ocrx_word' id='word_1_378' title='bbox 1382 1116 1473 1145; x_wconf 79' lang='lat' dir='ltr'>vero</span> <span class='ocrx_word' id='word_1_379' title='bbox 1489 1117 1638 1148; x_wconf 81' lang='lat' dir='ltr'>onmes,</span> <span class='ocrx_word' id='word_1_380' title='bbox 1665 1104 1769 1153; x_wconf 86' lang='lat' dir='ltr'>quod</span> <span class='ocrx_word' id='word_1_381' title='bbox 1788 1108 1882 1154; x_wconf 87' lang='lat' dir='ltr'>post</span> <span class='ocrx_word' id='word_1_382' title='bbox 1900 1105 2091 1143; x_wconf 65' lang='lat' dir='ltr'>iacebant</span> 
     </span>
     <span class='ocr_line' id='line_1_64' title="bbox 1211 1158 2090 1209; baseline 0.003 -14"><span class='ocrx_word' id='word_1_383' title='bbox 1211 1158 1363 1209; x_wconf 83' lang='lat' dir='ltr'>plurimi</span> <span class='ocrx_word' id='word_1_384' title='bbox 1391 1159 1503 1197; x_wconf 87' lang='lat' dir='ltr'>codd.</span> <span class='ocrx_word' id='word_1_385' title='bbox 1530 1159 1694 1204; x_wconf 79' lang='lat' dir='ltr'>habent,</span> <span class='ocrx_word' id='word_1_386' title='bbox 1726 1164 1792 1198; x_wconf 83' lang='lat' dir='ltr'>aut</span> <span class='ocrx_word' id='word_1_387' title='bbox 1823 1161 1978 1198; x_wconf 90' lang='lat' dir='ltr'>omnino</span> <span class='ocrx_word' id='word_1_388' title='bbox 2006 1160 2090 1198; x_wconf 87' lang='lat' dir='ltr'>reii-</span> 
     </span>
     <span class='ocr_line' id='line_1_65' title="bbox 1213 1215 2092 1268; baseline 0.002 -15"><span class='ocrx_word' id='word_1_389' title='bbox 1213 1215 1392 1253; x_wconf 85' lang='lat' dir='ltr'>cicndum</span> <span class='ocrx_word' id='word_1_390' title='bbox 1417 1220 1496 1261; x_wconf 70' lang='lat' dir='ltr'>est,</span> <span class='ocrx_word' id='word_1_391' title='bbox 1523 1217 1557 1254; x_wconf 88' lang='lat' dir='ltr'>si</span> <span class='ocrx_word' id='word_1_392' title='bbox 1582 1216 1740 1266; x_wconf 86' lang='lat' dir='ltr'>quidem</span> <span class='ocrx_word' id='word_1_393' title='bbox 1763 1218 1916 1268; x_wconf 77' lang='lat' dir='ltr'>partim</span> <span class='ocrx_word' id='word_1_394' title='bbox 1940 1218 2092 1255; x_wconf 76' lang='lat' dir='ltr'>mortui</span> 
     </span>
     <span class='ocr_line' id='line_1_66' title="bbox 1213 1271 2091 1325; baseline 0 -15"><span class='ocrx_word' id='word_1_395' title='bbox 1213 1271 1383 1323; x_wconf 81' lang='lat' dir='ltr'>legatur,</span> <span class='ocrx_word' id='word_1_396' title='bbox 1409 1277 1476 1311; x_wconf 86' lang='lat' dir='ltr'>aut</span> <span class='ocrx_word' id='word_1_397' title='bbox 1488 1273 1522 1311; x_wconf 84' lang='lat' dir='ltr'>si</span> <span class='ocrx_word' id='word_1_398' title='bbox 1535 1273 1701 1311; x_wconf 88' lang='lat' dir='ltr'>retinere</span> <span class='ocrx_word' id='word_1_399' title='bbox 1715 1274 1827 1311; x_wconf 77' lang='lat' dir='ltr'>velis.</span> <span class='ocrx_word' id='word_1_400' title='bbox 1853 1287 1923 1325; x_wconf 85' lang='lat' dir='ltr'>pro</span> <span class='ocrx_word' id='word_1_401' title='bbox 1935 1274 2091 1325; x_wconf 78' lang='lat' dir='ltr'>partim</span> 
     </span>
     <span class='ocr_line' id='line_1_67' title="bbox 1212 1329 2091 1381; baseline 0 -14"><span class='ocrx_word' id='word_1_402' title='bbox 1212 1330 1362 1368; x_wconf 73' lang='lat' dir='ltr'>mortui</span> <span class='ocrx_word' id='word_1_403' title='bbox 1375 1329 1585 1379; x_wconf 80' lang='lat' dir='ltr'>legendum</span> <span class='ocrx_word' id='word_1_404' title='bbox 1600 1334 1663 1368; x_wconf 87' lang='lat' dir='ltr'>est</span> <span class='ocrx_word' id='word_1_405' title='bbox 1673 1331 1817 1381; x_wconf 79' lang='lat' dir='ltr'>parati</span> <span class='ocrx_word' id='word_1_406' title='bbox 1827 1331 1959 1368; x_wconf 82' lang='lat' dir='ltr'>morli.</span> <span class='ocrx_word' id='word_1_407' title='bbox 1974 1329 2091 1380; x_wconf 80' lang='lat' dir='ltr'>Equi-</span> 
     </span>
     <span class='ocr_line' id='line_1_68' title="bbox 1213 1385 2091 1436; baseline 0.002 -14"><span class='ocrx_word' id='word_1_408' title='bbox 1213 1385 1303 1423; x_wconf 85' lang='lat' dir='ltr'>dem</span> <span class='ocrx_word' id='word_1_409' title='bbox 1327 1385 1435 1436; x_wconf 87' lang='lat' dir='ltr'>prius</span> <span class='ocrx_word' id='word_1_410' title='bbox 1460 1385 1731 1436; x_wconf 83' lang='lat' dir='ltr'>praetulerim,</span> <span class='ocrx_word' id='word_1_411' title='bbox 1758 1400 1891 1425; x_wconf 83' lang='lat' dir='ltr'>omnes</span> <span class='ocrx_word' id='word_1_412' title='bbox 1915 1386 2091 1431; x_wconf 79' lang='lat' dir='ltr'>eiiciens.</span> 
     </span>
     <span class='ocr_line' id='line_1_69' title="bbox 1212 1442 2093 1494; baseline 0.001 -15"><span class='ocrx_word' id='word_1_413' title='bbox 1212 1442 1317 1491; x_wconf 85' lang='lat' dir='ltr'>quod</span> <span class='ocrx_word' id='word_1_414' title='bbox 1332 1455 1400 1492; x_wconf 84' lang='lat' dir='ltr'>pro</span> <span class='ocrx_word' id='word_1_415' title='bbox 1410 1442 1550 1492; x_wconf 76' lang='lat' dir='ltr'>glossa</span> <span class='ocrx_word' id='word_1_416' title='bbox 1558 1443 1665 1481; x_wconf 82' lang='lat' dir='ltr'>vocis</span> <span class='ocrx_word' id='word_1_417' title='bbox 1676 1444 1814 1482; x_wconf 76' lang='lat' dir='ltr'>cuncti</span> <span class='ocrx_word' id='word_1_418' title='bbox 1823 1443 1949 1480; x_wconf 89' lang='lat' dir='ltr'>lineae</span> <span class='ocrx_word' id='word_1_419' title='bbox 1958 1456 2093 1494; x_wconf 87' lang='lat' dir='ltr'>super-</span> 
     </span>
     <span class='ocr_line' id='line_1_70' title="bbox 1213 1499 2094 1551; baseline 0.002 -15"><span class='ocrx_word' id='word_1_420' title='bbox 1213 1499 1418 1549; x_wconf 83' lang='lat' dir='ltr'>scriptum,</span> <span class='ocrx_word' id='word_1_421' title='bbox 1444 1499 1479 1536; x_wconf 90' lang='lat' dir='ltr'>in</span> <span class='ocrx_word' id='word_1_422' title='bbox 1500 1503 1732 1549; x_wconf 86' lang='lat' dir='ltr'>sequentem</span> <span class='ocrx_word' id='word_1_423' title='bbox 1759 1503 1901 1550; x_wconf 85' lang='lat' dir='ltr'>postea</span> <span class='ocrx_word' id='word_1_424' title='bbox 1925 1499 2094 1551; x_wconf 84' lang='lat' dir='ltr'>irrepsit.</span> 
     </span>
     <span class='ocr_line' id='line_1_71' title="bbox 1213 1555 2094 1608; baseline 0 -15"><span class='ocrx_word' id='word_1_425' title='bbox 1213 1555 1377 1594; x_wconf 73' lang='lat' dir='ltr'>Partim</span> <span class='ocrx_word' id='word_1_426' title='bbox 1413 1557 1564 1595; x_wconf 78' lang='lat' dir='ltr'>mortui</span> <span class='ocrx_word' id='word_1_427' title='bbox 1600 1570 1687 1594; x_wconf 89' lang='lat' dir='ltr'>cum</span> <span class='ocrx_word' id='word_1_428' title='bbox 1717 1555 1820 1594; x_wconf 86' lang='lat' dir='ltr'>Oud.</span> <span class='ocrx_word' id='word_1_429' title='bbox 1854 1556 2010 1608; x_wconf 84' lang='lat' dir='ltr'>explico</span> <span class='ocrx_word' id='word_1_430' title='bbox 2042 1555 2094 1594; x_wconf 88' lang='lat' dir='ltr'>de</span> 
     </span>
     <span class='ocr_line' id='line_1_72' title="bbox 1213 1612 2094 1663; baseline 0.002 -15"><span class='ocrx_word' id='word_1_431' title='bbox 1213 1612 1279 1656; x_wconf 77' lang='lat' dir='ltr'>iis.</span> <span class='ocrx_word' id='word_1_432' title='bbox 1306 1612 1369 1662; x_wconf 90' lang='lat' dir='ltr'>qui</span> <span class='ocrx_word' id='word_1_433' title='bbox 1396 1612 1431 1649; x_wconf 93' lang='lat' dir='ltr'>in</span> <span class='ocrx_word' id='word_1_434' title='bbox 1452 1616 1688 1650; x_wconf 89' lang='lat' dir='ltr'>mortuorum</span> <span class='ocrx_word' id='word_1_435' title='bbox 1707 1614 1882 1663; x_wconf 87' lang='lat' dir='ltr'>speciem</span> <span class='ocrx_word' id='word_1_436' title='bbox 1902 1613 2094 1658; x_wconf 81' lang='lat' dir='ltr'>iacebant,</span> 
     </span>
     <span class='ocr_line' id='line_1_73' title="bbox 1213 1668 2096 1719; baseline 0.002 -14"><span class='ocrx_word' id='word_1_437' title='bbox 1213 1668 1361 1706; x_wconf 92' lang='lat' dir='ltr'>nullum</span> <span class='ocrx_word' id='word_1_438' title='bbox 1385 1669 1462 1706; x_wconf 84' lang='lat' dir='ltr'>iam</span> <span class='ocrx_word' id='word_1_439' title='bbox 1487 1670 1589 1707; x_wconf 72' lang='lat' dir='ltr'>vitae</span> <span class='ocrx_word' id='word_1_440' title='bbox 1614 1669 1792 1707; x_wconf 90' lang='lat' dir='ltr'>indicium</span> <span class='ocrx_word' id='word_1_441' title='bbox 1813 1668 2096 1719; x_wconf 69' lang='lat' dir='ltr'>significantes.</span> 
     </span>
     <span class='ocr_line' id='line_1_74' title="bbox 1214 1724 2095 1775; baseline 0 -12"><span class='ocrx_word' id='word_1_442' title='bbox 1214 1724 1462 1775; x_wconf 80' lang='lat' dir='ltr'>Quamquam</span> <span class='ocrx_word' id='word_1_443' title='bbox 1482 1739 1557 1763; x_wconf 88' lang='lat' dir='ltr'>non</span> <span class='ocrx_word' id='word_1_444' title='bbox 1580 1725 1800 1775; x_wconf 78' lang='lat' dir='ltr'>negandum</span> <span class='ocrx_word' id='word_1_445' title='bbox 1826 1730 1907 1769; x_wconf 84' lang='lat' dir='ltr'>est,</span> <span class='ocrx_word' id='word_1_446' title='bbox 1933 1725 2095 1764; x_wconf 82' lang='lat' dir='ltr'>alteram</span> 
     </span>
     <span class='ocr_line' id='line_1_75' title="bbox 1212 1782 2096 1834; baseline 0 -15"><span class='ocrx_word' id='word_1_447' title='bbox 1212 1794 1370 1832; x_wconf 81' lang='lat' dir='ltr'>quoque</span> <span class='ocrx_word' id='word_1_448' title='bbox 1386 1782 1590 1820; x_wconf 86' lang='lat' dir='ltr'>lectionem</span> <span class='ocrx_word' id='word_1_449' title='bbox 1606 1796 1674 1834; x_wconf 87' lang='lat' dir='ltr'>per</span> <span class='ocrx_word' id='word_1_450' title='bbox 1686 1796 1732 1820; x_wconf 90' lang='lat' dir='ltr'>se</span> <span class='ocrx_word' id='word_1_451' title='bbox 1746 1796 1840 1820; x_wconf 85' lang='lat' dir='ltr'>esse</span> <span class='ocrx_word' id='word_1_452' title='bbox 1856 1782 2096 1833; x_wconf 80' lang='lat' dir='ltr'>probandam</span> 
     </span>
     <span class='ocr_line' id='line_1_76' title="bbox 1212 1838 2095 1889; baseline 0.001 -14"><span class='ocrx_word' id='word_1_453' title='bbox 1212 1839 1434 1888; x_wconf 84' lang='lat' dir='ltr'>bonamque</span> <span class='ocrx_word' id='word_1_454' title='bbox 1460 1839 1649 1889; x_wconf 87' lang='lat' dir='ltr'>praebere</span> <span class='ocrx_word' id='word_1_455' title='bbox 1675 1840 1923 1877; x_wconf 81' lang='lat' dir='ltr'>sententiam.</span> <span class='ocrx_word' id='word_1_456' title='bbox 1957 1838 2095 1877; x_wconf 87' lang='lat' dir='ltr'>Semel</span> 
     </span>
     <span class='ocr_line' id='line_1_77' title="bbox 1212 1895 2097 1947; baseline -0.001 -14"><span class='ocrx_word' id='word_1_457' title='bbox 1212 1898 1342 1933; x_wconf 86' lang='lat' dir='ltr'>autem</span> <span class='ocrx_word' id='word_1_458' title='bbox 1368 1896 1402 1932; x_wconf 90' lang='lat' dir='ltr'>in</span> <span class='ocrx_word' id='word_1_459' title='bbox 1429 1895 1574 1933; x_wconf 84' lang='lat' dir='ltr'>talibus</span> <span class='ocrx_word' id='word_1_460' title='bbox 1597 1897 1753 1947; x_wconf 79' lang='lat' dir='ltr'>partim</span> <span class='ocrx_word' id='word_1_461' title='bbox 1779 1895 1901 1933; x_wconf 84' lang='lat' dir='ltr'>omitti</span> <span class='ocrx_word' id='word_1_462' title='bbox 1928 1896 2097 1933; x_wconf 82' lang='lat' dir='ltr'>vidimus</span> 
     </span>
     <span class='ocr_line' id='line_1_78' title="bbox 1213 1950 2096 2003; baseline 0.001 -15"><span class='ocrx_word' id='word_1_463' title='bbox 1213 1951 1265 1989; x_wconf 86' lang='lat' dir='ltr'>ad</span> <span class='ocrx_word' id='word_1_464' title='bbox 1278 1950 1375 1989; x_wconf 81' lang='lat' dir='ltr'>Met.</span> <span class='ocrx_word' id='word_1_465' title='bbox 1391 1950 1458 1989; x_wconf 79' lang='lat' dir='ltr'>lv.</span> <span class='ocrx_word' id='word_1_466' title='bbox 1472 1964 1510 2002; x_wconf 86' lang='lat' dir='ltr'>p.</span> <span class='ocrx_word' id='word_1_467' title='bbox 1521 1956 1613 1993; x_wconf 88' lang='grc'>268.</span> <span class='ocrx_word' id='word_1_468' title='bbox 1625 1956 1718 1992; x_wconf 90' lang='lat'>287.</span> <span class='ocrx_word' id='word_1_469' title='bbox 1734 1951 1929 2003; x_wconf 76' lang='lat' dir='ltr'>interpres</span> <span class='ocrx_word' id='word_1_470' title='bbox 1945 1952 2096 1990; x_wconf 80' lang='lat' dir='ltr'>franco-</span> 
     </span>
     <span class='ocr_line' id='line_1_79' title="bbox 1213 2007 2095 2058; baseline 0 -12"><span class='ocrx_word' id='word_1_471' title='bbox 1213 2007 1343 2058; x_wconf 79' lang='lat' dir='ltr'>gallus</span> <span class='ocrx_word' id='word_1_472' title='bbox 1362 2009 1494 2045; x_wconf 78' lang='lat' dir='ltr'>vertit:</span> <span class='ocrx_word' id='word_1_473' title='bbox 1521 2021 1586 2046; x_wconf 89' lang='lat' dir='ltr'>car</span> <span class='ocrx_word' id='word_1_474' title='bbox 1605 2008 1704 2046; x_wconf 85' lang='lat' dir='ltr'>enfin</span> <span class='ocrx_word' id='word_1_475' title='bbox 1726 2008 1775 2046; x_wconf 89' lang='lat' dir='ltr'>ils</span> <span class='ocrx_word' id='word_1_476' title='bbox 1793 2012 1988 2047; x_wconf 76' lang='lat' dir='ltr'>resterent</span> <span class='ocrx_word' id='word_1_477' title='bbox 2005 2012 2095 2047; x_wconf 88' lang='lat' dir='ltr'>tous</span> 
     </span>
     <span class='ocr_line' id='line_1_80' title="bbox 1214 2063 2096 2114; baseline 0 -12"><span class='ocrx_word' id='word_1_478' title='bbox 1214 2068 1313 2109; x_wconf 84' lang='lat' dir='ltr'>tant,</span> <span class='ocrx_word' id='word_1_479' title='bbox 1352 2064 1466 2114; x_wconf 64' lang='lat' dir='ltr'>quils</span> <span class='ocrx_word' id='word_1_480' title='bbox 1497 2065 1643 2103; x_wconf 72' lang='lat' dir='ltr'>etaient</span> <span class='ocrx_word' id='word_1_481' title='bbox 1671 2063 1773 2103; x_wconf 85' lang='lat' dir='ltr'>&#39;sans</span> <span class='ocrx_word' id='word_1_482' title='bbox 1812 2065 2096 2104; x_wconf 80' lang='lat' dir='ltr'>connaissance</span> 
     </span>
     <span class='ocr_line' id='line_1_81' title="bbox 1216 2121 2098 2172; baseline -0.001 -13"><span class='ocrx_word' id='word_1_483' title='bbox 1216 2125 1257 2159; x_wconf 85' lang='lat' dir='ltr'>et</span> <span class='ocrx_word' id='word_1_484' title='bbox 1287 2134 1439 2159; x_wconf 88' lang='lat' dir='ltr'>comme</span> <span class='ocrx_word' id='word_1_485' title='bbox 1471 2121 1545 2159; x_wconf 87' lang='lat' dir='ltr'>des</span> <span class='ocrx_word' id='word_1_486' title='bbox 1577 2135 1676 2172; x_wconf 74' lang='lat' dir='ltr'>gens</span> <span class='ocrx_word' id='word_1_487' title='bbox 1707 2126 1829 2160; x_wconf 84' lang='lat' dir='ltr'>morts</span> <span class='ocrx_word' id='word_1_488' title='bbox 1854 2121 2020 2160; x_wconf 80' lang='lat' dir='ltr'>etendus</span> <span class='ocrx_word' id='word_1_489' title='bbox 2046 2121 2098 2159; x_wconf 89' lang='lat' dir='ltr'>de</span> 
     </span>
     <span class='ocr_line' id='line_1_82' title="bbox 1217 2178 2098 2218; baseline 0 -2"><span class='ocrx_word' id='word_1_490' title='bbox 1217 2178 1303 2216; x_wconf 73' lang='lat' dir='ltr'>cote</span> <span class='ocrx_word' id='word_1_491' title='bbox 1334 2182 1373 2215; x_wconf 86' lang='lat' dir='ltr'>et</span> <span class='ocrx_word' id='word_1_492' title='bbox 1405 2178 1563 2216; x_wconf 74' lang='lat' dir='ltr'>d&#39;autre.</span> <span class='ocrx_word' id='word_1_493' title='bbox 1589 2178 1760 2217; x_wconf 86' lang='lat' dir='ltr'>Rodius:</span> <span class='ocrx_word' id='word_1_494' title='bbox 1794 2179 1902 2218; x_wconf 83' lang='lat' dir='ltr'>denn</span> <span class='ocrx_word' id='word_1_495' title='bbox 1935 2178 2098 2217; x_wconf 60' lang='lat' dir='ltr'>sti-acles</span> 
     </span>
     <span class='ocr_line' id='line_1_83' title="bbox 1217 2233 2096 2286; baseline 0 -14"><span class='ocrx_word' id='word_1_496' title='bbox 1217 2235 1342 2286; x_wconf 68' lang='lat' dir='ltr'>IusJen</span> <span class='ocrx_word' id='word_1_497' title='bbox 1371 2235 1428 2273; x_wconf 76' lang='lat' dir='ltr'>sie</span> <span class='ocrx_word' id='word_1_498' title='bbox 1459 2233 1687 2274; x_wconf 81' lang='lat' dir='ltr'>allesammt</span> <span class='ocrx_word' id='word_1_499' title='bbox 1716 2236 1791 2274; x_wconf 74' lang='lat' dir='ltr'>wie</span> <span class='ocrx_word' id='word_1_500' title='bbox 1821 2236 1917 2274; x_wconf 81' lang='lat' dir='ltr'>todt</span> <span class='ocrx_word' id='word_1_501' title='bbox 1940 2235 2015 2281; x_wconf 75' lang='lat' dir='ltr'>(la,</span> <span class='ocrx_word' id='word_1_502' title='bbox 2052 2235 2096 2272; x_wconf 84' lang='lat' dir='ltr'>in</span> 
     </span>
     <span class='ocr_line' id='line_1_84' title="bbox 1218 2289 1928 2344; baseline 0.001 -15"><span class='ocrx_word' id='word_1_503' title='bbox 1218 2292 1379 2343; x_wconf 72' lang='lat' dir='ltr'>Sclclaf</span> <span class='ocrx_word' id='word_1_504' title='bbox 1396 2292 1485 2330; x_wconf 80' lang='lat' dir='ltr'>und</span> <span class='ocrx_word' id='word_1_505' title='bbox 1521 2289 1665 2330; x_wconf 70' lang='lat' dir='ltr'>Weine</span> <span class='ocrx_word' id='word_1_506' title='bbox 1691 2291 1928 2344; x_wconf 68' lang='lat' dir='ltr'>beqraben]</span> 
     </span>
    </p>

    <p class='ocr_par' dir='ltr' id='par_1_7' title="bbox 1208 2347 2098 3124">
     <span class='ocr_line' id='line_1_85' title="bbox 1272 2347 2097 2400; baseline 0 -14"><span class='ocrx_word' id='word_1_507' title='bbox 1272 2349 1367 2386; x_wconf 72' lang='lat' dir='ltr'>vino</span> <span class='ocrx_word' id='word_1_508' title='bbox 1392 2349 1550 2399; x_wconf 76' lang='lat' dir='ltr'>sepulti</span> <span class='ocrx_word' id='word_1_509' title='bbox 1574 2348 1778 2387; x_wconf 74' lang='lat' dir='ltr'>iacebant.</span> <span class='ocrx_word' id='word_1_510' title='bbox 1828 2348 1909 2400; x_wconf 89' lang='lat' dir='ltr'>[De</span> <span class='ocrx_word' id='word_1_511' title='bbox 1942 2347 2016 2386; x_wconf 85' lang='lat' dir='ltr'>hac</span> <span class='ocrx_word' id='word_1_512' title='bbox 2042 2347 2097 2386; x_wconf 91' lang='lat' dir='ltr'>lo-</span> 
     </span>
     <span class='ocr_line' id='line_1_86' title="bbox 1217 2404 2098 2456; baseline -0.001 -13"><span class='ocrx_word' id='word_1_513' title='bbox 1217 2404 1372 2443; x_wconf 86' lang='lat' dir='ltr'>cutione</span> <span class='ocrx_word' id='word_1_514' title='bbox 1396 2405 1527 2455; x_wconf 87' lang='lat' dir='ltr'>poetis</span> <span class='ocrx_word' id='word_1_515' title='bbox 1552 2406 1801 2456; x_wconf 88' lang='lat' dir='ltr'>potissimum</span> <span class='ocrx_word' id='word_1_516' title='bbox 1825 2405 1988 2450; x_wconf 83' lang='lat' dir='ltr'>usitata,</span> <span class='ocrx_word' id='word_1_517' title='bbox 2021 2404 2098 2455; x_wconf 82' lang='lat' dir='ltr'>qua</span> 
     </span>
     <span class='ocr_line' id='line_1_87' title="bbox 1217 2461 2096 2512; baseline -0.001 -13"><span class='ocrx_word' id='word_1_518' title='bbox 1217 2462 1310 2499; x_wconf 87' lang='lat' dir='ltr'>ebrii</span> <span class='ocrx_word' id='word_1_519' title='bbox 1335 2462 1598 2512; x_wconf 79' lang='lat' dir='ltr'>significantur</span> <span class='ocrx_word' id='word_1_520' title='bbox 1622 2461 1673 2499; x_wconf 85' lang='lat' dir='ltr'>ad</span> <span class='ocrx_word' id='word_1_521' title='bbox 1697 2465 1862 2500; x_wconf 89' lang='lat' dir='ltr'>mortem</span> <span class='ocrx_word' id='word_1_522' title='bbox 1881 2474 2009 2512; x_wconf 82' lang='lat' dir='ltr'>usque</span> <span class='ocrx_word' id='word_1_523' title='bbox 2030 2461 2096 2499; x_wconf 91' lang='lat' dir='ltr'>de-</span> 
     </span>
     <span class='ocr_line' id='line_1_88' title="bbox 1216 2518 2096 2570; baseline -0.001 -14"><span class='ocrx_word' id='word_1_524' title='bbox 1216 2518 1445 2563; x_wconf 85' lang='lat' dir='ltr'>scendisse,</span> <span class='ocrx_word' id='word_1_525' title='bbox 1473 2532 1590 2569; x_wconf 86' lang='lat' dir='ltr'>quum</span> <span class='ocrx_word' id='word_1_526' title='bbox 1609 2518 1754 2556; x_wconf 84' lang='lat' dir='ltr'>immoti</span> <span class='ocrx_word' id='word_1_527' title='bbox 1775 2519 1915 2570; x_wconf 91' lang='lat' dir='ltr'>suique</span> <span class='ocrx_word' id='word_1_528' title='bbox 1928 2519 2096 2570; x_wconf 88' lang='lat' dir='ltr'>impotes</span> 
     </span>
     <span class='ocr_line' id='line_1_89' title="bbox 1216 2573 2096 2626; baseline 0 -13"><span class='ocrx_word' id='word_1_529' title='bbox 1216 2576 1369 2613; x_wconf 85' lang='lat' dir='ltr'>iaceant</span> <span class='ocrx_word' id='word_1_530' title='bbox 1404 2574 1453 2614; x_wconf 88' lang='lat' dir='ltr'>cs.</span> <span class='ocrx_word' id='word_1_531' title='bbox 1467 2575 1611 2626; x_wconf 52' lang='lat' dir='ltr'>XVagn.</span> <span class='ocrx_word' id='word_1_532' title='bbox 1637 2575 1687 2613; x_wconf 88' lang='lat' dir='ltr'>ad</span> <span class='ocrx_word' id='word_1_533' title='bbox 1702 2575 1809 2625; x_wconf 63' lang='lat' dir='ltr'>Yirg.</span> <span class='ocrx_word' id='word_1_534' title='bbox 1825 2576 1925 2613; x_wconf 84' lang='lat' dir='ltr'>Aen.</span> <span class='ocrx_word' id='word_1_535' title='bbox 1939 2573 1985 2613; x_wconf 89' lang='lat' dir='ltr'>II.</span> <span class='ocrx_word' id='word_1_536' title='bbox 2002 2578 2096 2615; x_wconf 83' lang='lat'>265.</span> 
     </span>
     <span class='ocr_line' id='line_1_90' title="bbox 1215 2631 2096 2684; baseline -0.001 -13"><span class='ocrx_word' id='word_1_537' title='bbox 1215 2632 1425 2671; x_wconf 76' lang='lat' dir='ltr'>Invadunt</span> <span class='ocrx_word' id='word_1_538' title='bbox 1447 2631 1585 2671; x_wconf 82' lang='lat' dir='ltr'>urbem</span> <span class='ocrx_word' id='word_1_539' title='bbox 1609 2646 1750 2670; x_wconf 84' lang='lat' dir='ltr'>somno</span> <span class='ocrx_word' id='word_1_540' title='bbox 1786 2633 2000 2684; x_wconf 80' lang='lat' dir='ltr'>vinoque</span> <span class='ocrx_word' id='word_1_541' title='bbox 2035 2645 2096 2670; x_wconf 80' lang='lat' dir='ltr'>se-</span> 
     </span>
     <span class='ocr_line' id='line_1_91' title="bbox 1208 2687 2096 2740; baseline -0.002 -13"><span class='ocrx_word' id='word_1_542' title='bbox 1208 2689 1424 2740; x_wconf 81' lang='lat' dir='ltr'>pultam,</span> <span class='ocrx_word' id='word_1_543' title='bbox 1457 2688 1521 2739; x_wconf 89' lang='lat' dir='ltr'>qui</span> <span class='ocrx_word' id='word_1_544' title='bbox 1548 2687 1715 2726; x_wconf 88' lang='lat' dir='ltr'>Ennium</span> <span class='ocrx_word' id='word_1_545' title='bbox 1749 2692 1838 2726; x_wconf 78' lang='lat' dir='ltr'>ante</span> <span class='ocrx_word' id='word_1_546' title='bbox 1864 2687 2002 2726; x_wconf 88' lang='lat' dir='ltr'>oculos</span> <span class='ocrx_word' id='word_1_547' title='bbox 2029 2687 2096 2725; x_wconf 85' lang='lat' dir='ltr'>ha-</span> 
     </span>
     <span class='ocr_line' id='line_1_92' title="bbox 1215 2743 2095 2795; baseline -0.001 -13"><span class='ocrx_word' id='word_1_548' title='bbox 1215 2745 1352 2783; x_wconf 87' lang='lat' dir='ltr'>buisse</span> <span class='ocrx_word' id='word_1_549' title='bbox 1379 2745 1531 2783; x_wconf 87' lang='lat' dir='ltr'>videtur</span> <span class='ocrx_word' id='word_1_550' title='bbox 1568 2745 1674 2783; x_wconf 83' lang='lat' dir='ltr'>Aun.</span> <span class='ocrx_word' id='word_1_551' title='bbox 1697 2744 1798 2782; x_wconf 71' lang='lat' dir='ltr'>Vlll.</span> <span class='ocrx_word' id='word_1_552' title='bbox 1830 2758 1867 2795; x_wconf 91' lang='lat' dir='ltr'>p.</span> <span class='ocrx_word' id='word_1_553' title='bbox 1895 2748 1960 2784; x_wconf 85' lang='lat'>83.</span> <span class='ocrx_word' id='word_1_554' title='bbox 1991 2743 2095 2782; x_wconf 84' lang='lat' dir='ltr'>Hes-</span> 
     </span>
     <span class='ocr_line' id='line_1_93' title="bbox 1214 2800 2095 2840; baseline -0.002 0"><span class='ocrx_word' id='word_1_555' title='bbox 1214 2800 1289 2840; x_wconf 89' lang='lat' dir='ltr'>sel.</span> <span class='ocrx_word' id='word_1_556' title='bbox 1329 2802 1453 2840; x_wconf 73' lang='lat' dir='ltr'>Nune</span> <span class='ocrx_word' id='word_1_557' title='bbox 1484 2802 1631 2840; x_wconf 75' lang='lat' dir='ltr'>koslee&#39;s</span> <span class='ocrx_word' id='word_1_558' title='bbox 1662 2802 1757 2840; x_wconf 74' lang='lat' dir='ltr'>vino</span> <span class='ocrx_word' id='word_1_559' title='bbox 1789 2801 1959 2839; x_wconf 66' lang='lat' dir='ltr'>domitet</span> <span class='ocrx_word' id='word_1_560' title='bbox 1993 2814 2095 2839; x_wconf 86' lang='lat' dir='ltr'>som-</span> 
     </span>
     <span class='ocr_line' id='line_1_94' title="bbox 1213 2855 2094 2910; baseline -0.002 -14"><span class='ocrx_word' id='word_1_561' title='bbox 1213 2872 1353 2910; x_wconf 82' lang='lat' dir='ltr'>noque</span> <span class='ocrx_word' id='word_1_562' title='bbox 1367 2858 1592 2910; x_wconf 46' lang='lat' dir='ltr'>sepulte&amp;</span> <span class='ocrx_word' id='word_1_563' title='bbox 1606 2858 1707 2896; x_wconf 87' lang='lat' dir='ltr'>Aen.</span> <span class='ocrx_word' id='word_1_564' title='bbox 1717 2856 1782 2896; x_wconf 75' lang='lat' dir='ltr'>VI.</span> <span class='ocrx_word' id='word_1_565' title='bbox 1800 2861 1894 2897; x_wconf 75' lang='grc'>424.</span> <span class='ocrx_word' id='word_1_566' title='bbox 1909 2855 2094 2908; x_wconf 66' lang='grc' dir='ltr'>Ρωμῃῐ.</span> 
     </span>
     <span class='ocr_line' id='line_1_95' title="bbox 1213 2912 2094 2964; baseline -0.006 -9"><span class='ocrx_word' id='word_1_567' title='bbox 1213 2918 1248 2955; x_wconf 87' lang='grc'>9.</span> <span class='ocrx_word' id='word_1_568' title='bbox 1265 2918 1330 2955; x_wconf 87' lang='grc'>56.</span> <span class='ocrx_word' id='word_1_569' title='bbox 1357 2915 1488 2964; x_wconf 87' lang='lat' dir='ltr'>ibique</span> <span class='ocrx_word' id='word_1_570' title='bbox 1514 2913 1599 2952; x_wconf 87' lang='lat' dir='ltr'>Intt.</span> <span class='ocrx_word' id='word_1_571' title='bbox 1617 2914 1780 2953; x_wconf 88' lang='lat' dir='ltr'>Taubm.</span> <span class='ocrx_word' id='word_1_572' title='bbox 1801 2913 1851 2952; x_wconf 85' lang='lat' dir='ltr'>ad</span> <span class='ocrx_word' id='word_1_573' title='bbox 1872 2912 2001 2952; x_wconf 80' lang='lat' dir='ltr'>Plaut.</span> <span class='ocrx_word' id='word_1_574' title='bbox 2019 2912 2094 2951; x_wconf 83' lang='lat' dir='ltr'>Ca-</span> 
     </span>
     <span class='ocr_line' id='line_1_96' title="bbox 1211 2968 2094 3011; baseline 0 -3"><span class='ocrx_word' id='word_1_575' title='bbox 1211 2973 1283 3009; x_wconf 84' lang='lat' dir='ltr'>sin.</span> <span class='ocrx_word' id='word_1_576' title='bbox 1309 2970 1372 3009; x_wconf 84' lang='grc' dir='ltr'>ΙΙΙ.</span> <span class='ocrx_word' id='word_1_577' title='bbox 1400 2976 1435 3011; x_wconf 84' lang='grc'>5.</span> <span class='ocrx_word' id='word_1_578' title='bbox 1466 2975 1530 3011; x_wconf 78' lang='lat'>15.</span> <span class='ocrx_word' id='word_1_579' title='bbox 1559 2970 1659 3010; x_wconf 80' lang='lat' dir='ltr'>Cios.</span> <span class='ocrx_word' id='word_1_580' title='bbox 1683 2971 1734 3008; x_wconf 87' lang='lat' dir='ltr'>ad</span> <span class='ocrx_word' id='word_1_581' title='bbox 1759 2969 1878 3009; x_wconf 78' lang='lat' dir='ltr'>Ovid.</span> <span class='ocrx_word' id='word_1_582' title='bbox 1904 2970 2002 3008; x_wconf 81' lang='lat' dir='ltr'>Met.</span> <span class='ocrx_word' id='word_1_583' title='bbox 2028 2968 2094 3008; x_wconf 85' lang='lat' dir='ltr'>Ill.</span> 
     </span>
     <span class='ocr_line' id='line_1_97' title="bbox 1212 3026 2093 3078; baseline -0.005 -10"><span class='ocrx_word' id='word_1_584' title='bbox 1212 3031 1306 3068; x_wconf 85' lang='lat'>608.</span> <span class='ocrx_word' id='word_1_585' title='bbox 1331 3027 1430 3065; x_wconf 82' lang='lat' dir='ltr'>Met.</span> <span class='ocrx_word' id='word_1_586' title='bbox 1446 3026 1548 3065; x_wconf 73' lang='lat' dir='ltr'>Vlll.</span> <span class='ocrx_word' id='word_1_587' title='bbox 1577 3041 1612 3078; x_wconf 87' lang='lat' dir='ltr'>p.</span> <span class='ocrx_word' id='word_1_588' title='bbox 1640 3030 1733 3067; x_wconf 85' lang='lat'>539.</span> <span class='ocrx_word' id='word_1_589' title='bbox 1767 3027 1923 3066; x_wconf 74' lang='lat' dir='ltr'>crebris</span> <span class='ocrx_word' id='word_1_590' title='bbox 1948 3026 2093 3078; x_wconf 80' lang='lat' dir='ltr'>potio-</span> 
     </span>
     <span class='ocr_line' id='line_1_98' title="bbox 1210 3082 2091 3124; baseline -0.003 -1"><span class='ocrx_word' id='word_1_591' title='bbox 1210 3085 1330 3124; x_wconf 81' lang='lat' dir='ltr'>nibus</span> <span class='ocrx_word' id='word_1_592' title='bbox 1360 3085 1482 3123; x_wconf 75' lang='lat' dir='ltr'>aride</span> <span class='ocrx_word' id='word_1_593' title='bbox 1512 3089 1550 3123; x_wconf 80' lang='lat' dir='ltr'>et</span> <span class='ocrx_word' id='word_1_594' title='bbox 1579 3097 1718 3124; x_wconf 83' lang='lat' dir='ltr'>secure</span> <span class='ocrx_word' id='word_1_595' title='bbox 1749 3082 2005 3122; x_wconf 74' lang='lat' dir='ltr'>haurientem</span> <span class='ocrx_word' id='word_1_596' title='bbox 2035 3096 2091 3121; x_wconf 86' lang='lat' dir='ltr'>se-</span> 
     </span>
    </p>
   </div>
   <div class='ocr_carea' id='block_1_7' title="bbox 274 3130 2091 3192">
    <p class='ocr_par' dir='ltr' id='par_1_8' title="bbox 274 3130 2091 3192">
     <span class='ocr_line' id='line_1_99' title="bbox 274 3130 2091 3192; baseline 0.009 -28"><span class='ocrx_word' id='word_1_597' title='bbox 274 3130 505 3169; x_wconf 82' lang='lat' dir='ltr'>vocabulum</span> <span class='ocrx_word' id='word_1_598' title='bbox 526 3133 691 3172; x_wconf 80' lang='lat' dir='ltr'>diversis</span> <span class='ocrx_word' id='word_1_599' title='bbox 705 3135 755 3173; x_wconf 83' lang='lat' dir='ltr'>de</span> <span class='ocrx_word' id='word_1_600' title='bbox 769 3137 925 3176; x_wconf 80' lang='lat' dir='ltr'>caussis</span> <span class='ocrx_word' id='word_1_601' title='bbox 939 3143 1150 3188; x_wconf 71' lang='lat' dir='ltr'>repetatur.</span> <span class='ocrx_word' id='word_1_602' title='bbox 1207 3141 1356 3192; x_wconf 73' lang='lat' dir='ltr'>petivit</span> <span class='ocrx_word' id='word_1_603' title='bbox 1379 3141 1439 3180; x_wconf 78' lang='lat' dir='ltr'>ad</span> <span class='ocrx_word' id='word_1_604' title='bbox 1462 3145 1640 3179; x_wconf 81' lang='lat' dir='ltr'>mortem.</span> <span class='ocrx_word' id='word_1_605' title='bbox 1667 3139 1725 3178; x_wconf 83' lang='lat' dir='ltr'>lta</span> <span class='ocrx_word' id='word_1_606' title='bbox 1750 3139 1962 3178; x_wconf 77' lang='lat' dir='ltr'>emendant</span> <span class='ocrx_word' id='word_1_607' title='bbox 1978 3137 2091 3177; x_wconf 71' lang='lat' dir='ltr'>Fest-</span> 
     </span>
    </p>
   </div>
   <div class='ocr_carea' id='block_1_8' title="bbox 2190 0 2221 1139">
    <p class='ocr_par' dir='ltr' id='par_1_9' title="bbox 2190 0 2221 1139">
     <span class='ocr_line' id='line_1_100' title="bbox 2190 0 2221 1139; baseline 0 0"><span class='ocrx_word' id='word_1_608' title='bbox 2190 0 2221 1139; x_wconf 95' lang='lat' dir='ltr'> </span> 
     </span>
    </p>
   </div>
  </div>
 </body>
</html>
