2155 3590
669 133 914 175 LIBERI.
975 132 1101 174 CAP.
1132 133 1250 173 XIX.

1812 133 1867 176 57

77 249 241 303 denique
266 262 354 289 eum
378 248 509 290 vitalis
528 247 638 288 color
654 247 884 289 turbaverat
889 247 920 304 ,Ι
950 255 991 288 ut
1010 247 1104 288 mihi
1122 260 1215 301 prae
1235 253 1341 287 metu
1361 253 1574 287 nocturnas
1595 247 1711 287 etiam
1725 246 1868 288 Furias
1893 253 1933 286 61

76 306 162 346 illas
191 305 425 359 imaginanti
459 305 668 345 frustulum
704 304 814 358 panis
847 305 948 359 quod
971 304 1137 359 primum
1162 316 1426 357 sumpseram,
1460 303 1638 357 quamvis
1664 304 1869 344 admodum

77 362 267 402 modicum
292 362 428 402 mediis
452 361 630 401 faucibus
654 360 900 411 inhaereret,
929 375 974 401 ac
998 374 1124 414 neque
1148 360 1329 400 deorsum
1356 359 1536 400 demeare
1561 374 1687 414 neque
1711 375 1870 401 rursum

77 431 253 458 remeare
277 425 423 472 posset.

478 416 583 458 Nam
614 424 653 457 et
677 416 868 458 crebritas
898 418 983 472 ipsa
1013 416 1312 458 commeantium
1342 423 1487 456 metum
1518 416 1611 456 mihi
1631 416 1866 457 cumulabat.

76 473 174 527 Quis
194 474 296 514 enim
322 475 368 514 de
393 473 542 514 duobus
568 473 749 513 comitum
776 473 942 514 alterum
967 473 1052 514 sine
1083 472 1245 514 alterius
1270 485 1378 512 noxa
1402 480 1642 527 peremptum
1668 474 1870 514 crederet?

74 529 114 571 V
116 544 224 571 erum
248 530 314 570 ille
339 537 383 570 ut
406 530 504 570 satis
529 530 832 571 detruncaverat
859 530 1006 581 cibum,
1035 530 1145 571 sitire
1168 529 1420 585 impatienter
1443 536 1640 584 coeperat.

1701 528 1807 570 Nam
1832 536 1872 571 et

75 658 172 687 calor
185 660 219 689 0.
232 660 347 688 Venet.
362 662 391 688 4.
430 659 590 699 frustum
604 668 634 694 p.
682 662 875 696 sumpserat
885 661 920 689 F.
936 661 966 688 3.
980 661 1016 689 L.
1031 659 1063 698 β.
1102 659 1326 699 facibusF.3.
1373 666 1433 687 nec
1446 665 1579 687 sarsum
1590 661 1625 687 G.
1635 660 1673 687 1).
1721 657 1872 686 brevitas

75 705 110 733 F.
129 706 195 734 La.
210 706 292 733 (Η).
311 706 347 733 Β.
363 714 392 740 p.
408 705 430 734 f.
439 713 475 734 π.
488 708 518 734 et
533 706 602 733 edd.
618 708 692 733 aute
704 706 845 734 Vulcan.
860 707 877 733 ‘2

75 750 106 777 in
127 759 159 784 φ.
178 751 216 778 R.
235 749 268 786 ῥ’.
288 750 323 778 P.

74 796 156 823 qut.
175 797 206 823 2.
227 795 379 822 comitem
397 798 529 833 habeut,
548 800 620 824 cett.
643 794 717 833 cibi7

77 906 318 944 curatissime
343 906 421 957 agit
450 906 500 944 de
524 906 585 944 his
611 904 737 944 oculis
763 906 942 944 distentis

74 965 114 999 et
143 963 271 1012 ruptis
309 961 410 1001 Cort.
444 963 495 1002 ad
518 962 666 1001 Lucan.
691 961 758 1001 Vl.
790 965 853 1003 95.
878 963 943 1000 ubi

73 1018 236 1070 plurima
265 1020 450 1057 invenies.
510 1019 574 1057 De
605 1019 773 1071 pallore
809 1019 943 1058 buxeo

73 1075 186 1126 signo
222 1079 261 1114 et
297 1076 444 1113 timoris
485 1080 523 1114 et
558 1076 690 1113 mortis
727 1074 774 1113 cf.
811 1074 942 1113 Burni.

75 1131 233 1170 Anthol.
263 1131 352 1171 Lat.
385 1130 495 1171 Tom.
526 1131 570 1170 Π.
600 1146 636 1183 p.
663 1135 757 1172 606.
789 1138 827 1169 et
858 1130 942 1168 Intt.

74 1188 122 1226 ad
148 1187 261 1226 Ovid.
286 1188 383 1226 Met.
407 1187 477 1226 IV.
508 1187 614 1239 134]

130 1256 256 1294 color.
289 1254 415 1294 Oxou.
448 1256 651 1293 lectionem
684 1256 810 1300 calor,
844 1269 943 1305 quae

74 1309 234 1350 Pricaeo
259 1312 472 1363 perplacuit
497 1316 536 1349 et
560 1325 608 1349 ex
634 1312 773 1350 Senec.
800 1312 849 1349 de
869 1311 943 1349 Be-

74 1367 148 1406 nef.
174 1367 241 1407 IV.
269 1370 304 1408 6.
331 1372 370 1406 et
388 1367 528 1406 Boeth.
555 1367 582 1407 I.
608 1381 724 1420 prosa
750 1371 785 1408 6.
813 1368 943 1406 confir-

74 1427 212 1465 matur.
237 1423 339 1462 Oud.
365 1425 454 1462 ideo
478 1425 610 1470 reiicit,
649 1424 753 1475 quod
779 1425 944 1464 turbare

76 1481 209 1520 calori
238 1495 314 1519 non
341 1482 561 1526 conveniat,
598 1481 670 1519 sed
696 1482 824 1531 potius
861 1486 941 1519 tor-

69 1542 223 1590 puerat
263 1542 341 1575 tum
384 1551 475 1575 esse
518 1538 763 1576 scribendum
806 1538 857 1575 sit
902 1543 942 1575 ut

75 1594 178 1646 apud
207 1593 354 1632 Lucan.
380 1593 446 1632 IV.
474 1597 566 1634 290.
594 1593 792 1632 claudian.
825 1594 941 1632 cons.

75 1648 188 1689 Proh.
224 1655 263 1688 et
299 1649 435 1702 Olybr.
469 1653 562 1691 269.
602 1650 807 1703 [Torpere
842 1652 942 1689 enim

73 1706 123 1744 (le
150 1707 268 1746 rebus
293 1707 438 1746 djcitur
465 1720 564 1759 quae
594 1708 700 1758 prius
731 1707 881 1746 calidae
907 1712 945 1744 et

74 1763 265 1803 ·1nimatae
290 1764 418 1802 subito
435 1765 649 1815 rigescunt:
674 1766 721 1802 ct.
744 1764 866 1802 Bwh.
893 1764 942 1802 ad

73 1818 187 1858 Ovid.
208 1819 304 1858 Met.
325 1820 374 1858 V.
404 1796 494 1862 196.
522 1819 621 1858 sort.
647 1820 696 1858 ad
720 1819 865 1859 Lucan.
880 1819 947 1860 Ill.

76 1880 169 1921 432,
200 1875 321 1916 Drak.
353 1877 404 1915 ad
433 1876 518 1914 Liv.
533 1875 642 1915 XXI.
665 1881 728 1918 40.
756 1877 786 1928 ξ
803 1876 946 1917 9.1ta

74 1932 178 1985 apud
201 1931 350 1971 Placid.
376 1932 510 1972 Gloss.
538 1946 572 1984 p.
589 1937 680 1973 503.
708 1933 788 1972 Mai
815 1947 942 1972 emen-

74 1989 155 2028 dari
184 1990 324 2041 poterit
353 1989 466 2028 tabes
495 1994 642 2042 torpor
673 1989 767 2041 [ΜΞ.
801 1990 940 2042 orbor]

75 2047 289 2099 sanquinis
341 2049 380 2083 et
426 2045 530 2097 apud
577 2044 692 2084 Ovid.
736 2046 830 2084 Met.
857 2045 942 2085 XII.

67 2106 168 2144 631.
194 2103 338 2141 timore
357 2107 612 2154 torpuerant,
639 2115 754 2153 quum
775 2103 943 2142 horrere.

73 2162 220 2198 tantum
245 2158 295 2197 de
318 2159 434 2196 rebus
459 2158 606 2196 dicatur
630 2171 731 2208 quae
761 2160 867 2211 prius
892 2160 942 2197 ia-

79 2219 166 2254 cent
191 2219 232 2253 et
255 2215 396 2253 deinde
422 2218 584 2265 surgunt
607 2219 648 2252 ut
674 2215 840 2267 comae]

131 2272 377 2311 turbaverat.
427 2271 624 2309 stewech.
667 2285 752 2310 eum
788 2273 824 2309 iu
863 2277 943 2311 tum

73 2332 228 2368 mutans
264 2328 430 2367 turbare
465 2328 684 2365 neutraliter
719 2329 842 2380 accipi
873 2342 942 2365 vo—

74 2385 154 2430 luit,
181 2385 289 2422 cuius
309 2397 406 2423 usus
426 2383 607 2435 exempla
626 2384 807 2422 nonnulla
829 2386 942 2423 etiam

73 2441 177 2493 apud
212 2440 422 2493 Apuleium
457 2445 589 2478 extant
621 2454 720 2490 quae
751 2454 824 2478 suo
855 2439 942 2479 loco

75 2498 319 2542 notabuntur,
352 2497 438 2549 [De
467 2497 633 2536 turbare
659 2496 706 2534 cf.
734 2496 867 2535 Eckst.
894 2497 943 2536 ad

74 2553 197 2593 Voss.
228 2554 347 2592 Arist.
375 2551 545 2592 Tom.ss.
576 2567 612 2604 p.
640 2557 732 2593 735.
760 2553 869 2591 Serv.
895 2553 943 2591 ad

73 2611 171 2649 Aen.
196 2609 263 2649 Vl.
291 2613 383 2650 802.
415 2608 477 2648 Ex
509 2610 647 2647 eodem
672 2623 747 2647 usu
772 2609 941 2648 defendo

74 2666 178 2718 apud
211 2666 317 2718 Xirg.
363 2665 728 2717 Georg.lll.l!13.
773 2666 942 2705 saltibus

74 2724 117 2762 in
148 2724 284 2763 caenis
315 2727 511 2776 pascunt,
555 2723 699 2774 quippe
736 2723 798 2773 qui
832 2722 942 2774 plura

74 2780 158 2818 eius
181 2780 336 2832 generis
361 2779 527 2821 habeat·
560 2779 608 2816 cs.
634 2781 735 2818 Aen.
756 2777 822 2817 IV.
849 2782 941 2819 529.

74 2837 324 2888 e'nyeminant
348 2849 482 2875 curae.
510 2834 654 2886 beorg.
669 2835 695 2874 I.
726 2838 817 2875 133.
843 2835 942 2873 Aen.

74 2890 120 2931 Il.
155 2896 249 2932 235.
293 2894 516 2944 aceinynnt
560 2894 687 2944 operi.
725 2893 824 2930 Aen.
856 2890 941 2929 Vll.

74 2951 167 2988 235.
217 2962 305 2987 cum
354 2950 458 2987 venti
499 2962 684 3000 posuere.
734 2947 875 3000 Georg.
913 2946 942 2986 1.

75 3007 166 3045 479.
192 3006 336 3044 sistant
365 3014 507 3044 ammes.
569 3005 751 3043 Attamen
777 3018 852 3042 non
878 3017 941 3042 ne-

75 3062 244 3099 cessaria
286 3060 479 3100 Stewech.
524 3060 771 3113 emendatio]
830 3060 941 3100 Bene

74 3117 171 3155 enim
214 3117 380 3155 defensa
420 3122 482 3156 est
519 3118 631 3156 lectio
669 3118 717 3156 ab
753 3115 855 3156 Oud.
892 3131 941 3156 ex

382 750 459 787 ipsa
477 753 568 780 abest
588 757 607 779 a
626 751 662 778 G.
681 751 717 778 P.
777 751 981 778 mutantium

737 796 850 824 Heins-
865 797 905 825 ad
920 797 1012 825 ovid.
1028 799 1104 825 Met.
1117 798 1156 825 V.
1172 798 1247 825 450.
1260 797 1418 824 emendat.

884 715 905 734 .:
931 713 1013 739 quae
1027 706 1123 734 lectio
1137 710 1206 734 orta
1219 709 1265 734 est
1280 713 1322 733 ex
1334 706 1500 740 scriptura
1512 703 1672 740 eremitas,
1687 711 1770 738 qnae
1783 707 1873 733 extat

1000 759 1030 785 p.
1090 750 1246 778 comitum
1265 751 1301 779 F.
1316 752 1346 780 1.
1367 746 1397 778 3.
1417 752 1453 779 G.
1468 751 1506 779 D.
1520 751 1556 779 B.
1571 750 1641 779 edd.
1654 752 1731 778 vett.
1744 753 1873 784 praeter

1000 905 1127 946 Plaut.
1159 906 1307 958 Epidio.
1334 905 1401 944 IV.
1432 904 1458 945 l.
1486 909 1550 946 33.
1576 909 1616 944 et
1639 904 1741 944 Gell.
1762 903 1870 943 XIX.

1002 962 1028 1001 l.
1061 962 1186 1001 Simili
1223 963 1509 1001 constructione
1542 976 1640 1001 usus
1669 966 1732 1000 est
1760 962 1873 1013 Apu-

1001 1019 1101 1058 leius
1150 1019 1244 1057 Met.
1283 1019 1330 1057 V.
1377 1033 1415 1071 p.
1459 1022 1551 1060 354.
1601 1019 1872 1072 praeyvzatio·

1002 1091 1087 1115 uem
1131 1077 1347 1115 maturarit
1386 1080 1522 1115 uterus
1563 1090 1631 1127 pro
1663 1089 1872 1128 praequa-

1003 1134 1060 1170 tio
1102 1134 1206 1171 uteri
1247 1137 1451 1171 maturata
1488 1137 1553 1171 est.
1598 1131 1666 1170 XI.
1703 1145 1740 1183 p.
1778 1135 1871 1172 781.

1001 1202 1094 1227 vam
1136 1202 1194 1226 me
1231 1190 1404 1240 teqmine
1445 1189 1698 1240 spoliat-erat
1738 1190 1873 1228 asinus

1002 1259 1070 1296 pro
1102 1245 1356 1295 despoliatus
1386 1246 1561 1296 teyun'ne
1585 1246 1700 1283 ast'm'.
1759 1243 1874 1283 Unde

1002 1300 1196 1339 infelicem
1229 1305 1390 1352 apparet
1421 1314 1514 1339 esse
1533 1300 1672 1339 Markl.
1704 1301 1753 1339 ad
1773 1301 1871 1339 Stat.

1003 1356 1099 1395 Silv.
1126 1357 1151 1395 I.
1184 1361 1219 1398 3.
1250 1361 1339 1397 103.
1372 1359 1576 1395 correctio:
1621 1371 1708 1396 enm
1740 1358 1874 1397 letalis

1004 1414 1120 1453 color
1158 1418 1398 1465 turpat-erat
1433 1426 1548 1464 quum
1587 1414 1721 1453 letalis
1757 1414 1874 1453 color

1003 1485 1077 1508 non
1110 1471 1160 1508 sit
1192 1470 1270 1507 leto
1302 1469 1453 1510 similis,
1486 1470 1548 1507 vel
1577 1470 1731 1519 qualem
1755 1470 1874 1508 habet

1001 1531 1185 1565 mortuus.
1201 1527 1274 1564 sed
1301 1528 1363 1577 qni
1388 1531 1547 1564 mortem
1572 1526 1718 1571 afferat,
1745 1540 1874 1577 quam-

1003 1597 1116 1635 quam
1143 1583 1308 1622 turbare
1333 1587 1372 1621 et
1397 1588 1568 1634 turpare
1593 1584 1627 1620 in
1654 1583 1766 1622 codd.
1787 1596 1873 1621 sae-

1001 1642 1088 1692 pius
1126 1644 1394 1693 permutantur.
1438 1639 1581 1678 Boeth.
1622 1640 1671 1678 de
1715 1638 1872 1678 consol.

1003 1696 1152 1735 Philos.
1190 1697 1225 1734 in
1257 1697 1316 1735 tin.
1345 1699 1486 1748 fronte
1516 1696 1701 1735 turbatus
1730 1697 1794 1734 ubi
1826 1695 1873 1735 cs.

1003 1753 1086 1791 Iutt.
1113 1758 1152 1791 et
1176 1752 1315 1791 Markt.
1343 1753 1391 1790 ad
1420 1753 1442 1791 Ι.
1469 1752 1532 1805 c.].

1058 1821 1265 1859 crebritas.
1327 1819 1381 1859 lta
1422 1819 1525 1858 Oud.
1562 1820 1744 1865 restituit,
1787 1834 1873 1860 cum

1002 1877 1137 1916 Heius.
1164 1878 1212 1915 ad
1232 1876 1346 1915 ovid.
1372 1876 1469 1914 Met.
1486 1876 1552 1915 lv,
1574 1880 1638 1917 46.
1661 1877 1874 1916 celebritas

1002 1934 1204 1986 praeferat.
1236 1932 1450 1983 Utrumque
1475 1946 1543 1983 per
1562 1946 1608 1970 se
1632 1934 1793 1984 probum
1813 1938 1874 1972 est

1002 1990 1069 2042 [cf.
1091 1990 1218 2028 Doed.
1245 1990 1340 2040 Syn.
1357 1988 1383 2026 I.
1416 2003 1451 2040 p.
1468 1993 1532 2029 23.
1558 2003 1618 2040 sq.
1644 1988 1874 2028 Lectionem

1002 2047 1103 2085 Mss.
1132 2047 1304 2085 brevitas
1329 2058 1378 2083 ex
1402 2046 1541 2084 vitiosa
1571 2047 1761 2096 scriptura
1792 2061 1873 2085 cre-

1003 2104 1106 2142 bitas
1137 2107 1306 2141 exortam
1335 2116 1428 2140 esse
1454 2106 1546 2153 puto
1572 2102 1622 2140 (le
1647 2116 1723 2153 qua
1748 2103 1873 2142 dicam

1002 2160 1051 2198 ad
1076 2174 1111 2211 p.
1141 2159 1222 2212 67.]

1059 2217 1246 2255 comitam
1282 2216 1344 2254 hic
1381 2219 1512 2254 contra
1549 2214 1651 2254 Oud.
1690 2215 1872 2255 defendo.

1002 2272 1092 2311 Alia
1117 2274 1217 2311 enim
1249 2277 1310 2311 est
1333 2273 1429 2311 ratio
1456 2271 1531 2310 loci
1560 2271 1657 2310 Met.
1684 2271 1711 2310 I.
1743 2286 1779 2324 p.
1809 2277 1872 2314 16.

1000 2329 1064 2367 ubi
1085 2330 1276 2379 genitivus
1296 2329 1401 2367 nullo
1416 2328 1531 2366 modo
1546 2332 1698 2380 poterat
1711 2331 1872 2368 retineri.

1058 2388 1155 2425 sat1's
1180 2386 1321 2425 cibam.
1347 2384 1484 2424 Heius.
1509 2385 1558 2423 ad
1577 2384 1691 2423 Ovid.
1712 2385 1808 2425 Met.
1823 2386 1871 2424 V.

1003 2446 1095 2482 450.
1127 2442 1230 2480 male
1257 2443 1338 2481 cibi
1362 2441 1558 2493 praetulit,
1595 2442 1688 2480 mire
1715 2442 1873 2488 oblitus,

1002 2500 1099 2537 satis
1124 2499 1378 2549 eiusdemque
1404 2499 1557 2549 generis
1584 2499 1768 2537 adverbia
1785 2511 1872 2537 sae-

1002 2568 1053 2606 pe
1079 2554 1261 2594 absolute
1298 2555 1400 2608 poni,
1439 2558 1479 2592 ut
1508 2555 1793 2593 substantivum
1822 2555 1872 2593 ab

1001 2611 1075 2649 alio
1112 2613 1264 2650 nomine
1299 2611 1360 2649 vel
1399 2611 1514 2648 verbo
1546 2611 1786 2662 dependeat:
1824 2611 1871 2650 ef.

1000 2667 1084 2707 lntt.
1121 2668 1168 2706 ad
1202 2668 1303 2719 Nep.
1341 2667 1479 2719 Epam.
1512 2667 1579 2705 IV.
1618 2667 1648 2718 ξ.
1675 2671 1711 2709 6.
1741 2667 1870 2706 Burni.

1001 2725 1051 2763 ad
1075 2724 1164 2762 val.
1191 2724 1322 2763 Flac-c.
1338 2723 1404 2762 IV.
1432 2728 1524 2764 546.
1550 2723 1657 2774 Virg.
1683 2724 1783 2763 Aen.
1804 2722 1869 2762 111.

1002 2784 1094 2821 348.
1119 2781 1223 2819 Duk.
1249 2781 1299 2818 ad
1323 2779 1408 2818 Liv.
1436 2778 1462 2817 l.
1497 2783 1559 2819 16.
1592 2779 1622 2829 δ.
1649 2783 1686 2819 8.
1713 2779 1871 2832 [quibus

1003 2837 1104 2875 adde
1142 2838 1258 2876 Goer.
1296 2837 1344 2874 ad
1381 2834 1458 2874 (fic.
1497 2835 1547 2874 de
1577 2834 1700 2874 Finib.
1726 2836 1772 2875 II.
1805 2840 1871 2878 26.

1002 2908 1037 2945 p.
1053 2898 1145 2934 248.
1168 2898 1205 2931 et
1224 2895 1256 2931 si
1277 2893 1368 2931 tanti
1385 2897 1458 2936 est,
1477 2891 1606 2930 Klotz.
1622 2893 1658 2929 in
1672 2891 1777 2932 Iahn.
1792 2894 1872 2932 An-

1002 2950 1074 2989 nal.
1103 2950 1194 3001 phil.
1219 2953 1336 2990 1833.
1359 2948 1447 2986 Vol.
1461 2947 1566 2986 VIII.
1582 2947 1676 2987 fasc.
1692 2948 1718 2988 I.
1734 2963 1770 3000 p.
1789 2951 1869 3003 16.]

1056 3009 1223 3048 lenis—
1238 3007 1354 3045 Levis
1380 3005 1483 3054 quod
1509 3004 1592 3046 cod.
1611 3004 1714 3045 Pith.
1738 3007 1870 3051 habet,

999 3065 1215 3103 sententiae
1263 3062 1336 3099 loci
1387 3068 1585 3113 repugnat.
1651 3062 1726 3101 Est
1769 3064 1869 3101 enim

1000 3122 1118 3166 celer,
1144 3120 1205 3158 hic
1229 3132 1321 3156 vero
1339 3119 1475 3157 fluvius
1495 3120 1702 3159 admodum
1724 3120 1870 3159 tardas
