<?xml version="1.0" encoding="UTF-8"?>
<!DOCTYPE html PUBLIC "-//W3C//DTD XHTML 1.0 Transitional//EN"
    "http://www.w3.org/TR/xhtml1/DTD/xhtml1-transitional.dtd">
<html xmlns="http://www.w3.org/1999/xhtml" xml:lang="en" lang="en">
 <head>
  <title>
</title>
<meta http-equiv="Content-Type" content="text/html;charset=utf-8" />
  <meta name='ocr-system' content='tesseract 3.04.00' />
  <meta name='ocr-capabilities' content='ocr_page ocr_carea ocr_par ocr_line ocrx_word'/>
</head>
<body>
  <div class='ocr_page' id='page_1' title='image "./operaomnia01apuluoft/operaomnia01apuluoft_0544.png"; bbox 0 0 2221 3667; ppageno 0'>
   <div class='ocr_carea' id='block_1_1' title="bbox 312 162 394 206">
    <p class='ocr_par' dir='ltr' id='par_1_1' title="bbox 312 162 394 206">
     <span class='ocr_line' id='line_1_1' title="bbox 312 162 394 206; baseline -0.012 0"><span class='ocrx_word' id='word_1_1' title='bbox 312 162 394 206; x_wconf 84' lang='lat'>378</span> 
     </span>
    </p>
   </div>
   <div class='ocr_carea' id='block_1_2' title="bbox 577 165 1862 208">
    <p class='ocr_par' dir='ltr' id='par_1_2' title="bbox 577 165 1862 208">
     <span class='ocr_line' id='line_1_2' title="bbox 577 165 1862 208; baseline -0.002 -1"><span class='ocrx_word' id='word_1_2' title='bbox 577 167 623 207; x_wconf 88' lang='lat' dir='ltr'>L.</span> <span class='ocrx_word' id='word_1_3' title='bbox 655 168 871 208; x_wconf 76' lang='lat' dir='ltr'>APULEll</span> <span class='ocrx_word' id='word_1_4' title='bbox 902 166 1296 208; x_wconf 64' lang='lat' dir='ltr'><strong>MADAURENSIS</strong></span> <span class='ocrx_word' id='word_1_5' title='bbox 1327 165 1862 207; x_wconf 81' lang='lat' dir='ltr'><strong>METAMORPHOSEON</strong></span> 
     </span>
    </p>
   </div>
   <div class='ocr_carea' id='block_1_3' title="bbox 311 277 2087 333">
    <p class='ocr_par' dir='ltr' id='par_1_3' title="bbox 311 277 2087 333">
     <span class='ocr_line' id='line_1_3' title="bbox 311 277 2087 333; baseline 0.002 -17"><span class='ocrx_word' id='word_1_6' title='bbox 311 284 354 317; x_wconf 85' lang='lat' dir='ltr'>et</span> <span class='ocrx_word' id='word_1_7' title='bbox 365 277 461 318; x_wconf 78' lang='lat' dir='ltr'>satis</span> <span class='ocrx_word' id='word_1_8' title='bbox 476 279 631 320; x_wconf 89' lang='lat' dir='ltr'>curiosa</span> <span class='ocrx_word' id='word_1_9' title='bbox 648 281 733 322; x_wconf 84' lang='lat' dir='ltr'>avis</span> <span class='ocrx_word' id='word_1_10' title='bbox 748 281 786 321; x_wconf 89' lang='lat' dir='ltr'>in</span> <span class='ocrx_word' id='word_1_11' title='bbox 802 282 958 321; x_wconf 84' lang='lat' dir='ltr'>auribus</span> <span class='ocrx_word' id='word_1_12' title='bbox 970 279 1136 320; x_wconf 86' lang='lat' dir='ltr'>Veneris</span> <span class='ocrx_word' id='word_1_13' title='bbox 1139 278 1506 333; x_wconf 74' lang='lat' dir='ltr'>filiz&#39;collacerans</span> <span class='ocrx_word' id='word_1_14' title='bbox 1519 279 1845 321; x_wconf 79' lang='lat' dir='ltr'>existimationem</span> <span class='ocrx_word' id='word_1_15' title='bbox 1862 278 2087 332; x_wconf 79' lang='lat' dir='ltr'>ganniebat.</span> 
     </span>
    </p>
   </div>
   <div class='ocr_carea' id='block_1_4' title="bbox 310 380 2089 467">
    <p class='ocr_par' dir='ltr' id='par_1_4' title="bbox 310 380 2089 467">
     <span class='ocr_line' id='line_1_4' title="bbox 316 380 2088 422; baseline 0.002 -13"><span class='ocrx_word' id='word_1_16' title='bbox 316 380 456 411; x_wconf 64' lang='lat' dir='ltr'>Veneris</span> <span class='ocrx_word' id='word_1_17' title='bbox 470 382 638 412; x_wconf 60' lang='lat' dir='ltr'>lacet-nter</span> <span class='ocrx_word' id='word_1_18' title='bbox 650 387 766 419; x_wconf 64' lang='lat' dir='ltr'>legitur</span> <span class='ocrx_word' id='word_1_19' title='bbox 778 388 809 414; x_wconf 85' lang='lat' dir='ltr'>in</span> <span class='ocrx_word' id='word_1_20' title='bbox 826 388 899 414; x_wconf 85' lang='lat' dir='ltr'>G.1.</span> <span class='ocrx_word' id='word_1_21' title='bbox 914 393 933 414; x_wconf 76' lang='lat' dir='ltr'>a</span> <span class='ocrx_word' id='word_1_22' title='bbox 946 393 984 413; x_wconf 92' lang='lat' dir='ltr'>m.</span> <span class='ocrx_word' id='word_1_23' title='bbox 999 393 1040 419; x_wconf 69' lang='grc' dir='ltr'>ιι,</span> <span class='ocrx_word' id='word_1_24' title='bbox 1055 386 1111 413; x_wconf 89' lang='lat' dir='ltr'>sed</span> <span class='ocrx_word' id='word_1_25' title='bbox 1125 385 1246 413; x_wconf 75' lang='lat' dir='ltr'>lineola</span> <span class='ocrx_word' id='word_1_26' title='bbox 1261 386 1373 414; x_wconf 84' lang='lat' dir='ltr'>deinde</span> <span class='ocrx_word' id='word_1_27' title='bbox 1386 387 1553 415; x_wconf 82' lang='lat' dir='ltr'>obductum</span> <span class='ocrx_word' id='word_1_28' title='bbox 1568 389 1626 415; x_wconf 80' lang='lat' dir='ltr'>est.</span> <span class='ocrx_word' id='word_1_29' title='bbox 1653 383 1728 422; x_wconf 75' lang='lat' dir='ltr'>filii</span> <span class='ocrx_word' id='word_1_30' title='bbox 1741 384 1896 412; x_wconf 66' lang='lat' dir='ltr'>lar-crans</span> <span class='ocrx_word' id='word_1_31' title='bbox 1909 385 1944 413; x_wconf 76' lang='lat' dir='ltr'>F.</span> <span class='ocrx_word' id='word_1_32' title='bbox 1957 386 1983 413; x_wconf 85' lang='lat'>1.</span> <span class='ocrx_word' id='word_1_33' title='bbox 1999 385 2088 413; x_wconf 85' lang='lat' dir='ltr'>Colv.</span> 
     </span>
     <span class='ocr_line' id='line_1_5' title="bbox 310 426 2089 467; baseline -0.001 -10"><span class='ocrx_word' id='word_1_34' title='bbox 310 428 406 457; x_wconf 78' lang='lat' dir='ltr'>Vuic.</span> <span class='ocrx_word' id='word_1_35' title='bbox 421 431 640 465; x_wconf 77' lang='lat' dir='ltr'>⁴2.F.1m.quod</span> <span class='ocrx_word' id='word_1_36' title='bbox 656 432 750 460; x_wconf 76' lang='lat' dir='ltr'>etiam</span> <span class='ocrx_word' id='word_1_37' title='bbox 767 432 892 459; x_wconf 55' lang='lat' dir='ltr'>alodius</span> <span class='ocrx_word' id='word_1_38' title='bbox 906 430 1039 458; x_wconf 69' lang='lat' dir='ltr'>coniecit</span> <span class='ocrx_word' id='word_1_39' title='bbox 1056 434 1083 457; x_wconf 78' lang='lat' dir='ltr'>ei</span> <span class='ocrx_word' id='word_1_40' title='bbox 1098 430 1148 457; x_wconf 75' lang='lat' dir='ltr'>vir</span> <span class='ocrx_word' id='word_1_41' title='bbox 1161 431 1273 458; x_wconf 78' lang='lat' dir='ltr'>doctus</span> <span class='ocrx_word' id='word_1_42' title='bbox 1294 431 1325 458; x_wconf 87' lang='lat' dir='ltr'>in</span> <span class='ocrx_word' id='word_1_43' title='bbox 1345 438 1443 467; x_wconf 83' lang='lat' dir='ltr'>marg.</span> <span class='ocrx_word' id='word_1_44' title='bbox 1463 432 1510 459; x_wconf 88' lang='lat' dir='ltr'>ed.</span> <span class='ocrx_word' id='word_1_45' title='bbox 1526 432 1650 460; x_wconf 76' lang='lat' dir='ltr'>Vicent.</span> <span class='ocrx_word' id='word_1_46' title='bbox 1674 434 1707 459; x_wconf 91' lang='lat' dir='ltr'>ln</span> <span class='ocrx_word' id='word_1_47' title='bbox 1722 431 1838 458; x_wconf 75' lang='lat' dir='ltr'>ceteris</span> <span class='ocrx_word' id='word_1_48' title='bbox 1853 426 2089 466; x_wconf 74' lang='lat' dir='ltr'>legiturfilt&#39;um</span> 
     </span>
    </p>
   </div>
   <div class='ocr_carea' id='block_1_5' title="bbox 307 471 768 558">
    <p class='ocr_par' dir='ltr' id='par_1_5' title="bbox 307 471 768 558">
     <span class='ocr_line' id='line_1_6' title="bbox 311 471 478 503; baseline 0.018 -4"><span class='ocrx_word' id='word_1_49' title='bbox 311 471 478 503; x_wconf 75' lang='lat' dir='ltr'>lacerans.</span> 
     </span>
     <span class='ocr_line' id='line_1_7' title="bbox 307 518 768 558; baseline 0.011 -14"><span class='ocrx_word' id='word_1_50' title='bbox 307 518 459 556; x_wconf 76' lang='lat' dir='ltr'><em>gemebat</em></span> <span class='ocrx_word' id='word_1_51' title='bbox 473 528 529 555; x_wconf 82' lang='lat' dir='ltr'>pro</span> <span class='ocrx_word' id='word_1_52' title='bbox 540 520 721 558; x_wconf 72' lang='lat' dir='ltr'>ganm‘eoae</span> <span class='ocrx_word' id='word_1_53' title='bbox 734 523 768 549; x_wconf 88' lang='lat' dir='ltr'>B.</span> 
     </span>
    </p>
   </div>
   <div class='ocr_carea' id='block_1_6' title="bbox 289 596 1172 3244">
    <p class='ocr_par' dir='ltr' id='par_1_6' title="bbox 306 596 1172 1267">
     <span class='ocr_line' id='line_1_8' title="bbox 311 596 1171 648; baseline 0 -15"><span class='ocrx_word' id='word_1_54' title='bbox 311 607 347 645; x_wconf 89' lang='lat' dir='ltr'>p.</span> <span class='ocrx_word' id='word_1_55' title='bbox 383 598 446 635; x_wconf 82' lang='grc'>21.</span> <span class='ocrx_word' id='word_1_56' title='bbox 478 596 539 634; x_wconf 89' lang='lat' dir='ltr'>bic</span> <span class='ocrx_word' id='word_1_57' title='bbox 569 601 725 648; x_wconf 87' lang='lat' dir='ltr'>propter</span> <span class='ocrx_word' id='word_1_58' title='bbox 755 600 871 633; x_wconf 87' lang='lat' dir='ltr'>totum</span> <span class='ocrx_word' id='word_1_59' title='bbox 898 596 1171 634; x_wconf 84' lang='lat' dir='ltr'>sententiarum</span> 
     </span>
     <span class='ocr_line' id='line_1_9' title="bbox 311 651 1172 704; baseline 0.001 -15"><span class='ocrx_word' id='word_1_60' title='bbox 311 664 449 690; x_wconf 71' lang='lat' dir='ltr'>nexuun</span> <span class='ocrx_word' id='word_1_61' title='bbox 476 652 560 691; x_wconf 80' lang='lat' dir='ltr'>ferri</span> <span class='ocrx_word' id='word_1_62' title='bbox 587 654 726 704; x_wconf 85' lang='lat' dir='ltr'>nequit.</span> <span class='ocrx_word' id='word_1_63' title='bbox 765 651 1095 701; x_wconf 81' lang='lat' dir='ltr'>Frequentissima</span> <span class='ocrx_word' id='word_1_64' title='bbox 1120 658 1172 690; x_wconf 87' lang='lat' dir='ltr'>ta-</span> 
     </span>
     <span class='ocr_line' id='line_1_10' title="bbox 310 706 1172 752; baseline 0 -6"><span class='ocrx_word' id='word_1_65' title='bbox 310 721 398 747; x_wconf 81' lang='lat' dir='ltr'>men</span> <span class='ocrx_word' id='word_1_66' title='bbox 419 712 480 746; x_wconf 83' lang='lat' dir='ltr'>est</span> <span class='ocrx_word' id='word_1_67' title='bbox 500 709 597 747; x_wconf 87' lang='lat' dir='ltr'>haec</span> <span class='ocrx_word' id='word_1_68' title='bbox 611 706 881 745; x_wconf 78' lang='lat' dir='ltr'>vocabulorum</span> <span class='ocrx_word' id='word_1_69' title='bbox 903 707 1097 752; x_wconf 75' lang='lat' dir='ltr'>confusio,</span> <span class='ocrx_word' id='word_1_70' title='bbox 1124 709 1172 746; x_wconf 89' lang='lat' dir='ltr'>de</span> 
     </span>
     <span class='ocr_line' id='line_1_11' title="bbox 312 762 1170 815; baseline 0.001 -13"><span class='ocrx_word' id='word_1_71' title='bbox 312 778 386 815; x_wconf 86' lang='lat' dir='ltr'>qua</span> <span class='ocrx_word' id='word_1_72' title='bbox 412 765 457 802; x_wconf 79' lang='lat' dir='ltr'>cf.</span> <span class='ocrx_word' id='word_1_73' title='bbox 484 765 628 802; x_wconf 79' lang='lat' dir='ltr'>D&#39;Orv.</span> <span class='ocrx_word' id='word_1_74' title='bbox 657 764 704 800; x_wconf 92' lang='lat' dir='ltr'>ad</span> <span class='ocrx_word' id='word_1_75' title='bbox 727 762 871 802; x_wconf 69' lang='lat' dir='ltr'>sbarit.</span> <span class='ocrx_word' id='word_1_76' title='bbox 891 762 954 801; x_wconf 60' lang='lat' dir='ltr'>lx.</span> <span class='ocrx_word' id='word_1_77' title='bbox 972 768 1007 803; x_wconf 75' lang='lat'>2.</span> <span class='ocrx_word' id='word_1_78' title='bbox 1028 778 1062 815; x_wconf 92' lang='lat' dir='ltr'>p.</span> <span class='ocrx_word' id='word_1_79' title='bbox 1078 769 1170 805; x_wconf 79' lang='lat'>4⁴24.</span> 
     </span>
     <span class='ocr_line' id='line_1_12' title="bbox 311 818 1170 871; baseline 0.002 -14"><span class='ocrx_word' id='word_1_80' title='bbox 311 820 372 859; x_wconf 90' lang='lat' dir='ltr'>ed.</span> <span class='ocrx_word' id='word_1_81' title='bbox 397 820 506 871; x_wconf 87' lang='lat' dir='ltr'>Lips.</span> <span class='ocrx_word' id='word_1_82' title='bbox 534 820 622 858; x_wconf 65' lang='lat' dir='ltr'>Var.</span> <span class='ocrx_word' id='word_1_83' title='bbox 654 818 780 857; x_wconf 88' lang='lat' dir='ltr'>Lectt.</span> <span class='ocrx_word' id='word_1_84' title='bbox 807 818 913 865; x_wconf 66' lang='lat' dir='ltr'>Yirg.</span> <span class='ocrx_word' id='word_1_85' title='bbox 942 820 1083 871; x_wconf 67' lang='lat' dir='ltr'>Georg.</span> <span class='ocrx_word' id='word_1_86' title='bbox 1111 820 1170 859; x_wconf 84' lang='grc' dir='ltr'><strong>ΙΙΙ.</strong></span> 
     </span>
     <span class='ocr_line' id='line_1_13' title="bbox 311 874 1170 926; baseline -0.002 -9"><span class='ocrx_word' id='word_1_87' title='bbox 311 880 402 917; x_wconf 89' lang='grc'><strong>561.</strong></span> <span class='ocrx_word' id='word_1_88' title='bbox 421 878 514 914; x_wconf 78' lang='lat' dir='ltr'>Aen.</span> <span class='ocrx_word' id='word_1_89' title='bbox 530 875 589 913; x_wconf 86' lang='grc' dir='ltr'><strong>ΙΙΙ.</strong></span> <span class='ocrx_word' id='word_1_90' title='bbox 607 874 771 915; x_wconf 77' lang='lat' dir='ltr'>593.1ta</span> <span class='ocrx_word' id='word_1_91' title='bbox 785 875 888 926; x_wconf 85' lang='lat' dir='ltr'>apud</span> <span class='ocrx_word' id='word_1_92' title='bbox 904 875 1058 915; x_wconf 81' lang='lat' dir='ltr'><strong>Terent.</strong></span> <span class='ocrx_word' id='word_1_93' title='bbox 1075 876 1170 915; x_wconf 87' lang='lat' dir='ltr'>Eun.</span> 
     </span>
     <span class='ocr_line' id='line_1_14' title="bbox 309 932 1172 981; baseline 0.003 -12"><span class='ocrx_word' id='word_1_94' title='bbox 309 933 358 971; x_wconf 61' lang='lat' dir='ltr'>Y.</span> <span class='ocrx_word' id='word_1_95' title='bbox 374 938 410 972; x_wconf 78' lang='lat'>4.</span> <span class='ocrx_word' id='word_1_96' title='bbox 435 938 496 972; x_wconf 81' lang='lat'>15.</span> <span class='ocrx_word' id='word_1_97' title='bbox 524 932 727 981; x_wconf 74' lang='lat' dir='ltr'>legendum</span> <span class='ocrx_word' id='word_1_98' title='bbox 755 936 832 970; x_wconf 85' lang='lat' dir='ltr'>est:</span> <span class='ocrx_word' id='word_1_99' title='bbox 860 932 1017 971; x_wconf 77' lang='lat' dir='ltr'>Harum</span> <span class='ocrx_word' id='word_1_100' title='bbox 1038 934 1172 972; x_wconf 75' lang='lat' dir='ltr'>videre</span> 
     </span>
     <span class='ocr_line' id='line_1_15' title="bbox 310 984 1172 1040; baseline 0.001 -13"><span class='ocrx_word' id='word_1_101' title='bbox 310 989 541 1033; x_wconf 68' lang='lat' dir='ltr'>illuviem,</span> <span class='ocrx_word' id='word_1_102' title='bbox 566 989 717 1033; x_wconf 76' lang='lat' dir='ltr'>sordes,</span> <span class='ocrx_word' id='word_1_103' title='bbox 732 989 912 1040; x_wconf 75' lang='lat' dir='ltr'>inopiae.</span> <span class='ocrx_word' id='word_1_104' title='bbox 924 984 1000 1026; x_wconf 77' lang='lat' dir='ltr'>&#39;De</span> <span class='ocrx_word' id='word_1_105' title='bbox 1017 989 1172 1029; x_wconf 64' lang='lat' dir='ltr'>illut-tes</span> 
     </span>
     <span class='ocr_line' id='line_1_16' title="bbox 307 1044 1169 1095; baseline 0.002 -13"><span class='ocrx_word' id='word_1_106' title='bbox 307 1058 373 1095; x_wconf 84' lang='lat' dir='ltr'>pro</span> <span class='ocrx_word' id='word_1_107' title='bbox 387 1045 566 1082; x_wconf 75' lang='lat' dir='ltr'>sordibus</span> <span class='ocrx_word' id='word_1_108' title='bbox 581 1044 682 1081; x_wconf 91' lang='lat' dir='ltr'>dicto</span> <span class='ocrx_word' id='word_1_109' title='bbox 710 1044 759 1083; x_wconf 88' lang='lat' dir='ltr'>cf.</span> <span class='ocrx_word' id='word_1_110' title='bbox 774 1058 873 1095; x_wconf 89' lang='lat' dir='ltr'>quae</span> <span class='ocrx_word' id='word_1_111' title='bbox 888 1045 965 1083; x_wconf 85' lang='lat' dir='ltr'>dixi</span> <span class='ocrx_word' id='word_1_112' title='bbox 979 1046 1026 1083; x_wconf 86' lang='lat' dir='ltr'>ad</span> <span class='ocrx_word' id='word_1_113' title='bbox 1040 1045 1132 1084; x_wconf 79' lang='lat' dir='ltr'>Met.</span> <span class='ocrx_word' id='word_1_114' title='bbox 1143 1045 1169 1084; x_wconf 85' lang='lat' dir='ltr'>l.</span> 
     </span>
     <span class='ocr_line' id='line_1_17' title="bbox 308 1100 1171 1152; baseline 0.006 -16"><span class='ocrx_word' id='word_1_115' title='bbox 308 1114 342 1151; x_wconf 89' lang='lat' dir='ltr'>p.</span> <span class='ocrx_word' id='word_1_116' title='bbox 370 1104 432 1140; x_wconf 83' lang='lat'>31.</span> <span class='ocrx_word' id='word_1_117' title='bbox 477 1100 522 1139; x_wconf 85' lang='lat' dir='ltr'>cs.</span> <span class='ocrx_word' id='word_1_118' title='bbox 551 1101 684 1139; x_wconf 80' lang='lat' dir='ltr'>Gloss.</span> <span class='ocrx_word' id='word_1_119' title='bbox 711 1100 796 1139; x_wconf 86' lang='lat' dir='ltr'>Lat.</span> <span class='ocrx_word' id='word_1_120' title='bbox 823 1115 858 1152; x_wconf 90' lang='lat' dir='ltr'>p.</span> <span class='ocrx_word' id='word_1_121' title='bbox 889 1105 976 1142; x_wconf 74' lang='lat'>116.</span> <span class='ocrx_word' id='word_1_122' title='bbox 1003 1103 1171 1142; x_wconf 74' lang='lat' dir='ltr'>inluvies</span> 
     </span>
     <span class='ocr_line' id='line_1_18' title="bbox 306 1155 1170 1209; baseline 0.002 -15"><span class='ocrx_word' id='word_1_123' title='bbox 306 1156 484 1204; x_wconf 75' lang='grc' dir='ltr'>ἁλουσία,</span> <span class='ocrx_word' id='word_1_124' title='bbox 517 1155 660 1209; x_wconf 59' lang='lat' dir='ltr'>tiozo-la,</span> <span class='ocrx_word' id='word_1_125' title='bbox 687 1158 750 1195; x_wconf 85' lang='lat' dir='ltr'>ubi</span> <span class='ocrx_word' id='word_1_126' title='bbox 776 1158 940 1196; x_wconf 86' lang='lat' dir='ltr'>emendo</span> <span class='ocrx_word' id='word_1_127' title='bbox 967 1156 1170 1209; x_wconf 67' lang='grc' dir='ltr'><em>ἀκομιστίη</em></span> 
     </span>
     <span class='ocr_line' id='line_1_19' title="bbox 306 1211 590 1267; baseline 0.014 -18"><span class='ocrx_word' id='word_1_128' title='bbox 306 1212 365 1251; x_wconf 80' lang='lat' dir='ltr'>vel</span> <span class='ocrx_word' id='word_1_129' title='bbox 393 1211 590 1267; x_wconf 61' lang='grc' dir='ltr'>ἀκοσμία]</span> 
     </span>
    </p>

    <p class='ocr_par' dir='ltr' id='par_1_7' title="bbox 289 1270 1171 3244">
     <span class='ocr_line' id='line_1_20' title="bbox 358 1270 1169 1323; baseline 0.001 -15"><span class='ocrx_word' id='word_1_130' title='bbox 358 1271 583 1323; x_wconf 80' lang='lat' dir='ltr'>foederum.</span> <span class='ocrx_word' id='word_1_131' title='bbox 635 1270 900 1323; x_wconf 75' lang='lat' dir='ltr'>[Stewecbius</span> <span class='ocrx_word' id='word_1_132' title='bbox 926 1272 1169 1310; x_wconf 82' lang='lat' dir='ltr'>scribendum</span> 
     </span>
     <span class='ocr_line' id='line_1_21' title="bbox 305 1328 1171 1380; baseline 0.002 -16"><span class='ocrx_word' id='word_1_133' title='bbox 305 1340 398 1364; x_wconf 84' lang='lat' dir='ltr'>esse</span> <span class='ocrx_word' id='word_1_134' title='bbox 435 1331 569 1365; x_wconf 85' lang='lat' dir='ltr'>censet</span> <span class='ocrx_word' id='word_1_135' title='bbox 609 1330 813 1380; x_wconf 79' lang='lat' dir='ltr'>foetorum</span> <span class='ocrx_word' id='word_1_136' title='bbox 848 1328 909 1365; x_wconf 81' lang='lat' dir='ltr'>vel</span> <span class='ocrx_word' id='word_1_137' title='bbox 950 1329 1171 1380; x_wconf 80' lang='lat' dir='ltr'>foedorum</span> 
     </span>
     <span class='ocr_line' id='line_1_22' title="bbox 305 1385 1168 1436; baseline 0.003 -16"><span class='ocrx_word' id='word_1_138' title='bbox 305 1396 402 1421; x_wconf 86' lang='lat' dir='ltr'>voce</span> <span class='ocrx_word' id='word_1_139' title='bbox 417 1385 527 1435; x_wconf 82' lang='lat' dir='ltr'>quasi</span> <span class='ocrx_word' id='word_1_140' title='bbox 545 1385 760 1434; x_wconf 83' lang='lat' dir='ltr'>composita</span> <span class='ocrx_word' id='word_1_141' title='bbox 775 1398 823 1423; x_wconf 85' lang='lat' dir='ltr'>ex</span> <span class='ocrx_word' id='word_1_142' title='bbox 834 1385 964 1436; x_wconf 80' lang='lat' dir='ltr'>foedo</span> <span class='ocrx_word' id='word_1_143' title='bbox 979 1389 1018 1422; x_wconf 88' lang='lat' dir='ltr'>et</span> <span class='ocrx_word' id='word_1_144' title='bbox 1033 1385 1168 1423; x_wconf 76' lang='lat' dir='ltr'>odore.</span> 
     </span>
     <span class='ocr_line' id='line_1_23' title="bbox 303 1439 1167 1492; baseline 0.001 -15"><span class='ocrx_word' id='word_1_145' title='bbox 303 1439 391 1478; x_wconf 87' lang='lat' dir='ltr'>Hoc</span> <span class='ocrx_word' id='word_1_146' title='bbox 420 1454 494 1477; x_wconf 91' lang='lat' dir='ltr'>uno</span> <span class='ocrx_word' id='word_1_147' title='bbox 527 1440 708 1490; x_wconf 86' lang='lat' dir='ltr'>exemplo</span> <span class='ocrx_word' id='word_1_148' title='bbox 735 1442 808 1478; x_wconf 92' lang='lat' dir='ltr'>iam</span> <span class='ocrx_word' id='word_1_149' title='bbox 833 1445 965 1492; x_wconf 85' lang='lat' dir='ltr'>potest</span> <span class='ocrx_word' id='word_1_150' title='bbox 996 1441 1167 1491; x_wconf 71' lang='lat' dir='ltr'>intelligi,</span> 
     </span>
     <span class='ocr_line' id='line_1_24' title="bbox 305 1497 1168 1548; baseline 0.002 -15"><span class='ocrx_word' id='word_1_151' title='bbox 305 1509 417 1547; x_wconf 91' lang='lat' dir='ltr'>quam</span> <span class='ocrx_word' id='word_1_152' title='bbox 449 1510 567 1548; x_wconf 81' lang='lat' dir='ltr'>prave</span> <span class='ocrx_word' id='word_1_153' title='bbox 604 1497 639 1534; x_wconf 92' lang='lat' dir='ltr'>in</span> <span class='ocrx_word' id='word_1_154' title='bbox 667 1497 875 1548; x_wconf 72' lang='lat' dir='ltr'>Apuleium</span> <span class='ocrx_word' id='word_1_155' title='bbox 908 1497 1168 1535; x_wconf 83' lang='lat' dir='ltr'>consuluerint</span> 
     </span>
     <span class='ocr_line' id='line_1_25' title="bbox 303 1553 1166 1604; baseline 0.001 -15"><span class='ocrx_word' id='word_1_156' title='bbox 303 1553 553 1604; x_wconf 66' lang='lat' dir='ltr'>interpretes,</span> <span class='ocrx_word' id='word_1_157' title='bbox 592 1554 652 1604; x_wconf 90' lang='lat' dir='ltr'>qui</span> <span class='ocrx_word' id='word_1_158' title='bbox 686 1567 778 1604; x_wconf 86' lang='lat' dir='ltr'>prae</span> <span class='ocrx_word' id='word_1_159' title='bbox 809 1554 967 1592; x_wconf 86' lang='lat' dir='ltr'>mirabili</span> <span class='ocrx_word' id='word_1_160' title='bbox 1001 1554 1166 1603; x_wconf 81' lang='lat' dir='ltr'>quadam</span> 
     </span>
     <span class='ocr_line' id='line_1_26' title="bbox 303 1610 1166 1661; baseline 0 -14"><span class='ocrx_word' id='word_1_161' title='bbox 303 1610 544 1648; x_wconf 86' lang='lat' dir='ltr'>coniectandi</span> <span class='ocrx_word' id='word_1_162' title='bbox 604 1611 913 1661; x_wconf 82' lang='lat' dir='ltr'>emendandiqne</span> <span class='ocrx_word' id='word_1_163' title='bbox 961 1611 1166 1661; x_wconf 65' lang='lat' dir='ltr'>prurigine,</span> 
     </span>
     <span class='ocr_line' id='line_1_27' title="bbox 303 1665 1165 1716; baseline 0.001 -13"><span class='ocrx_word' id='word_1_164' title='bbox 303 1665 487 1716; x_wconf 85' lang='lat' dir='ltr'>quidquid</span> <span class='ocrx_word' id='word_1_165' title='bbox 522 1666 557 1704; x_wconf 88' lang='lat' dir='ltr'>in</span> <span class='ocrx_word' id='word_1_166' title='bbox 595 1671 761 1705; x_wconf 85' lang='lat' dir='ltr'>mentem</span> <span class='ocrx_word' id='word_1_167' title='bbox 799 1667 929 1705; x_wconf 83' lang='lat' dir='ltr'>stolidi</span> <span class='ocrx_word' id='word_1_168' title='bbox 967 1668 1165 1712; x_wconf 79' lang='lat' dir='ltr'>veniebat,</span> 
     </span>
     <span class='ocr_line' id='line_1_28' title="bbox 304 1722 1165 1775; baseline 0 -15"><span class='ocrx_word' id='word_1_169' title='bbox 304 1722 470 1772; x_wconf 89' lang='lat' dir='ltr'>Apuleio</span> <span class='ocrx_word' id='word_1_170' title='bbox 527 1723 661 1760; x_wconf 88' lang='lat' dir='ltr'>intrudi</span> <span class='ocrx_word' id='word_1_171' title='bbox 715 1738 835 1775; x_wconf 75' lang='lat' dir='ltr'>posse</span> <span class='ocrx_word' id='word_1_172' title='bbox 884 1724 1165 1762; x_wconf 74' lang='lat' dir='ltr'>existimabant.</span> 
     </span>
     <span class='ocr_line' id='line_1_29' title="bbox 302 1777 1165 1830; baseline 0.001 -15"><span class='ocrx_word' id='word_1_173' title='bbox 302 1777 400 1824; x_wconf 81' lang='lat' dir='ltr'>Quis</span> <span class='ocrx_word' id='word_1_174' title='bbox 415 1780 512 1817; x_wconf 88' lang='lat' dir='ltr'>enim</span> <span class='ocrx_word' id='word_1_175' title='bbox 529 1779 606 1817; x_wconf 87' lang='lat' dir='ltr'>tale</span> <span class='ocrx_word' id='word_1_176' title='bbox 620 1780 797 1818; x_wconf 80' lang='lat' dir='ltr'>vocabuli</span> <span class='ocrx_word' id='word_1_177' title='bbox 812 1784 1036 1824; x_wconf 79' lang='lat' dir='ltr'>monstrum,</span> <span class='ocrx_word' id='word_1_178' title='bbox 1064 1779 1165 1830; x_wconf 79' lang='lat' dir='ltr'>quod</span> 
     </span>
     <span class='ocr_line' id='line_1_30' title="bbox 300 1836 1165 1887; baseline 0.001 -15"><span class='ocrx_word' id='word_1_179' title='bbox 300 1848 323 1872; x_wconf 83' lang='lat' dir='ltr'>a</span> <span class='ocrx_word' id='word_1_180' title='bbox 363 1848 460 1873; x_wconf 82' lang='lat' dir='ltr'>sana</span> <span class='ocrx_word' id='word_1_181' title='bbox 497 1837 789 1887; x_wconf 72' lang='lat' dir='ltr'>compositionis</span> <span class='ocrx_word' id='word_1_182' title='bbox 835 1850 963 1874; x_wconf 87' lang='lat' dir='ltr'>norma</span> <span class='ocrx_word' id='word_1_183' title='bbox 1007 1836 1165 1881; x_wconf 75' lang='lat' dir='ltr'>recedit,</span> 
     </span>
     <span class='ocr_line' id='line_1_31' title="bbox 298 1892 1166 1944; baseline 0 -15"><span class='ocrx_word' id='word_1_184' title='bbox 298 1904 465 1941; x_wconf 83' lang='lat' dir='ltr'>unquam</span> <span class='ocrx_word' id='word_1_185' title='bbox 491 1892 652 1942; x_wconf 82' lang='lat' dir='ltr'>probet?</span> <span class='ocrx_word' id='word_1_186' title='bbox 677 1892 802 1931; x_wconf 81' lang='lat' dir='ltr'>Recte</span> <span class='ocrx_word' id='word_1_187' title='bbox 828 1892 929 1930; x_wconf 88' lang='lat' dir='ltr'>Oud.</span> <span class='ocrx_word' id='word_1_188' title='bbox 952 1894 1166 1944; x_wconf 76' lang='lat' dir='ltr'>foederum</span> 
     </span>
     <span class='ocr_line' id='line_1_32' title="bbox 298 1948 1166 1999; baseline -0.002 -14"><span class='ocrx_word' id='word_1_189' title='bbox 298 1948 506 1999; x_wconf 79' lang='lat' dir='ltr'>explicavit</span> <span class='ocrx_word' id='word_1_190' title='bbox 526 1949 830 1987; x_wconf 89' lang='lat' dir='ltr'>coniunctionum</span> <span class='ocrx_word' id='word_1_191' title='bbox 851 1954 889 1987; x_wconf 87' lang='lat' dir='ltr'>et</span> <span class='ocrx_word' id='word_1_192' title='bbox 909 1948 1166 1986; x_wconf 82' lang='lat' dir='ltr'>matrimonio-</span> 
     </span>
     <span class='ocr_line' id='line_1_33' title="bbox 296 2005 1166 2057; baseline 0.001 -16"><span class='ocrx_word' id='word_1_193' title='bbox 296 2018 396 2049; x_wconf 91' lang='lat' dir='ltr'>rum,</span> <span class='ocrx_word' id='word_1_194' title='bbox 423 2005 530 2043; x_wconf 85' lang='lat' dir='ltr'>cuius</span> <span class='ocrx_word' id='word_1_195' title='bbox 544 2005 833 2056; x_wconf 78' lang='lat' dir='ltr'>significationis</span> <span class='ocrx_word' id='word_1_196' title='bbox 847 2005 1027 2057; x_wconf 86' lang='lat' dir='ltr'>exempla</span> <span class='ocrx_word' id='word_1_197' title='bbox 1044 2005 1166 2043; x_wconf 84' lang='lat' dir='ltr'>lexica</span> 
     </span>
     <span class='ocr_line' id='line_1_34' title="bbox 297 2060 1164 2111; baseline 0.001 -13"><span class='ocrx_word' id='word_1_198' title='bbox 297 2062 495 2111; x_wconf 82' lang='lat' dir='ltr'>praebent.</span> <span class='ocrx_word' id='word_1_199' title='bbox 515 2060 721 2100; x_wconf 82' lang='lat' dir='ltr'>Praeterea</span> <span class='ocrx_word' id='word_1_200' title='bbox 735 2061 1164 2101; x_wconf 78' lang='lat' dir='ltr'>cl&#39;.Intt.adNemesian.</span> 
     </span>
     <span class='ocr_line' id='line_1_35' title="bbox 299 2116 1164 2169; baseline 0.002 -14"><span class='ocrx_word' id='word_1_201' title='bbox 299 2116 444 2169; x_wconf 75' lang='lat' dir='ltr'>Cyneg.</span> <span class='ocrx_word' id='word_1_202' title='bbox 473 2121 539 2157; x_wconf 72' lang='lat'>24.</span> <span class='ocrx_word' id='word_1_203' title='bbox 567 2117 633 2156; x_wconf 88' lang='lat' dir='ltr'>Dr.</span> <span class='ocrx_word' id='word_1_204' title='bbox 659 2119 706 2156; x_wconf 89' lang='lat' dir='ltr'>ad</span> <span class='ocrx_word' id='word_1_205' title='bbox 736 2119 817 2157; x_wconf 82' lang='lat' dir='ltr'>Liv.</span> <span class='ocrx_word' id='word_1_206' title='bbox 839 2118 900 2157; x_wconf 89' lang='lat' dir='ltr'>Ill.</span> <span class='ocrx_word' id='word_1_207' title='bbox 922 2123 982 2158; x_wconf 91' lang='lat'>18.</span> <span class='ocrx_word' id='word_1_208' title='bbox 1008 2118 1164 2157; x_wconf 82' lang='lat' dir='ltr'>Ruhnk.</span> 
     </span>
     <span class='ocr_line' id='line_1_36' title="bbox 297 2173 1163 2225; baseline 0 -13"><span class='ocrx_word' id='word_1_209' title='bbox 297 2174 345 2212; x_wconf 84' lang='lat' dir='ltr'>ad</span> <span class='ocrx_word' id='word_1_210' title='bbox 384 2173 496 2212; x_wconf 76' lang='lat' dir='ltr'>Ovid.</span> <span class='ocrx_word' id='word_1_211' title='bbox 535 2173 624 2213; x_wconf 89' lang='lat' dir='ltr'>Her.</span> <span class='ocrx_word' id='word_1_212' title='bbox 651 2174 715 2212; x_wconf 68' lang='lat' dir='ltr'>IV.</span> <span class='ocrx_word' id='word_1_213' title='bbox 746 2180 834 2216; x_wconf 77' lang='grc'><strong>147.</strong></span> <span class='ocrx_word' id='word_1_214' title='bbox 872 2189 908 2225; x_wconf 87' lang='lat' dir='ltr'>p.</span> <span class='ocrx_word' id='word_1_215' title='bbox 935 2179 998 2215; x_wconf 72' lang='lat'>32.</span> <span class='ocrx_word' id='word_1_216' title='bbox 1047 2175 1163 2213; x_wconf 80' lang='lat' dir='ltr'>Mart.</span> 
     </span>
     <span class='ocr_line' id='line_1_37' title="bbox 299 2229 1164 2283; baseline 0.001 -15"><span class='ocrx_word' id='word_1_217' title='bbox 299 2229 446 2281; x_wconf 75' lang='lat' dir='ltr'>Capell.</span> <span class='ocrx_word' id='word_1_218' title='bbox 480 2229 505 2268; x_wconf 88' lang='lat' dir='ltr'>l.</span> <span class='ocrx_word' id='word_1_219' title='bbox 543 2230 572 2280; x_wconf 65' lang='grc' dir='ltr'>δ.</span> <span class='ocrx_word' id='word_1_220' title='bbox 610 2236 643 2270; x_wconf 90' lang='lat'>1.</span> <span class='ocrx_word' id='word_1_221' title='bbox 678 2232 884 2283; x_wconf 82' lang='lat' dir='ltr'>foedere</span> <span class='ocrx_word' id='word_1_222' title='bbox 920 2232 1164 2280; x_wconf 71' lang='lat' dir='ltr'>complacito</span> 
     </span>
     <span class='ocr_line' id='line_1_38' title="bbox 296 2288 1162 2339; baseline 0 -14"><span class='ocrx_word' id='word_1_223' title='bbox 296 2288 368 2326; x_wconf 76' lang='lat' dir='ltr'>sub</span> <span class='ocrx_word' id='word_1_224' title='bbox 396 2301 478 2339; x_wconf 84' lang='lat' dir='ltr'>qao</span> <span class='ocrx_word' id='word_1_225' title='bbox 503 2292 650 2326; x_wconf 79' lang='lat' dir='ltr'>natura</span> <span class='ocrx_word' id='word_1_226' title='bbox 677 2290 856 2339; x_wconf 56' lang='lat' dir='ltr'>inflatur.</span> <span class='ocrx_word' id='word_1_227' title='bbox 884 2288 902 2337; x_wconf 55' lang='lat' dir='ltr'>,Q</span> <span class='ocrx_word' id='word_1_228' title='bbox 929 2292 992 2328; x_wconf 86' lang='lat'>23.</span> <span class='ocrx_word' id='word_1_229' title='bbox 1019 2288 1162 2326; x_wconf 76' lang='lat' dir='ltr'>Philo-</span> 
     </span>
     <span class='ocr_line' id='line_1_39' title="bbox 298 2343 1162 2396; baseline -0.001 -14"><span class='ocrx_word' id='word_1_230' title='bbox 298 2344 470 2395; x_wconf 34' lang='lat' dir='ltr'>lonqiam,</span> <span class='ocrx_word' id='word_1_231' title='bbox 497 2343 547 2382; x_wconf 78' lang='lat' dir='ltr'>de</span> <span class='ocrx_word' id='word_1_232' title='bbox 574 2358 654 2396; x_wconf 79' lang='lat' dir='ltr'>qua</span> <span class='ocrx_word' id='word_1_233' title='bbox 677 2345 857 2396; x_wconf 81' lang='lat' dir='ltr'>foedus</span> <span class='ocrx_word' id='word_1_234' title='bbox 882 2344 1070 2383; x_wconf 76' lang='lat' dir='ltr'>instabat.</span> <span class='ocrx_word' id='word_1_235' title='bbox 1121 2344 1162 2381; x_wconf 83' lang='lat' dir='ltr'>Si</span> 
     </span>
     <span class='ocr_line' id='line_1_40' title="bbox 295 2399 1163 2452; baseline 0.001 -15"><span class='ocrx_word' id='word_1_236' title='bbox 295 2413 380 2438; x_wconf 91' lang='lat' dir='ltr'>cnm</span> <span class='ocrx_word' id='word_1_237' title='bbox 396 2399 618 2438; x_wconf 80' lang='lat' dir='ltr'>stewechio</span> <span class='ocrx_word' id='word_1_238' title='bbox 635 2401 810 2452; x_wconf 77' lang='lat' dir='ltr'>foedera</span> <span class='ocrx_word' id='word_1_239' title='bbox 833 2415 899 2451; x_wconf 84' lang='lat' dir='ltr'>pro</span> <span class='ocrx_word' id='word_1_240' title='bbox 917 2401 1163 2439; x_wconf 82' lang='lat' dir='ltr'>matrimoniis</span> 
     </span>
     <span class='ocr_line' id='line_1_41' title="bbox 295 2455 1161 2508; baseline -0.001 -14"><span class='ocrx_word' id='word_1_241' title='bbox 295 2455 553 2507; x_wconf 75' lang='lat' dir='ltr'>displicerent,</span> <span class='ocrx_word' id='word_1_242' title='bbox 562 2456 700 2495; x_wconf 83' lang='lat' dir='ltr'>melius</span> <span class='ocrx_word' id='word_1_243' title='bbox 711 2457 897 2508; x_wconf 88' lang='lat' dir='ltr'>explicari</span> <span class='ocrx_word' id='word_1_244' title='bbox 906 2462 1083 2508; x_wconf 80' lang='lat' dir='ltr'>possent,</span> <span class='ocrx_word' id='word_1_245' title='bbox 1093 2470 1161 2507; x_wconf 89' lang='lat' dir='ltr'>pro</span> 
     </span>
     <span class='ocr_line' id='line_1_42' title="bbox 292 2511 1160 2565; baseline 0.002 -16"><span class='ocrx_word' id='word_1_246' title='bbox 292 2512 554 2550; x_wconf 81' lang='lat' dir='ltr'>foeditatibus.</span> <span class='ocrx_word' id='word_1_247' title='bbox 604 2512 721 2551; x_wconf 83' lang='lat' dir='ltr'>Extat</span> <span class='ocrx_word' id='word_1_248' title='bbox 747 2514 845 2550; x_wconf 91' lang='lat' dir='ltr'>enim</span> <span class='ocrx_word' id='word_1_249' title='bbox 873 2513 981 2552; x_wconf 85' lang='lat' dir='ltr'>locus</span> <span class='ocrx_word' id='word_1_250' title='bbox 1007 2511 1160 2565; x_wconf 77' lang='lat' dir='ltr'>Elpiau.</span> 
     </span>
     <span class='ocr_line' id='line_1_43' title="bbox 292 2568 1160 2619; baseline 0 -12"><span class='ocrx_word' id='word_1_251' title='bbox 292 2568 381 2619; x_wconf 81' lang='lat' dir='ltr'>Dig.</span> <span class='ocrx_word' id='word_1_252' title='bbox 404 2568 548 2607; x_wconf 85' lang='lat' dir='ltr'>XXlll.</span> <span class='ocrx_word' id='word_1_253' title='bbox 576 2574 612 2609; x_wconf 83' lang='lat'>2.</span> <span class='ocrx_word' id='word_1_254' title='bbox 639 2574 703 2610; x_wconf 73' lang='lat'>47.</span> <span class='ocrx_word' id='word_1_255' title='bbox 730 2570 818 2609; x_wconf 78' lang='lat' dir='ltr'>Nec</span> <span class='ocrx_word' id='word_1_256' title='bbox 844 2571 945 2609; x_wconf 75' lang='lat' dir='ltr'>enim</span> <span class='ocrx_word' id='word_1_257' title='bbox 971 2571 1099 2609; x_wconf 74' lang='lat' dir='ltr'>honos</span> <span class='ocrx_word' id='word_1_258' title='bbox 1124 2571 1160 2608; x_wconf 81' lang='grc' dir='ltr'>εἰ</span> 
     </span>
     <span class='ocr_line' id='line_1_44' title="bbox 293 2627 1160 2679; baseline 0 -14"><span class='ocrx_word' id='word_1_259' title='bbox 293 2630 494 2671; x_wconf 73' lang='lat' dir='ltr'>servatur,</span> <span class='ocrx_word' id='word_1_260' title='bbox 534 2641 639 2678; x_wconf 81' lang='lat' dir='ltr'>qaae</span> <span class='ocrx_word' id='word_1_261' title='bbox 668 2641 707 2666; x_wconf 86' lang='lat' dir='ltr'>se</span> <span class='ocrx_word' id='word_1_262' title='bbox 738 2628 778 2664; x_wconf 81' lang='lat' dir='ltr'>in</span> <span class='ocrx_word' id='word_1_263' title='bbox 805 2631 958 2666; x_wconf 80' lang='lat' dir='ltr'>tantam</span> <span class='ocrx_word' id='word_1_264' title='bbox 981 2627 1160 2679; x_wconf 79' lang='lat' dir='ltr'>foedas</span> 
     </span>
     <span class='ocr_line' id='line_1_45' title="bbox 293 2682 1159 2735; baseline 0 -15"><span class='ocrx_word' id='word_1_265' title='bbox 293 2682 486 2728; x_wconf 72' lang='lat' dir='ltr'>deduxit,</span> <span class='ocrx_word' id='word_1_266' title='bbox 512 2683 575 2720; x_wconf 91' lang='lat' dir='ltr'>ubi</span> <span class='ocrx_word' id='word_1_267' title='bbox 598 2684 771 2735; x_wconf 80' lang='lat' dir='ltr'>foedas:</span> <span class='ocrx_word' id='word_1_268' title='bbox 794 2684 1159 2735; x_wconf 77' lang='lat' dir='ltr'>foeditateminter-</span> 
     </span>
     <span class='ocr_line' id='line_1_46' title="bbox 291 2739 1160 2789; baseline 0.001 -13"><span class='ocrx_word' id='word_1_269' title='bbox 291 2742 504 2789; x_wconf 86' lang='lat' dir='ltr'>pretantur,</span> <span class='ocrx_word' id='word_1_270' title='bbox 530 2739 603 2778; x_wconf 86' lang='lat' dir='ltr'>sed</span> <span class='ocrx_word' id='word_1_271' title='bbox 618 2739 889 2778; x_wconf 63' lang='lat' dir='ltr'>Torrentsine</span> <span class='ocrx_word' id='word_1_272' title='bbox 915 2739 1030 2777; x_wconf 87' lang='lat' dir='ltr'>dnbio</span> <span class='ocrx_word' id='word_1_273' title='bbox 1056 2743 1160 2777; x_wconf 82' lang='lat' dir='ltr'>recte</span> 
     </span>
     <span class='ocr_line' id='line_1_47' title="bbox 292 2795 1160 2849; baseline 0 -16"><span class='ocrx_word' id='word_1_274' title='bbox 292 2795 421 2834; x_wconf 77' lang='lat' dir='ltr'>scelus</span> <span class='ocrx_word' id='word_1_275' title='bbox 458 2796 677 2835; x_wconf 81' lang='lat' dir='ltr'>emendavit</span> <span class='ocrx_word' id='word_1_276' title='bbox 713 2796 776 2834; x_wconf 75' lang='lat' dir='ltr'>vel</span> <span class='ocrx_word' id='word_1_277' title='bbox 818 2797 947 2847; x_wconf 88' lang='lat' dir='ltr'>potius</span> <span class='ocrx_word' id='word_1_278' title='bbox 984 2797 1160 2849; x_wconf 77' lang='lat' dir='ltr'>foedam</span> 
     </span>
     <span class='ocr_line' id='line_1_48' title="bbox 291 2849 1159 2905; baseline 0.003 -17"><span class='ocrx_word' id='word_1_279' title='bbox 291 2849 498 2900; x_wconf 79' lang='lat' dir='ltr'>legendum</span> <span class='ocrx_word' id='word_1_280' title='bbox 524 2857 596 2891; x_wconf 86' lang='lat' dir='ltr'>est.</span> <span class='ocrx_word' id='word_1_281' title='bbox 644 2852 699 2891; x_wconf 74' lang='lat' dir='ltr'>At</span> <span class='ocrx_word' id='word_1_282' title='bbox 727 2853 955 2905; x_wconf 70' lang='lat' dir='ltr'>squalentia</span> <span class='ocrx_word' id='word_1_283' title='bbox 983 2853 1159 2905; x_wconf 81' lang='lat' dir='ltr'>foedera</span> 
     </span>
     <span class='ocr_line' id='line_1_49' title="bbox 291 2909 1157 2960; baseline 0.001 -16"><span class='ocrx_word' id='word_1_284' title='bbox 291 2911 381 2945; x_wconf 83' lang='lat' dir='ltr'>sunt</span> <span class='ocrx_word' id='word_1_285' title='bbox 395 2909 617 2948; x_wconf 87' lang='lat' dir='ltr'>inconcinna</span> <span class='ocrx_word' id='word_1_286' title='bbox 632 2910 869 2948; x_wconf 83' lang='lat' dir='ltr'>matrimonia</span> <span class='ocrx_word' id='word_1_287' title='bbox 882 2922 1007 2960; x_wconf 88' lang='lat' dir='ltr'>eaque</span> <span class='ocrx_word' id='word_1_288' title='bbox 1021 2909 1157 2960; x_wconf 84' lang='lat' dir='ltr'>turpia,</span> 
     </span>
     <span class='ocr_line' id='line_1_50' title="bbox 292 2964 1157 3016; baseline 0.002 -16"><span class='ocrx_word' id='word_1_289' title='bbox 292 2964 1157 3016; x_wconf 72' lang='lat' dir='ltr'>qnaesineVenerisGratiarumqueconsensu</span> 
     </span>
     <span class='ocr_line' id='line_1_51' title="bbox 291 3020 1155 3074; baseline 0.002 -18"><span class='ocrx_word' id='word_1_290' title='bbox 291 3020 533 3070; x_wconf 88' lang='lat' dir='ltr'>copulantur,</span> <span class='ocrx_word' id='word_1_291' title='bbox 559 3023 739 3074; x_wconf 85' lang='lat' dir='ltr'>omnique</span> <span class='ocrx_word' id='word_1_292' title='bbox 761 3022 892 3074; x_wconf 89' lang='lat' dir='ltr'>lepore</span> <span class='ocrx_word' id='word_1_293' title='bbox 908 3035 952 3061; x_wconf 88' lang='lat' dir='ltr'>ac</span> <span class='ocrx_word' id='word_1_294' title='bbox 964 3023 1155 3059; x_wconf 73' lang='lat' dir='ltr'>suavitate</span> 
     </span>
     <span class='ocr_line' id='line_1_52' title="bbox 291 3079 1155 3121; baseline 0.001 -7"><span class='ocrx_word' id='word_1_295' title='bbox 291 3080 437 3121; x_wconf 80' lang='lat' dir='ltr'>carent,</span> <span class='ocrx_word' id='word_1_296' title='bbox 464 3082 553 3115; x_wconf 77' lang='lat' dir='ltr'>sunt</span> <span class='ocrx_word' id='word_1_297' title='bbox 573 3079 760 3117; x_wconf 80' lang='lat' dir='ltr'>adulteria</span> <span class='ocrx_word' id='word_1_298' title='bbox 781 3083 820 3117; x_wconf 81' lang='lat' dir='ltr'>et</span> <span class='ocrx_word' id='word_1_299' title='bbox 833 3079 1019 3117; x_wconf 84' lang='lat' dir='ltr'>connubia</span> <span class='ocrx_word' id='word_1_300' title='bbox 1035 3092 1155 3116; x_wconf 89' lang='lat' dir='ltr'>mere-</span> 
     </span>
     <span class='ocr_line' id='line_1_53' title="bbox 289 3132 1154 3186; baseline 0.003 -16"><span class='ocrx_word' id='word_1_301' title='bbox 289 3132 404 3171; x_wconf 79' lang='lat' dir='ltr'>tricia.</span> <span class='ocrx_word' id='word_1_302' title='bbox 457 3134 679 3174; x_wconf 52' lang='lat' dir='ltr'>[inuidiam</span> <span class='ocrx_word' id='word_1_303' title='bbox 703 3135 764 3173; x_wconf 88' lang='lat' dir='ltr'>bic</span> <span class='ocrx_word' id='word_1_304' title='bbox 789 3136 978 3186; x_wconf 71' lang='lat' dir='ltr'>significat</span> <span class='ocrx_word' id='word_1_305' title='bbox 1001 3135 1154 3186; x_wconf 88' lang='lat' dir='ltr'>turpitu-</span> 
     </span>
     <span class='ocr_line' id='line_1_54' title="bbox 291 3188 1122 3244; baseline 0.002 -16"><span class='ocrx_word' id='word_1_306' title='bbox 291 3188 434 3234; x_wconf 87' lang='lat' dir='ltr'>dinem,</span> <span class='ocrx_word' id='word_1_307' title='bbox 462 3204 562 3242; x_wconf 84' lang='lat' dir='ltr'>qnae</span> <span class='ocrx_word' id='word_1_308' title='bbox 587 3190 646 3229; x_wconf 81' lang='lat' dir='ltr'>his</span> <span class='ocrx_word' id='word_1_309' title='bbox 673 3191 871 3231; x_wconf 80' lang='lat' dir='ltr'>adulteriis</span> <span class='ocrx_word' id='word_1_310' title='bbox 896 3192 1122 3244; x_wconf 87' lang='lat' dir='ltr'>enascitur.]</span> 
     </span>
    </p>
   </div>
   <div class='ocr_carea' id='block_1_7' title="bbox 527 472 2089 510">
    <p class='ocr_par' dir='ltr' id='par_1_8' title="bbox 527 472 2089 510">
     <span class='ocr_line' id='line_1_55' title="bbox 527 472 2089 510; baseline 0.001 -8"><span class='ocrx_word' id='word_1_311' title='bbox 527 475 780 503; x_wconf 61' lang='lat' dir='ltr'>existimatione</span> <span class='ocrx_word' id='word_1_312' title='bbox 800 485 831 509; x_wconf 73' lang='grc' dir='ltr'>φ.</span> <span class='ocrx_word' id='word_1_313' title='bbox 852 472 880 503; x_wconf 81' lang='grc' dir='ltr'>ὁ.</span> <span class='ocrx_word' id='word_1_314' title='bbox 905 476 940 502; x_wconf 86' lang='lat' dir='ltr'>In</span> <span class='ocrx_word' id='word_1_315' title='bbox 960 478 1032 502; x_wconf 78' lang='lat' dir='ltr'>cett.</span> <span class='ocrx_word' id='word_1_316' title='bbox 1052 474 1336 502; x_wconf 75' lang='lat' dir='ltr'>e.z·1‘st1&#39;nmtt&#39;unem</span> <span class='ocrx_word' id='word_1_317' title='bbox 1357 476 1420 504; x_wconf 74' lang='lat' dir='ltr'>nisi</span> <span class='ocrx_word' id='word_1_318' title='bbox 1440 477 1521 510; x_wconf 79' lang='lat' dir='ltr'>quod</span> <span class='ocrx_word' id='word_1_319' title='bbox 1540 475 1792 504; x_wconf 66' lang='lat' dir='ltr'>extimationem</span> <span class='ocrx_word' id='word_1_320' title='bbox 1813 476 1887 504; x_wconf 77' lang='lat' dir='ltr'>dant</span> <span class='ocrx_word' id='word_1_321' title='bbox 1909 475 1943 503; x_wconf 89' lang='lat' dir='ltr'>G.</span> <span class='ocrx_word' id='word_1_322' title='bbox 1959 474 1987 502; x_wconf 86' lang='lat'>1.</span> <span class='ocrx_word' id='word_1_323' title='bbox 2002 476 2030 502; x_wconf 86' lang='grc'>2.</span> <span class='ocrx_word' id='word_1_324' title='bbox 2051 476 2089 504; x_wconf 91' lang='lat' dir='ltr'>D.</span> 
     </span>
    </p>
   </div>
   <div class='ocr_carea' id='block_1_8' title="bbox 1211 596 2094 3241">
    <p class='ocr_par' dir='ltr' id='par_1_9' title="bbox 1214 596 2094 3131">
     <span class='ocr_line' id='line_1_56' title="bbox 1294 596 2091 649; baseline -0.003 -13"><span class='ocrx_word' id='word_1_325' title='bbox 1294 597 1452 636; x_wconf 76' lang='lat' dir='ltr'>Veneris</span> <span class='ocrx_word' id='word_1_326' title='bbox 1468 597 1545 649; x_wconf 77' lang='lat' dir='ltr'>filii</span> <span class='ocrx_word' id='word_1_327' title='bbox 1559 597 1810 636; x_wconf 76' lang='lat' dir='ltr'>collacerans</span> <span class='ocrx_word' id='word_1_328' title='bbox 1829 596 2091 636; x_wconf 56' lang='lat' dir='ltr'>existimatio-</span> 
     </span>
     <span class='ocr_line' id='line_1_57' title="bbox 1230 652 2087 704; baseline -0.002 -13"><span class='ocrx_word' id='word_1_329' title='bbox 1230 667 1328 691; x_wconf 78' lang='lat' dir='ltr'>nem.</span> <span class='ocrx_word' id='word_1_330' title='bbox 1341 652 1486 704; x_wconf 82' lang='lat' dir='ltr'>[Quum</span> <span class='ocrx_word' id='word_1_331' title='bbox 1500 666 1634 690; x_wconf 87' lang='lat' dir='ltr'>omnes</span> <span class='ocrx_word' id='word_1_332' title='bbox 1650 652 1729 691; x_wconf 85' lang='lat' dir='ltr'>sere</span> <span class='ocrx_word' id='word_1_333' title='bbox 1743 653 1856 692; x_wconf 85' lang='lat' dir='ltr'>codd.</span> <span class='ocrx_word' id='word_1_334' title='bbox 1868 653 2087 691; x_wconf 86' lang='lat' dir='ltr'>lectionem:</span> 
     </span>
     <span class='ocr_line' id='line_1_58' title="bbox 1238 709 2092 761; baseline -0.002 -13"><span class='ocrx_word' id='word_1_335' title='bbox 1238 709 1398 748; x_wconf 70' lang='lat' dir='ltr'>J&#39;enem&#39;s</span> <span class='ocrx_word' id='word_1_336' title='bbox 1407 709 1534 761; x_wconf 73' lang='lat' dir='ltr'>filiam</span> <span class='ocrx_word' id='word_1_337' title='bbox 1555 710 1738 748; x_wconf 79' lang='lat' dir='ltr'>lacerans</span> <span class='ocrx_word' id='word_1_338' title='bbox 1757 711 2092 748; x_wconf 70' lang='lat' dir='ltr'>existimationem</span> 
     </span>
     <span class='ocr_line' id='line_1_59' title="bbox 1227 764 2090 817; baseline 0 -16"><span class='ocrx_word' id='word_1_339' title='bbox 1227 766 1451 817; x_wconf 80' lang='lat' dir='ltr'>praebeant,</span> <span class='ocrx_word' id='word_1_340' title='bbox 1477 779 1577 816; x_wconf 83' lang='lat' dir='ltr'>quae</span> <span class='ocrx_word' id='word_1_341' title='bbox 1602 765 1706 802; x_wconf 87' lang='lat' dir='ltr'>nullo</span> <span class='ocrx_word' id='word_1_342' title='bbox 1732 765 1845 802; x_wconf 90' lang='lat' dir='ltr'>modo</span> <span class='ocrx_word' id='word_1_343' title='bbox 1873 769 2003 815; x_wconf 82' lang='lat' dir='ltr'>potest</span> <span class='ocrx_word' id='word_1_344' title='bbox 2027 764 2090 802; x_wconf 91' lang='lat' dir='ltr'>de-</span> 
     </span>
     <span class='ocr_line' id='line_1_60' title="bbox 1231 820 2090 867; baseline -0.002 -8"><span class='ocrx_word' id='word_1_345' title='bbox 1231 822 1348 867; x_wconf 83' lang='lat' dir='ltr'>fendi,</span> <span class='ocrx_word' id='word_1_346' title='bbox 1376 822 1538 859; x_wconf 79' lang='lat' dir='ltr'>diversis</span> <span class='ocrx_word' id='word_1_347' title='bbox 1555 822 1618 858; x_wconf 78' lang='lat' dir='ltr'>viri</span> <span class='ocrx_word' id='word_1_348' title='bbox 1639 821 1740 858; x_wconf 87' lang='lat' dir='ltr'>docti</span> <span class='ocrx_word' id='word_1_349' title='bbox 1760 822 1985 859; x_wconf 85' lang='lat' dir='ltr'>coniecturis</span> <span class='ocrx_word' id='word_1_350' title='bbox 2005 820 2090 858; x_wconf 84' lang='lat' dir='ltr'>loco</span> 
     </span>
     <span class='ocr_line' id='line_1_61' title="bbox 1229 875 2090 922; baseline -0.001 -7"><span class='ocrx_word' id='word_1_351' title='bbox 1229 878 1373 915; x_wconf 84' lang='lat' dir='ltr'>mederi</span> <span class='ocrx_word' id='word_1_352' title='bbox 1403 878 1639 915; x_wconf 85' lang='lat' dir='ltr'>studuerunt.</span> <span class='ocrx_word' id='word_1_353' title='bbox 1700 875 1876 922; x_wconf 57' lang='lat' dir='ltr'>Coti-ius,</span> <span class='ocrx_word' id='word_1_354' title='bbox 1914 876 2090 915; x_wconf 82' lang='lat' dir='ltr'>Roaldus</span> 
     </span>
     <span class='ocr_line' id='line_1_62' title="bbox 1231 933 2092 986; baseline -0.002 -14"><span class='ocrx_word' id='word_1_355' title='bbox 1231 935 1439 986; x_wconf 85' lang='lat' dir='ltr'>Scioppius</span> <span class='ocrx_word' id='word_1_356' title='bbox 1487 934 1750 971; x_wconf 85' lang='lat' dir='ltr'>emendarunt:</span> <span class='ocrx_word' id='word_1_357' title='bbox 1792 933 1870 985; x_wconf 64' lang='lat' dir='ltr'>filii</span> <span class='ocrx_word' id='word_1_358' title='bbox 1907 934 2092 972; x_wconf 81' lang='lat' dir='ltr'>lacerans</span> 
     </span>
     <span class='ocr_line' id='line_1_63' title="bbox 1229 988 2091 1040; baseline -0.002 -12"><span class='ocrx_word' id='word_1_359' title='bbox 1229 992 1580 1033; x_wconf 63' lang='lat' dir='ltr'>eafistimalae&#39;onem:</span> <span class='ocrx_word' id='word_1_360' title='bbox 1608 991 1758 1027; x_wconf 71' lang='lat' dir='ltr'>Gruter.</span> <span class='ocrx_word' id='word_1_361' title='bbox 1780 989 1895 1040; x_wconf 83' lang='lat' dir='ltr'>Susp.</span> <span class='ocrx_word' id='word_1_362' title='bbox 1910 988 2012 1026; x_wconf 67' lang='lat' dir='ltr'>Vlfl.</span> <span class='ocrx_word' id='word_1_363' title='bbox 2032 992 2091 1028; x_wconf 85' lang='grc'>12.</span> 
     </span>
     <span class='ocr_line' id='line_1_64' title="bbox 1226 1044 2091 1099; baseline -0.002 -15"><span class='ocrx_word' id='word_1_364' title='bbox 1226 1047 1306 1099; x_wconf 73' lang='lat' dir='ltr'>filia·</span> <span class='ocrx_word' id='word_1_365' title='bbox 1333 1048 1463 1091; x_wconf 71' lang='grc' dir='ltr'><em>ιιιιί(·ι’;</em></span> <span class='ocrx_word' id='word_1_366' title='bbox 1489 1045 1608 1084; x_wconf 70' lang='lat' dir='ltr'>Isaac.</span> <span class='ocrx_word' id='word_1_367' title='bbox 1638 1045 1798 1084; x_wconf 84' lang='lat' dir='ltr'>Pontan.</span> <span class='ocrx_word' id='word_1_368' title='bbox 1825 1044 2091 1084; x_wconf 78' lang='lat' dir='ltr'>Ana1.111.20.</span> 
     </span>
     <span class='ocr_line' id='line_1_65' title="bbox 1228 1102 2093 1154; baseline -0.001 -14"><span class='ocrx_word' id='word_1_369' title='bbox 1228 1117 1311 1141; x_wconf 81' lang='lat' dir='ltr'>curn</span> <span class='ocrx_word' id='word_1_370' title='bbox 1344 1102 1563 1141; x_wconf 68' lang='lat' dir='ltr'>Steu‘ecliio</span> <span class='ocrx_word' id='word_1_371' title='bbox 1596 1103 1806 1140; x_wconf 74' lang='lat' dir='ltr'>divinarunt</span> <span class='ocrx_word' id='word_1_372' title='bbox 1832 1102 1912 1154; x_wconf 81' lang='lat' dir='ltr'>filii</span> <span class='ocrx_word' id='word_1_373' title='bbox 1943 1102 2093 1140; x_wconf 78' lang='lat' dir='ltr'>inlace-</span> 
     </span>
     <span class='ocr_line' id='line_1_66' title="bbox 1228 1155 2092 1209; baseline -0.005 -11"><span class='ocrx_word' id='word_1_374' title='bbox 1228 1174 1323 1198; x_wconf 81' lang='lat' dir='ltr'>rans</span> <span class='ocrx_word' id='word_1_375' title='bbox 1347 1164 1385 1197; x_wconf 86' lang='lat' dir='ltr'>et</span> <span class='ocrx_word' id='word_1_376' title='bbox 1410 1160 1467 1198; x_wconf 82' lang='lat' dir='ltr'>sic</span> <span class='ocrx_word' id='word_1_377' title='bbox 1487 1159 1604 1197; x_wconf 79' lang='lat' dir='ltr'>edidit</span> <span class='ocrx_word' id='word_1_378' title='bbox 1619 1159 1851 1204; x_wconf 76' lang='lat' dir='ltr'>Scriverius,</span> <span class='ocrx_word' id='word_1_379' title='bbox 1879 1157 1980 1209; x_wconf 88' lang='lat' dir='ltr'>quod</span> <span class='ocrx_word' id='word_1_380' title='bbox 2001 1155 2092 1195; x_wconf 84' lang='lat' dir='ltr'>mihi</span> 
     </span>
     <span class='ocr_line' id='line_1_67' title="bbox 1231 1213 2094 1267; baseline -0.002 -14"><span class='ocrx_word' id='word_1_381' title='bbox 1231 1217 1395 1254; x_wconf 88' lang='lat' dir='ltr'>omnium</span> <span class='ocrx_word' id='word_1_382' title='bbox 1422 1216 1587 1255; x_wconf 78' lang='lat' dir='ltr'>maxime</span> <span class='ocrx_word' id='word_1_383' title='bbox 1613 1214 1803 1267; x_wconf 81' lang='lat' dir='ltr'>placeret,</span> <span class='ocrx_word' id='word_1_384' title='bbox 1840 1214 1873 1251; x_wconf 73' lang='lat' dir='ltr'>si</span> <span class='ocrx_word' id='word_1_385' title='bbox 1911 1227 1981 1252; x_wconf 87' lang='lat' dir='ltr'>usu</span> <span class='ocrx_word' id='word_1_386' title='bbox 2018 1213 2094 1251; x_wconf 89' lang='lat' dir='ltr'>hoc</span> 
     </span>
     <span class='ocr_line' id='line_1_68' title="bbox 1232 1269 2092 1324; baseline -0.001 -16"><span class='ocrx_word' id='word_1_387' title='bbox 1232 1273 1459 1310; x_wconf 80' lang='lat' dir='ltr'>vocabulum</span> <span class='ocrx_word' id='word_1_388' title='bbox 1487 1273 1636 1324; x_wconf 81' lang='lat' dir='ltr'>probari</span> <span class='ocrx_word' id='word_1_389' title='bbox 1664 1275 1811 1323; x_wconf 79' lang='lat' dir='ltr'>posset.</span> <span class='ocrx_word' id='word_1_390' title='bbox 1861 1270 1959 1308; x_wconf 89' lang='lat' dir='ltr'>Hinc</span> <span class='ocrx_word' id='word_1_391' title='bbox 1989 1269 2092 1308; x_wconf 88' lang='lat' dir='ltr'>Oud.</span> 
     </span>
     <span class='ocr_line' id='line_1_69' title="bbox 1230 1326 2091 1377; baseline -0.003 -10"><span class='ocrx_word' id='word_1_392' title='bbox 1230 1334 1444 1367; x_wconf 85' lang='lat' dir='ltr'>conunotus</span> <span class='ocrx_word' id='word_1_393' title='bbox 1481 1333 1562 1372; x_wconf 87' lang='lat' dir='ltr'>est,</span> <span class='ocrx_word' id='word_1_394' title='bbox 1598 1333 1638 1366; x_wconf 84' lang='lat' dir='ltr'>ut</span> <span class='ocrx_word' id='word_1_395' title='bbox 1674 1342 1757 1366; x_wconf 89' lang='lat' dir='ltr'>cum</span> <span class='ocrx_word' id='word_1_396' title='bbox 1797 1326 1907 1365; x_wconf 87' lang='lat' dir='ltr'>codd.</span> <span class='ocrx_word' id='word_1_397' title='bbox 1938 1341 1965 1377; x_wconf 78' lang='grc' dir='ltr'><strong><em>φ</em></strong></span> <span class='ocrx_word' id='word_1_398' title='bbox 1998 1329 2035 1364; x_wconf 83' lang='lat' dir='ltr'>et</span> <span class='ocrx_word' id='word_1_399' title='bbox 2059 1328 2091 1364; x_wconf 80' lang='grc' dir='ltr'>δ.</span> 
     </span>
     <span class='ocr_line' id='line_1_70' title="bbox 1225 1382 2092 1437; baseline -0.002 -15"><span class='ocrx_word' id='word_1_400' title='bbox 1225 1385 1355 1437; x_wconf 80' lang='lat' dir='ltr'>filium</span> <span class='ocrx_word' id='word_1_401' title='bbox 1380 1386 1456 1424; x_wconf 79' lang='lat' dir='ltr'>lac.</span> <span class='ocrx_word' id='word_1_402' title='bbox 1476 1386 1772 1424; x_wconf 71' lang='lat' dir='ltr'>eaee&#39;slimalt&#39;one</span> <span class='ocrx_word' id='word_1_403' title='bbox 1792 1383 1955 1432; x_wconf 69' lang='lat' dir='ltr'>legeret,</span> <span class='ocrx_word' id='word_1_404' title='bbox 1984 1382 2018 1420; x_wconf 88' lang='lat' dir='ltr'>in</span> <span class='ocrx_word' id='word_1_405' title='bbox 2045 1395 2092 1420; x_wconf 83' lang='lat' dir='ltr'>eo</span> 
     </span>
     <span class='ocr_line' id='line_1_71' title="bbox 1227 1440 2092 1491; baseline 0 -14"><span class='ocrx_word' id='word_1_406' title='bbox 1227 1445 1352 1479; x_wconf 87' lang='lat' dir='ltr'>tamen</span> <span class='ocrx_word' id='word_1_407' title='bbox 1388 1441 1529 1486; x_wconf 80' lang='lat' dir='ltr'>salsus,</span> <span class='ocrx_word' id='word_1_408' title='bbox 1564 1440 1664 1491; x_wconf 81' lang='lat' dir='ltr'>quod</span> <span class='ocrx_word' id='word_1_409' title='bbox 1693 1441 1880 1478; x_wconf 83' lang='lat' dir='ltr'>dictiones</span> <span class='ocrx_word' id='word_1_410' title='bbox 1908 1440 2092 1478; x_wconf 81' lang='lat' dir='ltr'>lacerare</span> 
     </span>
     <span class='ocr_line' id='line_1_72' title="bbox 1227 1495 2091 1550; baseline -0.002 -15"><span class='ocrx_word' id='word_1_411' title='bbox 1227 1497 1400 1550; x_wconf 78' lang='lat' dir='ltr'>aliquem</span> <span class='ocrx_word' id='word_1_412' title='bbox 1438 1498 1706 1541; x_wconf 76' lang='lat' dir='ltr'>contumeliis,</span> <span class='ocrx_word' id='word_1_413' title='bbox 1747 1497 1931 1548; x_wconf 68' lang='lat' dir='ltr'>probris,</span> <span class='ocrx_word' id='word_1_414' title='bbox 1980 1495 2091 1534; x_wconf 78' lang='lat' dir='ltr'>raln’e</span> 
     </span>
     <span class='ocr_line' id='line_1_73' title="bbox 1227 1552 2092 1605; baseline -0.003 -14"><span class='ocrx_word' id='word_1_415' title='bbox 1227 1559 1442 1604; x_wconf 84' lang='lat' dir='ltr'>comparat,</span> <span class='ocrx_word' id='word_1_416' title='bbox 1481 1567 1580 1604; x_wconf 83' lang='lat' dir='ltr'>quae</span> <span class='ocrx_word' id='word_1_417' title='bbox 1611 1553 1726 1605; x_wconf 86' lang='lat' dir='ltr'>plane</span> <span class='ocrx_word' id='word_1_418' title='bbox 1756 1553 1833 1590; x_wconf 84' lang='lat' dir='ltr'>alia</span> <span class='ocrx_word' id='word_1_419' title='bbox 1863 1553 2010 1589; x_wconf 87' lang='lat' dir='ltr'>ratione</span> <span class='ocrx_word' id='word_1_420' title='bbox 2040 1552 2092 1588; x_wconf 92' lang='lat' dir='ltr'>in·</span> 
     </span>
     <span class='ocr_line' id='line_1_74' title="bbox 1225 1607 2094 1659; baseline -0.001 -13"><span class='ocrx_word' id='word_1_421' title='bbox 1225 1610 1461 1659; x_wconf 67' lang='lat' dir='ltr'>telligendae</span> <span class='ocrx_word' id='word_1_422' title='bbox 1486 1614 1585 1648; x_wconf 87' lang='lat' dir='ltr'>sunt.</span> <span class='ocrx_word' id='word_1_423' title='bbox 1642 1609 1846 1647; x_wconf 83' lang='lat' dir='ltr'>Ablativns</span> <span class='ocrx_word' id='word_1_424' title='bbox 1873 1608 1991 1653; x_wconf 90' lang='lat' dir='ltr'>enim,</span> <span class='ocrx_word' id='word_1_425' title='bbox 2029 1607 2094 1658; x_wconf 84' lang='lat' dir='ltr'>qui</span> 
     </span>
     <span class='ocr_line' id='line_1_75' title="bbox 1225 1665 2092 1715; baseline -0.001 -13"><span class='ocrx_word' id='word_1_426' title='bbox 1225 1666 1415 1704; x_wconf 79' lang='lat' dir='ltr'>vocabulo</span> <span class='ocrx_word' id='word_1_427' title='bbox 1432 1666 1647 1705; x_wconf 73' lang='lat' dir='ltr'>lacerandi</span> <span class='ocrx_word' id='word_1_428' title='bbox 1662 1665 1815 1703; x_wconf 86' lang='lat' dir='ltr'>additus</span> <span class='ocrx_word' id='word_1_429' title='bbox 1831 1668 1909 1711; x_wconf 75' lang='lat' dir='ltr'>est,</span> <span class='ocrx_word' id='word_1_430' title='bbox 1936 1676 2092 1715; x_wconf 86' lang='lat' dir='ltr'>semper</span> 
     </span>
     <span class='ocr_line' id='line_1_76' title="bbox 1224 1720 2092 1772; baseline -0.002 -12"><span class='ocrx_word' id='word_1_431' title='bbox 1224 1736 1302 1760; x_wconf 89' lang='lat' dir='ltr'>rem</span> <span class='ocrx_word' id='word_1_432' title='bbox 1340 1723 1546 1760; x_wconf 80' lang='lat' dir='ltr'>modumve</span> <span class='ocrx_word' id='word_1_433' title='bbox 1583 1721 1741 1764; x_wconf 76' lang='lat' dir='ltr'>indicat.</span> <span class='ocrx_word' id='word_1_434' title='bbox 1780 1722 1919 1771; x_wconf 83' lang='lat' dir='ltr'>quibus</span> <span class='ocrx_word' id='word_1_435' title='bbox 1951 1720 2092 1772; x_wconf 83' lang='lat' dir='ltr'>aliquis</span> 
     </span>
     <span class='ocr_line' id='line_1_77' title="bbox 1227 1778 2093 1829; baseline -0.002 -13"><span class='ocrx_word' id='word_1_436' title='bbox 1227 1779 1502 1825; x_wconf 83' lang='lat' dir='ltr'>conscinditur,</span> <span class='ocrx_word' id='word_1_437' title='bbox 1535 1779 1648 1829; x_wconf 82' lang='lat' dir='ltr'>eique</span> <span class='ocrx_word' id='word_1_438' title='bbox 1673 1778 1928 1823; x_wconf 78' lang='lat' dir='ltr'>maledicitur,</span> <span class='ocrx_word' id='word_1_439' title='bbox 1966 1789 2093 1828; x_wconf 81' lang='lat' dir='ltr'>neque</span> 
     </span>
     <span class='ocr_line' id='line_1_78' title="bbox 1226 1833 2086 1887; baseline -0.003 -14"><span class='ocrx_word' id='word_1_440' title='bbox 1226 1849 1315 1873; x_wconf 76' lang='lat' dir='ltr'>vero</span> <span class='ocrx_word' id='word_1_441' title='bbox 1342 1850 1438 1879; x_wconf 78' lang='lat' dir='ltr'>rem,</span> <span class='ocrx_word' id='word_1_442' title='bbox 1466 1849 1541 1886; x_wconf 81' lang='lat' dir='ltr'>qua</span> <span class='ocrx_word' id='word_1_443' title='bbox 1566 1836 1652 1887; x_wconf 84' lang='lat' dir='ltr'>quis</span> <span class='ocrx_word' id='word_1_444' title='bbox 1677 1835 1872 1886; x_wconf 77' lang='lat' dir='ltr'>spoliatur.</span> <span class='ocrx_word' id='word_1_445' title='bbox 1915 1833 1971 1872; x_wconf 81' lang='lat' dir='ltr'>lta</span> <span class='ocrx_word' id='word_1_446' title='bbox 1995 1847 2086 1883; x_wconf 82' lang='lat' dir='ltr'>quo·</span> 
     </span>
     <span class='ocr_line' id='line_1_79' title="bbox 1226 1888 2089 1943; baseline -0.003 -14"><span class='ocrx_word' id='word_1_447' title='bbox 1226 1906 1300 1942; x_wconf 83' lang='lat' dir='ltr'>que</span> <span class='ocrx_word' id='word_1_448' title='bbox 1316 1891 1424 1931; x_wconf 84' lang='lat' dir='ltr'>loeus</span> <span class='ocrx_word' id='word_1_449' title='bbox 1445 1892 1699 1943; x_wconf 76' lang='lat' dir='ltr'>explicandus</span> <span class='ocrx_word' id='word_1_450' title='bbox 1722 1896 1783 1929; x_wconf 82' lang='lat' dir='ltr'>est</span> <span class='ocrx_word' id='word_1_451' title='bbox 1808 1892 1956 1929; x_wconf 80' lang='lat' dir='ltr'>Auson.</span> <span class='ocrx_word' id='word_1_452' title='bbox 1978 1888 2089 1940; x_wconf 74' lang='lat' dir='ltr'>ldyll.</span> 
     </span>
     <span class='ocr_line' id='line_1_80' title="bbox 1224 1946 2089 1999; baseline -0.003 -13"><span class='ocrx_word' id='word_1_453' title='bbox 1224 1947 1313 1986; x_wconf 75' lang='lat' dir='ltr'>XV.</span> <span class='ocrx_word' id='word_1_454' title='bbox 1337 1953 1418 1993; x_wconf 59' lang='lat'>46„</span> <span class='ocrx_word' id='word_1_455' title='bbox 1445 1963 1558 1999; x_wconf 84' lang='lat' dir='ltr'>quem</span> <span class='ocrx_word' id='word_1_456' title='bbox 1585 1947 1685 1986; x_wconf 89' lang='lat' dir='ltr'>Oud.</span> <span class='ocrx_word' id='word_1_457' title='bbox 1712 1948 1761 1985; x_wconf 85' lang='lat' dir='ltr'>ad</span> <span class='ocrx_word' id='word_1_458' title='bbox 1786 1961 1896 1985; x_wconf 82' lang='lat' dir='ltr'>suam</span> <span class='ocrx_word' id='word_1_459' title='bbox 1922 1960 2000 1984; x_wconf 88' lang='lat' dir='ltr'>rem</span> <span class='ocrx_word' id='word_1_460' title='bbox 2028 1946 2089 1983; x_wconf 90' lang='lat' dir='ltr'>de-</span> 
     </span>
     <span class='ocr_line' id='line_1_81' title="bbox 1225 2004 2092 2057; baseline 0 -15"><span class='ocrx_word' id='word_1_461' title='bbox 1225 2005 1457 2043; x_wconf 82' lang='lat' dir='ltr'>fendendam</span> <span class='ocrx_word' id='word_1_462' title='bbox 1484 2005 1641 2057; x_wconf 87' lang='lat' dir='ltr'>protulit</span> <span class='ocrx_word' id='word_1_463' title='bbox 1667 2004 1797 2043; x_wconf 68' lang='lat' dir='ltr'>Vitam</span> <span class='ocrx_word' id='word_1_464' title='bbox 1813 2017 1970 2055; x_wconf 78' lang='lat' dir='ltr'>parcas</span> <span class='ocrx_word' id='word_1_465' title='bbox 1988 2017 2092 2055; x_wconf 67' lang='lat' dir='ltr'>aya-5</span> 
     </span>
     <span class='ocr_line' id='line_1_82' title="bbox 1224 2059 2089 2112; baseline -0.006 -11"><span class='ocrx_word' id='word_1_466' title='bbox 1224 2063 1335 2101; x_wconf 72' lang='lat' dir='ltr'>acidi</span> <span class='ocrx_word' id='word_1_467' title='bbox 1361 2062 1643 2101; x_wconf 80' lang='lat' dir='ltr'>lacerabere</span> <span class='ocrx_word' id='word_1_468' title='bbox 1665 2064 1808 2112; x_wconf 84' lang='lat' dir='ltr'>fama.</span> <span class='ocrx_word' id='word_1_469' title='bbox 1849 2059 1934 2110; x_wconf 73' lang='lat' dir='ltr'>Ego</span> <span class='ocrx_word' id='word_1_470' title='bbox 1961 2072 2089 2097; x_wconf 88' lang='lat' dir='ltr'>ernen-</span> 
     </span>
     <span class='ocr_line' id='line_1_83' title="bbox 1224 2115 2087 2169; baseline -0.001 -14"><span class='ocrx_word' id='word_1_471' title='bbox 1224 2118 1310 2156; x_wconf 84' lang='lat' dir='ltr'>davi</span> <span class='ocrx_word' id='word_1_472' title='bbox 1343 2123 1381 2156; x_wconf 83' lang='lat' dir='ltr'>et</span> <span class='ocrx_word' id='word_1_473' title='bbox 1411 2119 1445 2156; x_wconf 91' lang='lat' dir='ltr'>in</span> <span class='ocrx_word' id='word_1_474' title='bbox 1477 2123 1622 2156; x_wconf 75' lang='lat' dir='ltr'>textum</span> <span class='ocrx_word' id='word_1_475' title='bbox 1651 2115 1781 2169; x_wconf 86' lang='lat' dir='ltr'>recepi</span> <span class='ocrx_word' id='word_1_476' title='bbox 1821 2117 2087 2162; x_wconf 68' lang='lat' dir='ltr'>collocemus,</span> 
     </span>
     <span class='ocr_line' id='line_1_84' title="bbox 1224 2173 2089 2225; baseline -0.002 -14"><span class='ocrx_word' id='word_1_477' title='bbox 1224 2175 1325 2225; x_wconf 86' lang='lat' dir='ltr'>quod</span> <span class='ocrx_word' id='word_1_478' title='bbox 1352 2176 1458 2225; x_wconf 85' lang='lat' dir='ltr'>prins</span> <span class='ocrx_word' id='word_1_479' title='bbox 1474 2175 1738 2215; x_wconf 80' lang='lat' dir='ltr'>conlaeerans</span> <span class='ocrx_word' id='word_1_480' title='bbox 1757 2174 1951 2224; x_wconf 84' lang='lat' dir='ltr'>scriptum,</span> <span class='ocrx_word' id='word_1_481' title='bbox 1965 2173 2089 2223; x_wconf 88' lang='lat' dir='ltr'>priore</span> 
     </span>
     <span class='ocr_line' id='line_1_85' title="bbox 1222 2230 2087 2282; baseline -0.001 -15"><span class='ocrx_word' id='word_1_482' title='bbox 1222 2230 1378 2282; x_wconf 61' lang='lat' dir='ltr'>syllaba</span> <span class='ocrx_word' id='word_1_483' title='bbox 1403 2233 1451 2269; x_wconf 83' lang='lat' dir='ltr'>ab</span> <span class='ocrx_word' id='word_1_484' title='bbox 1477 2230 1733 2269; x_wconf 84' lang='lat' dir='ltr'>antecedente</span> <span class='ocrx_word' id='word_1_485' title='bbox 1755 2230 1946 2267; x_wconf 80' lang='lat' dir='ltr'>vocabulo</span> <span class='ocrx_word' id='word_1_486' title='bbox 1969 2239 2087 2267; x_wconf 76' lang='lat' dir='ltr'>trans-</span> 
     </span>
     <span class='ocr_line' id='line_1_86' title="bbox 1223 2287 2088 2341; baseline -0.003 -16"><span class='ocrx_word' id='word_1_487' title='bbox 1223 2288 1354 2334; x_wconf 86' lang='lat' dir='ltr'>ducta,</span> <span class='ocrx_word' id='word_1_488' title='bbox 1380 2288 1415 2325; x_wconf 92' lang='lat' dir='ltr'>in</span> <span class='ocrx_word' id='word_1_489' title='bbox 1432 2289 1561 2341; x_wconf 75' lang='lat' dir='ltr'>filiam.</span> <span class='ocrx_word' id='word_1_490' title='bbox 1575 2292 1613 2325; x_wconf 90' lang='lat' dir='ltr'>et</span> <span class='ocrx_word' id='word_1_491' title='bbox 1623 2287 1749 2340; x_wconf 74' lang='lat' dir='ltr'>filiam</span> <span class='ocrx_word' id='word_1_492' title='bbox 1771 2287 1906 2324; x_wconf 86' lang='lat' dir='ltr'>mutari</span> <span class='ocrx_word' id='word_1_493' title='bbox 1927 2288 2088 2337; x_wconf 82' lang='lat' dir='ltr'>poterat.</span> 
     </span>
     <span class='ocr_line' id='line_1_87' title="bbox 1223 2342 2087 2382; baseline -0.003 -1"><span class='ocrx_word' id='word_1_494' title='bbox 1223 2344 1510 2382; x_wconf 80' lang='lat' dir='ltr'>inconsiderata</span> <span class='ocrx_word' id='word_1_495' title='bbox 1559 2344 1700 2382; x_wconf 88' lang='lat' dir='ltr'>deinde</span> <span class='ocrx_word' id='word_1_496' title='bbox 1748 2347 1811 2381; x_wconf 78' lang='lat' dir='ltr'>est</span> <span class='ocrx_word' id='word_1_497' title='bbox 1853 2342 2087 2380; x_wconf 85' lang='lat' dir='ltr'>librariorum</span> 
     </span>
     <span class='ocr_line' id='line_1_88' title="bbox 1223 2398 2087 2450; baseline -0.002 -12"><span class='ocrx_word' id='word_1_498' title='bbox 1223 2401 1440 2439; x_wconf 86' lang='lat' dir='ltr'>emendatio</span> <span class='ocrx_word' id='word_1_499' title='bbox 1466 2401 1778 2446; x_wconf 70' lang='lat' dir='ltr'>existimatione,</span> <span class='ocrx_word' id='word_1_500' title='bbox 1805 2400 1866 2450; x_wconf 89' lang='lat' dir='ltr'>qni</span> <span class='ocrx_word' id='word_1_501' title='bbox 1895 2398 2087 2450; x_wconf 87' lang='lat' dir='ltr'>duplicem</span> 
     </span>
     <span class='ocr_line' id='line_1_89' title="bbox 1220 2458 2086 2507; baseline -0.003 -12"><span class='ocrx_word' id='word_1_502' title='bbox 1220 2458 1483 2496; x_wconf 75' lang='lat' dir='ltr'>accusativum</span> <span class='ocrx_word' id='word_1_503' title='bbox 1509 2470 1751 2507; x_wconf 80' lang='lat' dir='ltr'>concoquere</span> <span class='ocrx_word' id='word_1_504' title='bbox 1777 2469 1849 2494; x_wconf 89' lang='lat' dir='ltr'>non</span> <span class='ocrx_word' id='word_1_505' title='bbox 1871 2459 2086 2506; x_wconf 86' lang='lat' dir='ltr'>potuerunt.</span> 
     </span>
     <span class='ocr_line' id='line_1_90' title="bbox 1225 2511 2088 2564; baseline -0.005 -11"><span class='ocrx_word' id='word_1_506' title='bbox 1225 2514 1504 2553; x_wconf 50' lang='lat' dir='ltr'>Collum-eratus</span> <span class='ocrx_word' id='word_1_507' title='bbox 1522 2513 1718 2564; x_wconf 87' lang='lat' dir='ltr'>participio</span> <span class='ocrx_word' id='word_1_508' title='bbox 1735 2511 1893 2551; x_wconf 87' lang='lat' dir='ltr'>Tacitus</span> <span class='ocrx_word' id='word_1_509' title='bbox 1915 2524 2010 2549; x_wconf 82' lang='lat' dir='ltr'>usus</span> <span class='ocrx_word' id='word_1_510' title='bbox 2025 2515 2088 2549; x_wconf 83' lang='lat' dir='ltr'>est</span> 
     </span>
     <span class='ocr_line' id='line_1_91' title="bbox 1219 2568 2086 2622; baseline -0.002 -14"><span class='ocrx_word' id='word_1_511' title='bbox 1219 2570 1319 2608; x_wconf 86' lang='lat' dir='ltr'>Hist.</span> <span class='ocrx_word' id='word_1_512' title='bbox 1347 2569 1407 2607; x_wconf 84' lang='grc' dir='ltr'>ΙΙΙ.</span> <span class='ocrx_word' id='word_1_513' title='bbox 1435 2575 1499 2610; x_wconf 82' lang='grc'>74.</span> <span class='ocrx_word' id='word_1_514' title='bbox 1539 2572 1769 2622; x_wconf 76' lang='lat' dir='ltr'>confossum</span> <span class='ocrx_word' id='word_1_515' title='bbox 1808 2568 2086 2607; x_wconf 85' lang='lat' dir='ltr'>collacera-</span> 
     </span>
     <span class='ocr_line' id='line_1_92' title="bbox 1219 2625 2085 2679; baseline -0.003 -14"><span class='ocrx_word' id='word_1_516' title='bbox 1219 2632 1408 2679; x_wconf 77' lang='lat' dir='ltr'>tamqae</span> <span class='ocrx_word' id='word_1_517' title='bbox 1434 2640 1594 2678; x_wconf 75' lang='lat' dir='ltr'>corpas.</span> <span class='ocrx_word' id='word_1_518' title='bbox 1624 2626 1686 2663; x_wconf 90' lang='lat' dir='ltr'>De</span> <span class='ocrx_word' id='word_1_519' title='bbox 1712 2626 1876 2664; x_wconf 87' lang='lat' dir='ltr'>dictione</span> <span class='ocrx_word' id='word_1_520' title='bbox 1902 2625 2085 2663; x_wconf 82' lang='lat' dir='ltr'>lacerare</span> 
     </span>
     <span class='ocr_line' id='line_1_93' title="bbox 1219 2678 2081 2736; baseline -0.007 -14"><span class='ocrx_word' id='word_1_521' title='bbox 1219 2684 1394 2736; x_wconf 75' lang='lat' dir='ltr'>aliquem</span> <span class='ocrx_word' id='word_1_522' title='bbox 1422 2683 1673 2722; x_wconf 71' lang='lat' dir='ltr'>contumeliis</span> <span class='ocrx_word' id='word_1_523' title='bbox 1697 2682 1745 2721; x_wconf 89' lang='lat' dir='ltr'>al.</span> <span class='ocrx_word' id='word_1_524' title='bbox 1772 2681 1818 2720; x_wconf 85' lang='lat' dir='ltr'>cf.</span> <span class='ocrx_word' id='word_1_525' title='bbox 1846 2680 1976 2719; x_wconf 81' lang='lat' dir='ltr'>Barth.</span> <span class='ocrx_word' id='word_1_526' title='bbox 2001 2678 2081 2717; x_wconf 83' lang='lat' dir='ltr'>Ad-</span> 
     </span>
     <span class='ocr_line' id='line_1_94' title="bbox 1219 2735 2082 2790; baseline -0.005 -14"><span class='ocrx_word' id='word_1_527' title='bbox 1219 2753 1318 2778; x_wconf 78' lang='lat' dir='ltr'>vers.</span> <span class='ocrx_word' id='word_1_528' title='bbox 1352 2738 1541 2777; x_wconf 54' lang='lat' dir='ltr'>XXXIV</span> <span class='ocrx_word' id='word_1_529' title='bbox 1580 2743 1639 2779; x_wconf 87' lang='lat'>15.</span> <span class='ocrx_word' id='word_1_530' title='bbox 1667 2752 1702 2790; x_wconf 88' lang='lat' dir='ltr'>p.</span> <span class='ocrx_word' id='word_1_531' title='bbox 1733 2741 1849 2779; x_wconf 82' lang='lat'>1572.</span> <span class='ocrx_word' id='word_1_532' title='bbox 1880 2735 2005 2775; x_wconf 90' lang='lat' dir='ltr'>Bentl.</span> <span class='ocrx_word' id='word_1_533' title='bbox 2032 2735 2082 2773; x_wconf 83' lang='lat' dir='ltr'>ad</span> 
     </span>
     <span class='ocr_line' id='line_1_95' title="bbox 1217 2790 2083 2835; baseline -0.002 -2"><span class='ocrx_word' id='word_1_534' title='bbox 1217 2794 1619 2835; x_wconf 80' lang='lat' dir='ltr'>Hor.Serm.ll.1.85.</span> <span class='ocrx_word' id='word_1_535' title='bbox 1638 2790 2083 2834; x_wconf 75' lang='lat' dir='ltr'>1)1·.adLiv.XXXV1H.</span> 
     </span>
     <span class='ocr_line' id='line_1_96' title="bbox 1218 2846 2078 2902; baseline -0.008 -9"><span class='ocrx_word' id='word_1_536' title='bbox 1218 2857 1282 2893; x_wconf 75' lang='lat'>5-4.</span> <span class='ocrx_word' id='word_1_537' title='bbox 1308 2851 1339 2902; x_wconf 60' lang='grc' dir='ltr'>ᾧ.</span> <span class='ocrx_word' id='word_1_538' title='bbox 1360 2857 1391 2892; x_wconf 89' lang='grc'>1.</span> <span class='ocrx_word' id='word_1_539' title='bbox 1418 2856 1456 2890; x_wconf 87' lang='lat' dir='ltr'>et</span> <span class='ocrx_word' id='word_1_540' title='bbox 1480 2851 1634 2890; x_wconf 80' lang='lat' dir='ltr'>Ruhnk.</span> <span class='ocrx_word' id='word_1_541' title='bbox 1661 2851 1761 2890; x_wconf 75' lang='lat' dir='ltr'>Dict.</span> <span class='ocrx_word' id='word_1_542' title='bbox 1777 2850 1824 2889; x_wconf 90' lang='lat' dir='ltr'>ad</span> <span class='ocrx_word' id='word_1_543' title='bbox 1841 2849 1947 2887; x_wconf 87' lang='lat' dir='ltr'>Suet.</span> <span class='ocrx_word' id='word_1_544' title='bbox 1965 2846 2078 2887; x_wconf 82' lang='lat' dir='ltr'>Caes.</span> 
     </span>
     <span class='ocr_line' id='line_1_97' title="bbox 1217 2903 2078 2961; baseline -0.003 -14"><span class='ocrx_word' id='word_1_545' title='bbox 1217 2923 1246 2947; x_wconf 89' lang='lat' dir='ltr'>c.</span> <span class='ocrx_word' id='word_1_546' title='bbox 1266 2913 1328 2949; x_wconf 90' lang='lat'>75.</span> <span class='ocrx_word' id='word_1_547' title='bbox 1344 2923 1379 2961; x_wconf 91' lang='lat' dir='ltr'>p.</span> <span class='ocrx_word' id='word_1_548' title='bbox 1401 2912 1488 2949; x_wconf 88' lang='lat'>103.</span> <span class='ocrx_word' id='word_1_549' title='bbox 1507 2908 1648 2946; x_wconf 86' lang='lat' dir='ltr'>Deder.</span> <span class='ocrx_word' id='word_1_550' title='bbox 1663 2908 1712 2946; x_wconf 86' lang='lat' dir='ltr'>ad</span> <span class='ocrx_word' id='word_1_551' title='bbox 1726 2907 1823 2945; x_wconf 80' lang='lat' dir='ltr'>Dict.</span> <span class='ocrx_word' id='word_1_552' title='bbox 1842 2904 1939 2943; x_wconf 83' lang='lat' dir='ltr'>Cret.</span> <span class='ocrx_word' id='word_1_553' title='bbox 1956 2903 2078 2944; x_wconf 80' lang='lat'>11.29.</span> 
     </span>
     <span class='ocr_line' id='line_1_98' title="bbox 1218 2961 2079 3016; baseline -0.008 -11"><span class='ocrx_word' id='word_1_554' title='bbox 1218 2965 1349 3005; x_wconf 81' lang='lat' dir='ltr'>Gloss.</span> <span class='ocrx_word' id='word_1_555' title='bbox 1371 2979 1405 3016; x_wconf 91' lang='lat' dir='ltr'>p.</span> <span class='ocrx_word' id='word_1_556' title='bbox 1422 2968 1514 3006; x_wconf 74' lang='lat'>293.</span> <span class='ocrx_word' id='word_1_557' title='bbox 1545 2965 1658 3009; x_wconf 75' lang='lat' dir='ltr'>Filii,</span> <span class='ocrx_word' id='word_1_558' title='bbox 1683 2962 1783 3015; x_wconf 88' lang='lat' dir='ltr'>quod</span> <span class='ocrx_word' id='word_1_559' title='bbox 1799 2963 1833 3000; x_wconf 87' lang='lat' dir='ltr'>in</span> <span class='ocrx_word' id='word_1_560' title='bbox 1849 2961 1891 2999; x_wconf 85' lang='lat' dir='ltr'>F.</span> <span class='ocrx_word' id='word_1_561' title='bbox 1912 2966 1946 3000; x_wconf 91' lang='lat'>1.</span> <span class='ocrx_word' id='word_1_562' title='bbox 1961 2964 2079 3007; x_wconf 86' lang='lat' dir='ltr'>extat,</span> 
     </span>
     <span class='ocr_line' id='line_1_99' title="bbox 1214 3018 2078 3073; baseline -0.007 -13"><span class='ocrx_word' id='word_1_563' title='bbox 1214 3022 1448 3073; x_wconf 79' lang='lat' dir='ltr'>negligentia</span> <span class='ocrx_word' id='word_1_564' title='bbox 1472 3023 1555 3059; x_wconf 88' lang='lat' dir='ltr'>sine</span> <span class='ocrx_word' id='word_1_565' title='bbox 1575 3022 1689 3059; x_wconf 84' lang='lat' dir='ltr'>dubio</span> <span class='ocrx_word' id='word_1_566' title='bbox 1704 3018 1978 3068; x_wconf 82' lang='lat' dir='ltr'>Lindenbrogii</span> <span class='ocrx_word' id='word_1_567' title='bbox 2004 3031 2078 3055; x_wconf 92' lang='lat' dir='ltr'>non</span> 
     </span>
     <span class='ocr_line' id='line_1_100' title="bbox 1214 3078 1546 3131; baseline -0.006 -14"><span class='ocrx_word' id='word_1_568' title='bbox 1214 3083 1425 3117; x_wconf 84' lang='lat' dir='ltr'>correctum</span> <span class='ocrx_word' id='word_1_569' title='bbox 1451 3078 1546 3131; x_wconf 66' lang='lat' dir='ltr'>est]</span> 
     </span>
    </p>

    <p class='ocr_par' dir='ltr' id='par_1_10' title="bbox 1211 3130 2077 3241">
     <span class='ocr_line' id='line_1_101' title="bbox 1269 3130 2077 3187; baseline -0.007 -14"><span class='ocrx_word' id='word_1_570' title='bbox 1269 3137 1311 3173; x_wconf 75' lang='lat' dir='ltr'>in</span> <span class='ocrx_word' id='word_1_571' title='bbox 1337 3135 1502 3174; x_wconf 75' lang='lat' dir='ltr'>(mribus</span> <span class='ocrx_word' id='word_1_572' title='bbox 1525 3132 1760 3187; x_wconf 71' lang='lat' dir='ltr'>yamriebat.</span> <span class='ocrx_word' id='word_1_573' title='bbox 1808 3130 1929 3176; x_wconf 85' lang='lat' dir='ltr'>Oud.,</span> <span class='ocrx_word' id='word_1_574' title='bbox 1954 3131 1987 3168; x_wconf 86' lang='lat' dir='ltr'>si</span> <span class='ocrx_word' id='word_1_575' title='bbox 2007 3143 2077 3181; x_wconf 92' lang='lat' dir='ltr'>per</span> 
     </span>
     <span class='ocr_line' id='line_1_102' title="bbox 1211 3188 2075 3241; baseline -0.007 -9"><span class='ocrx_word' id='word_1_576' title='bbox 1211 3192 1312 3232; x_wconf 81' lang='lat' dir='ltr'>Mss.</span> <span class='ocrx_word' id='word_1_577' title='bbox 1327 3191 1471 3236; x_wconf 85' lang='lat' dir='ltr'>liceret,</span> <span class='ocrx_word' id='word_1_578' title='bbox 1486 3189 1711 3241; x_wconf 78' lang='lat' dir='ltr'>praesertin</span> <span class='ocrx_word' id='word_1_579' title='bbox 1724 3188 1836 3228; x_wconf 76' lang='lat' dir='ltr'>auris</span> <span class='ocrx_word' id='word_1_580' title='bbox 1848 3188 1932 3226; x_wconf 82' lang='lat' dir='ltr'>sive</span> <span class='ocrx_word' id='word_1_581' title='bbox 1947 3200 2075 3232; x_wconf 83' lang='lat' dir='ltr'>aures,</span> 
     </span>
    </p>
   </div>
  </div>
 </body>
</html>
