2155 3590
679 188 865 228 LIBER
890 187 940 228 X.

83 302 173 354 quia
200 314 277 339 non
305 299 504 340 intellexit.
551 300 653 341 oud.
682 301 776 353 ipsi,
812 314 941 353 quam-

83 371 198 402 quam
232 358 526 410 spurcissimum
558 358 655 396 illud
689 358 944 409 fragmentum

82 414 238 465 genium
270 412 531 465 Apuleianum
568 415 665 452 satis
707 415 856 465 spirare
889 415 943 452 vi-

81 469 243 516 deatur,
287 470 403 508 valde
442 474 573 509 tamen
608 475 834 521 suspectum
869 473 943 516 est,

81 526 328 578 potissimum
363 539 478 577 quum
513 527 549 564 in
584 526 758 565 Luciano
794 525 940 564 nullum

81 583 167 620 eius
191 585 299 620 extet
322 583 536 633 vestigium.
586 582 748 635 [Mirum
772 586 851 629 est,
876 583 941 633 qui

81 638 250 688 optimos
274 638 430 690 Apuleii
460 638 687 691 interpretes
717 638 941 689 figmentum

80 693 177 732 illud
198 693 318 746 plane
341 694 539 732 ridiculum
563 700 640 733 tam
670 694 735 732 diu
760 694 940 745 decipere

80 752 256 802 potuerit.
303 750 405 789 Oud.
438 751 528 789 licet
558 764 658 801 quae
681 764 746 789 res
775 752 826 788 sit
853 763 940 788 sen-

81 807 189 844 sisse
213 806 397 852 videatur,
422 820 589 845 caussae
612 811 738 845 tamen
758 819 856 857 quas
874 805 940 844 ad-

80 861 167 900 tulit
187 862 354 902 leviores
367 867 457 902 sunt
479 876 553 902 nec
577 863 753 913 cuiquam
777 874 941 914 persua-

82 917 236 957 debunt.
263 918 424 970 Triplex
436 933 526 958 vero
540 923 603 957 est
619 920 729 965 ratio,
751 932 828 969 qua
840 931 942 956 com·

80 978 209 1013 motus
238 979 381 1022 statuo,
410 976 485 1014 hoc
515 975 805 1026 fragmentuma
827 987 943 1012 manu

81 1043 176 1068 esse
200 1031 413 1070 doctissimi
430 1032 580 1077 librarii,
608 1033 670 1082 qui
688 1035 818 1069 minen
837 1032 943 1081 Apu-

82 1084 147 1124 leii
172 1086 376 1126 dictionem
397 1089 518 1126 obiter
534 1091 679 1126 tanturn
699 1089 942 1137 cognoverat.

81 1141 252 1181 Primum
276 1145 376 1182 enim
400 1146 593 1190 miramur,
626 1143 731 1193 quod
755 1143 943 1194 fragmen-

80 1201 161 1236 tum
196 1200 232 1238 in
268 1200 329 1238 his
365 1200 519 1238 duobus
555 1199 799 1238 solummodo
830 1198 942 1237 codd.

80 1252 238 1305 legitur,
274 1256 391 1294 ceteri
426 1255 475 1294 ad
510 1267 626 1293 unum
661 1268 799 1293 omnes
835 1253 942 1292 omit-

78 1312 179 1358 tunt3
210 1311 314 1361 quod
338 1315 601 1362 argumentum
626 1310 801 1361 profecto
827 1323 942 1361 grave

79 1369 153 1404 est.
199 1366 286 1405 Nec
309 1368 409 1405 enim
433 1365 690 1411 offenderem,
721 1367 754 1404 si
778 1378 878 1403 unus
903 1369 944 1404 et

78 1420 177 1460 alter
195 1422 280 1461 cod.
298 1422 374 1462 hoc
393 1423 589 1469 eiecisset,
615 1423 704 1473 quia
722 1422 761 1460 id
780 1422 942 1473 saepius

80 1477 225 1517 factum
249 1491 341 1517 esse
365 1493 388 1518 a
412 1478 574 1517 librariis
598 1477 790 1529 exemplis
809 1481 942 1528 potest

78 1535 333 1586 comprobari.
390 1535 446 1574 At
481 1548 597 1585 quum
634 1534 767 1586 plures
810 1536 944 1571 extent

78 1591 194 1630 codd.
216 1590 520 1643 Apuleianorum
553 1590 740 1637 familiae,
777 1590 873 1628 inter
896 1602 943 1627 se

78 1645 199 1699 plane
223 1647 413 1693 diversae,
438 1651 477 1686 et
501 1660 552 1685 ex
571 1646 737 1685 diversis
762 1646 944 1684 librorum

78 1702 250 1742 fontibus
285 1703 523 1749 exhaustae,
563 1703 784 1754 neutiquam
819 1701 939 1741 credi-

77 1759 158 1798 bile
183 1763 262 1806 est,
298 1760 334 1798 in
360 1772 409 1798 ea
432 1760 641 1798 omissione
677 1771 813 1796 omnes
841 1758 940 1796 miri»

77 1815 151 1855 fiee
179 1816 448 1855 consensisse.
499 1814 712 1854 Praeterea
739 1815 834 1853 ratio
863 1827 939 1852 non

77 1876 211 1924 potest
233 1872 397 1924 percipi,
434 1885 535 1924 quae
565 1871 740 1910 librarios
763 1874 805 1908 ut
829 1871 941 1908 eiice-

77 1933 164 1967 rent
204 1928 457 1980 fragmentum
498 1927 763 1966 commoverit.
852 1925 940 1963 Nisi

76 1998 221 2037 ponaS,
260 1989 338 2023 tam
362 1985 482 2023 castis
507 1984 631 2022 fuisse
661 1996 732 2021 eos
754 1982 939 2028 moribus,

80 2050 208 2093 quam
233 2039 335 2079 Elm.
372 2044 412 2079 et
446 2040 611 2084 Florid„
657 2042 700 2078 ut
734 2051 783 2077 ne
818 2038 940 2077 lector

78 2097 344 2143 erubesceret,
380 2096 552 2134 dedecus
583 2095 678 2134 illud
707 2107 940 2145 suppresse-

76 2153 162 2192 rint.
211 2152 317 2199 Quot
340 2165 434 2190 vero
463 2152 582 2190 verba
612 2152 709 2190 casti
738 2151 804 2189 isti
828 2150 939 2189 libra-

77 2209 122 2248 rii
151 2210 206 2248 ita
233 2210 270 2247 in
303 2208 459 2247 exilium
489 2208 642 2246 mittere
666 2207 913 2251 debebant,
904 2219 939 2244 m

77 2265 218 2316 quibus
259 2278 332 2303 eos
371 2278 446 2303 non
489 2263 704 2301 offendisse
751 2263 940 2301 videmus.

76 2320 214 2360 Altera
239 2334 382 2359 caussa
404 2321 440 2359 in
461 2319 680 2371 Apuleiano
698 2319 850 2357 dicendi
874 2331 940 2369 ge-

76 2391 172 2416 nere
193 2378 340 2423 nititur,
365 2377 470 2428 quod
493 2377 544 2414 ab
573 2375 726 2427 ingenio
758 2375 844 2413 eius
875 2375 940 2425 qui

75 2433 154 2473 hoc
178 2432 432 2484 fragmentum
455 2432 570 2471 nobis
592 2431 801 2484 supposuit
824 2443 939 2481 quam

76 2490 379 2528 remotissimum
414 2492 487 2528 est.
541 2488 640 2527 Sunt
668 2488 769 2525 enim
798 2500 940 2538 graeca

77 2546 154 2585 ista
178 2546 316 2591 verba,
340 2545 481 2596 quibus
504 2544 602 2583 illud
623 2543 811 2590 abmdat,
836 2555 938 2594 qnae

75 2614 102 2640 a
123 2615 240 2641 manu
262 2602 415 2653 Apuleii
438 2600 627 2652 proticisci
650 2613 724 2638 non
749 2602 938 2652 poterant.

78 2656 156 2704 Qui
191 2659 293 2697 enim
322 2657 538 2697 accuratius
565 2659 828 2708 perscrutatus
858 2654 938 2692 fue-

78 2714 127 2752 rit
149 2713 506 2766 Metamorphosin,
530 2712 715 2758 inveniet,
745 2711 941 2750 rarissime

77 2770 290 2822 Apuleium
317 2770 437 2809 verba
471 2782 521 2807 ex
551 2768 714 2807 Graecis
749 2767 941 2819 petivisse

77 2838 204 2877 eaque
227 2825 311 2864 fere
334 2826 475 2872 omnia,
499 2838 600 2877 quae
622 2837 698 2863 usu
718 2821 941 2875 quotidiano

78 2880 306 2921 latinitatem
346 2882 491 2933 adepta
530 2884 654 2927 erant,
693 2879 798 2918 unde
838 2878 941 2917 Oud.

79 2939 297 2977 coniectura
319 2938 417 2977 Met.
441 2937 468 2976 1.
493 2951 530 2989 p.
556 2941 620 2978 35.
646 2950 695 2975 en
717 2948 846 2974 noson
864 2948 936 2986 pe·

75 2994 271 3033 stilentem
312 3007 427 3046 quam
471 2994 639 3032 maxime
685 2990 939 3043 vituperanda

76 3053 172 3089 erat.
205 3048 419 3089 Praeterea
440 3050 607 3088 vividam
629 3049 743 3087 istam
767 3046 939 3098 Apuleii,

77 3119 152 3144 nec
167 3110 397 3158 turgentem,
420 3119 470 3145 ne
495 3106 622 3144 dicam
633 3105 817 3143 urbanam
837 3103 938 3141 tales

77 3175 143 3200 res
166 3161 413 3202 describendi
441 3163 628 3201 rationem
655 3174 732 3199 non
763 3160 937 3211 agnosci-

999 187 1071 227 CA
1081 187 1126 228 P.
1156 187 1274 226 XXI.
1780 185 1856 227 931

997 313 1104 346 muS,
1138 299 1213 338 sed
1240 299 1370 351 potius
1400 299 1654 350 conquisitam
1689 297 1859 349 undique

999 362 1039 395 et
1062 356 1220 395 lascivis
1243 369 1290 393 ac
1313 355 1528 394 fastidiosis
1556 354 1787 406 imaginibus
1816 354 1861 392 il-

999 411 1223 458 luminatam
1246 409 1546 458 affectationem,
1592 424 1707 462 quam
1730 411 1859 461 potius

1000 481 1247 507 exsecramur
1259 480 1306 505 ac
1317 467 1658 518 perhorrescimus.
1695 466 1860 517 Compa-

996 529 1124 563 rentur
1142 524 1241 561 enim
1255 523 1495 575 spurcissimi
1518 525 1554 561 in
1579 524 1639 561 his
1663 521 1771 561 libris
1785 522 1861 560 loci

996 581 1140 619 utMet.
1154 578 1198 618 IL
1206 592 1249 630 =p.
1262 583 1339 620 125
1348 591 1459 630 seqq.
1469 609 1479 624 ,
1498 578 1609 618 Lucii
1623 592 1706 617 cum
1720 577 1861 616 Fotide

998 636 1225 675 concubitus
1240 635 1534 685 descriptiones,
1553 635 1618 673 ubi
1631 649 1703 672 non
1719 633 1769 672 ad
1782 638 1860 672 tae-

998 693 1101 731 dium
1114 704 1240 742 usque
1252 691 1277 730 i.
1291 704 1323 729 e.
1338 694 1444 729 tanta
1456 704 1542 729 cum
1554 690 1784 741 turpitudine
1796 704 1860 728 res

998 750 1095 787 istas
1118 747 1309 798 Apuleius
1333 750 1557 799 pertractat,
1582 747 1656 785 sed
1675 746 1861 784 festiviter

998 810 1037 843 et
1057 804 1205 855 lepide,
1231 803 1408 842 libidines
1428 802 1585 841 lectoris
1604 800 1758 854 placide
1781 815 1860 840 ma-

997 862 1057 911 gis
1081 858 1253 904 titillans,
1278 873 1393 910 quam
1414 858 1602 897 violenter
1619 859 1861 909 perturbans.

999 917 1123 963 Quam
1147 929 1241 954 vero
1267 915 1369 954 Oud.
1395 914 1521 953 attulit
1544 928 1698 959 caussa,
1723 927 1860 965 suspe-

998 978 1060 1011 cta
1082 973 1157 1011 sibi
1181 985 1276 1011 esse
1303 971 1405 1010 haec
1432 971 1568 1016 verba,
1593 971 1698 1022 quod
1721 971 1757 1008 in
1783 970 1861 1008 Lu-

1000 1029 1097 1068 ciani
1126 1026 1200 1078 ὄνῳ
1229 1041 1305 1066 11011
1343 1028 1578 1078 legerentur,
1619 1027 1763 1065 minimi
1799 1029 1862 1064 est

999 1085 1192 1123 momenti.
1237 1087 1242 1091 ’
1273 1084 1467 1136 Apuleius
1521 1084 1621 1121 enim
1667 1096 1718 1121 ex
1763 1082 1860 1120 arbi-

1000 1142 1071 1180 trio
1095 1141 1258 1179 variavit
1282 1140 1414 1186 multa,
1440 1141 1493 1177 ita
1515 1142 1558 1177 ut
1579 1138 1681 1177 hanc
1705 1151 1862 1190 quoque

999 1198 1257 1236 narrationem
1305 1195 1566 1247 amplificasse
1606 1195 1729 1246 putari
1772 1209 1861 1246 pos-

998 1257 1072 1292 set.
1118 1253 1232 1292 Nunc
1260 1252 1311 1290 ad
1340 1251 1494 1303 singula
1517 1250 1719 1302 fragmenti
1745 1251 1863 1289 verba

997 1309 1241 1361 progrediar,
1277 1321 1379 1359 quae
1408 1307 1614 1346 maximam
1638 1311 1786 1358 partem
1811 1307 1860 1344 ab

1000 1364 1102 1403 Oud.
1121 1365 1224 1402 bene
1247 1364 1446 1403 intellecta
1469 1368 1509 1402 et
1532 1364 1727 1414 explicata
1743 1364 1859 1413 sunt]

1059 1426 1093 1460 1.
1125 1422 1277 1460 oreiam
1298 1434 1468 1473 pyyam.
1515 1418 1611 1457 Cum
1626 1419 1764 1457 Graeci
1778 1432 1862 1469 par-

997 1480 1076 1515 tem
1102 1477 1293 1527 corporis,
1324 1489 1424 1526 quae
1448 1475 1602 1513 sutelae
1625 1474 1764 1513 similis
1787 1475 1863 1513 sul)

997 1545 1101 1584 pene
1123 1546 1193 1584 per
1215 1530 1385 1570 med-ium
1409 1535 1580 1570 scrotum
1604 1531 1758 1577 transit,
1795 1543 1863 1568 vo-

1000 1590 1119 1628 carint
1143 1585 1272 1639 ὅρρον,
1308 1588 1554 1638 iunctamque
1583 1586 1688 1624 illam
1713 1590 1863 1638 partem

1001 1659 1087 1684 cum
1110 1648 1226 1696 πυγῇ,
1252 1658 1331 1695 qua
1353 1644 1509 1691 desinit,
1540 1643 1773 1695 appellarint
1800 1641 1863 1693 ὀῤ-

995 1698 1191 1753 ῥοπύγιον,
1227 1700 1328 1738 Oud.
1364 1704 1471 1738 recte
1506 1703 1655 1744 monet,
1697 1699 1748 1737 de
1788 1698 1863 1737 hac

996 1761 1106 1809 parte
1131 1757 1193 1796 hic
1215 1759 1351 1807 aperte
1375 1757 1449 1806 agi,
1474 1755 1640 1806 hincque
1665 1756 1861 1793 emendat:

999 1827 1135 1853 orrum
1162 1814 1206 1851 in
1232 1825 1388 1865 pyyam
1414 1816 1664 1863 perteretem.
1712 1811 1862 1849 Salma-

997 1870 1081 1908 sius
1106 1870 1153 1907 ad
1171 1869 1294 1906 So'zin.
1312 1882 1349 1919 p.
1364 1871 1456 1908 232.
1483 1867 1575 1905 citat
1599 1868 1782 1907 orchiam
1806 1867 1860 1905 bi-

997 1939 1094 1978 yam
1124 1929 1381 1976 perteretem,
1422 1927 1465 1961 ut
1507 1923 1688 1962 orchiam
1724 1923 1861 1975 biyam
1900 1930 1902 1933 ’

996 1985 1132 2020 autore
1150 1979 1251 2019 Oud.
1273 1980 1335 2017 vel
1354 1979 1544 2030 significet
1563 1979 1778 2025 testiculos,
1803 1979 1861 2016 sic

995 2041 1157 2076 vocatos
1192 2037 1242 2074 ab
1277 2036 1398 2074 herba
1432 2036 1668 2086 geminorum
1704 2035 1861 2085 figuram

996 2093 1189 2132 referente
1213 2091 1260 2130 cf.
1288 2090 1408 2130 Salm.
1433 2093 1468 2130 in
1494 2090 1596 2129 Plin.
1622 2104 1661 2142 p.
1683 2094 1773 2131 190.
1796 2089 1861 2128 vel

996 2150 1046 2188 ab
1077 2149 1194 2189 orchi
1225 2148 1327 2186 oliva
1355 2147 1586 2193 testiculari,
1623 2147 1673 2185 de
1705 2160 1782 2198 qua
1810 2146 1860 2186 cf.

997 2206 1048 2244 ad
1074 2204 1222 2244 Colum.
1252 2204 1301 2242 V.
1327 2208 1364 2244 8.
1413 2203 1522 2256 [Ego
1551 2203 1767 2254 putaxerim
1799 2217 1861 2242 or-

996 2263 1092 2300 rion
1104 2274 1264 2313 pyyam
1276 2265 1517 2324 perteretem
1531 2259 1738 2310 legendum
1752 2272 1860 2304 esse,

997 2331 1066 2369 pro
1097 2316 1287 2355 adiectivo
1319 2310 1445 2366 ὁροιος
1474 2316 1643 2360 habens,
1679 2319 1722 2353 ut
1750 2312 1861 2366 οὖρά-

995 2389 1083 2421 νιος,
1096 2371 1281 2424 ποτάμιος
1299 2372 1514 2437 formatum,
1532 2375 1575 2409 ut
1594 2372 1726 2409 orrios
1743 2386 1860 2423 puvsqa

995 2430 1098 2468 idem
1123 2430 1186 2476 sit,
1211 2428 1316 2480 quod
1341 2443 1508 2479 ορροπυ,
1511 2443 1577 2467 ιον.
1618 2426 1677 2466 Ita
1700 2426 1859 2465 forsitan

996 2485 1240 2524 emendanda
1270 2484 1406 2524 Grloss.
1431 2484 1551 2523 Arab.
1576 2483 1664 2521 Lat.
1694 2497 1732 2535 p.
1766 2487 1858 2523 710.

995 2547 1191 2582 veretrum
1204 2545 1372 2593 portum
1386 2544 1554 2586 urinum
1573 2553 1644 2592 pro
1664 2543 1859 2579 veretrum

989 2612 1147 2652 pyyam
1173 2596 1354 2649 arrium]

1052 2658 1089 2695 2.
1120 2654 1241 2706 113]αεί
1267 2653 1407 2705 frayr.
1437 2656 1477 2692 et
1501 2650 1625 2691 Chiae
1653 2663 1857 2690 rosae-eae.

997 2709 1225 2750 Haecmlnli
1237 2712 1339 2747 sunt
1365 2707 1487 2747 Salm.
1500 2707 1551 2746 ad
1563 2706 1688 2747 Solin.
1710 2719 1749 2757 p.
1763 2709 1855 2746 232.

998 2770 1093 2808 237.
1119 2765 1269 2804 coniicit
1286 2765 1413 2804 musci
1436 2777 1487 2802 ex
1504 2764 1697 2809 Arnobio,
1722 2762 1857 2800 Hiero-

998 2835 1117 2874 nymo
1141 2825 1181 2859 et
1206 2821 1339 2859 Gloss.
1366 2820 1478 2870 (vide
1498 2818 1620 2857 Orell.
1640 2820 1690 2858 ad
1710 2819 1855 2856 Arnob.

997 2877 1084 2916 vll.
1121 2881 1189 2918 30.
1225 2876 1270 2915 T.
1299 2875 1345 2915 ΙΙ.
1380 2889 1418 2927 p.
1449 2879 1525 2915 431
1560 2877 1643 2925 sq.)
1691 2875 1857 2914 Muscas

992 2933 1130 2974 εὐωδία
1165 2936 1239 2971 est.
1291 2931 1394 2971 Oud.
1431 2931 1524 2982 legit
1558 2931 1693 2984 Lyaei
1724 2931 1784 2980 fr.
1819 2935 1859 2968 et

995 2991 1108 3030 oleae
1123 3001 1333 3034 rosaceae,
1356 2986 1581 3038 intelligens
1599 2985 1697 3026 οἶνον
1715 2984 1856 3024 ἀνθοσ·

994 3047 1082 3097 μίαν
1104 3042 1169 3084 καὶ
1192 3042 1330 3094 εὐώδη,
1366 3044 1477 3082 cuius
1498 3043 1651 3094 passim
1672 3042 1854 3081 memine-

994 3103 1068 3140 rint
1083 3104 1252 3146 veteres,
1270 3103 1311 3138 et
1326 3098 1454 3150 ῥόόιον
1472 3097 1613 3143 ἕλαιαν,
1629 3098 1736 3150 quod
1753 3097 1854 3136 idem

995 3156 1221 3209 simpliciter
1241 3169 1449 3196 'rosaceum
1473 3156 1654 3201 vocarint,
1678 3154 1726 3193 cf.
1751 3151 1852 3192 Poll.

1485 3221 1574 3264 59*
