2155 3590
650 117 840 159 LIBER
868 116 965 158 Vll.

114 240 156 274 ut
181 232 358 283 aiebant,
387 246 535 286 poenae
561 232 804 273 redderetur.

1024 114 1153 155 CAP.
1184 111 1266 152 XX
1277 111 1350 152 Vl.
1829 108 1908 151 621

859 229 1022 270 Interim
1049 229 1138 268 dum
1162 239 1324 281 puerum
1349 223 1457 264 illum
1477 218 1483 277 1
1506 229 1688 278 parentes
1714 221 1774 261 sui
1801 221 1909 276 plan-
1936 225 2001 257 498

115 289 275 344 goribus
313 289 600 343 querebantur,
640 288 855 330 adveniens
881 300 972 328 ecce
1008 284 1203 333 rusticus,
1242 293 1487 334 nequaqum]
1525 279 1760 334 promissum
1795 291 1909 318 suum

108 448 193 478 pene
213 438 390 468 roderetur
409 442 444 469 G.
468 442 546 469 1.‘.'
565 442 603 469 D.

655 438 795 466 Interim
806 446 946 476 puerum
960 435 1054 464 allum
1068 434 1143 464 dum
1152 436 1317 472 parentes
1337 434 1371 461 G.
1389 434 1418 460 1.

1466 430 1626 459 sminG.
1647 432 1679 460 2.
1699 437 1778 459 am.
1793 438 1819 458 s.
1840 436 1915 457 esse

114 487 333 515 adnotatoud.
342 487 525 519 Perneram.
540 488 619 514 Nam
632 487 671 513 ab
687 487 797 513 eadem
811 491 910 512 manu
923 490 1020 517 quum
1036 481 1244 510 festinatione
1256 479 1413 507 omissum
1421 480 1518 509 esset
1528 480 1642 510 postea
1656 475 1914 509 superscriptum

113 528 467 568 est.flecttbusG.1.

516 529 726 567 quaerebant
741 533 771 557 et
787 528 967 556 adt-emens
985 528 1021 556 F.
1043 528 1072 555 3.
1093 528 1129 554 G.
1149 528 1180 554 2.
1199 527 1234 554 Ρ.
1253 526 1293 553 D.
1308 532 1337 558 p.
1353 524 1388 551 B.
1413 523 1452 550 In
1473 525 1546 550 cett.
1560 520 1790 558 querebantur
1804 522 1839 545 et
1852 516 1915 545 ad-

114 584 266 612 remens
293 584 358 605 11151
372 577 455 610 quod
468 576 550 604 inF
568 578 595 604 l.
611 573 638 603 ὃ.
655 575 675 603 f.
692 577 760 603 edd.
778 577 852 603 Bas.
868 576 885 601 2
891 575 996 602 ..Elm
1011 573 1117 600 Smiv.
1132 570 1251 600 Florid.
1277 571 1311 596 et
1324 569 1463 597 deletum
1477 570 1536 595 est.
1561 566 1692 601 Soping.
1713 564 1915 593 emendaxit:

115 622 397 660 qui‘ratabantxel
411 620 590 649 e.urabant
638 619 968 648 sumnnonestinP.
983 619 1018 646 G.
1034 619 1064 646 1.

115 757 252 783 manus
278 757 372 782 esse
390 743 628 789 emendatio,
654 742 835 792 quoniam
856 754 986 778 recen-

117 803 235 839 tiores
280 801 434 851 linguae
460 800 534 837 hoc
565 798 797 838 vocabulum
823 797 872 835 de
903 800 985 835 toto

119 871 280 908 corpore
305 856 525 908 usurpant]

170 927 332 965 poenae
378 914 632 952 redderetur.
692 911 754 949 De
794 911 986 948 locutione

119 974 319 1022 comparat
342 968 443 1007 Oud.
471 969 610 1007 Senec.
631 967 768 1006 Octav.
796 971 888 1007 802.
912 980 987 1017 po-

115 1026 210 1078 puli
234 1027 311 1065 nisi
343 1027 445 1064 irae
478 1026 691 1076 cantassem
714 1024 897 1062 reddat
919 1037 989 1060 no-

120 1097 207 1122 vum
233 1088 272 1120 et
297 1085 389 1122 829.
415 1087 601 1132 suspecta
629 1081 783 1119 confuse
809 1084 848 1118 et
871 1093 990 1117 soror

120 1153 273 1190 semper
285 1139 399 1184 milei,
427 1138 607 1177 Tandem
623 1137 684 1175 do
694 1136 791 1174 lori
804 1136 989 1186 spiritum

121 1195 304 1234 reddat
327 1208 430 1240 meo,
470 1194 660 1245 bamque
696 1197 875 1230 nostram
900 1205 989 1229 san-

118 1252 245 1303 quine
263 1252 500 1301 exstinyuut
519 1263 601 1288 suo.
650 1250 712 1286 Ac
733 1261 768 1298 p·
760 1248 880 1285 [ssim
899 1247 989 1285 red-

120 1307 217 1345 dere
245 1321 314 1358 pro
341 1306 458 1344 dare.
498 1305 649 1344 dedere
679 1305 842 1342 occurrit
877 1303 911 1340 in
944 1302 991 1339 iis

119 1363 365 1414 praesertim,
392 1376 491 1413 quae
517 1361 705 1411 aliquam
698 1375 732 1398 in
747 1374 793 1398 se
808 1373 842 1397 n·
845 1358 991 1397 ituralis

119 1420 210 1458 iuris
235 1418 296 1456 vel
323 1419 423 1469 legiS
445 1417 555 1469 quasi
577 1431 626 1454 ex
646 1417 777 1455 debito
798 1416 993 1454 continent

121 1475 406 1526 obligationem.
457 1474 587 1520 Quare
614 1487 686 1511 non
714 1487 814 1524 opus
840 1475 919 1517 est,
952 1475 993 1509 ut

121 1546 206 1570 cum
215 1531 375 1570 Heinsio
384 1531 585 1581 relingatur
594 1530 810 1568 dederetur
819 1528 868 1566 ad
877 1528 912 1566 Ο
919 1528 993 1566 vid.

121 1587 218 1628 Met.
227 1587 605 1639 Xll{.664.pe‹:tora
618 1601 680 1638 po
691 1599 815 1625 enae.
831 1585 901 1624 De
912 1585 995 1623 dit.

124 1643 199 1697 [Ita
222 1646 323 1684 bene
348 1643 504 1682 defendi
531 1646 666 1695 potest
691 1642 800 1681 loeus
819 1641 932 1680 Auet.
959 1643 995 1679 in

123 1700 228 1740 Obit.
242 1701 461 1741 Maecenat.
490 1714 521 1737 ν.
538 1704 601 1740 42.
628 1698 788 1738 Α1111101.
804 1698 891 1736 Lat.
907 1697 953 1735 Τ.
968 1697 994 1735 l.

123 1771 160 1811 p.
174 1761 265 1799 262.
283 1758 453 1810 lymbus
471 1756 629 1795 hostilis
649 1756 856 1794 reddere
876 1755 995 1806 liqna

123 1816 243 1861 rutis,
269 1815 331 1853 ubi
357 1813 521 1852 trudere
544 1813 608 1850 161
635 1813 786 1851 dedere
811 1809 873 1848 vel
900 1825 999 1862 pro-

125 1871 222 1910 dere
258 1870 466 1908 emendant
502 1875 540 1907 et
576 1869 665 1906 ibid.
694 1882 725 1906 v.
749 1871 814 1908 90
842 1881 877 1918 p
905 1871 998 1907 271.

120 1932 261 1978 posset
289 1931 476 1966 amaturo
498 1927 588 1965 rina
618 1928 773 1977 referre
794 1924 899 1971 lori,
936 1924 998 1974 qui

127 1988 233 2022 totus
255 1983 364 2022 locus
392 1983 444 2020 ita
471 1981 738 2020 emendandus
759 1983 837 2018 est:
867 1980 1000 2032 Atque

127 2039 312 2092 aquilam
336 2039 483 2077 misisse
507 2052 635 2083 suam,
664 2050 768 2089 quae
788 2040 1002 2089 quaereret

130 2097 268 2148 ecquis
305 2095 450 2134 Posset
486 2099 672 2141 amatura
706 2094 799 2133 rina
831 2095 992 2144 referre

130 2152 230 2197 loci,
253 2151 368 2190 Valle
380 2151 450 2190 sub
466 2150 595 2189 Idaea
616 2151 709 2188 dum
731 2154 779 2188 te.
803 2151 997 2201 formose,

129 2196 328 2247 satelles
355 2207 520 2245 Intenit.
548 2205 647 2244 lllud
673 2205 829 2245 sutellcs
851 2204 998 2242 conieci

130 2278 179 2303 ex
190 2263 387 2302 Ciceronis
395 2261 554 2301 Tuscul.
571 2261 614 2299 ll.
631 2266 688 2302 10.
700 2293 710 2307 ‚
735 2262 799 2300 ubi
811 2260 1001 2311 Aeschyli

130 2334 281 2359 carmen
307 2323 463 2358 vertens
488 2318 656 2368 aquilam
681 2319 877 2370 pinnatam
897 2317 1002 2355 lovis

131 2377 343 2416 satellitem
364 2374 465 2414 (licit.
497 2375 553 2413 lta
568 2375 742 2413 reddere
754 2375 916 2425 saepius
929 2388 998 2426 pro

131 2433 296 2479 tradere,
307 2445 676 2484 exponeremarraue
693 2431 829 2481 legitur
855 2430 1000 2469 cti'l'ac.

132 2491 236 2529 Ann.
252 2489 295 2528 ll.
312 2494 348 2529 4.
369 2488 471 2531 Hist.
484 2486 551 2527 IV.
568 2492 631 2528 67.
647 2488 709 2526 De
724 2488 1003 2538 significatione

134 2547 245 2586 vocis
281 2545 393 2596 plura
430 2545 537 2583 dabit
574 2544 695 2582 Salm.
730 2544 778 2581 ad
811 2543 1003 2595 Spartian.

133 2602 317 2642 Hadrian.
344 2615 375 2640 c.
394 2606 427 2641 1.
454 2600 498 2639 T.
514 2598 540 2639 l.
568 2614 602 2651 p.
634 2604 715 2645 12„
741 2601 804 2651 qui
831 2613 881 2638 ex
904 2599 1006 2638 Mar-

133 2659 235 2699 tialis
261 2657 392 2710 Epigr.
423 2656 493 2696 Xl.
514 2661 581 2697 87.
609 2657 728 2709 Eryo
753 2656 1006 2696 suburranae

137 2718 308 2766 tironem
320 2715 407 2754 red
415 2715 472 2753 de
486 2714 724 2765 nmqistrae,
749 2713 925 2751 reddere
937 2727 1006 2765 pro

137 2772 240 2811 dare
261 2770 325 2809 vel
357 2771 522 2810 tradere
552 2769 625 2808 dici
657 2769 869 2813 confirmat,
905 2769 1009 2819 male

137 2824 267 2871 tamen
298 2827 458 2879 Apuleii
492 2826 617 2865 locum
649 2825 842 2876 quendam
868 2827 1008 2864 citans:

139 2883 276 2924 avibus
295 2883 494 2936 pabulum
520 2883 710 2929 reddam,
738 2883 800 2932 qui
827 2886 1011 2932 quantum

141 2939 320 2991 equidem
333 2939 544 2991 Apuleium
570 2939 677 2985 novi,
704 2940 800 2977 inter
821 2939 1008 2977 611158611-

139 2999 208 3048 pta
242 3010 332 3050 non,
353 2996 501 3047 legitur.
530 2995 742 3034 'Memoria
777 2995 862 3033 sine
892 2994 1009 3045 dubio

140 3051 268 3091 falsus
291 3056 353 3092 est
377 3051 615 3098 Salmasius,
641 3064 759 3103 quum
782 3052 1011 3103 respexisse

143 3108 316 3149 videatur
339 3109 388 3148 ad
413 3108 541 3149 locum
565 3107 662 3147 Met.
688 3107 737 3148 X.
763 3121 801 3163 p.
827 3112 921 3157 711,
946 3109 1012 3148 ubi

1046 743 1174 777 tamen
1197 741 1276 775 est:
1304 735 1492 776 vulturiis
1519 734 1696 786 opimum
1715 731 1918 783 pabulum

1045 794 1325 834 redderent.
1374 790 1553 829 Ceterum
1591 790 1702 828 locus
1733 787 1918 826 Hadriani

1046 852 1098 890 ita
1122 848 1390 889 emendandus
1415 851 1493 886 est:
1518 847 1577 885 ad
1583 847 1768 898 patriam
1781 844 1918 885 rediit,

1046 921 1097 946 ue
1121 904 1451 946 statimuu'litiam
1465 905 1574 948 iniit,
1598 902 1775 941 venandi
1794 913 1921 952 usque

1045 963 1397 1015 reprehensionem
1422 961 1660 1008 studiosus]

1101 1090 1271 1128 puerum
1316 1073 1595 1126 planyoribus
1638 1072 1921 1126 querebantur,

1049 1133 1274 1171 acle-eniens.
1320 1130 1449 1182 [Hanc
1470 1130 1675 1168 lectionem
1695 1141 1745 1166 ex
1766 1128 1922 1179 optimis

1051 1189 1155 1226 libris
1182 1187 1418 1225 concinnavi.
1469 1186 1668 1236 Scriptura
1688 1186 1787 1222 enim
1804 1197 1922 1237 quae-

1049 1244 1210 1289 rebant,
1237 1256 1352 1294 quam
1372 1243 1469 1280 satis
1491 1242 1625 1293 optimi
1647 1241 1730 1279 libri
1745 1241 1922 1291 proliten-

1050 1305 1126 1345 tur,
1153 1313 1239 1339 eam
1266 1299 1315 1337 ob
1342 1312 1524 1337 caussam
1552 1298 1636 1336 terri
1664 1298 1807 1348 nequit,
1835 1297 1925 1346 quia

1053 1361 1236 1409 parentes
1250 1369 1409 1408 puerum
1425 1369 1498 1393 non
1515 1354 1769 1405 quaerebant,
1788 1356 1925 1404 utpote

1052 1413 1115 1464 qui
1139 1413 1214 1451 iam
1233 1412 1411 1450 inventus
1433 1415 1527 1450 erat.
1575 1410 1689 1448 Prius
1703 1423 1794 1447 vero
1810 1423 1925 1460 quam

1052 1469 1118 1508 1116
1132 1469 1288 1507 (1011111111
1302 1472 1522 1520 reportatus
1545 1471 1644 1512 erat,
1672 1466 1865 1504 discissus
1880 1479 1926 1503 ac

1052 1526 1305 1571 dilaceratus,
1337 1528 1520 1576 parentes
1547 1524 1759 1575 quaerendi
1786 1536 1928 1561 caussa

1057 1597 1130 1621 non
1175 1583 1369 1627 exierant,
1419 1581 1563 1633 quippe
1608 1581 1672 1632 qui
1715 1579 1764 1617 ‹le
1807 1592 1926 1630 puero

1055 1639 1211 1678 solliciti
1242 1652 1336 1677 esse
1367 1652 1440 1676 non
1472 1640 1638 1689 possent
1670 1636 1836 1674 nondum
1868 1649 1927 1673 re-

1055 1710 1207 1748 gresso.
1238 1695 1341 1734 Nam
1367 1695 1464 1732 intra
1489 1707 1636 1746 paucas
1662 1693 1712 1732 ad
1737 1706 1928 1731 summam

1054 1753 1171 1791 horas
1185 1752 1284 1791 haec
1298 1756 1378 1790 tota
1396 1764 1461 1788 res
1481 1751 1659 1790 confecta
1677 1753 1777 1796 erat,
1804 1753 1841 1787 et
1861 1763 1930 1802 per

1059 1809 1267 1847 redeuntes
1287 1808 1442 1846 demum
1463 1811 1646 1859 pastores
1666 1806 1715 1844 de
1729 1810 1850 1844 morte
1865 1805 1930 1842 lilii

1061 1866 1231 1904 violenta
1245 1879 1292 1904 ac
1306 1864 1450 1903 nefaria
1466 1864 1651 1902 certiores
1665 1863 1688 1901 ii
1705 1866 1812 1900 erant
1827 1862 1928 1900 sacti.

1058 1921 1180 1960 Porro
1201 1922 1320 1960 verba
1340 1934 1440 1972 quae
1461 1921 1510 1959 ad
1531 1920 1801 1959 advenientem
1818 1919 1929 1957 rusti-

1060 1992 1145 2017 cum
1160 1979 1319 2024 fiebant,
1336 1978 1398 2028 qui
1413 1978 1686 2015 castrationem
1700 1977 1810 2014 asino
1825 1975 1929 2014 mini-

1058 2038 1162 2073 tatus
1172 2038 1265 2081 erat,
1276 2048 1298 2073 a
1312 2048 1386 2086 quo
1403 2033 1513 2072 aliter
1525 2034 1626 2072 dicta
1641 2046 1735 2071 esse
1748 2036 1928 2084 possunt,

1055 2105 1170 2143 quam
1196 2105 1220 2129 a
1244 2094 1404 2142 parente
1418 2104 1439 2127 a
1444 2090 1624 2141 rasonis,
1651 2089 1748 2128 asini
1770 2102 1930 2141 posses-

1055 2162 1156 2186 sor.e
1183 2147 1293 2187 Haec
1306 2146 1630 2192 satisvindicant,
1658 2146 1931 2199 querebantur

1059 2218 1131 2243 nec
1146 2204 1396 2258 quaerebant
1409 2202 1472 2242 1116
1489 2203 1695 2256 legendum
1710 2216 1814 2241 esse.
1849 2201 1932 2241 Sed

1062 2261 1335 2315 querebantur
1359 2265 1398 2298 61
1418 2259 1603 2312 lugebant
1628 2273 1716 2298 eum
1740 2263 1930 2298 mortuum

1061 2332 1135 2356 non
1157 2317 1272 2355 modo
1298 2317 1371 2354 sed
1397 2317 1513 2355 etiam
1544 2321 1621 2370 tam
1649 2316 1765 2355 foede
1792 2315 1933 2354 dilace-

1058 2378 1192 2412 ratum.
1187 2373 1217 2426 ]
1284 2372 1400 2419 Quod
1435 2373 1539 2411 116116
1575 2373 1651 2412 iam
1687 2373 1933 2425 perspiciens

1059 2430 1181 2477 oud„
1207 2444 1249 2468 61
1251 2443 1374 2468 rorem
1392 2429 1482 2468 inde
1501 2434 1622 2468 ortum
1638 2443 1731 2468 esse
1746 2430 1935 2482 opinatur,

1062 2486 1165 2538 quod
1190 2488 1315 2538 prima
1333 2486 1493 2538 syllaba
1509 2500 1634 2539 saepe
1654 2486 1773 2532 aesit
1790 2487 1936 2537 scripta

1063 2548 1102 2583 et
1126 2543 1231 2582 edita
1255 2545 1373 2594 atque
1397 2542 1531 2582 ultima
1555 2558 1605 2592 ur
1629 2557 1698 2596 per
1729 2547 1857 2582 notam
1883 2543 1935 2580 in-

1064 2600 1191 2639 dicata
1204 2600 1434 2649 creberrime
1449 2601 1653 2639 omittatur.
1679 2599 1742 2638 De
1762 2603 1934 2638 constr-u

1065 2658 1191 2695 ctione
1218 2657 1325 2694 vocis
1353 2657 1469 2708 queri
1492 2669 1577 2694 611111
1603 2640 1826 2705 accusativo
1848 2669 1936 2693 con-

1065 2713 1139 2762 sert
1161 2712 1291 2751 Burm.
1317 2712 1366 2751 ad
1392 2712 1507 2752 Ovid.
1533 2725 1582 2750 ex
1605 2711 1718 2751 Pont.
1735 2712 1804 2753 lV.
1817 2715 1852 2752 9.
1869 2714 1936 2753 95.

1066 2770 1246 2809 Lambin.
1260 2769 1310 2807 ad
1324 2768 1459 2807 Hor.at
1473 2768 1548 2807 Od.
1566 2767 1591 2807 l.
1608 2773 1642 2809 2.
1659 2772 1697 2810 6.
1711 2782 1758 2807 ac
1770 2782 1939 2808 sexcen-

1067 2826 1154 2865 ties.
1205 2825 1387 2864 Ceterum
1412 2825 1719 2877 interpungenda
1748 2826 1806 2864 sic
1841 2839 1936 2865 esse

1068 2883 1275 2934 sequentia
1297 2882 1495 2933 proponit:
1521 2881 1616 2922 dum
1631 2886 1823 2933 parentes
1838 2896 1937 2937 pue·

1066 2953 1153 2978 rum
1169 2938 1458 2992 querebantur,
1483 2942 1524 2977 et
1533 2938 1613 2977 adt
1617 2939 1751 2978 eniens
1765 2940 1940 2979 rusticus

1067 2996 1280 3047 sectionem
1294 3007 1418 3033 meam
1429 2995 1607 3059 squz‘taa
1617 3008 1696 3036 uon
1711 3000 1778 3045 est,
1793 2996 1938 3048 inquit,

1068 3052 1111 3090 in
1125 3051 1186 3090 his
1199 3064 1310 3094 unus.
1336 3048 1446 3089 Male
1461 3050 1560 3089 enim
1575 3050 1610 3089 in
1625 3036 1793 3104 vulgatis
1807 3051 1938 3090 multis

1068 3112 1161 3162 post
1209 3107 1378 3164 flayitat
1417 3107 1602 3146 maiorem
1649 3106 1938 3152 distinctionem
