2155 3590
702 119 891 163 LIBER
920 119 995 159 Xl.
1053 118 1179 159 CAP.
1210 119 1238 158 I.
1787 115 1870 158 ¹383

87 232 168 272 fato
197 231 349 272 scilieet
376 232 453 271 iam
478 232 574 272 meis
604 239 659 272 tot
686 231 881 285 tantisque
906 231 1078 272 cladibus
1103 231 1245 271 satiato
1269 238 1310 271 et
1325 244 1432 294 spem
1452 229 1589 270 salutis
1608 229 1700 269 licet
1718 228 1869 268 tardam

86 287 426 337 subministrante,
460 295 665 341 augustum
696 288 893 342 specimen
925 288 1019 328 deae
1044 290 1262 341 praesentis
1293 286 1412 327 statui
1443 285 1659 340 deprecari.
1721 282 1868 325 Conse-

86 343 251 397 stimque
271 343 446 383 discussa
467 343 474 399 Ι
494 344 604 398 pigra
623 344 751 408 qui-ete
771 345 901 384 alacer
919 357 1115 397 exsui-gn,
1144 357 1281 396 meque
1302 343 1478 396 protinus
1498 341 1726 396 purificandi
1741 341 1868 380 studio

84 399 235 440 marino
255 399 415 440 lavacro
436 401 568 440 trado:
596 400 816 456 septiesque
834 400 1038 441 submerso
1045 375 1238 439 ”fluctibus
1264 399 1404 453 capite,
1433 398 1532 451 quod
1555 411 1641 438 eum
1663 411 1867 436 numerum

85 530 154 557 Iam
173 536 228 564 pro
246 527 314 555 iam
333 536 362 563 p.
410 528 512 560 ctiam
531 530 651 558 Florid.
699 532 877 566 angustum
897 531 936 558 D.
984 527 1092 564 specie
1110 525 1234 555 salutis
1253 528 1302 555 ed.
1321 535 1368 561 pr.
1385 526 1510 555 vicent.
1525 527 1639 555 Venet.
1653 528 1684 554 2.
1710 526 1773 554 Sed
1793 534 1870 554 vere

82 574 266 603 emendavit
283 574 432 603 Beroaid.
457 575 619 609 Perpetua
639 577 751 603 harum
770 582 885 603 vocum
904 576 953 602 est
973 573 1122 602 confusio
1145 572 1184 601 cf.
1204 573 1245 601 ad
1258 574 1334 600 Met.
1347 573 1402 600 111.
1417 580 1447 606 p.
1461 572 1537 599 272.
1585 578 1660 607 sepe
1673 570 1797 598 crimen
1811 578 1868 605 pro

80 619 243 655 specimen
256 620 292 648 G.
307 620 336 647 2.
349 620 387 648 D.
412 618 652 655 saepecrimam
666 621 703 648 P.
745 618 926 656 praesenti
941 620 976 647 G.
995 620 1023 647 1.
1037 619 1072 647 0.
1119 619 1182 646 Pro
1199 617 1389 653 septiesque
1405 617 1440 644 in
1453 618 1489 644 G.
1506 618 1533 644 1.
1548 619 1595 644 est
1610 618 1835 652 proceresque
1848 623 1869 644 a

81 670 179 692 manu
194 664 325 692 recenli-
350 665 447 693 Prius
462 667 613 692 lacunam
629 665 662 692 in
675 667 825 693 contextu
840 664 944 693 fuisse
959 666 1101 698 apparet.
1126 664 1169 691 At
1183 670 1223 690 ne
1236 662 1422 690 coniectura
1436 661 1563 694 quidem
1577 661 1710 694 assequi
1723 668 1867 695 possum,

80 709 157 743 quid
169 712 333 737 corrector
346 709 411 738 ista
424 718 446 737 v
447 717 503 738 oce
518 712 676 745 proteres
694 710 759 738 sibi
773 717 791 738 x
795 709 1031 766 olueri1.que
1044 711 1114 744 post
1128 707 1250 745 sepcies
1263 714 1325 736 non
1340 710 1386 735 est
1401 707 1434 734 iu
1449 707 1477 735 V
1480 709 1561 734 enet-
1577 707 1606 734 4.
1620 706 1696 734 Bas.
1712 707 1740 733 1.

77 761 152 782 eum
163 761 220 789 pro
234 752 323 792 quod
332 762 404 782 eum
418 756 454 784 G.
468 756 487 782 2
493 755 551 784 D.

79 853 264 893 trimenta
293 857 460 892 testatur
490 851 669 905 Fulgent.
700 852 870 904 Myfhol.
894 852 942 892 II.

82 912 144 950 19.
174 924 212 962 p.
244 913 338 950 700.
375 910 713 963 άοίνίηιεηΐζα
750 910 870 950 lunae
905 914 942 948 et

78 971 307 1018 anymenta.
355 966 398 1004 Si
418 979 486 1017 pro
504 967 683 1006 imminui
706 966 769 1004 vel
795 967 943 1018 auyeri

78 1021 184 1062 aliud
219 1023 389 1074 positum
425 1026 536 1061 esset
570 1022 817 1068 vocabulum,
866 1035 942 1072 quo

77 1080 162 1118 soni
187 1079 389 1129 utriusque
411 1077 522 1118 vocis
541 1079 666 1129 magis
685 1078 943 1116 assimilaren-

75 1140 152 1181 tur,
189 1136 441 1174 decrementa
478 1136 701 1186 reciperem.
755 1134 811 1172 Ita
841 1135 941 1172 enim

76 1191 151 1230 sibi
171 1191 442 1243 responderet:
467 1192 721 1230 decrementa
747 1195 786 1229 et
810 1193 938 1229 incre-

75 1253 229 1294 menta,
266 1252 556 1299 consequenter
592 1251 631 1285 et
668 1247 941 1299 obsequenter,

75 1304 257 1356 quodque
282 1303 367 1341 loco
392 1303 611 1341 alterutrius
638 1304 745 1340 vocis
777 1303 941 1340 vocabu-

73 1361 151 1402 lum
164 1360 306 1398 dictum
324 1363 445 1397 esset.
482 1359 644 1397 Damna
660 1360 830 1397 nominat
842 1358 941 1396 haec

71 1416 187 1457 lunae
211 1416 462 1455 decrementa
487 1414 621 1453 Manil.
648 1414 692 1452 II.
708 1417 771 1454 95.
798 1415 939 1452 Senec.

70 1473 121 1516 ad
139 1471 261 1511 Marc.
281 1485 313 1510 c.
330 1475 391 1511 18.
418 1471 713 1510 accessionibus
738 1471 938 1509 damnis-

73 1543 159 1582 que
177 1528 414 1572 notabilem,
433 1541 587 1578 semper
605 1528 829 1579 proximae
856 1527 936 1565 ‹lis-

69 1584 266 1636 similem]

122 1645 217 1695 fato
241 1642 401 1680 satiato.
473 1638 559 1692 [De.
594 1640 746 1679 satiare
779 1637 937 1678 Peerlk.

69 1699 119 1744 ad
149 1697 283 1736 Horat.
315 1695 390 1734 Od.
417 1694 442 1734 I.
471 1700 506 1737 2.
533 1699 600 1736 37.
629 1695 728 1734 haec
756 1694 933 1733 adnotat·

66 1755 212 1796 satiari
243 1757 283 1791 et
313 1754 419 1792 satio
449 1757 485 1791 te
516 1752 698 1790 dicebant
720 1752 755 1789 in
781 1764 933 1789 summo

67 1811 220 1856 dolore,
241 1809 394 1860 quando
415 1809 530 1846 etiam
553 1809 705 1846 numina
718 1809 844 1857 magis
857 1807 934 1844 irri

65 1872 149 1907 tare
172 1880 247 1905 non
273 1866 474 1912 timebant3
505 1864 619 1903 Ovid.
636 1863 730 1902 Met.
750 1862 818 1901 IX.
843 1867 933 1904 178.

65 1924 224 1968 Petron.
249 1921 334 1961 Sat.
357 1926 447 1962 121.
475 1919 571 1959 Cios.
596 1919 648 1958 ad
673 1919 788 1959 Ovid.
816 1919 933 1958 Trist.

66 1980 128 2026 111.
157 1984 221 2020 11.
247 1978 330 2031 35.]

119 2036 332 2100 specimen:
395 2033 602 2072 Pricaeus:
646 2032 821 2071 Glossae
859 2031 935 2083 Cy-

63 2092 134 2132 rill.
148 2106 184 2144 p
199 2095 293 2132 384.
306 2088 557 2140 ἀπεικόνισμα
568 2090 780 2140 specimen,
794 2091 934 2135 ins-tar,

65 2152 166 2202 effiq
171 2149 235 2188 ies.
286 2147 411 2198 [Ἢις.
437 2147 537 2185 Aen.
562 2145 648 2184 XII.
680 2149 769 2185 162.
801 2144 935 2184 Burni.

64 2204 262 2250 adValer.
276 2203 409 2242 Flacc.
425 2202 469 2241 ll.
485 2207 548 2243 58.
575 2201 672 2240 Met.
697 2200 765 2240 XI.
786 2214 825 2252 p.
840 2204 932 2241 791.

64 2262 137 2302 sed
160 2263 363 2300 intentans
388 2260 488 2298 deae
512 2259 762 2310 specimen.
800 2257 930 2296 Prae-

63 2332 151 2357 sens
164 2322 228 2356 est
247 2318 416 2368 efficax,
435 2315 624 2368 propitia
645 2313 691 2352 cf.
707 2313 755 2350 V
747 2327 814 2366 ng.
828 2313 930 2352 Aen.

63 2373 132 2412 IX.
148 2374 240 2414 404.
271 2373 407 2412 Horat.
433 2372 514 2410 Sat.
540 2369 588 2409 ΙΙ.
614 2374 650 2410 3.
677 2370 759 2422 68]

115 2429 373 2482 purificandi
408 2428 555 2468 studio.
620 2425 659 2464 Is
694 2427 790 2464 ritus
827 2425 932 2478 apud

62 2486 282 2533 Romanos,
308 2488 349 2522 ut
374 2497 516 2535 corpus
543 2483 715 2521 lavarent
733 2482 833 2520 deos
852 2482 932 2520 adi-

62 2543 153 2590 turi3
184 2541 230 2580 cf.
258 2539 418 2580 Tertull.
444 2540 494 2577 de
525 2538 633 2578 Orat.
664 2552 694 2577 c.
724 2543 805 2579 11.:
838 2538 932 2578 Hae

62 2604 156 2640 sunt
175 2611 293 2638 verae
317 2597 554 2642 munditiae,
578 2609 663 2634 non
684 2609 784 2647 quas
804 2595 930 2646 pleri-

65 2669 141 2708 que
176 2655 452 2706 superstitiose
483 2656 648 2698 curant,
685 2651 743 2690 acl
780 2665 931 2690 omnem

66 2713 289 2750 orationem
309 2711 429 2749 etiam
448 2723 537 2749 cum
556 2708 573 2747 l
578 2722 631 2747 αι
640 2721 759 2747 acro
778 2708 931 2746 totins

62 2767 291 2819 corporis
305 2780 454 2818 aquam
466 2768 669 2804 sumentes.
692 2763 756 2802 De
769 2761 843 2801 hoc
854 2764 930 2802 sin·

61 2823 237 2875 gulorum
268 2821 499 2874 populorum
524 2833 648 2865 more,
683 2833 729 2858 se
762 2818 930 2865 lavandi,

60 2879 285 2930 priusquam
309 2877 456 2929 templa
480 2877 586 2915 adire
610 2875 674 2913 vel
709 2875 785 2914 diis
815 2877 930 2915 sacri-

60 2936 175 2974 ficare
188 2935 462 3000 disponebant,
478 2933 603 2972 fusius
617 2930 784 2984 singulis
798 2945 929 2971 exem-

61 2991 140 3044 plis
164 2991 298 3031 accitis
323 2991 402 3043 agit
425 2989 615 3036 E1n1„ex
640 3001 800 3039 quorum
826 2988 930 3027 mole

61 3047 204 3086 sufficit
238 3047 385 3099 eligere
420 3047 521 3098 Lys.
558 3045 666 3084 Orat.
696 3044 745 3082 V.
781 3057 818 3096 p.
845 3049 928 3086 97.

60 3106 116 3145 ἔτι
138 3104 180 3144 δὲ
203 3100 412 3157 παρελθῶι
429 3103 494 3143 τὸν
511 3100 639 3154 νόμον,
665 3097 708 3141 ὃν
725 3098 827 3152 ὑμεῖς
846 3098 930 3140 ἔθε-

1790 714 1808 743 q
1814 713 1832 732 u
1837 703 1872 731 id

999 857 1087 899 σθε,
1100 850 1296 904 ειργεσθαι
1315 851 1388 890 τῶι
1406 849 1513 901 ἱερῶν
1531 848 1580 889 αι’·
1586 847 1667 896 τῶν,
1681 845 1732 893 ὡς
1745 846 1869 899 ἀλιτή-

999 924 1078 960 ριον
1097 906 1201 955 ὄντα,
1227 911 1349 947 ταῦτα
1367 905 1493 945 πάντα
1512 902 1752 958 βιασάμενος,
1779 921 1868 944 εισε-

1000 964 1164 1031 21lessae
1182 962 1286 1014 ἱμῶι
1305 967 1353 1010 εἰς
1370 979 1436 1032 ‘cup’
1453 960 1563 1001 πόῖιν
1583 964 1646 1000 καὶ
1660 960 1795 1001 ἔθυσεν
1809 959 1867 999 ἐπι.

999 1037 1063 1060 ”lov
1080 1018 1218 1073 βωμθν,
1243 1036 1285 1059 01‘
1305 1035 1372 1059 olm
1394 1019 1476 1069 ἒξΙΙῚ)
1495 1034 1609 1067 αυτίῠ,
1634 1015 1697 1056 καὶ
1717 1016 1869 1069 απήΓῖίϊ

998 1083 1074 1124 τοῖς
1093 1080 1210 1129 ἱεροῖς.
1243 1074 1323 1127 περὶ
1343 1072 1368 1114 ἃ
1387 1074 1561 1128 ἡσεβησεν
1581 1075 1749 1124 εἰςιξλθεν
1763 1078 1812 1118 εἰς
1823 1071 1867 1113 τὸ

995 1132 1059 1173 ’.Ε1
1061 1136 1228 1179 δυσί-κον,
1248 1135 1468 1184 εχεριίιινατο
1487 1129 1526 1169 ἐκ
1545 1131 1610 1181 ’τῆς
1634 1134 1735 1180 ιἐρῐὶς
1752 1134 1867 1182 χέριι-

998 1194 1074 1242 43⁰&-
1107 1189 1179 1242 [cf.
1207 1188 1567 1227 Turneb.Adve1-s.
1593 1186 1622 1225 Ι.
1646 1189 1711 1227 29.
1738 1200 1773 1237 p.
1801 1190 1865 1226 35.

997 1246 1107 1285 XIX.
1135 1251 1199 1287 20.
1224 1259 1262 1296 p.
1289 1248 1382 1285 659.
1418 1243 1544 1282 Plum.
1570 1242 1620 1280 ad
1644 1241 1754 1281 Pers.
1782 1243 1865 1281 Sat.

999 1302 1045 1341 ΙΙ.
1074 1306 1135 1342 15.
1161 1316 1198 1352 p.
1228 1305 1306 1341 190
1331 1314 1391 1350 sq.
1440 1299 1525 1338 Intt.
1553 1300 1600 1337 ad
1627 1298 1742 1338 Ovid.
1769 1298 1867 1338 Met.

997 1357 1108 1396 le.
1123 1362 1203 1399 650
1216 1371 1275 1406 sq.
1290 1357 1339 1394 ad
1354 1357 1501 1395 Arnob.
1514 1355 1551 1392 W
1554 1354 1598 1393 11.
1617 1359 1678 1396 16.
1694 1354 1805 1394 Tom.
1819 1354 1867 1394 II.

996 1429 1034 1466 p.
1053 1418 1148 1454 410.
1161 1413 1302 1465 Οι·θΙΙ.]
1335 1412 1427 1450 Ideo
1446 1415 1576 1450 autem
1596 1411 1690 1449 dixit
1709 1413 1866 1451 marino

995 1484 1101 1516 rore,
1127 1470 1230 1521 quod
1249 1469 1458 1519 antiquitus
1478 1467 1701 1513 credebant,
1723 1480 1866 1517 aquam

996 1526 1102 1564 illam
1116 1530 1321 1577 propter
1288 1525 1440 1569 igneam
1455 1524 1670 1574 portionem
1684 1524 1770 1561 uuix
1777 1536 1866 1561 ersa

995 1583 1192 1622 hominum
1217 1580 1320 1620 mala
1349 1580 1547 1632 proluere;
1579 1577 1783 1618 cs.Pr0c1.
1815 1579 1865 1617 de

996 1638 1132 1677 Sacris.
1150 1642 1187 1676 et
1204 1638 1311 1688 Mag.
1326 1651 1362 1689 p.
1380 1640 1470 1678 2”’9.
1498 1635 1677 1674 Eustath.
1692 1635 1863 1674 adHom.

993 1695 1035 1733 Il.
1050 1711 1083 1734 κ.
1098 1694 1165 1733 sol.
1180 1698 1245 1735 81.
1270 1691 1456 1745 ἣπαντως
1476 1690 1595 1731 διὰτὸ
1615 1688 1863 1742 ᾳυσειρικ-ιτι

991 1748 1058 1790 zon·
1076 1750 1168 1790 εἶναι
1187 1748 1231 1790 τὸ
1241 1750 1321 1815 τῆς
1345 1746 1550 1800 {isciaco-773
1573 1744 1693 1799 ὕδωρ·
1726 1747 1775 1792 εἰς
1797 1745 1864 1798 τὴν

990 1806 1189 1858 απέριττον
1213 1801 1280 1846 oin
1302 1821 1398 1856 φασι
1419 1804 1469 1844 τὰ
1491 1803 1741 1856 περιττώματα
1757 1803 1864 1857 ἑβαλ·

991 1865 1065 1910 ὶει,
1079 1862 1138 1902 διὸ
1152 1879 1214 1901 και
1228 1863 1412 1913 παροιμία
1426 1862 1515 1912 φησὶ
1529 1857 1717 1900 θάλασσα
1736 1863 1783 1899 κλ
1785 1858 1807 1899 ύ
1812 1861 1862 1907 ζει

991 1917 1156 1959 πάντιιτ’
1175 1917 1390 1970 ἀνθρώπων
1409 1915 1522 1984 minoi:
1553 1916 1684 1956 Laert.
1705 1918 1739 1954 in
1759 1915 1860 1979 Plat.

995 1974 1057 2014 III.
1072 1976 1147 2025 §.a
1162 1989 1198 2027 p.
1214 1979 1303 2017 190.
1318 1973 1470 2013 ἔνθενὸε
1483 1972 1532 2020 εἷς
1542 1971 1744 2025 Ai'yvnvov
1756 1970 1862 2024 παρὰ

992 2047 1080 2076 του,-
1093 2028 1291 2082 προφῆτας
1304 2047 1346 2070 ου
1362 2045 1455 2082 φασι
1468 2027 1744 2080 καὶΕὖριᾸπιὸιΙ-ι·
1756 2027 1862 2078 αὕτη)

993 2089 1321 2139 συνακολουθῆιαι
1357 2088 1421 2125 καὶ
1461 2084 1605 2126 αὐτόθι
1646 2083 1861 2136 νοσήσαντα

992 2142 1086 2195 πρὸς
1098 2145 1172 2183 τῶν
1185 2143 1309 2195 ἱερέων
1322 2141 1567 2193 ἀπολυθῆναι
1580 2145 1625 2192 τῇ
1640 2139 1701 2181 διὰ
1710 2139 1859 2181 θαλάσ-

991 2216 1059 2251 ση,-
1081 2202 1288 2252 &spamae-
1316 2197 1411 2239 ὅθεν
1430 2197 1492 2238 καὶ
1518 2202 1646 2238 εἰπεῖν’
1672 2197 1860 2237 θάλασσα

990 2255 1114 2305 κλύζει
1126 2254 1253 2296 πάντα
1265 2255 1292 2295 τ’
1311 2254 1527 2307 ἀνθρώπων
1541 2252 1653 2294 κακά.
1681 2254 1860 2307 [Brouer.

989 2314 1039 2352 de
1062 2316 1157 2352 vett.
1182 2317 1222 2352 et
1245 2316 1402 2351 receutt.
1428 2311 1717 2351 adorationibus
1743 2325 1774 2349 c.
1793 2314 1857 2351 12.

989 2371 1026 2409 ἰιι
1039 2368 1176 2408 Polen.
1192 2369 1396 2422 Supplem.
1413 2369 1569 2419 Antiqq.
1590 2367 1635 2406 T.
1650 2366 1692 2406 Il.
1714 2382 1750 2419 p.
1767 2370 1858 2407 976.

990 2425 1130 2465 Taffin.
1156 2426 1206 2464 (Ie
1232 2439 1331 2464 anno
1356 2424 1550 2463 saeculari
1582 2429 1620 2463 et
1646 2423 1747 2461 ludis
1771 2437 1858 2461 sae-

990 2483 1064 2522 cul.
1080 2496 1111 2521 c.
1122 2487 1158 2524 6.
1174 2484 1209 2521 ἰῐι
1225 2482 1368 2522 Graev.
1382 2480 1505 2519 Thes.
1519 2481 1678 2531 Antiqq.
1695 2478 1739 2517 T.
1755 2478 1858 2516 vm.

989 2553 1026 2592 p.
1041 2543 1134 2580 498.
1167 2539 1306 2578 Statim
1330 2551 1422 2575 vero
1443 2540 1535 2588 post
1554 2541 1705 2575 noctem
1727 2536 1858 2586 quiete

988 2599 1223 2634 transactam
1252 2608 1299 2633 se
1323 2594 1418 2633 lavit
1440 2593 1606 2639 Lucius,
1644 2593 1733 2642 quia
1755 2595 1860 2629 teste

989 2653 1126 2690 Servio
1152 2651 1202 2690 ad
1227 2651 1337 2703 Virg.
1363 2651 1462 2689 Aen.
1488 2648 1594 2688 vm.
1619 2652 1682 2689 69.
1708 2651 1773 2688 70.
1806 2647 1860 2686 (Ιί-

989 2709 1084 2747 citur
1119 2721 1198 2746 nox
1233 2708 1351 2746 etiam
1381 2706 1469 2745 solo
1500 2718 1638 2744 somno
1669 2704 1858 2756 polluere.

986 2763 1045 2803 Ita
1068 2769 1162 2816 puto
1188 2762 1462 2815 explicandum
1488 2775 1582 2800 esse
1609 2761 1734 2799 locum
1747 2759 1858 2799 Pers.

988 2820 1070 2860 Sat.
1097 2819 1141 2859 11.
1171 2824 1233 2861 16.
1265 2833 1379 2870 quem
1411 2831 1549 2856 omnes
1580 2817 1660 2855 fere
1692 2817 1740 2855 de
1771 2830 1858 2855 con-

987 2877 1119 2915 cubitu
1142 2880 1325 2914 nocturno
1357 2875 1594 2926 intelligunt:
1630 2874 1746 2912 Haec
1769 2887 1857 2912 san-

987 2938 1050 2972 cte
1074 2937 1286 2984 zat-poscas
1300 2931 1491 2972 Tiberino
1511 2931 1555 2969 in
1572 2931 1741 2982 yur-qite
1760 2942 1860 2967 mer-

985 2990 1052 3042 qis
1077 2989 1202 3028 Mane
1227 2993 1354 3040 capnt
1379 2987 1438 3025 bis
1462 2991 1603 3038 terque
1634 2990 1673 3024 et
1701 2990 1860 3025 noctem

984 3046 1151 3098 flumine
1173 3043 1366 3096 purqas]

1043 3101 1201 3153 septies.
1260 3099 1349 3152 [De
1381 3099 1418 3136 vi
1447 3098 1561 3137 huius
1592 3097 1759 3144 numeli,
1794 3098 1860 3150 qui

1893 344 1957 378 753
