2155 3590
596 166 782 207 LIBER
814 167 883 223 vi.

945 167 1071 209 CAP.
1096 167 1257 208 xvm.
1282 167 1406 220 xix.

1798 160 1882 213 &9

98 280 250 334 pigrum
274 279 458 320 fluentum
484 279 742 321 transmeanti
766 281 918 334 quidam
945 288 1204 336 supernatans
1218 294 1344 322 senex
1357 287 1534 321 mortuus
1554 281 1677 335 putris
1697 282 1880 323 attollens

97 349 234 376 manus
260 336 408 387 orabit,
441 343 484 376 ut
513 350 599 377 eum
624 338 729 377 intra
754 337 953 391 navigium
985 338 1131 380 trahas.
1177 336 1264 379 Neo
1289 343 1332 378 tu
1357 343 1487 377 tamen
1512 337 1647 378 illicita
1671 339 1880 379 adflectare

96 392 253 448 pietate.

628 588 1066 637 CAPUT
1175 589 1334 637 XIX.

201 720 389 762 Transito
421 721 561 772 fluvio,
601 721 793 762 modicum
830 729 868 762 te
902 735 1153 776 progressam
1192 723 1382 763 textrices
1419 722 1589 763 orabunt
1623 736 1722 763 anus
1763 723 1880 763 telam

79 847 246 887 fluentem
264 850 301 878 F.
321 852 351 879 1.
370 851 465 879 Vulc.
484 851 515 878 2.
534 851 617 879 Elm.
637 850 741 880 scriv.
784 850 900 887 putris
918 851 954 879 F.
976 852 1004 879 1.
1025 853 1056 879 3.
1076 853 1112 880 G.
1132 848 1160 879 ὃ.
1179 853 1216 880 Β.
1236 855 1267 880 et
1286 859 1397 880 omnes
1417 852 1487 881 edd.
1500 853 1578 880 vett·
1594 854 1720 886 praeter
1733 851 1836 881 Scriv.
1850 855 1882 881 et

87 896 207 924 Florid.
231 897 269 924 In
282 897 495 932 cettputres.
528 896 653 931 putris
665 897 704 924 D.
753 894 874 924 tradas
888 903 945 930 pro
962 894 1084 924 trahas
1097 897 1133 924 F.
1151 898 1218 925 1.3.
1233 898 1269 925 G.
1282 898 1321 925 D.
1370 893 1559 934 adflectare
1573 897 1607 926 F.
1622 898 1653 925 3.
1667 898 1704 925 G.
1716 897 1752 926 P.
1779 895 1882 931 (teste

89 942 167 969 Oud.
181 941 238 969 sed
251 941 366 975 male.)
381 942 418 969 D.
431 942 469 969 R.
485 940 504 969 f.
519 941 554 968 O.
567 948 603 969 π.
619 949 648 975 p.
663 937 691 969 δ.
707 950 740 975 φ.
756 943 784 970 1.
798 943 1010 970 Incert.1unt.
1026 943 1055 970 ἱ).
1081 937 1258 975 afflictare
1273 951 1304 975 φ.
1320 944 1349 971 2.
1365 943 1401 970 P.
1421 945 1503 970 teste
1516 942 1598 970 Elm.
1619 945 1649 970 et
1664 942 1697 970 in
1717 942 1881 977 excerptis

87 987 127 1014 ad
141 993 243 1021 marg.
257 986 306 1014 ed.
321 986 410 1015 Colv.
445 983 617 1023 affectare
631 987 666 1014 F.
682 988 711 1015 1.
726 987 761 1014 B.
776 990 807 1014 ct
825 988 894 1016 edd.
909 989 984 1014 vett.
1000 986 1099 1021 (Oud.
1112 987 1146 1014 in
1160 987 1323 1021 excerptis
1336 988 1372 1016 B.
1385 987 1451 1022 legi
1466 983 1649 1024 afflictare
1662 989 1748 1016 male
1761 987 1881 1024 notat.)

86 1032 122 1059 In
136 1035 207 1060 cett.
221 1028 391 1067 afficiare,
417 1033 499 1065 quod
513 1031 610 1059 etiam
623 1031 673 1059 vir
686 1032 799 1059 doctus
813 1032 960 1060 emendat
974 1031 1008 1060 in
1022 1032 1070 1059 ed.
1084 1031 1211 1060 Vicent.
1225 1039 1307 1060 mea.

171 1082 356 1113 progressa
369 1077 404 1105 F.
418 1077 449 1104 3.
463 1076 585 1105 omissa
597 1075 743 1113 virgula,
769 1083 852 1110 quae
866 1084 895 1103 m
910 1077 1051 1105 litteram
1065 1076 1192 1105 finalem
1206 1077 1340 1105 indicat.

136 1187 307 1239 piyrum
328 1187 531 1239 fluentum.
570 1185 764 1238 [Piyrunt
787 1185 863 1224 hoc
886 1185 952 1223 fln-

84 1256 169 1281 men
196 1241 338 1280 dictum
362 1246 441 1288 est,
468 1243 555 1292 quia
580 1254 791 1280 coenosum
812 1246 895 1280 erat
911 1245 952 1280 et

83 1298 199 1351 plane
223 1302 420 1336 mortuum.
447 1298 493 1336 cf.
515 1297 643 1336 Inv.en
660 1296 720 1335 ΙΙΙ.
743 1301 835 1337 268.
863 1311 949 1336 coe-

83 1356 172 1394 nosi
194 1355 376 1407 yztryIte's
399 1354 499 1393 A.en
514 1353 581 1392 w.
597 1356 689 1394 296.
716 1353 806 1392 Hex
811 1367 858 1391 ne
871 1353 949 1391 Ex-

85 1424 182 1450 curs.
208 1409 274 1448 IX.
301 1414 341 1448 et
364 1409 481 1449 Misc.
505 1409 673 1448 Observ.
701 1410 780 1448 crit.
796 1409 887 1448 Vol.
903 1409 951 1448 V.

85 1466 128 1506 T.
143 1466 206 1506 ΠΙ.
231 1480 267 1518 p.
284 1471 382 1518 4sq.
409 1467 634 1513 Fluentem,
662 1466 764 1516 quod
790 1464 835 1505 F.
852 1471 886 1506 1.
913 1470 953 1504 et

82 1521 250 1563 nonnulli
264 1522 373 1562 codd.
387 1523 587 1576 praebent,
601 1523 827 1574 probaretur
835 1521 950 1568 Oud.,

81 1581 115 1618 si
129 1580 259 1631 plures
267 1579 369 1618 Mss.
385 1579 626 1625 addicerent,
653 1582 692 1618 et
706 1579 776 1617 nisi
790 1580 951 1630 saepius

84 1635 201 1689 Apul.
229 1638 422 1690 fluentum
446 1636 623 1675 dixisset.
676 1635 804 1674 Affert
839 1635 950 1674 locos

83 1693 190 1744 Virg.
217 1693 358 1744 Georg.
384 1691 445 1731 ΠΙ.
473 1696 536 1734 28.
569 1696 607 1730 et
630 1692 719 1731 val.
746 1691 877 1731 Flacc.
896 1692 945 1730 V.

83 1753 193 1796 208„
230 1749 293 1800 qui
318 1753 446 1788 tamen
470 1747 588 1800 plane
618 1747 694 1787 alia
717 1749 865 1788 ratione
888 1749 946 1787 in-

82 1804 284 1857 telligendi
313 1809 421 1852 sunt,
457 1809 500 1844 ut
528 1818 686 1856 negem,
721 1807 851 1858 fluens
879 1819 945 1843 un-

81 1875 196 1912 quam
219 1875 288 1914 pro
314 1861 427 1900 fluvio
448 1862 521 1900 dici
539 1874 673 1913 posse.
723 1860 840 1908 Quod
855 1874 944 1899 vero

82 1918 217 1957 Tross.
252 1918 303 1956 ad
337 1918 487 1956 Auson.
525 1922 589 1958 60.
626 1931 665 1969 p.
695 1921 748 1958 20
785 1918 946 1956 adnotat

78 1976 267 2028 fluentum
304 1975 339 2013 in
375 1974 559 2025 singulari
604 1987 759 2012 numero
795 1978 950 2024 praeter

83 2044 116 2069 v.
132 2033 225 2071 419.
239 2030 502 2068 tantummodo
522 2030 625 2081 apud
638 2030 777 2067 Avien.
792 2028 949 2081 Perieg.

82 2090 148 2127 32.
183 2090 225 2124 et
251 2084 434 2124 Prudent.
464 2084 771 2138 peristeph.V1.
798 2089 863 2126 43.
896 2088 948 2125 in-

80 2143 219 2189 veniri,
245 2155 294 2180 ex
318 2141 394 2180 hoc
415 2143 501 2193 ipso
530 2141 614 2180 loco
639 2142 714 2179 iam
739 2146 873 2194 potest
895 2144 948 2181 in-

80 2198 224 2250 telligi,
249 2211 364 2249 quam
389 2197 529 2236 salsum
554 2197 615 2236 sit.
640 2196 674 2235 E
699 2197 865 2236 Forcell.
892 2198 948 2236 le-

80 2256 167 2294 xico
192 2255 291 2293 haec
316 2254 546 2305 deprompta
570 2257 672 2293 sunt.
698 2253 744 2292 cf.
766 2253 862 2293 Met.
877 2254 947 2294 VI.

81 2325 118 2363 p.
133 2315 226 2352 402.
250 2324 355 2363 quae
367 2324 516 2350 mecum
529 2311 649 2349 simul
659 2324 780 2350 umcm
791 2314 822 2363 f
824 2311 842 2349 l
845 2326 869 2349 ιι
879 2325 947 2350 en-

82 2372 176 2407 tum
201 2367 302 2406 bibit
324 2367 373 2405 de
397 2366 485 2404 Deo
500 2365 650 2405 Socrat.
668 2380 706 2419 p.
724 2370 816 2407 164.
842 2367 949 2407 Ilissi

81 2424 206 2463 amnis
230 2422 432 2462 modicum
453 2421 732 2475 fluentum]

121 2514 260 2565 putris
277 2513 467 2552 attollens
483 2526 638 2552 manus.
687 2512 854 2564 [Patres
872 2527 949 2553 ma—

80 2583 153 2608 nus
166 2570 408 2608 nominantur
429 2572 586 2620 propter
608 2573 851 2607 senectutem
863 2569 948 2609 Intt.

80 2624 498 2678 adprop.1.16.7.]

137 2703 371 2758 adflectare.
420 2703 539 2742 Vario
574 2704 690 2742 modo
727 2702 810 2742 Intt.
846 2704 949 2743 hune

80 2758 210 2799 locum
224 2759 479 2799 emendarunt
490 2773 514 2797 v
518 2758 553 2798 el
568 2763 761 2814 affectare
773 2773 795 2797 v
799 2758 837 2797 el
856 2763 948 2814 affi-

82 2817 194 2856 ciare
218 2816 483 2863 conficientes,
510 2816 615 2867 quod
639 2817 833 2868 posterius
847 2815 948 2855 Elm.

82 2873 119 2910 in
160 2869 236 2911 ind.
271 2871 374 2911 male
415 2874 575 2926 exponit
608 2887 753 2912 summe
788 2886 948 2927 cupere.

84 2927 242 2979 Sciopp.
267 2927 303 2967 in
330 2928 535 2981 Susp.1V.
562 2929 626 2970 16.
653 2929 817 2967 coniecit
841 2930 949 2983 affli-

85 2988 208 3023 ctare.
222 2981 323 3023 Oud.
334 2986 497 3024 coniecit
511 2985 735 3031 adlectare,
748 2985 833 3023 sive
846 2997 953 3032 eave,

84 3052 135 3076 ne
160 3038 340 3079 alliciaris
365 3040 497 3081 illicita
521 3042 686 3093 pietate.
712 3040 817 3092 quod
840 3054 954 3080 voca·

84 3092 217 3133 bulum
241 3098 400 3148 saepius
425 3101 644 3150 corruptum
670 3111 764 3136 esse
789 3098 823 3135 in
850 3097 952 3136 Mss.

87 3150 176 3189 dicit
187 3155 229 3190 ut
240 3151 338 3193 Met.
349 3152 376 3192 I.
390 3167 427 3207 p.
445 3158 507 3195 15.
535 3153 600 3206 [cs.
616 3153 741 3193 Oud.·
732 3169 768 3193 in
781 3152 952 3194 Miscell.

1010 1185 1108 1223 obs.
1123 1185 1215 1225 Vol.
1228 1185 1273 1224 Π.
1290 1184 1334 1224 Τ.
1349 1185 1411 1225 ΙΙΙ.
1426 1199 1464 1238 p.
1479 1190 1559 1226 452
1574 1199 1652 1238 sq„
1676 1186 1735 1225 Ita
1753 1201 1881 1227 emen-

1011 1241 1140 1279 danda
1164 1241 1313 1280 videtur
1338 1255 1432 1279 esse
1449 1242 1583 1281 Gloss.
1600 1242 1751 1282 Placidi
1776 1244 1881 1296 apud

1008 1297 1102 1335 Mai.
1129 1312 1166 1349 p.
1192 1302 1286 1338 434.
1314 1299 1545 1344 adsuetam,
1572 1300 1758 1339 arridere
1784 1302 1880 1339 invi-

1010 1358 1097 1392 tare
1111 1355 1145 1391 in
1161 1355 1384 1393 adlectare.
1411 1354 1494 1392 Sed
1514 1356 1750 1408 adflectare,
1777 1356 1882 1407 quod

1011 1409 1162 1461 plurimi
1188 1410 1299 1448 codd.
1321 1410 1482 1456 habent,
1507 1412 1670 1462 probum
1696 1416 1768 1450 est.
1796 1413 1881 1452 Ad-

1009 1468 1131 1520 flecto
1157 1467 1257 1504 enim
1283 1466 1384 1504 idem
1410 1470 1491 1512 est,
1530 1467 1634 1518 quod
1668 1469 1804 1521 flecto,
1842 1472 1882 1506 et

1012 1526 1167 1573 praeter
1190 1522 1292 1562 hunc
1318 1523 1444 1562 locum
1471 1525 1587 1563 etiam
1613 1523 1752 1574 legitur
1776 1525 1881 1576 apud

1010 1578 1150 1618 Avien.
1176 1580 1284 1618 Arat.
1312 1583 1404 1620 734.
1442 1580 1538 1620 huie
1575 1580 1722 1620 rutilus
1756 1582 1792 1620 εἰ
1819 1580 1885 1620 sol

1010 1637 1283 1689 afflescerit
1307 1636 1438 1690 axes]

1064 1748 1268 1788 cmxix.
1289 1751 1484 1789 teoetrices
1496 1765 1610 1790 anus.
1637 1749 1767 1803 [Quae
1780 1752 1881 1789 istae

1004 1819 1102 1844 anus
1116 1807 1300 1844 textrices
1314 1806 1403 1852 sint,
1413 1807 1593 1857 equidem
1607 1807 1754 1853 nescio,
1764 1820 1880 1858 quum

1005 1863 1041 1900 in
1067 1861 1193 1907 nulla,
1225 1865 1407 1912 quantum
1439 1867 1609 1908 constat,
1641 1861 1789 1901 Tartari
1815 1863 1881 1901 de-

1006 1918 1232 1968 scriptione,
1267 1932 1397 1957 earum
1426 1932 1596 1969 unquam
1627 1921 1770 1958 mentio
1794 1918 1880 1973 {inii-

1009 1975 1248 2020 ciatur,sicut
1261 1988 1332 2013 nec
1345 1975 1472 2014 claudi
1487 1975 1585 2014 asini
1595 1988 1680 2014 cum
1693 1989 1879 2026 agasone,

1008 2044 1081 2069 nec
1117 2031 1225 2068 senis
1261 2031 1562 2082 supernatantis.
1621 2031 1734 2071 Haec
1768 2033 1882 2084 igitur

1007 2086 1318 2125 terriculamenta
1343 2088 1392 2126 ab
1417 2086 1588 2140 Apuleio
1626 2088 1689 2126 vel
1726 2089 1879 2128 omnino

1008 2143 1096 2181 ficta
1119 2146 1227 2188 sunt,
1253 2143 1315 2181 vel
1341 2145 1376 2182 in
1402 2145 1600 2196 mysteriis
1625 2145 1878 2192 addebantur,

1006 2203 1049 2238 ut
1072 2199 1248 2238 initiaturi
1274 2201 1390 2239 animi
1416 2202 1673 2239 constantiam
1705 2215 1880 2254 compro-

1006 2256 1159 2300 barent,
1185 2257 1329 2307 quippe
1356 2257 1420 2308 qui
1447 2270 1518 2295 nec
1531 2260 1635 2296 metu
1648 2271 1721 2297 nec
1733 2258 1881 2297 miseri-

1008 2311 1140 2350 cordia
1160 2314 1375 2363 permoveri
1395 2313 1602 2360 deberent,
1616 2318 1659 2352 ut
1670 2315 1757 2367 ipse
1771 2314 1879 2353 dicit:

1008 2367 1117 2407 Nam
1142 2368 1243 2408 llaec
1269 2371 1404 2408 omnia
1429 2370 1504 2409 tibi
1521 2375 1561 2409 et
1574 2371 1700 2411 multa
1721 2372 1807 2411 alia
1828 2372 1879 2410 de

1014 2424 1178 2464 Veneris
1208 2425 1373 2465 insidiis
1409 2428 1603 2474 orientur,
1639 2428 1881 2479 praescripta

1006 2479 1263 2520 utviolarent.
1289 2481 1424 2521 Locus
1437 2484 1536 2521 enim
1549 2480 1697 2523 Lucan.
1701 2483 1768 2522 Vl.
1785 2487 1879 2530 744,

1008 2549 1124 2587 quem
1146 2537 1204 2574 vir
1229 2537 1369 2577 doctus
1395 2537 1660 2592 Kulenkamp.
1687 2540 1737 2578 ad
1761 2552 1879 2591 marg.

1008 2593 1070 2631 ed.
1083 2605 1198 2631 meae
1211 2589 1358 2634 Florid.
1373 2595 1598 2648 adscripsit:
1624 2597 1881 2648 repetitaque

1004 2649 1080 2703 fila
1094 2660 1252 2688 sorores
1266 2655 1476 2691 tracturae
1490 2656 1615 2705 tuque
1625 2666 1648 2690 o
1657 2653 1881 2705 flayrantz‘s

1003 2707 1190 2758 portitor
1198 2707 1347 2754 undae,
1357 2707 1407 2746 ad
1420 2711 1594 2746 nostrum
1608 2706 1881 2760 explicandum

1007 2776 1082 2800 non
1096 2761 1200 2808 facit,
1227 2776 1343 2814 quum
1368 2763 1432 2802 hic
1446 2764 1496 2802 de
1510 2762 1647 2803 Parcis
1661 2777 1791 2803 sermo
1816 2765 1880 2809 sit,

1008 2828 1167 2869 quarum
1191 2819 1312 2858 sedes
1326 2821 1361 2858 in
1376 2819 1480 2858 Orco
1500 2832 1594 2859 esse
1606 2819 1791 2859 Lucanus
1806 2821 1879 2859 sibi

1007 2873 1124 2925 fingit.
1152 2875 1327 2915 Sorores
1352 2877 1453 2914 enim
1479 2880 1517 2914 et
1538 2877 1611 2929 fila
1631 2890 1755 2915 voces
1779 2877 1879 2915 satis

1007 2929 1195 2976 indicant,
1221 2931 1271 2969 de
1295 2930 1435 2970 Parcis
1457 2933 1530 2984 agi.
1556 2931 1649 2971 Hor.
1663 2932 1739 2971 Od.
1754 2931 1798 2972 ΙΙ.
1817 2937 1881 2974 13.

1016 2991 1065 3027 15
1091 2999 1152 3039 sq.
1185 2987 1281 3027 dum
1316 3001 1379 3026 res
1415 2993 1454 3026 et
1480 2993 1596 3028 actas
1624 2993 1664 3029 et
1687 2985 1881 3030 Sororum

1009 3043 1084 3096 fila
1109 3045 1231 3083 trium
1239 3045 1460 3094 patiuntur
1480 3049 1585 3084 atra.
1616 3043 1767 3085 Parcae
1785 3059 1878 3084 vero

1010 3112 1089 3138 non
1113 3103 1204 3138 sunt
1228 3100 1431 3147 textrices,
1462 3100 1537 3140 sed
1562 3100 1690 3142 lanam
1716 3106 1880 3143 tractant

1009 3153 1075 3194 fila
1101 3155 1278 3207 nentes]
