2155 3590
611 142 798 183 LIBER
832 143 907 182 lv.

968 142 1096 183 CAP.
1127 139 1246 180 VIII.
1762 141 1844 184 233

51 259 207 300 fortiter
229 248 578 313 exlpugnavimus.
611 254 779 296 Praeter
804 263 951 296 tantam
978 257 1159 296 fortunae
1184 253 1351 307 copiam,
1379 267 1494 306 quam
1521 261 1655 294 nostra
1681 254 1736 305 vi,
1763 254 1844 302 vir-

50 322 131 356 tute
162 314 267 354 nacti
297 328 452 365 sumus,
486 320 526 353 et
554 313 740 353 incolumi
773 327 935 353 numero
967 319 1099 353 eastra
1130 317 1266 351 nostra
1301 310 1528 364 petivimus,
1558 318 1596 350 et
1621 311 1654 351 si
1678 311 1771 365 quid
1797 312 1845 352 ad

51 446 170 472 tantae
189 444 270 478 quod
289 450 331 472 ex
348 442 418 472 suis
438 442 599 476 excerptis
614 442 692 472 ond.
713 442 843 476 protulit
864 442 897 470 in
911 443 946 470 G.
963 443 991 470 1.
1004 444 1035 472 2.
1056 450 1118 470 non
1132 442 1292 475 comparet
1306 441 1363 468 sed
1380 441 1523 466 tantam.
1563 439 1776 477 surte’ludr'ne
1790 449 1845 475 pro

41 489 214 529 fortunae
227 490 262 517 G.
279 489 307 517 1.
335 485 559 526 fortitudinis
573 495 608 516 π.
646 495 714 524 qua
727 489 849 514 nostra
862 489 897 515 G.
914 489 943 515 1.
974 490 1093 515 vestra
1104 485 1231 515 virtute
1245 486 1282 514 G.
1296 487 1326 513 2.
1342 486 1378 513 Ρ.
1403 487 1525 512 nostra
1538 484 1572 511 vi
1584 485 1712 513 virtute
1725 486 1760 515 F.
1770 487 1845 516 3.B.

49 533 192 571 nuptio.
228 532 354 561 natz'D.
368 541 385 560 c
399 540 419 562 a
431 541 470 561 m.
491 541 517 561 s.
539 533 758 566 superaddito.

806 531 988 560 incolumes
1006 534 1042 562 F.
1059 534 1086 562 1.
1101 529 1130 561 δ.
1151 535 1179 560 et
1194 531 1264 559 edd.
1278 534 1354 559 vett.
1374 533 1502 564 praeter
1520 532 1603 558 lunt.
1619 532 1648 558 ’2.
1669 532 1751 564 quod
1765 532 1845 560 Oud.

49 579 218 615 praetuli13
233 579 331 607 ceteri
345 579 434 607 codd.
449 576 609 605 incolumi
619 584 814 612 quamquam
827 578 860 605 in
870 579 904 606 G.
915 579 944 607 2.
954 585 995 606 ea
1008 579 1103 606 lectio
1116 584 1137 606 a
1149 585 1190 605 m.
1204 585 1231 605 s.
1245 580 1310 612 est,
1326 583 1423 609 quum
1437 583 1557 604 rasura
1570 575 1603 603 in
1617 576 1678 604 fine
1691 577 1846 605 vocabuli

48 627 159 660 aperte
171 623 400 657 conspiciatur.
449 625 564 650 vestra
573 622 666 659 pelio
681 625 716 650 G.
733 624 761 651 ¹2.
805 622 952 658 petimus
966 624 1002 651 D.
1018 630 1036 651 a
1050 631 1090 651 m.
1105 631 1134 658 p.
1149 623 1232 656 quod
1246 621 1360 649 deinde
1373 628 1392 649 a
1407 629 1446 649 m.
1461 629 1486 648 s.
1503 621 1534 648 in
1544 620 1725 656 petivimus
1739 630 1847 650 ‹eorre-

49 673 134 698 ctum
147 672 204 698 est.
241 669 321 697 Oud.
335 676 409 697 cum
421 670 457 698 N.
472 668 584 697 Heius.
601 669 641 697 ad
655 668 747 696 Ovid.
762 670 838 696 Met.
852 669 921 697 XV.
936 670 1010 697 596.
1025 668 1139 697 maluit
1155 665 1370 704 repetivimus
1386 670 1417 695 ut
1431 667 1541 695 statim
1556 667 1788 696 remeat-imus

49 766 178 820 ptelae
202 780 339 805 ansam
366 767 471 805 dedit
490 780 616 818 eoque
637 766 787 805 facilius
807 766 917 805 libra.-

49 826 127 863 rios
148 822 282 862 fallere
302 825 436 875 potuit,
457 837 572 874 qutun
586 823 735 862 noviter
748 823 797 862 ab
811 823 918 875 Apu-

50 881 124 919 leio
150 880 202 919 sit
221 880 423 918 formatum
445 893 493 918 ex
516 880 697 931 analogia
728 881 917 919 substant.

51 938 186 990 epulo,
212 937 302 982 edo,
329 938 473 976 esurio.
534 936 575 975 In
602 950 648 975 eo
673 939 801 975 tamen
827 937 918 975 hae-

49 1008 128 1039 reo,
155 993 260 1044 quod
286 993 399 1032 ebrio
425 993 582 1032 verbum
606 1007 681 1031 non
708 993 920 1032 neutralem

49 1051 123 1089 sed
137 1051 299 1089 activam
313 1049 432 1088 habet
444 1050 775 1100 significationem,
790 1054 919 1088 utnon

49 1120 136 1144 eum
163 1107 226 1157 qui
251 1105 459 1144 ebriolatus
487 1110 559 1153 est,
585 1106 658 1144 sed
683 1106 746 1157 qui
772 1107 919 1144 ebrium

48 1162 174 1201 reddit
204 1163 444 1213 exprimeret.
504 1162 607 1202 Mss.
635 1168 674 1202 et
699 1164 918 1201 sententiae

48 1219 222 1271 proxime
258 1219 448 1257 accedere
478 1219 628 1257 videtur
661 1219 775 1265 bibo,
813 1218 919 1269 quod

48 1276 188 1314 vocab.
212 1275 298 1313 loco
320 1275 435 1314 Firm.
462 1279 594 1314 eontra
612 1274 864 1314 Mathe1n.v.
881 1279 917 1314 4.

51 1332 111 1370 fin.
131 1332 310 1370 homiues
324 1333 463 1371 vitiose
483 1332 678 1384 epulones
698 1336 737 1370 et
757 1331 921 1369 bibones

49 1387 297 1426 confirmatur.
347 1388 549 1440 Semiferi,
582 1400 814 1438 quamquam
833 1401 919 1424 sae-

49 1445 137 1496 pius
161 1443 212 1483 ad
241 1443 462 1485 Centauros
486 1445 665 1489 refertur,
698 1444 787 1495 quia
812 1444 919 1482 dimi-

49 1501 114 1539 dia
146 1504 257 1552 parte
281 1500 405 1546 serae,
441 1501 564 1539 altera
596 1501 774 1539 homines
799 1514 917 1552 appa-

49 1557 202 1601 rebant,
256 1564 296 1595 ut
336 1558 546 1609 Senuferi,
589 1558 665 1608 ipsi
712 1557 920 1602 Centauri,

50 1613 155 1664 apud
173 1612 290 1652 Ovid.
315 1614 411 1652 Met.
426 1612 514 1653 XII.
536 1618 627 1655 405.
655 1614 919 1664 designentur,

50 1670 247 1709 hictamen
259 1670 309 1708 de
316 1670 570 1723 Lapitharum
580 1671 733 1710 feritate
742 1674 779 1709 et
788 1684 920 1721 asper-

49 1727 144 1765 rimo
175 1727 277 1765 cultu
307 1731 440 1779 potest
471 1727 575 1765 serri:
619 1728 656 1766 id
689 1727 792 1778 quod
817 1727 920 1766 Oud.

50 1783 126 1822 iam
139 1782 343 1822 illustravit
356 1784 550 1835 exemplis
561 1783 629 1822 Sil.
639 1783 702 1823 III.
713 1788 805 1824 542.
815 1784 921 1834 Virg.

51 1838 270 1878 Aen.V111.
296 1844 388 1882 266.
416 1841 551 1879 Arnob
576 1840 660 1878 Vll.
687 1855 720 1880 c.
742 1845 776 1880 4.
804 1848 843 1878 et
874 1841 922 1879 ab

51 1895 212 1934 Horatio
238 1909 471 1947 expressum
485 1896 635 1936 estod.
650 1896 694 1935 11.
714 1902 775 1937 12.
790 1897 827 1937 5.
842 1910 924 1936 sae-

51 1966 121 1992 vos
146 1952 350 2005 Lapithas
373 1953 478 2004 Virg.
504 1954 603 1992 Aen.
619 1952 706 1992 VII.
721 1957 922 2005 30-4.51e-n-

53 2013 128 2048 tem
151 2010 359 2049 immanem
380 2010 612 2062 Lapideum.
673 2010 736 2048 De
754 2010 921 2050 Centau-

53 2066 111 2104 ris
135 2064 183 2104 cs.
209 2064 324 2105 Ovid.
349 2066 446 2104 Met.
472 2065 541 2105 XI.
562 2070 655 2106 220.
685 2081 805 2119 qaam
829 2067 923 2104 rino

49 2126 195 2174 pectus
209 2126 290 2160 tam
309 2123 467 2174 virqqine
486 2124 568 2161 risa
595 2122 726 2162 Ardet
745 2127 782 2162 et
801 2122 924 2161 ebrie-

55 2181 118 2217 tas
139 2178 347 2230 geminata
374 2179 545 2217 libidine
568 2178 746 2231 reynat]

112 2238 267 2272 ceteros
279 2234 515 2273 antistabat.
537 2234 845 2286 [AccusatiVun1,
860 2235 923 2285 qui

55 2293 96 2327 et
113 2289 162 2328 ab
182 2290 338 2341 optimis
358 2290 468 2329 codd.
490 2291 669 2329 scribitur
687 2295 726 2329 et
744 2291 792 2329 ad
812 2305 925 2330 usum

55 2347 174 2384 rarior
209 2350 287 2392 est,
318 2347 381 2386 hic
404 2348 539 2385 retinui
566 2352 697 2386 eontra
719 2348 835 2395 oud..
862 2349 926 2398 qui

55 2401 103 2442 F.
118 2407 152 2442 1.
167 2404 395 2455 scripturam
421 2405 563 2443 ceteris
587 2404 771 2454 praefert.
819 2404 926 2442 Dati—

56 2471 129 2497 vus
153 2459 241 2497 aliis
265 2464 470 2512 praeterea
486 2460 640 2510 Apuleii
669 2460 764 2498 loeis
789 2460 926 2499 defen-

56 2515 156 2554 ditur
180 2514 277 2554 infra
301 2530 337 2567 p.
360 2520 451 2557 271.
473 2517 598 2555 animi
616 2518 765 2556 robore
784 2519 927 2557 ceteris

58 2573 273 2611 antistaret
302 2571 405 2610 VIII.
433 2587 467 2625 p.
495 2577 548 2613 50
575 2572 598 2611 s.
633 2575 775 2612 ceteris
807 2576 927 2612 omni-

58 2629 132 2668 bus
151 2629 200 2667 id
217 2643 345 2680 glenus
364 2631 459 2668 viris
472 2628 766 2668 antistaretXI.
783 2643 817 2680 p.
834 2634 927 2671 813.

55 2686 243 2737 pristinis
278 2686 362 2725 illis
393 2686 723 2738 provincialibus
763 2688 928 2727 antista-

61 2741 168 2780 bant.
198 2742 475 2780 Accusativum
495 2743 633 2794 probat
655 2742 766 2781 locus
781 2742 828 2789 Q.
844 2743 928 2782 Me-

61 2797 142 2836 telli
155 2798 258 2849 apud
270 2797 373 2838 Gell.
382 2797 471 2837 XII.
480 2801 516 2838 9.
532 2798 578 2836 cf.
591 2799 723 2837 Savar.
734 2799 783 2837 ad
793 2800 928 2839 Sidon.

62 2853 335 2904 Apollianl.
361 2868 421 2906 ep.
452 2859 512 2894 14.
550 2854 664 2893 Mart.
691 2854 840 2906 Capell.
860 2855 928 2896 IX.

63 2907 199 2959 §.908
211 2923 250 2962 p.
267 2915 358 2951 704.
388 2926 412 2950 0
437 2925 525 2950 rere
551 2912 748 2951 antistans
766 2914 932 2953 numina

64 2978 215 3020 magna
233 2967 365 3014 (lenm,
387 2968 490 3020 quod
510 2981 595 3006 cum
615 2967 750 3006 Grotio
770 2972 810 3007 et
822 2968 930 3021 Kop-

65 3021 130 3073 pio
164 3036 238 3060 non
268 3024 304 3061 in
341 3030 544 3064 antestans
575 3024 610 3061 id
649 3028 711 3062 est
747 3038 930 3077 compro-

70 3075 165 3117 bans
185 3081 411 3119 testimonio
441 3086 480 3120 et
509 3081 695 3120 cantibus
725 3085 930 3121 commuto.

67 3131 274 3176 Harmonia
303 3141 458 3190 propter
486 3150 676 3177 summam
706 3137 769 3176 vel
800 3138 835 3176 in
865 3152 932 3179 res

976 768 1177 806 exanimes
1191 766 1414 817 potentiam,
1430 778 1529 817 quae
1543 765 1653 817 ipsos
1669 765 1766 804 deos
1781 765 1848 803 do-

977 837 1080 862 mare
1095 824 1272 875 potuerit,
1291 835 1515 872 magnorum
1529 823 1720 861 numinum
1735 836 1848 874 prae-

978 880 1258 918 stantissimum
1295 879 1470 930 egregrie
1501 880 1724 918 nominatur.
1784 879 1848 917 De

977 938 1167 988 scriptura
1198 936 1304 974 vocis
1336 936 1532 974 antistare
1562 935 1610 974 cf.
1642 935 1765 975 Buen.
1798 936 1849 975 ad

977 993 1087 1032 Lact.
1114 992 1207 1030 Inst.
1236 991 1321 1030 Vll.
1350 996 1412 1031 15.
1439 991 1469 1042 §.
1499 996 1561 1032 13.
1587 1006 1623 1043 p.
1651 992 1761 1045 941]

1034 1052 1094 1094 ri,
1133 1051 1291 1088 virtute.
1365 1047 1446 1100 [lta
1482 1061 1531 1086 ex
1569 1050 1714 1100 optimo
1753 1049 1848 1088 libro

978 1105 1021 1144 F.
1049 1110 1099 1150 3.,
1130 1106 1188 1144 cui
1220 1104 1265 1142 B.
1297 1104 1547 1154 suffragatur.
1579 1105 1699 1149 edidi,
1731 1119 1849 1157 quum

978 1161 1075 1200 Prie.
1103 1166 1141 1199 et
1165 1162 1340 1206 XVasse„
1369 1162 1431 1211 qui
1456 1160 1585 1200 Plaut.
1611 1162 1735 1201 locum
1756 1162 1849 1200 Am-

979 1219 1070 1269 phit.
1094 1217 1119 1256 1.
1140 1223 1174 1257 ’1.
1192 1221 1256 1258 36.
1283 1218 1356 1256 secl
1383 1219 1418 1256 ei
1447 1223 1485 1257 et
1510 1220 1653 1258 cli-tate
1678 1220 1850 1259 militnm

978 1279 1261 1326 eoepuynatmu
1277 1279 1334 1312 est
1348 1275 1548 1324 oppidum
1570 1277 1749 1319 excitant,
1765 1289 1850 1327 par-

979 1331 1135 1369 ticulam
1163 1336 1200 1368 e!
1234 1330 1541 1381 interponerent.
1579 1331 1678 1370 cons.
1706 1332 1772 1371 Dr.
1799 1332 1849 1370 ad

977 1387 1062 1426 Liv.
1089 1385 1237 1424 XXVI.
1265 1389 1328 1426 39.
1356 1386 1386 1437 ξ.
1413 1390 1474 1425 11.
1501 1386 1605 1425 Oud.
1632 1388 1693 1427 bic
1718 1390 1756 1427 ri
1780 1401 1848 1439 pro

977 1444 1115 1494 glossa
1140 1443 1284 1481 habere
1310 1443 1456 1481 mavult
1481 1445 1588 1481 vocis
1610 1446 1767 1483 virtutis
1785 1445 1851 1482 ad-

977 1501 1057 1538 dita
1077 1500 1124 1538 ab
1145 1514 1207 1544 eo,
1228 1500 1291 1551 qui
1312 1501 1495 1538 virtutem
1510 1501 1852 1540 nolebatadseribi

980 1557 1194 1594 latronibus
1220 1569 1292 1594 suo
1317 1560 1445 1594 tamen
1472 1570 1579 1594 inore
1605 1557 1663 1596 sie
1687 1557 1853 1608 glorian-

978 1614 1094 1651 tibus.
1155 1612 1188 1651 Ε
1219 1614 1408 1651 contrario
1434 1618 1563 1652 tamen
1591 1614 1693 1652 credi
1721 1618 1854 1665 potest

981 1671 1145 1708 eiectum
1172 1683 1265 1707 esse
1291 1669 1329 1707 id
1353 1670 1587 1709 vocabulum
1614 1671 1662 1709 ab
1689 1683 1757 1714 eo,
1789 1671 1854 1721 qui

981 1727 1176 1778 quomodo
1203 1728 1258 1765 ris
1283 1731 1323 1764 et
1344 1727 1468 1765 virtus
1489 1727 1666 1776 coniungi
1688 1731 1855 1778 possent

983 1798 1057 1822 non
1084 1783 1340 1833 intelligebat,
1367 1784 1413 1821 cf.
1436 1782 1512 1822 Cic.
1533 1783 1601 1823 Or.
1622 1782 1666 1821 II.
1682 1788 1765 1824 27.:
1796 1785 1856 1823 vis

982 1841 1057 1880 illa
1088 1841 1227 1879 diviua
1259 1845 1297 1878 et
1322 1840 1446 1878 virtus
1473 1842 1651 1879 oratoris
1675 1844 1714 1878 et
1738 1853 1853 1892 asyn-

982 1898 1060 1935 deti
1075 1901 1246 1935 naturam
1264 1910 1336 1933 non
1352 1897 1542 1947 capiebat.
1575 1896 1726 1935 Eodem
1738 1897 1852 1935 modo

983 1954 1087 2005 apud
1112 1951 1278 1991 Liv.1v.
1296 1956 1332 1992 3.
1352 1951 1382 2001 Q.
1402 1957 1463 1992 12.
1490 1954 1621 2003 optimi
1648 1954 1762 1992 codd.
1787 1953 1854 1991 ha-

980 2011 1073 2048 bent
1103 2010 1290 2061 iretqene'o,
1317 2010 1460 2048 virtute
1490 2024 1659 2061 requam
1685 2011 1855 2050 tenuisse

980 2067 1045 2105 ubi
1060 2066 1126 2104 I)r.
1151 2065 1261 2117 plura
1287 2066 1468 2117 exempla
1493 2065 1606 2105 affert
1631 2071 1669 2105 et
1688 2066 1854 2105 eundem

981 2123 1031 2161 ad
1046 2121 1107 2160 III.
1121 2126 1188 2163 68.
1209 2120 1240 2171 Q
1255 2126 1291 2162 5.
1317 2136 1371 2169 re,
1394 2126 1572 2175 fortuna
1598 2123 1759 2163 domam
1786 2139 1853 2163 au-

983 2181 1090 2218 ctior
1113 2179 1275 2231 rediit]

1039 2235 1234 2275 ineolumi
1256 2250 1433 2275 nmnero.
1495 2235 1615 2288 [oud.
1649 2236 1855 2275 lectionem

984 2291 1096 2330 codd.
1122 2290 1166 2329 F.
1185 2295 1218 2331 1.
1240 2296 1278 2330 et
1297 2295 1329 2331 ὃ.
1350 2292 1570 2333 incolumes
1593 2308 1759 2334 numero
1779 2307 1856 2345 qua

985 2349 1033 2387 de
1059 2361 1202 2387 caussa
1233 2349 1366 2388 nescio
1392 2349 1582 2400 praetulit.
1641 2350 1705 2389 An
1733 2351 1856 2389 offen-

985 2405 1040 2443 dit
1059 2417 1145 2442 eum
1166 2405 1344 2444 dictionis
1359 2406 1592 2444 insolentia?
1624 2407 1705 2446 Sed
1721 2411 1856 2459 aperte

985 2462 1058 2500 sibi
1080 2466 1322 2512 opponuntur
1344 2462 1461 2501 verba
1480 2464 1676 2504 incolmni
1689 2478 1856 2504 numero

981 2519 1194 2571 petiz-Imm·
1224 2523 1262 2557 et
1287 2523 1429 2571 postea
1455 2520 1626 2559 debilem
1649 2534 1857 2561 numeram

985 2575 1221 2621 reduxistis,
1248 2590 1362 2627 quum
1388 2575 1487 2614 latro
1513 2577 1648 2615 turbae
1674 2576 1855 2616 commili-

986 2635 1117 2669 tonum
1151 2633 1240 2671 vitio
1270 2636 1416 2678 vertat,
1455 2633 1558 2683 quod
1590 2647 1638 2670 ne
1669 2633 1856 2684 praedam

986 2687 1142 2739 quidem
1173 2690 1344 2727 assecuti
1376 2689 1520 2727 multos
1545 2689 1707 2728 sodales
1732 2689 1856 2741 perdi-

986 2744 1126 2790 derint,
1159 2746 1245 2797 ipse
1276 2760 1368 2783 vero
1402 2745 1603 2796 glorietur,
1636 2746 1738 2797 quod
1770 2760 1857 2785 cum

986 2802 1070 2839 suis
1095 2814 1234 2853 magna
1262 2802 1435 2841 fortunae
1460 2803 1574 2853 eopia
1597 2807 1793 2854 reportata
1808 2817 1857 2842 ne

989 2871 1102 2896 unum
1129 2859 1285 2908 quidem
1310 2860 1457 2897 socium
1483 2859 1685 2912 amiserit]

1044 2916 1265 2966 petivinms.
1313 2915 1398 2953 Nic.
1414 2914 1550 2954 Heins.
1564 2916 1614 2953 ad
1628 2915 1744 2956 Ovid.
1758 2916 1857 2957 Met.

988 2969 1078 3008 XV.
1112 2975 1206 3012 569.
1236 2973 1494 3022 repetivimus
1524 2972 1730 3021 legendum
1763 2987 1858 3012 esse

989 3029 1218 3078 proponenti
1249 3027 1350 3066 Oud.
1394 3041 1597 3079 perperam
1632 3030 1856 3069 adsentitur.

989 3082 1154 3135 [Petere
1179 3084 1278 3122 enim
1303 3083 1366 3122 hic
1392 3098 1458 3135 pro
1485 3090 1665 3136 repetere
1688 3088 1858 3138 positum

989 3143 1069 3186 est,
1100 3144 1141 3180 ut
1170 3141 1330 3193 saepius
1355 3141 1549 3195 simplicia
1571 3155 1640 3194 pro
1665 3143 1858 3196 composi-
