2155 3590
626 149 815 192 LIBER
844 150 918 191 111.
985 145 1111 190 czAP‘.
1142 147 1263 189 XIX.
1781 146 1862 191 185

67 269 150 312 tur,
178 263 360 313 ostende,
389 272 475 303 cum
501 263 598 303 deos
618 262 799 312 invocat·
827 268 934 304 certe
952 277 1038 304 eam
1057 263 1311 304 reformatam
1329 261 1498 302 videam.
1551 260 1649 302 Sum
1666 258 1702 316 Ι
1694 272 1862 315 namque·
1885 261 1950 295 209

65 333 196 358 coram
220 319 374 372 magiae
399 319 620 360 noscendae
647 295 944 360 ardentissimus
970 319 1143 374 cupitor,
1170 329 1402 372 quamquam
1426 316 1519 357 mihi
1546 331 1618 363 nec
1637 318 1724 374 ipsa¹
1738 325 1783 358 tu
1801 318 1862 359 vi·-

66 375 183 415 deare
207 388 340 415 rerum
365 376 473 416 rudis
499 383 538 415 et
562 389 723 429 expers.
775 374 867 416 Soio
898 376 1001 416 istud
1032 383 1071 416 et
1101 375 1214 439 plane
1240 375 1388 423 sentio,
1423 389 1509 414 cum
1536 388 1691 428 semper
1715 374 1861 428 alioqui

65 439 282 484 spretorem
312 432 587 472 matronalium
620 431 870 486 amplexuum
904 433 960 472 sie
991 432 1068 472 tuis
1098 432 1184 472 istis
1210 431 1444 471 micantibus
1471 430 1594 470 oculis
1621 438 1661 471 et
1684 431 1860 472 rubenti-

66 487 136 527 bus
160 487 334 528 hucculis
359 494 399 528 et
422 488 691 529 renidentibus
713 488 886 528 crinibus
907 496 945 528 et
963 488 1160 529 hiantibus
1180 487 1323 528 osculis
1343 494 1381 528 et
1401 487 1659 540 flagrantibus
1680 487 1686 543 Ι
1709 487 1861 542 papillis

62 595 95 620 et
108 600 179 620 eum
194 591 270 621 deos
283 592 419 622 invocat
434 591 462 623 ὃ.
490 597 572 624 bene
586 596 623 624 de
637 595 717 623 Oud.
731 595 1020 630 se1uentia.quo‹1
1033 595 1149 624 mirum
1162 598 1227 631 est
1253 601 1351 628 quum
1362 593 1445 622 aubi
1458 600 1520 627 asy
1523 594 1620 622 ndela
1634 596 1752 628 captet.
1789 602 1863 621 cum

62 645 116 665 res
132 641 258 666 ornatu
270 639 306 667 F.
321 641 339 667 2
346 640 453 669 .alius
469 647 541 668 eum
554 636 906 677 reforrltat1cr;lalius
925 649 998 668 cum
1017 639 1245 679 reformatum
1259 642 1389 671 notante
1401 640 1426 667 1
1428 639 1654 675 indenbrogio.
1681 641 1774 665 certo
1789 647 1863 667 σωκ

61 682 256 722 reformata
270 685 305 712 B.
319 684 353 712 in
366 685 618 719 excerptisElm.
626 687 683 713 sed
692 693 732 713 ex
746 686 846 713 Mouii
861 686 1036 714 collatione
1050 693 1121 713 cum
1136 684 1374 724 reformatum.
1401 682 1481 711 Cum
1490 683 1587 722 refut·
1589 683 1723 716 matrim
1728 684 1763 711 G.
1773 684 1811 712 D.
1825 676 1862 714 P'.

61 735 133 756 enm
148 727 341 767 reformata
355 737 384 764 p.
400 734 429 758 et
443 737 554 758 omnes
567 731 638 759 edd.
650 734 726 759 v.ett
749 733 787 758 ul
802 730 1029 770 reformatam
1044 732 1077 759 Ο.
1105 738 1178 758 enm
1191 730 1418 769 reformatum
1434 729 1526 757 Colv.
1541 732 1570 757 et
1584 725 1771 763 seq(1.u11de
1783 726 1863 757 omi.

63 774 303 803 rescribendum
315 778 406 808 putat
431 782 505 802 eam
518 784 552 803 m
566 775 761 814 reformata
775 785 802 805 s.
817 775 1080 813 refornmtmne‚
1107 779 1140 804 ut
1153 776 1250 804 eliam
1270 775 1474 804 Pricaeanae
1486 775 1544 802 Ed.
1559 774 1705 809 margini
1715 765 1864 808 adposuit

62 820 194 848 Vss'asse.
227 827 343 846 coram
358 821 512 856 expungit
526 822 565 858 B.
589 821 658 858 v‘pse
673 829 727 857 pro
741 819 824 848 milti
835 823 870 849 G.
886 822 923 850 D.
938 823 974 850 P.
999 829 1040 848 ne
1053 820 1127 857 ipsa
1139 822 1223 850 lunt.
1237 821 1311 850 Ala.
1362 818 1509 847 videaris
1523 820 1557 848 0.
1598 818 1719 858 talium.
1732 821 1815 853 quod
1828 820 1862 848 in

64 865 232 892 nonnullis
245 865 338 893 libris
351 869 426 894 ante
440 873 552 894 rerum
566 867 699 902 legitur,
715 867 918 895 desideratur
930 867 963 894 in
978 867 1013 895 F.
1029 867 1059 894 3.
1075 867 1109 894 G.
1124 868 1161 895 D.
1176 867 1211 894 P.
1228 866 1248 894 f.
1269 867 1306 893 R.
1321 862 1349 893 δ’.
1363 867 1446 894 Iunt-
1462 867 1492 893 1.
1506 866 1536 892 2.
1567 867 1601 891 et
1614 870 1738 901 erpers
1752 872 1863 892 omnes

62 912 142 937 Mssa
157 913 186 938 el
201 911 270 939 edd.
284 914 360 938 vett.
375 915 502 944 praeter
516 920 543 946 p.
559 915 587 939 et
601 912 695 940 Vulc.
711 914 739 940 ¹2.
755 915 785 940 et
799 920 866 945 sqq.
892 910 946 938 rel
956 918 1078 947 ear-pers
1092 913 1173 940 lunt.
1189 913 1218 939 ⁴2.
1232 913 1270 940 In
1284 907 1312 938 ὃ.
1329 914 1376 938 est
1402 912 1435 937 et
1448 910 1607 945 inexpers
1632 910 1728 944 quasi
1742 917 1797 944 pro
1811 908 1863 936 iu-

62 957 208 990 r.1·perta
221 958 255 983 ut
274 955 307 983 in
326 957 436 984 eodem
455 958 524 985 cod.
544 959 621 985 Met.
636 958 689 985 VI.
709 965 737 991 p.
757 958 839 985 408:
865 955 1008 993 simplex
1027 955 1180 993 alioquin
1197 959 1233 983 ec
1255 954 1455 991 inexpers
1481 949 1599 984 talium
1620 954 1744 983 r'ef-im.
1793 950 1863 982 seio

61 997 147 1027 illud
164 1001 200 1028 P.
248 999 400 1038 alioquin
413 1004 448 1030 G.
463 1003 501 1031 D.
522 999 551 1031 δ.
573 1007 601 1031 et
621 1004 690 1031 edd.
711 1006 785 1031 ante
803 1003 969 1037 Colvium3
995 1009 1077 1035 quae
1096 1009 1162 1029 vox
1181 1004 1278 1035 plane
1296 1003 1387 1029 abest
1408 999 1488 1029 ΕΒ(
1523 1000 1760 1037 spector-eme:
1773 1001 1812 1029 D.
1826 999 1863 1028 F‘.

61 1043 147 1072 sicut
163 1045 184 1073 f.
232 1044 404 1073 bucuculv‘s
424 1048 459 1075 G.
478 1048 516 1076 D.
566 1047 788 1075 renitentibus
807 1056 839 1080 φ.
861 1048 897 1075 Β.
916 1044 946 1075 ὃ.
966 1047 995 1081 p'.
1018 1045 1102 1075 fied.
1123 1041 1863 1081 pnvicent.Wow.1‹111'11.Pric.et'1·*101'·i‹1.ob

61 1091 206 1120 nitorem.
232 1091 462 1127 rumpentibus
474 1093 551 1121 Ald.
566 1096 595 1121 et
607 1094 691 1121 lunt
708 1094 736 1120 1.
755 1091 1004 1130 f'ragrantzbus
1018 1093 1053 1119 G.
1068 1092 1106 1120 D.
1121 1092 1156 1120 Ο.
1169 1099 1206 1119 π.
1232 1092 1317 1120 Prie.
1331 1095 1362 1119 et
1379 1091 1500 1119 Florid.
1520 1092 1602 1125 qnod
1622 1089 1688 1120 iam
1707 1092 1830 1119 dudum
1847 1098 1864 1118 e

61 1136 247 1164 coniectura
271 1136 401 1165 viderat
426 1137 609 1166 Groslotius‘
624 1141 655 1166 er
669 1146 702 1166 ιιι
717 1142 901 1166 contextum
926 1140 1090 1180 receperat
1105 1137 1301 1164 Scriverius.
1328 1137 1408 1165 Cett.
1429 1138 1519 1164 codd.
1533 1141 1560 1165 e!
1576 1137 1647 1165 edd.
1662 1139 1738 1165 vett.
1752 1134 1864 1165 onmes

1869 475 1987 565 ἷῗέἓὸ]

60 1178 327 1218 nabentflagran
332 1181 429 1210 eoessbus

117 1271 394 1321 reformatam.
442 1268 570 1314 Quum
596 1269 697 1307 Mss.
723 1273 928 1320 tantopere

60 1325 206 1362 varient
230 1325 326 1363 inter
350 1327 577 1377 reformata
602 1330 640 1364 et
663 1322 928 1378 reformatam.

60 1385 105 1421 et>
123 1380 268 1420 facilior
286 1380 389 1421 Oud.
414 1381 588 1421 videatur
614 1395 708 1420 esse
732 1384 926 1434 reforma-

60 1444 141 1478 tam
176 1436 312 1482 lectio,
350 1450 465 1488 quam
503 1451 603 1489 quae
640 1439 691 1477 ita
722 1438 928 1490 depravari

60 1495 242 1545 potuerit,
274 1508 361 1533 eam
389 1496 431 1533 in
461 1498 688 1547 reformata
713 1495 776 1533 vel
800 1496 843 1533 in
868 1508 926 1534 re-

57 1548 311 1603 formatione
335 1551 499 1590 coniicit.
549 1551 723 1591 Amasse
755 1551 855 1590 enim
880 1552 930 1589 ait

60 1606 272 1659 Apuleium
302 1609 455 1646 nomina
485 1612 644 1658 quartae
682 1607 780 1647 decl.
817 1609 854 1646 in
886 1623 930 1648 ηε

60 1676 153 1716 prae
178 1664 410 1709 exeuntibus
436 1665 471 1702 in
496 1665 556 1710 io,
584 1665 657 1703 etsi
677 1665 755 1703 sint
768 1666 930 1715 saepius

59 1719 184 1759 semel
205 1723 351 1761 tantum
369 1721 418 1759 ab
439 1735 487 1759 eo
507 1726 702 1773 usurpata.
730 1722 818 1761 coll.
833 1721 929 1760 Met.

60 1776 86 1816 I.
113 1790 148 1828 p.
177 1781 240 1817 72.
268 1779 411 1818 unctui
437 1779 559 1817 tersui
583 1777 647 1816 ΙΙΙ.
673 1793 711 1830 p.
742 1782 830 1820 198.
859 1792 930 1817 me—

61 1835 218 1874 ditatas
242 1833 356 1884 1114».
373 1838 465 1875 213.
490 1848 680 1875 succussu
706 1834 771 1874 lv,
785 1849 821 1886 p.
838 1839 929 1876 245.

61 1891 263 1943 coyitatu.
290 1890 373 1929 Sed
393 1890 485 1929 nihil
498 1892 721 1930 mutandum
737 1892 930 1930 existimo.

62 1946 222 1998 {Neque
252 1960 383 1986 verum
413 1951 492 1993 est,
530 1947 634 1997 quod
658 1947 762 1987 Oud.
788 1948 929 1991 adiicit,

60 2005 327 2055 reformatam
356 2004 419 2043 hie
448 2004 668 2055 praesentis
699 2005 844 2043 habere
880 2005 929 2042 si*-

61 2061 344 2115 gnificationem
371 2075 460 2101 cam
484 2063 754 2112 reformatur,
781 2061 931 2111 quaein

64 2117 276 2171 participiis
307 2117 583 2168 deponentium
617 2121 656 2156 et
686 2118 933 2168 passivorum

63 2176 304 2225 frequentata
334 2175 396 2212 sit.
440 2173 528 2212 coll.
559 2172 686 2211 Periz.
719 2173 769 2212 ad
801 2174 932 2213 Sanct.

61 2232 157 2271 Min.
184 2229 211 2269 I.
241 2234 304 2270 15.
329 2234 366 2270 5.
392 2230 492 2269 Dav.
519 2229 571 2268 ad
595 2228 708 2268 Caes.
734 2229 780 2268 Β.
799 2229 847 2268 G.
861 2228 933 2268 Vl.

63 2292 128 2330 29.
156 2288 216 2326 Dr.
241 2287 293 2326 ad
315 2286 401 2326 Liv.
426 2285 537 2325 XXI.
564 2290 628 2327 52.
660 2290 720 2327 10.
747 2284 866 2336 (Cort.
882 2286 933 2324 ad

60 2345 210 2383 Lucan.
222 2342 289 2382 VI.
304 2347 397 2383 574.
411 2343 552 2393 VVagn.
568 2341 643 2388 Qu.
659 2343 766 2393 Virg.
780 2341 930 2381 XXIX.

63 2401 117 2454 3.]
167 2400 238 2438 Ille
269 2401 369 2438 enim
399 2398 546 2438 Lucius
577 2398 652 2437 hoc
688 2403 832 2438 tantum
865 2413 930 2450 po-

62 2457 183 2497 stulat
212 2470 235 2495 a
265 2456 425 2502 Fotide,
455 2457 490 2494 si
521 2455 715 2494 dominam
748 2455 845 2494 deos
877 2457 928 2493 in-

61 2518 266 2553 vocantem
299 2514 319 2551 i.
353 2526 386 2551 e.
418 2526 463 2550 se
495 2511 767 2550 reformantem
799 2511 929 2551 videre

64 2574 251 2622 nequeat,
282 2572 550 2622 reformatam
581 2569 655 2607 iam
686 2568 785 2607 etin
811 2567 928 2607 aliam

63 2628 214 2667 bestiae
239 2627 414 2678 speciem
440 2629 707 2664 commutatam
728 2624 933 2675 adspiciat.

64 2684 244 2723 Formam
263 2682 493 2722 substantivi
515 2685 792 2734 reformatam,
818 2694 933 2732 quam

64 2740 167 2780 oud.
197 2740 364 2791 recepit,
394 2742 520 2777 tuetur
557 2737 668 2777 locus
706 2736 811 2776 Tert.
844 2737 930 2777 adv.

63 2796 220 2836 Valent.
252 2809 284 2835 c.
313 2799 395 2842 13.,
427 2808 554 2845 neque
581 2794 710 2832 solum
740 2792 933 2845 Apuleius

64 2853 139 2892 sed
163 2866 299 2891 omnes
324 2865 415 2891 vere
436 2852 648 2902 scriptores
671 2849 841 2890 Africani
865 2849 932 2890 IV.

65 2909 334 2948 declinationis
347 2909 591 2958 substantiva
606 2908 640 2946 in
662 2921 707 2946 us
724 2906 932 2946 adamasse

65 2966 252 3005 videntur.
298 2965 388 3004 Nec
416 2979 502 3003 raro
539 2963 629 3003 hinc
664 2963 807 3002 factum
837 2964 933 3009 scio,

66 3021 176 3061 locos
199 3035 223 3060 a
247 3021 411 3060 librariis
436 3021 652 3060 miserrime
682 3033 776 3058 esse
799 3019 935 3071 depra-

76 3082 201 3117 vatos.
247 3077 306 3117 lta
328 3078 435 3130 apud
458 3077 606 3117 Arnob.
632 3075 675 3115 ll.
708 3080 773 3118 20.
804 3075 935 3128 legen-

986 1270 1108 1309 oet'lms
1129 1269 1342 1320 flexuose's,
1369 1269 1471 1319 quod
1499 1271 1717 1313 retinerem,
1744 1269 1778 1306 si
1805 1267 1862 1320 ul·

990 1326 1066 1364 lum
1093 1324 1313 1376 quempiam
1338 1338 1498 1363 sensum
1525 1323 1742 1376 praeberet.
1790 1324 1863 1363 Fu-

989 1385 1099 1430 gerat
1135 1381 1235 1419 enim
1273 1381 1464 1420 librarium
1494 1379 1722 1432 significatio
1757 1381 1863 1420 vocis

987 1441 1173 1483 incessus,
1189 1451 1257 1488 pro
1272 1438 1334 1475 via
1348 1444 1466 1488 atque
1479 1438 1613 1476 itinere
1627 1441 1863 1490 usurpatae;

988 1494 1034 1533 cf.
1063 1493 1184 1533 Tacit.
1213 1495 1313 1532 Anu.
1341 1493 1408 1533 Vl.
1437 1494 1524 1547 33.]

1047 1599 1196 1625 eoram.
1223 1585 1384 1623 Retinet
1397 1585 1471 1624 hoc
1485 1583 1589 1624 oud.
1604 1590 1735 1624 contra
1750 1585 1863 1626 Elin..

991 1644 1079 1693 quia
1109 1656 1182 1680 non
1215 1642 1331 1680 modo
1364 1655 1530 1680 noscere
1562 1642 1729 1693 magiam
1761 1642 1865 1694 cupi-

992 1700 1087 1737 ierit
1107 1699 1277 1741 Lucius.
1303 1699 1377 1737 sed
1402 1703 1442 1737 et
1467 1699 1591 1737 oculis
1618 1699 1863 1750 perlustrare.

990 1746 1038 1794 cs.
1070 1751 1208 1793 Heius.
1243 1755 1293 1793 ad
1325 1754 1440 1794 Ovid.
1473 1752 1632 1793 Heroid.
1663 1751 1766 1794 VIII.
1799 1760 1864 1797 59.

994 1814 1141 1853 Coram
1166 1812 1228 1851 liic
1253 1812 1354 1850 idem
1381 1826 1475 1849 esse
1501 1815 1651 1858 monet,
1677 1810 1783 1863 quod
1807 1813 1864 1850 ἰη-

991 1884 1129 1908 rorant
1155 1868 1242 1907 coll.
1271 1868 1383 1907 Serv.
1408 1868 1457 1907 ad
1482 1869 1582 1906 Aen.
1604 1866 1649 1907 ΙΙ.
1676 1856 1769 1909 530.
1796 1858 1864 1906 Di.

989 1925 1040 1963 ad
1070 1923 1156 1963 Liv.
1189 1922 1376 1964 XXVIII.
1415 1929 1475 1965 17.
1507 1923 1540 1975 ξ.
1564 1929 1602 1965 8.
1628 1914 1781 1974 Comm'.
1814 1925 1865 1964 ad

991 1981 1100 2020 Suet.
1125 1982 1228 2032 Aug.
1256 1995 1288 2019 c.
1316 1984 1380 2021 69.

1046 2061 1324 2113 flayrmztt'bas
1345 2061 1535 2111 papillis.
1581 2061 1668 2114 [Ita
1692 2073 1742 2100 ex
1767 2064 1862 2112 optt.

992 2117 1104 2157 codd.
1118 2117 1221 2155 edidi
1238 2120 1371 2155 contra
1382 2116 1504 2161 Oud..
1531 2125 1766 2169 quamquam
1779 2117 1863 2156 scio

993 2174 1296 2212 commutatione
1310 2174 1513 2212 verborum
1523 2175 1712 2227 flayra‘re
1725 2178 1764 2213 et
1775 2177 1864 2226 fra-

990 2243 1117 2281 μιαν-ε
1142 2229 1234 2268 nihil
1259 2243 1352 2268 esse
1379 2229 1617 2281 frequentius
1640 2230 1690 2269 cs.
1704 2230 1800 2272 Mai.
1812 2230 1864 2268 ad

991 2285 1123 2325 Front.
1149 2286 1274 2338 Epist.
1290 2285 1405 2327 Caes.
1421 2286 1466 2325 11.
1488 2291 1523 2327 5.
1551 2301 1587 2338 p.
1614 2290 1680 2329 49.
1705 2285 1863 2330 Peerlk.

991 2342 1042 2381 ad
1067 2341 1160 2381 Hor.
1186 2356 1225 2394 p.
1252 2347 1346 2384 201.
1371 2342 1503 2394 Kopp.
1531 2344 1580 2382 ad
1594 2343 1709 2384 Mart.
1725 2342 1862 2394 Cap.l.

989 2398 1019 2447 ῥ’.
1035 2403 1100 2440 85.
1115 2412 1150 2449 p.
1169 2403 1259 2440 125.
1280 2399 1390 2438 Varr.
1404 2398 1533 2439 Lectt.
1546 2400 1598 2439 ad
1612 2400 1717 2451 Virg.
1732 2399 1780 2439 G.
1794 2397 1861 2438 IV.

992 2459 1082 2497 169.
1115 2455 1259 2507 VVagn.
1290 2456 1341 2495 ad
1371 2456 1478 2507 Virg.
1509 2457 1610 2496 Aen.
1636 2455 1666 2495 I.
1696 2452 1790 2497 436.
1824 2459 1864 2494 et

983 2515 1225 2564 fragrantes
1234 2513 1425 2565 papillas
1437 2514 1599 2564 saepius
1613 2512 1686 2553 dici
1700 2521 1863 2555 suavem

987 2573 1027 2607 et
1051 2569 1293 2608 cinnameum
1319 2569 1480 2607 odorem
1517 2568 1763 2609 exhalantes.
1812 2568 1861 2607 cf.

991 2625 1123 2665 Burm.
1146 2625 1308 2665 Anthol.
1333 2624 1381 2664 L.
1408 2624 1518 2664 Tom.
1544 2625 1571 2666 l.
1604 2640 1639 2677 p.
1667 2629 1759 2667 654.
1798 2625 1862 2669 ,Si-

989 2697 1065 2722 nus
1083 2690 1269 2734 ewpansa
1286 2684 1454 2734 profert
1473 2684 1664 2726 oc'nnwua
1688 2686 1728 2721 et
1747 2682 1862 2721 eund.

991 2740 1027 2777 in
1053 2739 1156 2778 Add.
1182 2739 1288 2778 adh.
1311 2738 1332 2776 1.
1352 2752 1388 2789 p.
1410 2742 1502 2780 746.
1529 2739 1861 2791 Flam-antespa-

989 2795 1121 2847 pz’llae
1150 2799 1279 2835 tamen
1316 2794 1461 2845 optime
1497 2799 1664 2845 possunt
1700 2794 1863 2845 intelligi

992 2864 1081 2897 eae,
1107 2865 1208 2903 quae
1232 2865 1325 2902 piae
1350 2851 1465 2890 nimia
1489 2851 1648 2890 libidine
1671 2851 1800 2890 calent
1824 2846 1863 2890 et

989 2908 1171 2948 intimaV
1174 2910 1475 2947 enei-e111·.untur
1500 2908 1549 2944 V·
1540 2921 1570 2946 ιι·
1583 2908 1723 2947 doctus
1742 2918 1860 2959 marg.

992 2965 1052 3004 ed.
1085 2964 1192 3003 Colv.
1220 2977 1332 3003 meae
1361 2963 1509 3002 adlevit
1536 2964 1766 3017 riye'ntc'bus
1787 2979 1861 3016 pa-

987 3021 1106 3074 pillis
1135 3021 1240 3072 quod
1264 3034 1334 3071 per
1357 3034 1403 3058 se
1428 3032 1662 3072 quamquam
1685 3021 1861 3073 probum,

993 3091 1018 3116 a
1056 3079 1232 3129 vestigiis
1267 3080 1396 3115 tamen
1433 3076 1536 3116 Mss.
1573 3078 1683 3116 nimis
1713 3078 1863 3117 recedit

67 3135 158 3174 dum
182 3138 245 3174 est
268 3135 491 3176 incessibus
512 3134 707 3188 flexuosis
731 3147 800 3185 pro
824 3134 936 3186 infle-
995 3133 1186 3173 cfiBurm.
1202 3133 1252 3172 ad
1263 3132 1526 3173 Anth01.Lat.
1543 3133 1859 3187 Tom.l.p.648.]
