2155 3590
726 129 915 172 LIBER
944 129 1019 172 ΠΙ.
1079 129 1209 172 CAP.
1239 129 1291 170 ΙΙ.
1836 130 1918 176 153

117 244 234 284 tionis
264 243 462 284 maximae
492 243 705 298 conspicio.
761 243 866 284 Nam
901 245 1008 286 inter
1038 252 1097 286 tot
1131 244 1239 285 milia
1275 243 1405 297 populi
1441 243 1765 285 circumsedentis
1800 257 1917 284 nemo

116 314 310 354 pmrsum,
338 300 405 354 qui
428 314 508 340 non
531 300 617 341 risu
640 300 944 354 dirumperetur,
973 302 1123 343 aderat.
1162 300 1340 341 Tandem
1354 300 1569 354 pererratis
1584 300 1721 353 plateis
1736 300 1917 344 omnihus

114 364 154 397 et
175 357 217 397 in
239 358 393 397 modum
419 370 570 405 eorum,
598 356 663 410 qui
681 356 910 398 lustralibus
930 358 1137 412 piamentis
1156 357 1283 397 minas
1302 363 1573 410 portentorum
1593 356 1730 397 hostiis
1750 357 1917 398 eircum-

114 412 288 453 foraneis
317 413 500 467 expiant,
541 413 828 454 circumductus
861 415 1076 468 angulatim
1107 415 1235 455 forum
1272 413 1434 465 eiusque
1472 413 1644 454 tribunal
1669 411 1676 468 Ι
1704 413 1913 454 adstimor.

113 468 272 523 Iamque
303 469 468 510 sublimo
499 476 692 523 suggestu
716 470 1013 524 magistratibus
1038 470 1325 520 residentibus,
1360 469 1437 509 iam
1461 482 1658 523 praecone
1684 469 1838 524 publico
1862 470 1916 510 si-

111 571 254 602 magnae
267 564 290 593 f.
319 571 481 601 prorsum
494 565 529 593 F.
544 566 575 593 3.
590 565 625 593 G.
639 567 670 594 2.
684 565 722 593 D.
757 566 794 593 111
808 566 944 600 reliquis
953 573 1108 602 prorsus.
1139 564 1368 602 disrumpetur
1380 565 1418 593 R.
1435 564 1454 593 f.
1476 562 1689 600 dirumpetur
1697 566 1732 593 G.
1743 566 1772 593 1.
1787 563 1916 592 dirum-

104 612 175 647 pet.
187 611 226 639 D.
251 609 401 638 omnibus
414 613 506 638 abest
520 616 541 638 a
553 617 589 639 π.
638 613 672 637 et
685 614 762 639 ante
775 609 809 637 in
822 609 951 638 modum
966 619 1029 640 non
1044 615 1205 646 comparet
1219 611 1251 638 in
1267 611 1303 639 G.
1315 611 1342 639 1.
1357 611 1393 638 P.
1442 608 1561 646 quibus
1575 607 1776 637 lustralibus
1789 611 1825 639 F.
1843 612 1870 638 1.
1885 611 1915 639 3.

111 657 146 684 G.
161 657 191 683 2.
205 656 245 683 D.
257 663 288 690 p.
302 656 340 683 R.
355 652 415 683 nd.
435 656 471 684 P.
490 657 526 684 L.
551 654 585 682 in
605 654 723 693 quibus
743 653 843 684 lustr.
863 658 898 685 G.
920 657 950 685 1.
970 664 1005 685 π.
1032 655 1237 684 lustratibus
1251 657 1286 684 P.
1310 657 1349 684 In
1368 654 1503 688 reliquis
1522 657 1610 683 extat
1633 654 1694 691 qui
1704 653 1915 683 lustr-altha&

110 699 335 737 arpr'amentss·
347 702 429 729 lunt.
442 701 473 729 2.
493 700 703 736 piamentum
717 698 746 730 δ.
767 703 963 737 portentum
976 703 1014 730 D.
1029 709 1048 730 a
1062 710 1102 730 m.
1116 710 1147 736 p.
1195 701 1319 737 expt'at
1330 701 1364 729 0.
1413 707 1476 737 que
1488 703 1582 729 abest
1595 702 1635 728 ab
1651 700 1684 729 Ο.
1701 701 1736 728 G.
1755 702 1782 728 1.
1797 707 1818 728 a
1830 707 1869 728 m.
1885 708 1916 734 p.

109 743 246 773 sublimo
254 745 290 774 F.
299 747 329 774 3.
344 753 374 780 p.
388 746 556 782 etVulgat.
582 745 719 774 sublime
732 747 769 775 B.
806 745 965 783 subgesta
979 748 1014 776 G.
1028 749 1059 775 2.
1106 745 1328 775 residentibus
1341 747 1454 774 exulat
1467 752 1487 773 a
1497 746 1536 774 D.
1552 751 1572 774 a
1584 752 1625 773 m.
1639 753 1670 779 p.
1717 745 1751 772 in
1765 743 1915 773 residen-

110 790 196 819 eibus
209 792 246 820 P.
293 789 530 828 insidentibus,
557 793 640 826 quod
655 791 688 820 in
701 793 769 820 cod.
784 792 909 821 enotari
922 792 997 821 dicit
1011 793 1089 821 Oud.
1105 793 1254 826 equidem
1267 792 1300 820 in
1314 791 1414 820 Modii
1427 791 1603 819 collatione
1616 798 1681 819 non
1694 791 1771 820 vidi.

108 867 155 906 V.
183 881 213 905 c.
235 871 300 908 27.
331 867 396 905 ubi
420 870 549 905 tamen
575 873 741 920 aspectu
765 868 979 913 maluerim,

108 937 226 974 quum
256 927 414 975 propter
438 922 593 962 finalem
618 924 888 963 antecedentis
914 938 978 962 vo-

107 980 233 1019 cabuli
260 994 410 1033 quaeso
436 981 602 1019 litteram
626 982 749 1032 prima
773 983 976 1032 sequentis

105 1037 306 1075 absorberi
332 1036 515 1075 facillime
540 1037 709 1090 posset]

162 1094 501 1133 circumsedentis.
557 1093 664 1133 Colv.
691 1096 778 1144 qnia
804 1095 975 1145 populus

107 1165 180 1189 non
201 1149 343 1188 sedeat
359 1149 434 1187 sed
454 1151 685 1196 circumstet,
707 1151 889 1190 emendat
903 1152 977 1190 cir-

105 1207 339 1246 cmnstantis
367 1206 430 1243 vel
464 1208 616 1246 circum
639 1208 857 1259 sequentis,
896 1207 977 1245 Sci-

103 1263 220 1314 oppio
246 1263 450 1313 probatum
475 1261 566 1314 [sed
590 1263 638 1300 ab
663 1262 790 1301 Hand.
808 1261 975 1301 Turseli.

105 1319 147 1358 ll.
178 1332 216 1370 p.
241 1322 307 1359 68.
339 1318 540 1371 reiectum]
573 1318 633 1355 vel
665 1320 819 1358 circum.
851 1333 976 1358 secus.

101 1375 287 1415 Pricaeus
311 1375 457 1413 mavult
482 1376 810 1429 circmufluentis,
836 1375 975 1413 YVass.

102 1432 469 1484 circumfunderet&
487 1445 528 1471 se
545 1431 608 1468 vel
630 1431 979 1477 circumcedentiS,

101 1487 263 1528 Pontan.
279 1488 395 1527 Anal.
411 1487 438 1527 l.
453 1493 489 1528 4.
506 1488 851 1534 circnnmedentis,
872 1489 977 1539 quod

100 1545 203 1585 Oud.
233 1549 360 1584 tamen
388 1545 588 1596 displicet,
614 1545 794 1595 quoniam
820 1545 977 1584 incede-

103 1616 182 1641 rem
200 1601 492 1653 praegrediatur
513 1614 638 1652 neque
659 1601 733 1639 hoc
753 1602 912 1639 verbum
927 1601 976 1639 de

100 1657 245 1710 populo
266 1657 431 1697 confuse
455 1657 649 1697 adfluente
675 1658 777 1696 bene
797 1660 975 1709 usurpari

102 1715 287 1754 videatur.
336 1713 427 1766 Ipse
447 1719 575 1754 tamen
596 1714 783 1753 emendat
804 1716 973 1754 circum-

99 1772 266 1812 sidentis
290 1785 323 1810 S.
349 1784 413 1809 me
437 1771 734 1810 circumfluendo
760 1776 800 1809 et
817 1773 973 1810 circnm-

99 1828 239 1867 stando
272 1828 490 1867 obsidentis
523 1834 561 1867 et
586 1828 757 1878 undique
783 1829 973 1877 cingentis

100 1886 235 1937 [quam
281 1884 582 1936 explicationem
630 1885 776 1924 debere
824 1884 974 1923 videtur

97 1941 229 1981 Barth.
249 1942 286 1979 in
307 1941 476 1980 Advers.
496 1940 688 1980 XXXVI.
714 1946 777 1982 13.
798 1955 834 1993 p.
854 1945 972 1982 1653.

100 1998 289 2037 Fortasse
313 1999 456 2037 rectius
477 1998 620 2049 legeris
641 2000 971 2050 circumstrepen-

96 2056 166 2102 tisff.
197 2053 247 2094 cf.
262 2053 355 2093 Tac.
370 2055 472 2094 Anu.
484 2053 554 2094 XI.
569 2058 633 2094 31.
654 2054 854 2093 Absolute
871 2056 971 2092 enim

96 2111 422 2151 circumsident&
445 2111 518 2149 dici
545 2111 675 2163 nego]

150 2180 357 2219 prorsum.
406 2166 482 2218 [lta
503 2180 553 2205 ex
572 2171 667 2218 optt.
686 2167 800 2206 codd.
820 2168 970 2218 scripsi.

97 2224 271 2274 Antiqua
303 2224 404 2262 enim
436 2228 499 2261 est
530 2223 671 2269 forma,
709 2237 812 2274 quae
843 2222 971 2262 Plant.

95 2281 340 2332 potissimum
350 2281 722 2318 auctoritatenititur.
749 2280 796 2318 cf.
809 2279 970 2319 Taubm.

95 2337 147 2376 ad
170 2335 297 2374 Plaut.
323 2336 497 2387 Amphit.
524 2337 574 2374 V.
605 2343 638 2377 1.
666 2340 729 2377 60.
779 2335 899 2375 Plura
923 2337 972 2376 cs.

96 2393 147 2432 ad
171 2392 344 2444 Apolog.
371 2406 407 2444 p.
433 2393 545 2445 389.]

155 2452 226 2503 qui
246 2449 493 2489 lustralIbus.
544 2449 660 2501 [Mira
682 2455 743 2487 est
763 2451 972 2488 consensio

97 2506 209 2546 codd.
236 2507 381 2557 optim„
408 2507 473 2557 qui
498 2507 635 2545 acriter
661 2507 804 2559 ‘letibus
830 2507 973 2546 lustra-

96 2563 204 2603 libus
233 2561 467 2608 defendunt,
499 2563 603 2613 quod
635 2563 762 2613 qualis
793 2567 876 2602 tota
899 2563 973 2602 loci

96 2619 258 2658 efficitur
270 2620 477 2664 sententia,
491 2620 704 2658 sustentari
720 2621 861 2670 nequit.
886 2619 974 2658 Nec

95 2677 223 2716 minus
249 2675 430 2727 displicet
445 2675 543 2714 Oud.
570 2676 792 2714 coniectura
813 2678 884 2729 qui
901 2677 972 2723 suh

98 2733 255 2772 lustrat.
281 2736 355 2771 etc.
380 2733 440 2771 cui
466 2732 774 2771 absurdissimae
795 2746 842 2771 ne
863 2733 973 2772 locus

95 2788 255 2839 quidem
286 2789 348 2828 hic
379 2801 474 2827 esse
503 2792 646 2840 potest.
709 2788 796 2827 Nisi
821 2802 973 2828 mecum

97 2849 271 2884 statuere
289 2845 390 2883 velis
409 2844 608 2897 syllabam
633 2846 705 2885 bus
736 2845 974 2884 adhaesisse

90 2900 257 2941 ›wlativo
284 2915 333 2940 ex
359 2903 541 2954 sequenti
568 2902 702 2941 vocab.
725 2903 973 2948 lustralibus,

94 2971 198 3009 quae
219 2959 452 2998 emendandi
472 2960 533 2998 via
553 2958 669 3009 longe
690 2958 876 2998 facillima
898 2963 973 3006 est,

97 3013 269 3053 sortasse
322 3016 548 3067 probabitur
604 3016 828 3054 coniectura
884 3029 974 3054 mea

99 3071 246 3123 quibus
277 3072 515 3111 lustralibus
539 3102 690 3111 .....
717 3073 893 3124 expiare
917 3077 976 3112 est

100 3129 168 3174 (ex
191 3128 424 3180 compendio
443 3129 495 3178 ἓ).
556 3128 662 3167 Esse
682 3143 714 3167 c.
738 3129 868 3168 dativo
888 3142 972 3181 per-

1037 882 1162 908 sonae
1181 872 1220 906 et
1240 867 1421 906 infinitivo
1435 868 1604 905 iunctiun
1618 867 1811 918 significat
1820 867 1915 919 pla-

1039 930 1111 972 cet,
1139 926 1341 971 com-enm
1368 923 1416 962 cf.
1431 922 1549 974 Prop.
1562 922 1590 962 l.
1605 927 1671 964 20.
1692 927 1752 964 13.
1767 923 1913 975 VVagn.

1037 981 1203 1032 ainrg.
1219 980 1303 1019 Ecl.
1317 979 1403 1018 VII.
1421 984 1485 1021 70.
1545 979 1657 1018 Haec
1669 982 1785 1019 rarior
1799 994 1899 1021 voca

1036 1038 1116 1076 buli
1129 1037 1357 1088 significatio
1370 1038 1526 1075 turbare
1539 1041 1694 1088 poterat
1707 1037 1912 1089 librarios]

1093 1094 1235 1133 hostiis
1249 1095 1601 1145 circumforaneis.
1634 1093 1913 1145 [Nominaban-

1037 1155 1096 1189 tur
1114 1151 1167 1189 ita
1186 1149 1355 1194 hostiae,
1379 1151 1468 1200 quia
1480 1163 1550 1200 per
1565 1151 1692 1189 omnia
1704 1151 1811 1189 urbis
1826 1149 1915 1189 loca

1037 1206 1438 1251 circiunducebantur,
1470 1207 1596 1244 ruinas
1628 1211 1667 1244 et
1691 1208 1769 1246 iras
1795 1207 1913 1245 numi-

1036 1276 1125 1300 num
1150 1263 1389 1312 expiaturae.
1438 1261 1485 1300 cf.
1513 1276 1614 1312 quae
1640 1263 1787 1313 profer-t
1810 1261 1913 1301 Elm.

1037 1323 1076 1357 et
1093 1317 1253 1357 Herald.
1274 1318 1323 1357 ad
1346 1318 1492 1356 Arnob.
1514 1317 1581 1356 Vl.
1603 1333 1633 1357 c.
1649 1323 1685 1359 2.
1705 1333 1766 1370 ap.
1787 1318 1914 1358 Orell.

1037 1373 1146 1413 Tom.
1173 1373 1217 1413 ll.
1244 1388 1282 1425 p.
1301 1378 1397 1415 343.
1456 1374 1499 1412 ld
1524 1376 1771 1425 potissimum
1796 1375 1915 1414 fiebat

1039 1433 1074 1470 iu
1099 1431 1416 1470 Ambarvalibus.
1477 1430 1540 1468 De
1565 1430 1642 1470 hoc
1666 1445 1773 1470 more
1797 1446 1914 1471 unum

1038 1488 1206 1527 sufficiat
1220 1487 1447 1526 adscribere
1457 1486 1654 1526 Alexand.
1668 1488 1717 1526 ab
1731 1487 1850 1527 Alex.
1860 1488 1915 1527 de

1037 1545 1100 1583 die
1130 1545 1246 1595 genit.
1274 1544 1321 1583 V.
1349 1548 1413 1585 27.
1440 1544 1584 1583 locum:
1630 1544 1768 1584 Visula
1793 1559 1916 1598 prae-

1035 1603 1204 1640 cedente
1252 1606 1323 1640 aut
1371 1615 1486 1653 aqna
1535 1606 1735 1640 coronata
1785 1603 1916 1641 messis

1036 1672 1138 1711 slyer
1165 1689 1174 1697 .
1200 1688 1207 1696 .
1235 1689 1245 1696 .
1272 1662 1332 1696 ter
1357 1657 1799 1698 elrcnmlustrabuntur
1813 1673 1914 1710 pro-

1033 1720 1222 1767 sequente
1249 1717 1471 1767 ayrestt'wn
1503 1715 1623 1754 turba
1659 1729 1747 1755 cum
1773 1715 1916 1768 fistula

1032 1772 1281 1824 solemnique
1299 1771 1463 1810 saltatu.
1507 1769 1554 1809 cf.
1573 1769 1711 1809 Cirino.
1733 1771 1783 1809 de
1805 1770 1914 1811 Urbe

1033 1828 1148 1866 Rom.
1193 1842 1224 1866 c.
1268 1830 1333 1868 26.
1374 1829 1410 1865 in
1444 1827 1622 1877 Salleng.
1654 1827 1755 1867 Nov.
1789 1827 1911 1867 Thes.

1033 1885 1165 1934 Antiq.
1189 1884 1232 1923 ll.
1252 1898 1288 1935 p.
1305 1887 1398 1924 286.
1420 1887 1460 1922 et
1484 1883 1718 1923 Hanneken.
1749 1884 1800 1924 de
1822 1898 1913 1924 cura

1033 1941 1199 1979 domest.
1221 1940 1329 1978 Diss.
1344 1939 1412 1979 IV.
1429 1954 1459 1979 c.
1479 1946 1512 1980 1.
1528 1941 1618 1979 ibid.
1635 1939 1680 1979 T.
1694 1939 1721 1979 l.
1737 1955 1775 1992 p.
1794 1944 1912 1983 1312.

1032 1998 1167 2036 Arut7..
1201 1997 1251 2036 ad
1281 1996 1380 2034 Plin.
1412 1995 1563 2048 Paneg.
1598 1995 1790 2036 XXXIV.
1816 1997 1849 2047 ὁ.
1875 2002 1910 2039 4.

1033 2068 1068 2105 p.
1089 2058 1176 2094 161.
1198 2054 1248 2092 de
1269 2053 1397 2092 Salas.
1419 2053 1469 2091 ad
1491 2052 1594 2092 Petr.
1609 2067 1640 2092 c.
1660 2058 1750 2094 141.
1765 2067 1801 2105 p.
1817 2057 1910 2095 291.

1031 2110 1180 2163 Burin]

1089 2167 1274 2206 tribuual
1302 2167 1525 2206 adstituor.
1586 2166 1782 2206 Stewech.
1808 2167 1913 2208 hunc

1032 2228 1153 2262 totum
1186 2223 1313 2262 locum
1337 2223 1525 2275 refingere
1551 2226 1603 2262 ita
1630 2223 1750 2263 voluit
1770 2226 1913 2276 forum

1029 2294 1160 2333 usque
1197 2281 1383 2320 tribunal
1416 2281 1541 2320 adst:
1585 2280 1749 2332 Sciopp.
1789 2281 1911 2333 Susp.

1032 2336 1095 2375 lll.
1110 2340 1146 2377 8.
1158 2340 1299 2390 forum
1316 2342 1355 2376 et
1367 2351 1492 2390 usqne
1506 2338 1702 2384 tribunal,
1718 2338 1912 2390 quiquam

1032 2406 1151 2444 prave
1171 2394 1349 2444 egissent
1366 2394 1697 2445 praepositionem
1715 2393 1911 2433 addentes

1030 2452 1107 2489 iam
1132 2449 1234 2489 Oud.
1261 2450 1424 2497 monuit:
1450 2449 1498 2488 cf.
1524 2450 1658 2489 Arntz.
1686 2450 1737 2489 ad
1761 2450 1910 2490 Victor.

1035 2506 1148 2545 Caes.
1175 2521 1206 2546 c.
1226 2511 1286 2547 10.
1315 2506 1446 2559 [eund.
1472 2507 1522 2545 ad
1548 2505 1647 2545 Plin.
1673 2506 1769 2545 Pan.
1797 2511 1909 2548 023.

1034 2564 1196 2616 p.109.]
1222 2562 1371 2602 Melius
1396 2563 1561 2602 coniecit
1579 2562 1714 2602 Barth.
1740 2562 1790 2602 ad
1810 2563 1909 2602 Stat.

1033 2619 1157 2659 Theb.
1168 2620 1193 2658 I.
1204 2624 1297 2661 507.
1313 2626 1350 2659 el
1365 2620 1559 2660 tribunal.
1585 2618 1781 2669 Heins.:a‹l
1792 2619 1909 2660 Ovid.

1032 2677 1128 2716 Met.
1144 2676 1206 2715 lll.
1223 2680 1315 2718 598.
1336 2691 1426 2716 reus
1445 2681 1567 2729 atque
1581 2676 1776 2715 tribunal.
1826 2676 1909 2715 Sed

1032 2733 1126 2772 nihil
1158 2733 1381 2772 mutandum
1412 2746 1506 2771 esse
1538 2746 1571 2771 e.
1600 2731 1706 2771 Oud.
1738 2733 1909 2772 arbitror.

1033 2789 1189 2843 [forum.
1220 2791 1386 2842 eiusque
1415 2789 1602 2828 tribunal
1627 2802 1696 2839 pro
1724 2790 1814 2841 fori
1839 2791 1909 2828 tri-

1033 2847 1162 2887 bunal
1173 2847 1316 2885 dictum
1332 2859 1426 2884 esse
1440 2849 1616 2896 apparet,
1627 2859 1705 2898 que
1713 2844 1776 2885 hic
1788 2845 1909 2885 habet

1032 2904 1110 2942 rim
1125 2903 1418 2954 explicatimm:
1446 2902 1496 2939 de
1515 2915 1589 2953 qua
1605 2915 1726 2953 supra
1751 2903 1826 2942 iam
1852 2902 1907 2942 fu-

1033 2961 1115 2998 sius
1138 2960 1363 3010 expositum
1391 2958 1481 3011 est]

1089 3017 1273 3056 sublimo.
1322 3015 1382 3054 Ex
1408 3019 1502 3066 optt.
1530 3014 1636 3054 libris
1661 3015 1698 3053 in
1724 3018 1834 3054 textu
1852 3030 1908 3054 re-

1031 3073 1159 3124 posui,
1183 3072 1288 3111 male
1313 3072 1362 3111 ab
1389 3071 1491 3110 Oud.
1518 3070 1738 3122 expulsum.
1797 3071 1909 3111 Haec

1030 3131 1132 3169 enim
1164 3129 1288 3168 forma
1320 3142 1421 3179 quae
1452 3129 1571 3167 rarior
1602 3131 1665 3167 est
1694 3144 1718 3167 a
1743 3127 1907 3168 librariis

1943 417 2006 450 176
