2221 3667
907 356 1142 404 CAI'

566 154 613 192 L.
647 152 867 192 APULEII
898 150 1303 192 MADAURENSIS
1330 151 1874 194 METAMORPHOSEON

1202 356 1245 403 U
1296 357 1339 403 T
1458 358 1519 403 V.

422 480 477 521 Et
502 495 574 522 nos
599 481 753 535 quidem
780 478 910 520 cuncti
937 491 1083 531 pavore
1110 477 1309 528 deterriti,
1349 485 1389 518 et
1425 477 1600 532 alioquin
1640 478 1816 519 innoxiis
1844 480 2117 522 venationibus

312 537 515 588 consueti,
544 545 637 578 tunc
662 538 780 578 etiam
805 536 978 575 inermes
1011 541 1129 588 atque
1159 534 1356 574 immuniti
1381 535 1620 588 tegumentis
1648 536 1798 575 frondis
1823 535 1886 574 vel
1911 536 2117 578 arboribus

311 595 483 635 latenter
507 594 799 635 abscondimus.
840 591 1078 646 Thrasyllus
1104 604 1201 631 vero
1228 598 1367 631 nactus
1394 592 1589 631 fraudium
1616 600 1875 646 opportunum
1902 592 2117 647 decipulum

399 710 552 749 alioquin
566 713 675 739 exulat
691 717 709 738 a
724 710 759 737 B.

309 758 345 785 G.
361 758 390 785 2².
407 756 445 785 D.
494 755 663 783 ϊηιηιῐηηιῐ
674 757 710 783 G.
726 756 756 783 2.
771 755 807 782 P.
822 756 860 782 D.
886 753 1098 788 altom‘lz‘pro
1112 753 1281 781 imminuti
1292 755 1328 782 F.
1345 756 1373 783 1.

309 803 528 831 coniecerunt.
578 799 630 827 cel
646 798 825 826 arboribus
846 800 957 827 inveni
978 800 1010 827 in
1031 800 1067 827 F.
1088 801 1118 827 3.
1134 801 1169 827 G.
1187 801 1215 827 1.
1230 801 1261 828 2.
1276 801 1314 827 D.
1335 801 1405 827 edd.
1425 804 1501 829 veti.
1521 804 1548 828 et
1572 801 1654 828 Elm.
1679 801 1798 828 Florid.

807 709 842 736 in
857 707 986 736 nostris
1002 707 1236 739 venationibus
1257 709 1294 737 G.
1315 709 1344 737 1.
1364 716 1400 737 π.
1448 708 1601 737 somariis
1620 708 1857 737 nocati‘om'bns
1877 706 1905 738 ὃ.
1953 707 2120 737 inhermes

1423 755 1623 791 tegumentis
1637 756 1672 783 Ο.
1712 752 1873 792 frondeis
1887 755 1976 783 Colv.
1991 760 2018 783 et
2035 756 2119 783 Prie.

1847 802 1878 826 et
1899 802 2015 828 haben!
2031 802 2067 828 L.
2084 809 2118 828 π.

308 848 399 876 Colv.
414 849 525 876 u'ow.
541 846 626 874 Prie.
641 844 767 879 (neque
780 853 856 873 vero
871 846 907 873 G.
924 848 956 872 ut
973 845 1066 872 testis
1080 848 1127 872 esi
1143 844 1243 879 Oud.)
1297 842 1359 871 l‘el
1370 845 1467 873 etiam
1481 846 1579 873 ceteri
1594 846 1683 873 codd.
1697 847 1818 873 habere
1832 846 1992 874 videntur.
2007 847 2121 874 Ruhn-

307 894 381 920 ken.
398 892 517 926 recepit
532 894 575 919 el.
625 889 796 917 laetanter
818 892 854 918 G.
879 891 906 918 1.

306 938 392 966 Edit.
418 939 556 966 vulcan.
583 937 632 972 2.,
659 936 716 970 qui
740 936 865 970 primus
891 933 1127 963 abscondimus
1152 935 1269 972 edidit,
1301 935 1355 963 cui
1380 944 1468 970 seqq.
1495 939 1683 970 paruerunt.

955 888 1190 917 abscondimus
1212 890 1247 918 F.
1268 891 1299 918 3.
1321 892 1357 918 G.
1374 892 1405 919 2.
1425 892 1462 919 D.
1484 892 1520 919 Ι..
1537 891 1556 919 f.
1579 892 1615 919 P.
1630 898 1658 925 p.
1674 892 1711 919 R.
1726 891 1762 918 Β.
1777 894 1805 918 et
1823 890 1947 924 priores
1961 892 2031 919 edd.
2047 895 2121 920 ante

1730 934 1942 963 ascendimus
1967 938 2002 965 G.
2031 938 2059 966 1.
2086 938 2120 964 Ο.

312 1003 483 1032 Trasillus
498 1006 533 1033 G.
551 1005 579 1032 1.
628 1007 756 1040 nuptus
770 1005 806 1032 0.
832 1006 954 1031 vac-tus
969 1005 1005 1032 G.
1021 1004 1050 1032 1.
1090 987 1276 1042 fragidium
1289 1005 1327 1033 D.
1376 1006 1562 1041 opportune
1575 1005 1612 1033 P.
1660 1001 1858 1040 decipullum
1873 1005 1911 1032 D.

305 1116 341 1152 iu
368 1115 552 1153 historica
576 1114 768 1152 relatione
789 1114 1042 1165 frequentius,
1069 1127 1186 1164 quam

305 1172 382 1210 ista
407 1173 596 1223 temporis
623 1172 795 1211 variatio.
846 1170 894 1209 ef.
921 1171 969 1210 ad
996 1170 1093 1209 Met.
1120 1169 1184 1209 ΙΙΙ.

304 1243 340 1280 p.
356 1232 446 1269 192.
457 1228 665 1280 perduxit
677 1251 732 1256 -
746 1228 914 1268 solatur.
936 1227 1038 1266 Ded.
1049 1227 1184 1266 Gloss.

305 1285 356 1323 ad
381 1285 484 1324 Dict.
511 1283 613 1323 Cret.
640 1298 678 1335 p.
695 1284 813 1336 266]

363 1342 529 1381 calcata
553 1341 715 1380 retiola.
751 1341 854 1393 [Fea
878 1341 928 1379 ad
953 1340 1087 1379 Horat.
1108 1340 1185 1378 Od.

306 1397 370 1436 111.
406 1402 468 1438 12.
499 1402 561 1438 10.
600 1398 701 1436 haec
732 1398 892 1437 adnotat
923 1397 974 1435 de
1006 1410 1185 1448 aprorum

306 1456 526 1493 venatione:
549 1453 744 1500 Quoniam
760 1455 938 1493 fruticeta
951 1455 1063 1505 equis
1078 1458 1187 1492 erant

305 1511 511 1562 impervia,
539 1511 639 1549 circa
658 1510 726 1550 illa
746 1512 780 1549 in
796 1510 896 1549 locis
911 1511 1090 1561 angustis
1105 1514 1185 1548 ten-

305 1568 498 1606 debantur
522 1569 637 1613 retia,
664 1569 699 1605 in
727 1581 830 1618 quae
856 1581 951 1618 aper
975 1581 999 1605 a
1024 1568 1185 1605 canibus

303 1625 456 1662 excitus
493 1624 753 1675 impingebat,
796 1628 836 1662 et
873 1638 896 1662 a
933 1625 1184 1661 venatoribus

306 1681 439 1719 lancea
483 1684 548 1718 aut
586 1681 779 1719 venabulo
811 1680 1086 1719 trucidabatur.
1135 1680 1184 1718 cs.

302 1736 488 1789 Xenoph.
504 1736 652 1788 Cyneg.
668 1736 716 1775 X.
745 1737 930 1775 Bochart.
947 1737 1103 1775 Hieroz.
1118 1736 1185 1776 ΙΙΙ.

303 1798 369 1834 29.
397 1795 563 1832 Gesner.
589 1793 693 1832 Hist.
719 1795 832 1832 anim.
859 1794 908 1831 de
935 1792 1135 1844 Quadrup.
1157 1792 1182 1831 Ι.

302 1864 339 1901 p.
369 1854 488 1891 1039.
516 1850 609 1888 Hor.
636 1850 712 1888 Οὐ.
727 1850 753 1888 Ι.
772 1854 887 1890 1.28.
914 1849 1182 1902 Epod.ll.31.

303 1908 385 1945 Sat.
400 1906 446 1946 ll.
462 1911 497 1947 3.
515 1910 609 1947 234.
633 1907 715 1945 Sed
731 1911 906 1945 nostrum
922 1907 1048 1944 locum
1064 1907 1187 1944 citans

301 1967 413 2002 errat.
445 1964 550 2002 Nam
577 1978 651 2002 non
677 1965 783 2015 apris
808 1964 883 2002 sed
909 1963 1065 2016 capreis
1090 1963 1188 2002 retia

301 2025 412 2058 erant
436 2020 588 2073 tensa]

361 2092 444 2130 qua
456 2078 617 2129 primos
630 2079 803 2129 impetus
815 2078 1055 2116 reduxerat.
1083 2077 1184 2115 Sen-

300 2135 460 2173 tentiam
486 2133 559 2172 loci
586 2133 690 2173 Oud.
713 2133 919 2173 Pricaeum
944 2134 1185 2184 vituperans,

300 2192 364 2241 qui
391 2191 636 2228 assentiente
652 2190 811 2229 Florido
838 2190 932 2241 legit
957 2191 1184 2237 direxerat,

299 2248 353 2285 ita
377 2247 566 2298 explicat:
592 2247 683 2286 Non
710 2248 811 2286 enim
837 2261 932 2299 aper
950 2248 1098 2299 primos
1117 2247 1185 2285 im-

299 2308 416 2355 petus
432 2304 626 2342 direxerat
634 2304 684 2342 ad
698 2304 795 2343 retia
808 2308 900 2355 post
913 2306 1042 2355 ipsum
1055 2309 1183 2347 tensa,

299 2361 374 2398 sed
388 2360 437 2399 ad
453 2374 591 2407 canes„
619 2374 720 2411 quae
736 2374 824 2399 eum
845 2362 1080 2407 invaserant,
1100 2374 1186 2412 pro·

298 2422 444 2455 terrere
476 2422 653 2456 conatae.
716 2418 800 2456 Sed
832 2417 878 2455 iis
910 2419 1108 2456 consectis
1147 2421 1186 2456 et

299 2475 504 2525 dissipatis
531 2476 679 2526 primos
714 2474 806 2512 illos
832 2475 1001 2525 impetus
1026 2489 1101 2512 non
1126 2488 1184 2512 re-

299 2531 428 2576 torsit,
454 2535 497 2569 ut
510 2544 601 2569 mox
614 2532 808 2581 sequitur,
834 2535 946 2582 terga
971 2531 1084 2577 dans,
1105 2532 1183 2569 'sed

298 2588 471 2627 reduoeit
488 2588 680 2626 retroiens
706 2592 746 2626 et
759 2588 902 2639 pedem
922 2588 1116 2633 referens,
1143 2591 1183 2626 ut

297 2658 344 2682 se
370 2643 549 2694 colligat,
574 2644 770 2695 simulque
785 2644 921 2682 retiola
937 2645 1085 2689 tenuia,
1111 2658 1184 2683 nec

297 2701 404 2751 apris
435 2701 508 2739 sed
541 2701 766 2739 imbellibus
799 2701 954 2752 capreis
986 2705 1026 2739 et
1055 2701 1182 2739 damis

298 2761 413 2796 tensa
439 2758 608 2797 calcans
634 2761 673 2796 et
697 2757 871 2809 pondere
898 2760 1073 2809 corporis
1092 2772 1181 2810 pro-

298 2818 480 2852 sternens
499 2815 702 2853 transabiit
728 2814 925 2854 facillime.
962 2815 1182 2854 Redueere

297 2883 388 2920 ergo
404 2871 577 2922 impetus
591 2875 652 2910 est
665 2871 864 2910 retrahere
881 2884 954 2909 eos
967 2871 1180 2909 inhibendo

297 2930 337 2963 et
361 2930 570 2965 retrorsum
587 2928 755 2977 legendo
770 2929 949 2977 vestigia.
977 2927 1178 2966 cf.Heins.

298 2983 347 3019 ad
373 2982 488 3021 Ovid.
516 2984 696 3022 Metx'l.
726 2989 816 3025 107.
856 2984 1030 3022 Frontin.
1063 2984 1107 3023 Π.
1141 2989 1178 3025 3.

298 3038 331 3086 ξ.
356 3043 392 3078 5.
421 3044 458 3078 7.
484 3039 631 3079 Lucan.
659 3040 721 3079 ΙΙΙ.
749 3045 842 3082 659.
894 3041 1052 3093 [Minus
1079 3042 1180 3079 bene

299 3095 412 3144 igitur
449 3095 633 3135 Floridus
671 3099 945 3150 interpretatus
983 3101 1063 3136 est:
1102 3112 1180 3149 qua

300 3154 412 3201 parte
427 3152 644 3192 intenderat
661 3155 826 3205 primum
845 3156 1051 3206 impetum3
1076 3156 1180 3195 unde

1244 1112 1546 1164 Francogallus:
1573 1115 1727 1153 ensuite
1746 1129 1795 1153 au
1820 1115 1985 1165 premier
2010 1113 2122 1152 effort

1245 1171 1335 1222 qu’il
1370 1171 1437 1209 fait
1466 1185 1564 1223 pour
1596 1171 1720 1210 sorcer
1752 1171 1811 1209 les
1842 1171 1978 1214 tofles,
2010 1171 2035 1209 il
2062 1171 2122 1208 les

1244 1240 1430 1265 renverse
1456 1232 1495 1265 et
1520 1241 1648 1279 gagne
1675 1228 1709 1266 la
1735 1228 1884 1279 pleine,
1917 1228 2028 1265 cuius
2060 1241 2121 1264 ve-

1244 1285 1362 1335 stigia
1382 1284 1534 1323 lindius
1567 1298 1636 1336 pro
1661 1299 1769 1323 more
1794 1285 1962 1335 pressii'n
1984 1283 2121 1333 legens

1245 1341 1375 1379 vertit:
1402 1341 1500 1380 Nun
1520 1346 1661 1380 renate
1681 1355 1723 1398 er
1740 1342 1875 1394 [stade
1892 1355 2025 1394 yesffln
2048 1342 2121 1379 das

1247 1398 1359 1450 Zetes]
1386 1412 1458 1443 on,
1491 1398 1630 1437 stiirzt'
1657 1412 1696 1437 es
1725 1399 1777 1436 im
1808 1403 1935 1437 ersten
1965 1397 2130 1447 Arduus

1245 1455 1406 1501 wieder,
1433 1455 1521 1493 und
1546 1455 1681 1493 clm-on
1707 1455 1782 1492 in’s
1811 1453 1962 1506 ἰθεῖα]

1303 1510 1390 1549 Car.
1418 1511 1465 1548 V.
1504 1511 1804 1550 abscondimus.
1844 1510 2121 1550 UmnVulo‘l.

1245 1568 1354 1605 cuius
1370 1567 1574 1605 lectionem
1586 1567 1755 1605 nonnulli
1765 1567 1877 1606 codd.
1888 1566 2122 1610 confirmant,

1244 1624 1347 1662 Oud.
1361 1624 1514 1662 retinuit
1528 1624 1831 1668 absc-ondinmr,
1853 1623 1942 1661 licet
1956 1624 2122 1662 abscon-

1245 1681 1376 1719 dimus
1390 1695 1463 1719 uon
1481 1681 1690 1731 improbet,
1717 1680 1920 1731 quodcum
1939 1680 2058 1718 Voss.
2074 1680 2123 1718 tle

1243 1737 1359 1775 Aual.
1375 1736 1437 1775 ΙΙΙ.
1459 1750 1494 1788 p.
1512 1741 1604 1779 729.
1634 1736 1766 1775 Eckst.
1793 1751 1868 1775 non
1882 1750 1952 1788 per
1965 1736 2123 1788 ellipsin

1244 1807 1363 1831 casus
1375 1793 1567 1845 intelligit,
1581 1809 1655 1833 nos
1669 1807 1716 1831 ex
1731 1793 1833 1832 initio
1849 1794 2122 1831 enuntiationis

1244 1849 1318 1888 hue
1327 1850 1499 1888 trahens,
1517 1850 1682 1902 [Melius
1692 1854 1818 1888 tamen
1833 1850 2124 1900 egissevidetur

1248 1907 1368 1945 voss.
1380 1938 1388 1952 ‚
1404 1907 1439 1945 id
1456 1907 1560 1957 quod
1576 1907 1717 1945 librarii
1733 1920 1889 1958 quoque
1902 1907 2123 1945 sentiebant

1246 1963 1288 2008 ii,
1304 1965 1366 2014 qui
1382 1961 1671 2003 abscondimus
1683 1963 1962 2010 emendabant,
1978 1964 2122 2014 quippe

1246 2019 1311 2070 qui
1342 2020 1407 2058 ubi
1440 2020 1636 2058 obiectum
1665 2020 1773 2057 verbi
1806 2025 1934 2066 esset,
1966 2034 2040 2058 non
2068 2021 2121 2057 vi—

1245 2077 1393 2115 derent.
1466 2075 1637 2114 Primum
1675 2078 1775 2115 enim
1819 2090 1894 2115 nos
1935 2076 2122 2128 principio

1245 2134 1519 2171 enuntiationis
1539 2133 1710 2185 positum
1732 2147 1849 2184 quum
1870 2147 2022 2171 summa
2037 2147 2121 2171 cum

1245 2190 1280 2227 vi
1308 2190 1508 2235 efferatur,
1539 2191 1758 2229 subiectum
1784 2190 1846 2228 hic
1871 2203 1965 2228 esse
1990 2193 2123 2242 potest

1244 2261 1373 2297 neque
1409 2260 1502 2285 vero
1540 2247 1755 2292 obiectum,
1792 2247 1896 2297 quod
1928 2246 2003 2284 alio
2037 2246 2121 2283 loco

1242 2303 1438 2356 Apuleius
1487 2305 1710 2355 posuisset:
1759 2307 1837 2341 tum
1892 2303 2025 2341 dubito
2073 2317 2121 2340 an

1245 2361 1321 2399 dici
1347 2364 1465 2411 queat
1490 2375 1564 2399 nos
1589 2362 1728 2400 cuncti
1752 2360 2038 2400 abscondimus
2081 2364 2123 2398 ut

1244 2432 1319 2457 nos
1343 2417 1592 2456 accusativus
1617 2419 1686 2462 sit,
1719 2422 1905 2467 sequatur
1936 2430 2028 2454 vero
2055 2430 2120 2454 no-

1243 2475 1451 2512 minativus
1477 2474 1776 2525 participiorum.
1814 2472 1902 2511 Nee
1921 2474 2047 2512 minus
2069 2473 2121 2510 in-

1243 2531 1460 2570 tolerabilis
1493 2534 1556 2569 est
1586 2530 1703 2568 lectio
1735 2530 1911 2567 codicum
1938 2530 2120 2568 aseendi-

1241 2602 1347 2634 mus,
1386 2589 1445 2626 cui
1483 2601 1556 2626 non
1594 2587 1722 2626 solum
1768 2586 1938 2625 latinitas
1977 2586 2120 2631 obstat,

1243 2645 1318 2683 sed
1355 2646 1474 2683 etiam
1511 2645 1632 2682 verba
1665 2643 1835 2694 frondis
1866 2644 2119 2694 testamentis.

1243 2700 1347 2747 Quid
1371 2715 1464 2739 vero
1485 2700 1588 2739 Oud.
1614 2700 1688 2738 sibi
1715 2699 1825 2744 velit,
1852 2699 2022 2737 addens:
2049 2713 2121 2737 nec

1241 2759 1445 2808 sequentis
1493 2757 1700 2797 convenire
1748 2756 1936 2794 celeritati
1993 2770 2120 2806 equos

1240 2815 1508 2861 inscendendi,
1544 2828 1620 2853 non
1658 2813 1781 2865 capio.
1842 2811 1981 2862 Equos
2018 2813 2119 2850 enim

1242 2870 1480 2924 Thrasyllus
1516 2875 1663 2910 tantum
1700 2873 1740 2907 et
1771 2868 2030 2919 Tlepolemus
2066 2870 2118 2906 in-

1240 2928 1450 2971 scendunt:
1477 2942 1578 2979 quos
1600 2925 1809 2964 verisimile
1829 2929 1891 2963 est
1911 2939 1957 2963 se
1977 2926 2120 2963 arbori-

1239 2986 1314 3023 bus
1329 2990 1367 3024 et
1382 2985 1569 3023 fruticetis
1584 2998 1658 3022 non
1667 2983 1940 3021 abscondisse.
1955 2982 2118 3020 Neutra-

1240 3040 1317 3079 lem
1338 3042 1453 3080 huius
1473 3041 1579 3079 verbi
1593 3039 1914 3090 significationem
1936 3039 2118 3089 equidem

1239 3113 1314 3137 non
1340 3113 1484 3143 moror,
1511 3097 1687 3149 quamvis
1707 3095 1872 3134 alterum
1887 3096 1972 3133 eius
1987 3108 2116 3133 exem-

1238 3155 1348 3207 plum
1362 3169 1438 3194 non
1452 3154 1678 3206 reperiatur.
1705 3151 1753 3190 es.
1768 3153 1818 3191 ad
1834 3152 1968 3192 Mem.
1984 3156 2095 3203 p.60.
2110 3153 2116 3201 Ι
