<?xml version="1.0" encoding="UTF-8"?>
<!DOCTYPE html PUBLIC "-//W3C//DTD XHTML 1.0 Transitional//EN"
    "http://www.w3.org/TR/xhtml1/DTD/xhtml1-transitional.dtd">
<html xmlns="http://www.w3.org/1999/xhtml" xml:lang="en" lang="en">
 <head>
  <title>
</title>
<meta http-equiv="Content-Type" content="text/html;charset=utf-8" />
  <meta name='ocr-system' content='tesseract 3.04.00' />
  <meta name='ocr-capabilities' content='ocr_page ocr_carea ocr_par ocr_line ocrx_word'/>
</head>
<body>
  <div class='ocr_page' id='page_1' title='image "./operaomnia01apuluoft/operaomnia01apuluoft_1002.png"; bbox 0 0 2221 3667; ppageno 0'>
   <div class='ocr_carea' id='block_1_1' title="bbox 334 142 1873 193">
    <p class='ocr_par' dir='ltr' id='par_1_1' title="bbox 334 142 1873 193">
     <span class='ocr_line' id='line_1_1' title="bbox 334 142 1873 193; baseline -0.003 0"><span class='ocrx_word' id='word_1_1' title='bbox 334 150 416 193; x_wconf 81' lang='lat'><strong>782</strong></span> <span class='ocrx_word' id='word_1_2' title='bbox 584 147 630 186; x_wconf 90' lang='lat' dir='ltr'><strong>L.</strong></span> <span class='ocrx_word' id='word_1_3' title='bbox 656 144 875 186; x_wconf 73' lang='lat' dir='ltr'>APULEH</span> <span class='ocrx_word' id='word_1_4' title='bbox 904 142 1303 183; x_wconf 76' lang='lat' dir='ltr'><strong>‘MADAURENSIS</strong></span> <span class='ocrx_word' id='word_1_5' title='bbox 1332 144 1873 188; x_wconf 82' lang='lat' dir='ltr'><strong>METAMORPHOSEON</strong></span> 
     </span>
    </p>
   </div>
   <div class='ocr_carea' id='block_1_2' title="bbox 330 254 2119 537">
    <p class='ocr_par' dir='ltr' id='par_1_2' title="bbox 330 254 2119 537">
     <span class='ocr_line' id='line_1_2' title="bbox 332 254 2118 310; baseline -0.003 -9"><span class='ocrx_word' id='word_1_6' title='bbox 332 261 420 301; x_wconf 86' lang='lat' dir='ltr'><strong>bilis</strong></span> <span class='ocrx_word' id='word_1_7' title='bbox 446 260 549 299; x_wconf 86' lang='lat' dir='ltr'><strong>vitae</strong></span> <span class='ocrx_word' id='word_1_8' title='bbox 574 258 755 299; x_wconf 86' lang='lat' dir='ltr'><strong>solatium</strong></span> <span class='ocrx_word' id='word_1_9' title='bbox 779 257 935 307; x_wconf 89' lang='lat' dir='ltr'><strong>aderat,</strong></span> <span class='ocrx_word' id='word_1_10' title='bbox 969 256 1043 296; x_wconf 90' lang='lat' dir='ltr'><strong>nisi</strong></span> <span class='ocrx_word' id='word_1_11' title='bbox 1071 255 1171 310; x_wconf 90' lang='lat' dir='ltr'><strong>quod</strong></span> <span class='ocrx_word' id='word_1_12' title='bbox 1196 254 1371 309; x_wconf 84' lang='lat' dir='ltr'><strong>ingenita</strong></span> <span class='ocrx_word' id='word_1_13' title='bbox 1396 255 1488 296; x_wconf 91' lang='lat' dir='ltr'><strong>mihi</strong></span> <span class='ocrx_word' id='word_1_14' title='bbox 1514 256 1740 298; x_wconf 83' lang='lat' dir='ltr'><strong>curiositate</strong></span> <span class='ocrx_word' id='word_1_15' title='bbox 1765 260 1993 310; x_wconf 85' lang='lat' dir='ltr'><strong>recreabar,</strong></span> <span class='ocrx_word' id='word_1_16' title='bbox 2028 258 2118 298; x_wconf 83' lang='lat' dir='ltr'><strong>dum</strong></span> 
     </span>
     <span class='ocr_line' id='line_1_3' title="bbox 332 312 2118 371; baseline -0.002 -14"><span class='ocrx_word' id='word_1_17' title='bbox 332 315 593 371; x_wconf 82' lang='lat' dir='ltr'><strong>praesentiam</strong></span> <span class='ocrx_word' id='word_1_18' title='bbox 610 327 732 354; x_wconf 84' lang='lat' dir='ltr'><strong>meam</strong></span> <span class='ocrx_word' id='word_1_19' title='bbox 748 313 859 367; x_wconf 80' lang='lat' dir='ltr'><strong>parvi</strong></span> <span class='ocrx_word' id='word_1_20' title='bbox 873 313 1077 362; x_wconf 83' lang='lat' dir='ltr'><strong>facientes,</strong></span> <span class='ocrx_word' id='word_1_21' title='bbox 1100 312 1221 352; x_wconf 87' lang='lat' dir='ltr'><strong>libere</strong></span> <span class='ocrx_word' id='word_1_22' title='bbox 1241 326 1339 366; x_wconf 86' lang='lat' dir='ltr'><strong>quae</strong></span> <span class='ocrx_word' id='word_1_23' title='bbox 1352 312 1490 353; x_wconf 89' lang='lat' dir='ltr'><strong>volunt</strong></span> <span class='ocrx_word' id='word_1_24' title='bbox 1509 327 1642 353; x_wconf 87' lang='lat' dir='ltr'><strong>omnes</strong></span> <span class='ocrx_word' id='word_1_25' title='bbox 1657 321 1696 354; x_wconf 90' lang='lat' dir='ltr'><strong>et</strong></span> <span class='ocrx_word' id='word_1_26' title='bbox 1709 322 1830 368; x_wconf 83' lang='lat' dir='ltr'><strong>agunt</strong></span> <span class='ocrx_word' id='word_1_27' title='bbox 1843 323 1882 355; x_wconf 85' lang='lat' dir='ltr'><strong>et</strong></span> <span class='ocrx_word' id='word_1_28' title='bbox 1899 316 2118 369; x_wconf 89' lang='lat' dir='ltr'><strong>loquuntur.</strong></span> 
     </span>
     <span class='ocr_line' id='line_1_4' title="bbox 330 369 2118 425; baseline -0.002 -12"><span class='ocrx_word' id='word_1_29' title='bbox 330 372 419 414; x_wconf 83' lang='lat' dir='ltr'><strong>Nec</strong></span> <span class='ocrx_word' id='word_1_30' title='bbox 441 371 635 411; x_wconf 87' lang='lat' dir='ltr'><strong>immerito</strong></span> <span class='ocrx_word' id='word_1_31' title='bbox 661 370 812 424; x_wconf 86' lang='lat' dir='ltr'><strong>priscae</strong></span> <span class='ocrx_word' id='word_1_32' title='bbox 837 370 1012 424; x_wconf 77' lang='lat' dir='ltr'><strong>poeticae</strong></span> <span class='ocrx_word' id='word_1_33' title='bbox 1037 369 1190 409; x_wconf 89' lang='lat' dir='ltr'><strong>divinus</strong></span> <span class='ocrx_word' id='word_1_34' title='bbox 1215 375 1354 409; x_wconf 84' lang='lat' dir='ltr'><strong>auctor</strong></span> <span class='ocrx_word' id='word_1_35' title='bbox 1378 369 1475 423; x_wconf 85' lang='lat' dir='ltr'><strong>apud</strong></span> <span class='ocrx_word' id='word_1_36' title='bbox 1504 369 1662 420; x_wconf 88' lang='lat' dir='ltr'><strong>Graios,</strong></span> <span class='ocrx_word' id='word_1_37' title='bbox 1695 384 1867 410; x_wconf 82' lang='lat' dir='ltr'><strong>summae</strong></span> <span class='ocrx_word' id='word_1_38' title='bbox 1892 371 2118 425; x_wconf 83' lang='lat' dir='ltr'><strong>prudentiae</strong></span> 
     </span>
     <span class='ocr_line' id='line_1_5' title="bbox 331 424 2118 480; baseline -0.002 -11"><span class='ocrx_word' id='word_1_39' title='bbox 331 430 457 471; x_wconf 88' lang='lat' dir='ltr'><strong>virum</strong></span> <span class='ocrx_word' id='word_1_40' title='bbox 497 434 717 467; x_wconf 87' lang='lat' dir='ltr'><strong>monstrare</strong></span> <span class='ocrx_word' id='word_1_41' title='bbox 755 426 935 480; x_wconf 83' lang='lat' dir='ltr'><strong>cupiens,</strong></span> <span class='ocrx_word' id='word_1_42' title='bbox 974 425 1183 465; x_wconf 86' lang='lat' dir='ltr'><strong>multarum</strong></span> <span class='ocrx_word' id='word_1_43' title='bbox 1210 424 1410 465; x_wconf 77' lang='lat' dir='ltr'><strong>civitatum</strong></span> <span class='ocrx_word' id='word_1_44' title='bbox 1448 425 1555 465; x_wconf 84' lang='lat' dir='ltr'><strong>obitu</strong></span> <span class='ocrx_word' id='word_1_45' title='bbox 1586 433 1625 466; x_wconf 89' lang='lat' dir='ltr'><strong>et</strong></span> <span class='ocrx_word' id='word_1_46' title='bbox 1660 426 1859 466; x_wconf 79' lang='lat' dir='ltr'><strong>variorum</strong></span> <span class='ocrx_word' id='word_1_47' title='bbox 1891 428 2118 480; x_wconf 87' lang='lat' dir='ltr'><strong>populorum</strong></span> 
     </span>
     <span class='ocr_line' id='line_1_6' title="bbox 332 481 2119 537; baseline -0.003 -12"><span class='ocrx_word' id='word_1_48' title='bbox 332 486 491 537; x_wconf 82' lang='lat' dir='ltr'><strong>cognitu</strong></span> <span class='ocrx_word' id='word_1_49' title='bbox 529 496 699 524; x_wconf 87' lang='lat' dir='ltr'><strong>summas</strong></span> <span class='ocrx_word' id='word_1_50' title='bbox 738 484 915 537; x_wconf 87' lang='lat' dir='ltr'><strong>adeptum</strong></span> <span class='ocrx_word' id='word_1_51' title='bbox 952 482 1119 521; x_wconf 83' lang='lat' dir='ltr'><strong>virtutes</strong></span> <span class='ocrx_word' id='word_1_52' title='bbox 1157 481 1314 521; x_wconf 79' lang='lat' dir='ltr'><strong>cecinit.</strong></span> <span class='ocrx_word' id='word_1_53' title='bbox 1363 481 1466 521; x_wconf 82' lang='lat' dir='ltr'><strong>Nam</strong></span> <span class='ocrx_word' id='word_1_54' title='bbox 1499 489 1537 521; x_wconf 88' lang='lat' dir='ltr'><strong>et</strong></span> <span class='ocrx_word' id='word_1_55' title='bbox 1568 481 1649 536; x_wconf 88' lang='lat' dir='ltr'><strong>ipse</strong></span> <span class='ocrx_word' id='word_1_56' title='bbox 1675 489 1809 536; x_wconf 78' lang='lat' dir='ltr'><strong>gratas</strong></span> <span class='ocrx_word' id='word_1_57' title='bbox 1836 484 1983 534; x_wconf 82' lang='lat' dir='ltr'><strong>gratias</strong></span> <span class='ocrx_word' id='word_1_58' title='bbox 2008 483 2119 523; x_wconf 88' lang='lat' dir='ltr'><strong>asino</strong></span> 
     </span>
    </p>
   </div>
   <div class='ocr_carea' id='block_1_3' title="bbox 331 538 2116 651">
    <p class='ocr_par' dir='ltr' id='par_1_3' title="bbox 331 538 2116 651">
     <span class='ocr_line' id='line_1_7' title="bbox 331 538 2116 593; baseline -0.002 -12"><span class='ocrx_word' id='word_1_59' title='bbox 331 556 417 582; x_wconf 89' lang='lat' dir='ltr'><strong>meo</strong></span> <span class='ocrx_word' id='word_1_60' title='bbox 453 540 632 590; x_wconf 87' lang='lat' dir='ltr'><strong>memini,</strong></span> <span class='ocrx_word' id='word_1_61' title='bbox 671 540 771 593; x_wconf 91' lang='lat' dir='ltr'><strong>quod</strong></span> <span class='ocrx_word' id='word_1_62' title='bbox 809 552 868 578; x_wconf 88' lang='lat' dir='ltr'><strong>me</strong></span> <span class='ocrx_word' id='word_1_63' title='bbox 899 552 970 578; x_wconf 87' lang='lat' dir='ltr'><strong>suo</strong></span> <span class='ocrx_word' id='word_1_64' title='bbox 1003 538 1167 577; x_wconf 87' lang='lat' dir='ltr'><strong>celatum</strong></span> <span class='ocrx_word' id='word_1_65' title='bbox 1201 540 1372 591; x_wconf 83' lang='lat' dir='ltr'><strong>tegmine</strong></span> <span class='ocrx_word' id='word_1_66' title='bbox 1402 538 1601 592; x_wconf 83' lang='lat' dir='ltr'><strong>variisque</strong></span> <span class='ocrx_word' id='word_1_67' title='bbox 1637 539 1804 579; x_wconf 88' lang='lat' dir='ltr'><strong>fortunis</strong></span> <span class='ocrx_word' id='word_1_68' title='bbox 1841 538 2116 589; x_wconf 75' lang='lat' dir='ltr'><strong>exercitatum,</strong></span> 
     </span>
     <span class='ocr_line' id='line_1_8' title="bbox 331 593 1299 651; baseline -0.005 -12"><span class='ocrx_word' id='word_1_69' title='bbox 331 598 404 639; x_wconf 86' lang='lat' dir='ltr'><strong>etsi</strong></span> <span class='ocrx_word' id='word_1_70' title='bbox 430 598 556 638; x_wconf 89' lang='lat' dir='ltr'><strong>minus</strong></span> <span class='ocrx_word' id='word_1_71' title='bbox 583 597 832 651; x_wconf 85' lang='lat' dir='ltr'><strong>prudentem,</strong></span> <span class='ocrx_word' id='word_1_72' title='bbox 861 594 1096 634; x_wconf 81' lang='lat' dir='ltr'><strong>multiscium</strong></span> <span class='ocrx_word' id='word_1_73' title='bbox 1122 593 1299 634; x_wconf 83' lang='lat' dir='ltr'><strong>reddidit.</strong></span> 
     </span>
    </p>
   </div>
   <div class='ocr_carea' id='block_1_4' title="bbox 326 709 2122 1108">
    <p class='ocr_par' dir='ltr' id='par_1_4' title="bbox 326 709 2122 1108">
     <span class='ocr_line' id='line_1_9' title="bbox 1159 709 2121 749; baseline -0.001 -11"><span class='ocrx_word' id='word_1_74' title='bbox 1159 710 1248 748; x_wconf 76' lang='lat' dir='ltr'><strong>qnod</strong></span> <span class='ocrx_word' id='word_1_75' title='bbox 1267 710 1380 739; x_wconf 69' lang='lat' dir='ltr'><strong>volunt</strong></span> <span class='ocrx_word' id='word_1_76' title='bbox 1395 709 1424 740; x_wconf 81' lang='grc' dir='ltr'><strong>δ.</strong></span> <span class='ocrx_word' id='word_1_77' title='bbox 1472 720 1542 739; x_wconf 71' lang='lat' dir='ltr'><strong>esse</strong></span> <span class='ocrx_word' id='word_1_78' title='bbox 1555 713 1641 741; x_wconf 84' lang='lat' dir='ltr'><strong>addit</strong></span> <span class='ocrx_word' id='word_1_79' title='bbox 1657 715 1691 741; x_wconf 91' lang='lat'><strong>0.</strong></span> <span class='ocrx_word' id='word_1_80' title='bbox 1739 715 1770 740; x_wconf 77' lang='lat' dir='ltr'><strong>ee</strong></span> <span class='ocrx_word' id='word_1_81' title='bbox 1784 714 1888 749; x_wconf 74' lang='lat' dir='ltr'><strong>agunt</strong></span> <span class='ocrx_word' id='word_1_82' title='bbox 1901 720 1912 738; x_wconf 90' lang='lat'><strong>.·</strong></span> <span class='ocrx_word' id='word_1_83' title='bbox 1937 710 2121 748; x_wconf 76' lang='lat' dir='ltr'><strong>lequuntur</strong></span> 
     </span>
     <span class='ocr_line' id='line_1_10' title="bbox 328 755 2120 794; baseline 0.001 -10"><span class='ocrx_word' id='word_1_84' title='bbox 328 760 455 790; x_wconf 51' lang='lat' dir='ltr'><strong>vicem.</strong></span> <span class='ocrx_word' id='word_1_85' title='bbox 471 762 583 789; x_wconf 64' lang='lat' dir='ltr'><strong>venet,</strong></span> <span class='ocrx_word' id='word_1_86' title='bbox 598 762 628 788; x_wconf 73' lang='lat'><strong>2,</strong></span> <span class='ocrx_word' id='word_1_87' title='bbox 673 757 826 794; x_wconf 72' lang='lat' dir='ltr'><strong>poeticae</strong></span> <span class='ocrx_word' id='word_1_88' title='bbox 836 756 973 793; x_wconf 67' lang='lat' dir='ltr'><strong>priseae</strong></span> <span class='ocrx_word' id='word_1_89' title='bbox 987 759 1021 785; x_wconf 97' lang='lat' dir='ltr'><strong>G.</strong></span> <span class='ocrx_word' id='word_1_90' title='bbox 1041 759 1067 785; x_wconf 89' lang='lat' dir='ltr'><strong>l.</strong></span> <span class='ocrx_word' id='word_1_91' title='bbox 1116 759 1215 784; x_wconf 76' lang='lat' dir='ltr'><strong>actor</strong></span> <span class='ocrx_word' id='word_1_92' title='bbox 1229 759 1264 786; x_wconf 88' lang='lat' dir='ltr'><strong>G.</strong></span> <span class='ocrx_word' id='word_1_93' title='bbox 1280 759 1309 786; x_wconf 73' lang='lat'><strong>2.</strong></span> <span class='ocrx_word' id='word_1_94' title='bbox 1324 758 1359 786; x_wconf 89' lang='lat' dir='ltr'><strong>P.</strong></span> <span class='ocrx_word' id='word_1_95' title='bbox 1376 756 1414 785; x_wconf 87' lang='grc' dir='ltr'><strong>Ι).</strong></span> <span class='ocrx_word' id='word_1_96' title='bbox 1451 755 1584 785; x_wconf 69' lang='lat' dir='ltr'><strong>diuinas</strong></span> <span class='ocrx_word' id='word_1_97' title='bbox 1597 758 1723 786; x_wconf 71' lang='lat' dir='ltr'><strong>Vicent.</strong></span> <span class='ocrx_word' id='word_1_98' title='bbox 1757 765 1864 794; x_wconf 77' lang='lat' dir='ltr'><strong>gcmos</strong></span> <span class='ocrx_word' id='word_1_99' title='bbox 1879 765 1933 792; x_wconf 88' lang='lat' dir='ltr'><strong>pro</strong></span> <span class='ocrx_word' id='word_1_100' title='bbox 1948 755 2072 784; x_wconf 72' lang='lat' dir='ltr'><strong>Graios</strong></span> <span class='ocrx_word' id='word_1_101' title='bbox 2081 758 2120 785; x_wconf 81' lang='lat'><strong>1).</strong></span> 
     </span>
     <span class='ocr_line' id='line_1_11' title="bbox 332 800 2119 839; baseline -0.004 -5"><span class='ocrx_word' id='word_1_102' title='bbox 332 805 459 834; x_wconf 78' lang='lat' dir='ltr'><strong>Grecos</strong></span> <span class='ocrx_word' id='word_1_103' title='bbox 481 803 606 832; x_wconf 71' lang='lat' dir='ltr'><strong>Graios</strong></span> <span class='ocrx_word' id='word_1_104' title='bbox 626 813 642 831; x_wconf 82' lang='lat' dir='ltr'><strong>c</strong></span> <span class='ocrx_word' id='word_1_105' title='bbox 662 806 774 839; x_wconf 80' lang='lat' dir='ltr'><strong>glossa</strong></span> <span class='ocrx_word' id='word_1_106' title='bbox 793 800 821 831; x_wconf 79' lang='grc' dir='ltr'><strong>ὸ“.</strong></span> <span class='ocrx_word' id='word_1_107' title='bbox 846 802 888 831; x_wconf 83' lang='lat' dir='ltr'><strong>cf.</strong></span> <span class='ocrx_word' id='word_1_108' title='bbox 908 805 948 831; x_wconf 83' lang='lat' dir='ltr'><strong>ad</strong></span> <span class='ocrx_word' id='word_1_109' title='bbox 969 806 1044 831; x_wconf 82' lang='lat' dir='ltr'><strong>Met.</strong></span> <span class='ocrx_word' id='word_1_110' title='bbox 1063 804 1088 830; x_wconf 93' lang='lat'><strong>1.</strong></span> <span class='ocrx_word' id='word_1_111' title='bbox 1107 810 1135 836; x_wconf 83' lang='lat' dir='ltr'><strong>p.</strong></span> <span class='ocrx_word' id='word_1_112' title='bbox 1156 804 1204 831; x_wconf 90' lang='lat' dir='ltr'><strong>ll.</strong></span> <span class='ocrx_word' id='word_1_113' title='bbox 1250 805 1287 831; x_wconf 87' lang='lat' dir='ltr'><strong>ln</strong></span> <span class='ocrx_word' id='word_1_114' title='bbox 1302 803 1439 831; x_wconf 78' lang='lat' dir='ltr'><strong>vetustis</strong></span> <span class='ocrx_word' id='word_1_115' title='bbox 1453 805 1568 838; x_wconf 79' lang='lat' dir='ltr'><strong>aptum</strong></span> <span class='ocrx_word' id='word_1_116' title='bbox 1584 811 1639 837; x_wconf 85' lang='lat' dir='ltr'><strong>pro</strong></span> <span class='ocrx_word' id='word_1_117' title='bbox 1652 802 1808 839; x_wconf 78' lang='lat' dir='ltr'><strong>adeptum</strong></span> <span class='ocrx_word' id='word_1_118' title='bbox 1828 811 1848 831; x_wconf 83' lang='lat' dir='ltr'><strong>a</strong></span> <span class='ocrx_word' id='word_1_119' title='bbox 1863 805 1959 830; x_wconf 80' lang='lat' dir='ltr'><strong>verbo</strong></span> <span class='ocrx_word' id='word_1_120' title='bbox 1973 801 2119 838; x_wconf 69' lang='lat' dir='ltr'><strong>apiseor,</strong></span> 
     </span>
     <span class='ocr_line' id='line_1_12' title="bbox 329 847 2120 886; baseline -0.003 -6"><span class='ocrx_word' id='word_1_121' title='bbox 329 853 412 886; x_wconf 81' lang='lat' dir='ltr'><strong>quod</strong></span> <span class='ocrx_word' id='word_1_122' title='bbox 434 852 465 880; x_wconf 88' lang='lat' dir='ltr'><strong>in</strong></span> <span class='ocrx_word' id='word_1_123' title='bbox 485 853 505 879; x_wconf 91' lang='grc' dir='ltr'><strong>Ι.</strong></span> <span class='ocrx_word' id='word_1_124' title='bbox 532 852 557 879; x_wconf 88' lang='grc'><strong>1.</strong></span> <span class='ocrx_word' id='word_1_125' title='bbox 578 851 607 878; x_wconf 78' lang='lat' dir='ltr'><strong>tr.</strong></span> <span class='ocrx_word' id='word_1_126' title='bbox 627 850 665 877; x_wconf 83' lang='lat' dir='ltr'><strong>de</strong></span> <span class='ocrx_word' id='word_1_127' title='bbox 683 848 806 882; x_wconf 83' lang='lat' dir='ltr'><strong>acquir.</strong></span> <span class='ocrx_word' id='word_1_128' title='bbox 827 848 1059 882; x_wconf 72' lang='lat' dir='ltr'><strong>possess-ionii).</strong></span> <span class='ocrx_word' id='word_1_129' title='bbox 1095 847 1150 875; x_wconf 88' lang='lat' dir='ltr'><strong>Sic</strong></span> <span class='ocrx_word' id='word_1_130' title='bbox 1172 848 1204 876; x_wconf 89' lang='lat' dir='ltr'><strong>in</strong></span> <span class='ocrx_word' id='word_1_131' title='bbox 1223 855 1324 882; x_wconf 81' lang='lat' dir='ltr'><strong>marg.</strong></span> <span class='ocrx_word' id='word_1_132' title='bbox 1361 848 1421 876; x_wconf 75' lang='lat' dir='ltr'><strong>Vir</strong></span> <span class='ocrx_word' id='word_1_133' title='bbox 1441 849 1521 876; x_wconf 89' lang='lat' dir='ltr'><strong>doct.</strong></span> <span class='ocrx_word' id='word_1_134' title='bbox 1543 848 1563 876; x_wconf 81' lang='lat' dir='ltr'><strong>t&#39;.</strong></span> <span class='ocrx_word' id='word_1_135' title='bbox 1583 849 1664 877; x_wconf 82' lang='lat' dir='ltr'><strong>Tou.</strong></span> <span class='ocrx_word' id='word_1_136' title='bbox 1686 851 1718 876; x_wconf 81' lang='lat' dir='ltr'><strong>ut</strong></span> <span class='ocrx_word' id='word_1_137' title='bbox 1738 850 1808 876; x_wconf 83' lang='lat' dir='ltr'><strong>Ter.</strong></span> <span class='ocrx_word' id='word_1_138' title='bbox 1828 849 1941 876; x_wconf 79' lang='lat' dir='ltr'><strong>fleant.</strong></span> <span class='ocrx_word' id='word_1_139' title='bbox 1955 848 1995 876; x_wconf 78' lang='lat' dir='ltr'><strong>V.</strong></span> <span class='ocrx_word' id='word_1_140' title='bbox 2015 848 2046 875; x_wconf 84' lang='lat'><strong>3.</strong></span> <span class='ocrx_word' id='word_1_141' title='bbox 2070 848 2120 874; x_wconf 82' lang='lat'><strong>15.</strong></span> 
     </span>
     <span class='ocr_line' id='line_1_13' title="bbox 328 892 2122 930; baseline -0.003 -6"><span class='ocrx_word' id='word_1_142' title='bbox 328 896 463 924; x_wconf 78' lang='lat' dir='ltr'><strong>deorum</strong></span> <span class='ocrx_word' id='word_1_143' title='bbox 484 894 589 923; x_wconf 73' lang='lat' dir='ltr'><strong>vitam</strong></span> <span class='ocrx_word' id='word_1_144' title='bbox 608 893 684 930; x_wconf 78' lang='lat' dir='ltr'><strong>apti</strong></span> <span class='ocrx_word' id='word_1_145' title='bbox 700 900 823 921; x_wconf 75' lang='lat' dir='ltr'><strong>sumus.</strong></span> <span class='ocrx_word' id='word_1_146' title='bbox 848 894 890 921; x_wconf 84' lang='lat' dir='ltr'><strong>At</strong></span> <span class='ocrx_word' id='word_1_147' title='bbox 913 894 992 921; x_wconf 88' lang='lat' dir='ltr'><strong>Oud.</strong></span> <span class='ocrx_word' id='word_1_148' title='bbox 1010 900 1069 921; x_wconf 85' lang='lat' dir='ltr'><strong>nec</strong></span> <span class='ocrx_word' id='word_1_149' title='bbox 1088 900 1145 927; x_wconf 76' lang='lat' dir='ltr'><strong>ego</strong></span> <span class='ocrx_word' id='word_1_150' title='bbox 1165 892 1198 921; x_wconf 87' lang='lat' dir='ltr'><strong>in</strong></span> <span class='ocrx_word' id='word_1_151' title='bbox 1217 895 1283 921; x_wconf 90' lang='lat' dir='ltr'><strong>ullo</strong></span> <span class='ocrx_word' id='word_1_152' title='bbox 1304 894 1370 921; x_wconf 87' lang='lat' dir='ltr'><strong>cod.</strong></span> <span class='ocrx_word' id='word_1_153' title='bbox 1388 893 1434 921; x_wconf 77' lang='lat' dir='ltr'><strong>ita</strong></span> <span class='ocrx_word' id='word_1_154' title='bbox 1447 893 1602 927; x_wconf 83' lang='lat' dir='ltr'><strong>scriptum</strong></span> <span class='ocrx_word' id='word_1_155' title='bbox 1616 893 1766 922; x_wconf 83' lang='lat' dir='ltr'><strong>vidimus.</strong></span> <span class='ocrx_word' id='word_1_156' title='bbox 1790 894 1831 921; x_wconf 82' lang='lat' dir='ltr'><strong>Et</strong></span> <span class='ocrx_word' id='word_1_157' title='bbox 1844 892 2006 927; x_wconf 78' lang='lat' dir='ltr'><strong>Apuleius</strong></span> <span class='ocrx_word' id='word_1_158' title='bbox 2020 895 2122 928; x_wconf 77' lang='lat' dir='ltr'><strong>aptus</strong></span> 
     </span>
     <span class='ocr_line' id='line_1_14' title="bbox 329 933 2120 977; baseline -0.003 -7"><span class='ocrx_word' id='word_1_159' title='bbox 329 943 452 977; x_wconf 79' lang='lat' dir='ltr'><strong>passim</strong></span> <span class='ocrx_word' id='word_1_160' title='bbox 475 943 606 974; x_wconf 76' lang='lat' dir='ltr'><strong>usurpat</strong></span> <span class='ocrx_word' id='word_1_161' title='bbox 629 939 760 973; x_wconf 80' lang='lat' dir='ltr'><strong>passive</strong></span> <span class='ocrx_word' id='word_1_162' title='bbox 779 946 832 973; x_wconf 85' lang='lat' dir='ltr'><strong>pro</strong></span> <span class='ocrx_word' id='word_1_163' title='bbox 852 939 960 966; x_wconf 74' lang='lat' dir='ltr'><strong>vincto</strong></span> <span class='ocrx_word' id='word_1_164' title='bbox 981 942 1010 966; x_wconf 88' lang='lat' dir='ltr'><strong>et</strong></span> <span class='ocrx_word' id='word_1_165' title='bbox 1031 939 1184 973; x_wconf 79' lang='lat' dir='ltr'><strong>colligato</strong></span> <span class='ocrx_word' id='word_1_166' title='bbox 1208 933 1263 977; x_wconf 87' lang='lat' dir='ltr'><strong>[cf.</strong></span> <span class='ocrx_word' id='word_1_167' title='bbox 1278 939 1386 966; x_wconf 84' lang='lat' dir='ltr'><strong>Burm.</strong></span> <span class='ocrx_word' id='word_1_168' title='bbox 1400 940 1440 966; x_wconf 86' lang='lat' dir='ltr'><strong>ad</strong></span> <span class='ocrx_word' id='word_1_169' title='bbox 1455 939 1587 966; x_wconf 76' lang='lat' dir='ltr'><strong>Anthol.</strong></span> <span class='ocrx_word' id='word_1_170' title='bbox 1602 940 1673 967; x_wconf 87' lang='lat' dir='ltr'><strong>Lat.</strong></span> <span class='ocrx_word' id='word_1_171' title='bbox 1688 940 1722 967; x_wconf 79' lang='lat' dir='ltr'><strong>T.</strong></span> <span class='ocrx_word' id='word_1_172' title='bbox 1736 940 1758 967; x_wconf 89' lang='lat' dir='ltr'><strong>I.</strong></span> <span class='ocrx_word' id='word_1_173' title='bbox 1776 946 1804 973; x_wconf 84' lang='lat' dir='ltr'><strong>p.</strong></span> <span class='ocrx_word' id='word_1_174' title='bbox 1820 939 1895 966; x_wconf 71' lang='lat'><strong>407.</strong></span> <span class='ocrx_word' id='word_1_175' title='bbox 1910 941 1938 965; x_wconf 83' lang='lat' dir='ltr'><strong>et</strong></span> <span class='ocrx_word' id='word_1_176' title='bbox 1953 938 2064 965; x_wconf 79' lang='lat' dir='ltr'><strong>Eckst.</strong></span> <span class='ocrx_word' id='word_1_177' title='bbox 2079 938 2120 965; x_wconf 80' lang='lat' dir='ltr'><strong>ad</strong></span> 
     </span>
     <span class='ocr_line' id='line_1_15' title="bbox 327 981 2121 1019; baseline -0.003 -3"><span class='ocrx_word' id='word_1_178' title='bbox 327 989 424 1016; x_wconf 69' lang='lat' dir='ltr'><strong>voss.</strong></span> <span class='ocrx_word' id='word_1_179' title='bbox 439 987 539 1015; x_wconf 77' lang='lat' dir='ltr'><strong>Arist.</strong></span> <span class='ocrx_word' id='word_1_180' title='bbox 553 987 588 1013; x_wconf 72' lang='lat'><strong>¹1¹.</strong></span> <span class='ocrx_word' id='word_1_181' title='bbox 601 987 639 1013; x_wconf 88' lang='lat'><strong>11.</strong></span> <span class='ocrx_word' id='word_1_182' title='bbox 655 992 684 1018; x_wconf 85' lang='lat' dir='ltr'><strong>p.</strong></span> <span class='ocrx_word' id='word_1_183' title='bbox 699 983 790 1019; x_wconf 64' lang='lat'>8:33]</span> <span class='ocrx_word' id='word_1_184' title='bbox 839 986 1009 1010; x_wconf 76' lang='lat' dir='ltr'><strong>nmstrure</strong></span> <span class='ocrx_word' id='word_1_185' title='bbox 1023 985 1058 1012; x_wconf 90' lang='lat' dir='ltr'><strong>G.</strong></span> <span class='ocrx_word' id='word_1_186' title='bbox 1078 985 1103 1011; x_wconf 87' lang='lat'><strong>1.</strong></span> <span class='ocrx_word' id='word_1_187' title='bbox 1118 985 1157 1012; x_wconf 82' lang='lat' dir='ltr'><strong>l).</strong></span> <span class='ocrx_word' id='word_1_188' title='bbox 1206 981 1319 1010; x_wconf 76' lang='lat' dir='ltr'><strong>celum</strong></span> <span class='ocrx_word' id='word_1_189' title='bbox 1333 985 1368 1011; x_wconf 88' lang='lat' dir='ltr'><strong>G.</strong></span> <span class='ocrx_word' id='word_1_190' title='bbox 1383 984 1413 1010; x_wconf 84' lang='lat'><strong>2.</strong></span> <span class='ocrx_word' id='word_1_191' title='bbox 1429 985 1463 1012; x_wconf 90' lang='lat' dir='ltr'><strong>P.</strong></span> <span class='ocrx_word' id='word_1_192' title='bbox 1476 984 1515 1012; x_wconf 83' lang='lat' dir='ltr'><strong>D.</strong></span> <span class='ocrx_word' id='word_1_193' title='bbox 1563 983 1802 1011; x_wconf 63' lang='lat' dir='ltr'><strong>exercitatum.</strong></span> <span class='ocrx_word' id='word_1_194' title='bbox 1841 981 1920 1010; x_wconf 71' lang='lat' dir='ltr'><strong>Etsi</strong></span> <span class='ocrx_word' id='word_1_195' title='bbox 1937 984 1973 1010; x_wconf 83' lang='lat' dir='ltr'><strong>G.</strong></span> <span class='ocrx_word' id='word_1_196' title='bbox 1992 983 2018 1010; x_wconf 92' lang='lat' dir='ltr'><strong>l.</strong></span> <span class='ocrx_word' id='word_1_197' title='bbox 2038 983 2121 1010; x_wconf 81' lang='lat' dir='ltr'><strong>wn-</strong></span> 
     </span>
     <span class='ocr_line' id='line_1_16' title="bbox 328 1028 2122 1065; baseline -0.002 -6"><span class='ocrx_word' id='word_1_198' title='bbox 328 1041 406 1061; x_wconf 87' lang='lat' dir='ltr'><strong>wer.</strong></span> <span class='ocrx_word' id='word_1_199' title='bbox 421 1036 449 1060; x_wconf 90' lang='lat' dir='ltr'><strong>et</strong></span> <span class='ocrx_word' id='word_1_200' title='bbox 466 1031 622 1059; x_wconf 79' lang='lat' dir='ltr'><strong>Pricaeus</strong></span> <span class='ocrx_word' id='word_1_201' title='bbox 636 1029 824 1057; x_wconf 63' lang='lat' dir='ltr'><strong>aver-citum</strong></span> <span class='ocrx_word' id='word_1_202' title='bbox 837 1029 909 1058; x_wconf 80' lang='lat' dir='ltr'><strong>siue</strong></span> <span class='ocrx_word' id='word_1_203' title='bbox 927 1031 996 1057; x_wconf 82' lang='lat' dir='ltr'><strong>ulla</strong></span> <span class='ocrx_word' id='word_1_204' title='bbox 1015 1036 1144 1057; x_wconf 79' lang='lat' dir='ltr'><strong>caussa.</strong></span> <span class='ocrx_word' id='word_1_205' title='bbox 1192 1031 1300 1061; x_wconf 80' lang='lat' dir='ltr'><strong>certe,</strong></span> <span class='ocrx_word' id='word_1_206' title='bbox 1326 1029 1408 1062; x_wconf 81' lang='lat' dir='ltr'><strong>quod</strong></span> <span class='ocrx_word' id='word_1_207' title='bbox 1427 1032 1503 1057; x_wconf 84' lang='lat' dir='ltr'><strong>ante</strong></span> <span class='ocrx_word' id='word_1_208' title='bbox 1521 1028 1723 1056; x_wconf 74' lang='lat' dir='ltr'><strong>multiscium</strong></span> <span class='ocrx_word' id='word_1_209' title='bbox 1743 1032 1847 1065; x_wconf 79' lang='lat' dir='ltr'><strong>extat,</strong></span> <span class='ocrx_word' id='word_1_210' title='bbox 1873 1035 1934 1056; x_wconf 87' lang='lat' dir='ltr'><strong>non</strong></span> <span class='ocrx_word' id='word_1_211' title='bbox 1959 1030 2122 1061; x_wconf 77' lang='lat' dir='ltr'><strong>comparet</strong></span> 
     </span>
     <span class='ocr_line' id='line_1_17' title="bbox 326 1071 2075 1108; baseline -0.003 -2"><span class='ocrx_word' id='word_1_212' title='bbox 326 1078 359 1106; x_wconf 83' lang='lat' dir='ltr'><strong>in</strong></span> <span class='ocrx_word' id='word_1_213' title='bbox 375 1078 410 1108; x_wconf 84' lang='lat' dir='ltr'><strong>F.</strong></span> <span class='ocrx_word' id='word_1_214' title='bbox 427 1079 454 1105; x_wconf 92' lang='lat'><strong>1.</strong></span> <span class='ocrx_word' id='word_1_215' title='bbox 469 1077 504 1105; x_wconf 87' lang='lat' dir='ltr'><strong>G.</strong></span> <span class='ocrx_word' id='word_1_216' title='bbox 520 1077 549 1104; x_wconf 87' lang='lat'><strong>1.</strong></span> <span class='ocrx_word' id='word_1_217' title='bbox 565 1077 594 1104; x_wconf 75' lang='lat'><strong>2.</strong></span> <span class='ocrx_word' id='word_1_218' title='bbox 609 1076 645 1103; x_wconf 88' lang='lat'><strong>0.</strong></span> <span class='ocrx_word' id='word_1_219' title='bbox 657 1076 696 1103; x_wconf 91' lang='lat' dir='ltr'><strong>D.</strong></span> <span class='ocrx_word' id='word_1_220' title='bbox 710 1076 746 1104; x_wconf 89' lang='grc' dir='ltr'><strong>Β.</strong></span> <span class='ocrx_word' id='word_1_221' title='bbox 759 1077 796 1103; x_wconf 88' lang='lat' dir='ltr'><strong>L.</strong></span> <span class='ocrx_word' id='word_1_222' title='bbox 810 1075 846 1103; x_wconf 86' lang='lat' dir='ltr'><strong>P.</strong></span> <span class='ocrx_word' id='word_1_223' title='bbox 860 1075 897 1103; x_wconf 76' lang='lat' dir='ltr'><strong>R.</strong></span> <span class='ocrx_word' id='word_1_224' title='bbox 914 1073 934 1102; x_wconf 79' lang='lat' dir='ltr'><strong>f.</strong></span> <span class='ocrx_word' id='word_1_225' title='bbox 949 1072 977 1102; x_wconf 88' lang='grc' dir='ltr'><strong>ὸ.</strong></span> <span class='ocrx_word' id='word_1_226' title='bbox 992 1082 1020 1108; x_wconf 79' lang='lat' dir='ltr'><strong>p.</strong></span> <span class='ocrx_word' id='word_1_227' title='bbox 1034 1075 1114 1102; x_wconf 75' lang='lat' dir='ltr'><strong>Eud.</strong></span> <span class='ocrx_word' id='word_1_228' title='bbox 1129 1080 1239 1102; x_wconf 83' lang='lat' dir='ltr'><strong>onmes</strong></span> <span class='ocrx_word' id='word_1_229' title='bbox 1253 1073 1401 1102; x_wconf 76' lang='lat' dir='ltr'><strong>retinent.</strong></span> <span class='ocrx_word' id='word_1_230' title='bbox 1448 1072 1667 1102; x_wconf 77' lang='lat' dir='ltr'><strong>multisscium</strong></span> <span class='ocrx_word' id='word_1_231' title='bbox 1688 1076 1723 1103; x_wconf 89' lang='lat' dir='ltr'><strong>G.</strong></span> <span class='ocrx_word' id='word_1_232' title='bbox 1742 1075 1768 1102; x_wconf 93' lang='lat'><strong>1.</strong></span> <span class='ocrx_word' id='word_1_233' title='bbox 1805 1071 2025 1101; x_wconf 65' lang='lat' dir='ltr'><strong>mullis-cilum</strong></span> <span class='ocrx_word' id='word_1_234' title='bbox 2044 1080 2075 1107; x_wconf 81' lang='lat' dir='ltr'><strong>p.</strong></span> 
     </span>
    </p>
   </div>
   <div class='ocr_carea' id='block_1_5' title="bbox 329 711 1110 751">
    <p class='ocr_par' dir='ltr' id='par_1_5' title="bbox 329 711 1110 751">
     <span class='ocr_line' id='line_1_18' title="bbox 329 711 1110 751; baseline -0.005 -8"><span class='ocrx_word' id='word_1_235' title='bbox 329 715 408 744; x_wconf 76' lang='grc' dir='ltr'><strong>πί,νί</strong></span> <span class='ocrx_word' id='word_1_236' title='bbox 419 717 455 744; x_wconf 89' lang='lat' dir='ltr'><strong>G.</strong></span> <span class='ocrx_word' id='word_1_237' title='bbox 472 717 499 743; x_wconf 91' lang='grc'><strong>1.</strong></span> <span class='ocrx_word' id='word_1_238' title='bbox 536 714 603 742; x_wconf 74' lang='lat' dir='ltr'><strong>nisi</strong></span> <span class='ocrx_word' id='word_1_239' title='bbox 621 711 701 751; x_wconf 74' lang='lat' dir='ltr'><strong>qnid</strong></span> <span class='ocrx_word' id='word_1_240' title='bbox 719 714 793 741; x_wconf 71' lang='lat' dir='ltr'><strong>Bas.</strong></span> <span class='ocrx_word' id='word_1_241' title='bbox 819 713 845 740; x_wconf 90' lang='lat'><strong>1.</strong></span> <span class='ocrx_word' id='word_1_242' title='bbox 892 711 1009 749; x_wconf 56' lang='lat' dir='ltr'><strong>iugem</strong></span> <span class='ocrx_word' id='word_1_243' title='bbox 1029 713 1064 740; x_wconf 88' lang='lat' dir='ltr'><strong>G.</strong></span> <span class='ocrx_word' id='word_1_244' title='bbox 1084 713 1110 739; x_wconf 95' lang='lat' dir='ltr'><strong>l.</strong></span> 
     </span>
    </p>
   </div>
   <div class='ocr_carea' id='block_1_6' title="bbox 328 1158 2119 1210">
    <p class='ocr_par' dir='ltr' id='par_1_6' title="bbox 328 1158 2119 1210">
     <span class='ocr_line' id='line_1_19' title="bbox 328 1158 2119 1210; baseline -0.004 -6"><span class='ocrx_word' id='word_1_245' title='bbox 328 1170 442 1210; x_wconf 73' lang='lat' dir='ltr'><strong>trux,</strong></span> <span class='ocrx_word' id='word_1_246' title='bbox 470 1162 664 1202; x_wconf 83' lang='lat' dir='ltr'><strong>Stewech.</strong></span> <span class='ocrx_word' id='word_1_247' title='bbox 685 1163 742 1201; x_wconf 84' lang='lat' dir='ltr'><strong>ad</strong></span> <span class='ocrx_word' id='word_1_248' title='bbox 764 1162 942 1201; x_wconf 76' lang='lat' dir='ltr'><strong>nltimam</strong></span> <span class='ocrx_word' id='word_1_249' title='bbox 962 1161 1104 1200; x_wconf 74' lang='lat' dir='ltr'><strong>salutis</strong></span> <span class='ocrx_word' id='word_1_250' title='bbox 1122 1175 1194 1200; x_wconf 88' lang='lat' dir='ltr'><strong>me-</strong></span> <span class='ocrx_word' id='word_1_251' title='bbox 1254 1160 1378 1199; x_wconf 69' lang='lat' dir='ltr'><strong>woch.</strong></span> <span class='ocrx_word' id='word_1_252' title='bbox 1404 1161 1461 1199; x_wconf 73' lang='lat' dir='ltr'><strong>acl</strong></span> <span class='ocrx_word' id='word_1_253' title='bbox 1485 1160 1664 1200; x_wconf 72' lang='lat' dir='ltr'><strong>ultimam</strong></span> <span class='ocrx_word' id='word_1_254' title='bbox 1693 1160 1834 1200; x_wconf 72' lang='lat' dir='ltr'><strong>salutis</strong></span> <span class='ocrx_word' id='word_1_255' title='bbox 1865 1165 2023 1205; x_wconf 71' lang='lat' dir='ltr'><strong>melam,</strong></span> <span class='ocrx_word' id='word_1_256' title='bbox 2071 1158 2119 1197; x_wconf 85' lang='lat' dir='ltr'><strong>cs.</strong></span> 
     </span>
    </p>
   </div>
   <div class='ocr_carea' id='block_1_7' title="bbox 324 1218 1195 3194">
    <p class='ocr_par' dir='ltr' id='par_1_7' title="bbox 324 1218 1195 3194">
     <span class='ocr_line' id='line_1_20' title="bbox 327 1218 1195 1270; baseline -0.007 -10"><span class='ocrx_word' id='word_1_257' title='bbox 327 1227 407 1260; x_wconf 73' lang='lat' dir='ltr'><strong>tam</strong></span> <span class='ocrx_word' id='word_1_258' title='bbox 421 1221 608 1260; x_wconf 72' lang='lat' dir='ltr'><strong>detrusus</strong></span> <span class='ocrx_word' id='word_1_259' title='bbox 620 1219 841 1263; x_wconf 74' lang='lat' dir='ltr'><strong>summisso,</strong></span> <span class='ocrx_word' id='word_1_260' title='bbox 868 1231 981 1270; x_wconf 87' lang='lat' dir='ltr'><strong>quam</strong></span> <span class='ocrx_word' id='word_1_261' title='bbox 1004 1218 1195 1256; x_wconf 87' lang='lat' dir='ltr'><strong>coniectu-</strong></span> 
     </span>
     <span class='ocr_line' id='line_1_21' title="bbox 325 1273 1194 1326; baseline -0.005 -11"><span class='ocrx_word' id='word_1_262' title='bbox 325 1292 407 1316; x_wconf 85' lang='lat' dir='ltr'><strong>ram</strong></span> <span class='ocrx_word' id='word_1_263' title='bbox 431 1277 543 1315; x_wconf 87' lang='lat' dir='ltr'><strong>etiam</strong></span> <span class='ocrx_word' id='word_1_264' title='bbox 569 1275 672 1315; x_wconf 89' lang='lat' dir='ltr'><strong>Oud.</strong></span> <span class='ocrx_word' id='word_1_265' title='bbox 696 1274 901 1326; x_wconf 88' lang='lat' dir='ltr'><strong>amplexus</strong></span> <span class='ocrx_word' id='word_1_266' title='bbox 927 1278 989 1313; x_wconf 86' lang='lat' dir='ltr'><strong>est</strong></span> <span class='ocrx_word' id='word_1_267' title='bbox 1006 1278 1045 1311; x_wconf 90' lang='lat' dir='ltr'><strong>et</strong></span> <span class='ocrx_word' id='word_1_268' title='bbox 1062 1273 1194 1312; x_wconf 87' lang='lat' dir='ltr'><strong>Ruhn-</strong></span> 
     </span>
     <span class='ocr_line' id='line_1_22' title="bbox 326 1331 1193 1383; baseline -0.006 -10"><span class='ocrx_word' id='word_1_269' title='bbox 326 1334 414 1373; x_wconf 85' lang='lat' dir='ltr'><strong>ken.</strong></span> <span class='ocrx_word' id='word_1_270' title='bbox 447 1335 480 1372; x_wconf 91' lang='lat' dir='ltr'><strong>in</strong></span> <span class='ocrx_word' id='word_1_271' title='bbox 513 1336 621 1371; x_wconf 86' lang='lat' dir='ltr'><strong>textu</strong></span> <span class='ocrx_word' id='word_1_272' title='bbox 650 1331 790 1383; x_wconf 79' lang='lat' dir='ltr'><strong>posuit.</strong></span> <span class='ocrx_word' id='word_1_273' title='bbox 840 1331 967 1378; x_wconf 82' lang='lat' dir='ltr'><strong>Quam</strong></span> <span class='ocrx_word' id='word_1_274' title='bbox 999 1332 1086 1382; x_wconf 90' lang='lat' dir='ltr'><strong>quin</strong></span> <span class='ocrx_word' id='word_1_275' title='bbox 1119 1344 1193 1381; x_wconf 81' lang='lat' dir='ltr'><strong>ego</strong></span> 
     </span>
     <span class='ocr_line' id='line_1_23' title="bbox 327 1387 1191 1442; baseline -0.006 -13"><span class='ocrx_word' id='word_1_276' title='bbox 327 1404 482 1442; x_wconf 84' lang='lat' dir='ltr'><strong>quoque</strong></span> <span class='ocrx_word' id='word_1_277' title='bbox 518 1389 785 1440; x_wconf 85' lang='lat' dir='ltr'><strong>comprobem,</strong></span> <span class='ocrx_word' id='word_1_278' title='bbox 823 1401 884 1426; x_wconf 90' lang='lat' dir='ltr'><strong>me</strong></span> <span class='ocrx_word' id='word_1_279' title='bbox 916 1387 1074 1438; x_wconf 86' lang='lat' dir='ltr'><strong>impedit</strong></span> <span class='ocrx_word' id='word_1_280' title='bbox 1105 1401 1191 1425; x_wconf 86' lang='lat' dir='ltr'><strong>con-</strong></span> 
     </span>
     <span class='ocr_line' id='line_1_24' title="bbox 325 1445 1191 1486; baseline -0.005 0"><span class='ocrx_word' id='word_1_281' title='bbox 325 1452 436 1486; x_wconf 83' lang='lat' dir='ltr'><strong>stans</strong></span> <span class='ocrx_word' id='word_1_282' title='bbox 465 1447 644 1484; x_wconf 88' lang='lat' dir='ltr'><strong>librorum</strong></span> <span class='ocrx_word' id='word_1_283' title='bbox 670 1445 784 1482; x_wconf 90' lang='lat' dir='ltr'><strong>lectio</strong></span> <span class='ocrx_word' id='word_1_284' title='bbox 811 1445 973 1483; x_wconf 79' lang='lat' dir='ltr'><strong>tandem</strong></span> <span class='ocrx_word' id='word_1_285' title='bbox 998 1449 1063 1482; x_wconf 79' lang='lat' dir='ltr'><strong>tru</strong></span> <span class='ocrx_word' id='word_1_286' title='bbox 1092 1457 1191 1482; x_wconf 81' lang='lat' dir='ltr'><strong>sum-</strong></span> 
     </span>
     <span class='ocr_line' id='line_1_25' title="bbox 326 1500 1191 1552; baseline -0.007 -9"><span class='ocrx_word' id='word_1_287' title='bbox 326 1505 444 1544; x_wconf 78' lang='lat' dir='ltr'><strong>misso</strong></span> <span class='ocrx_word' id='word_1_288' title='bbox 478 1502 541 1540; x_wconf 81' lang='lat' dir='ltr'><strong>vet</strong></span> <span class='ocrx_word' id='word_1_289' title='bbox 578 1507 707 1541; x_wconf 75' lang='lat' dir='ltr'><strong>trussu</strong></span> <span class='ocrx_word' id='word_1_290' title='bbox 736 1502 872 1546; x_wconf 79' lang='lat' dir='ltr'><strong>misso,</strong></span> <span class='ocrx_word' id='word_1_291' title='bbox 909 1513 1008 1552; x_wconf 89' lang='lat' dir='ltr'><strong>quae</strong></span> <span class='ocrx_word' id='word_1_292' title='bbox 1040 1500 1191 1545; x_wconf 77' lang='lat' dir='ltr'><strong>evincit,</strong></span> 
     </span>
     <span class='ocr_line' id='line_1_26' title="bbox 325 1556 1189 1608; baseline -0.007 -9"><span class='ocrx_word' id='word_1_293' title='bbox 325 1560 448 1599; x_wconf 86' lang='lat' dir='ltr'><strong>semel</strong></span> <span class='ocrx_word' id='word_1_294' title='bbox 486 1563 632 1598; x_wconf 85' lang='lat' dir='ltr'><strong>tantum</strong></span> <span class='ocrx_word' id='word_1_295' title='bbox 669 1557 828 1608; x_wconf 75' lang='lat' dir='ltr'><strong>syllaba</strong></span> <span class='ocrx_word' id='word_1_296' title='bbox 865 1571 910 1597; x_wconf 80' lang='lat' dir='ltr'><strong>su</strong></span> <span class='ocrx_word' id='word_1_297' title='bbox 940 1556 1002 1594; x_wconf 82' lang='lat' dir='ltr'><strong>vel</strong></span> <span class='ocrx_word' id='word_1_298' title='bbox 1039 1570 1123 1596; x_wconf 72' lang='lat' dir='ltr'><strong>snm</strong></span> <span class='ocrx_word' id='word_1_299' title='bbox 1155 1557 1189 1593; x_wconf 92' lang='lat' dir='ltr'><strong>in</strong></span> 
     </span>
     <span class='ocr_line' id='line_1_27' title="bbox 326 1612 1193 1666; baseline -0.007 -10"><span class='ocrx_word' id='word_1_300' title='bbox 326 1617 438 1656; x_wconf 89' lang='lat' dir='ltr'><strong>codd.</strong></span> <span class='ocrx_word' id='word_1_301' title='bbox 455 1616 587 1661; x_wconf 85' lang='lat' dir='ltr'><strong>fuisse,</strong></span> <span class='ocrx_word' id='word_1_302' title='bbox 609 1627 721 1665; x_wconf 87' lang='lat' dir='ltr'><strong>quam</strong></span> <span class='ocrx_word' id='word_1_303' title='bbox 735 1618 894 1666; x_wconf 82' lang='lat' dir='ltr'><strong>propter</strong></span> <span class='ocrx_word' id='word_1_304' title='bbox 906 1612 1193 1651; x_wconf 89' lang='lat' dir='ltr'><strong>similitudinem</strong></span> 
     </span>
     <span class='ocr_line' id='line_1_28' title="bbox 324 1669 1192 1720; baseline -0.006 -9"><span class='ocrx_word' id='word_1_305' title='bbox 324 1687 508 1712; x_wconf 86' lang='lat' dir='ltr'><strong>sonorum</strong></span> <span class='ocrx_word' id='word_1_306' title='bbox 532 1670 656 1710; x_wconf 89' lang='lat' dir='ltr'><strong>semel</strong></span> <span class='ocrx_word' id='word_1_307' title='bbox 682 1671 875 1708; x_wconf 75' lang='lat' dir='ltr'><strong>excidisse</strong></span> <span class='ocrx_word' id='word_1_308' title='bbox 901 1682 1032 1720; x_wconf 86' lang='lat' dir='ltr'><strong>parum</strong></span> <span class='ocrx_word' id='word_1_309' title='bbox 1059 1669 1192 1719; x_wconf 87' lang='lat' dir='ltr'><strong>proba-</strong></span> 
     </span>
     <span class='ocr_line' id='line_1_29' title="bbox 326 1726 1193 1780; baseline -0.005 -12"><span class='ocrx_word' id='word_1_310' title='bbox 326 1731 451 1769; x_wconf 89' lang='lat' dir='ltr'><strong>biliter</strong></span> <span class='ocrx_word' id='word_1_311' title='bbox 488 1729 647 1780; x_wconf 83' lang='lat' dir='ltr'><strong>exponit</strong></span> <span class='ocrx_word' id='word_1_312' title='bbox 682 1727 783 1765; x_wconf 88' lang='lat' dir='ltr'><strong>Oud.</strong></span> <span class='ocrx_word' id='word_1_313' title='bbox 833 1726 889 1764; x_wconf 84' lang='lat' dir='ltr'><strong>lta</strong></span> <span class='ocrx_word' id='word_1_314' title='bbox 925 1727 1024 1763; x_wconf 87' lang='lat' dir='ltr'><strong>enim</strong></span> <span class='ocrx_word' id='word_1_315' title='bbox 1062 1739 1193 1764; x_wconf 79' lang='lat' dir='ltr'><strong>onmes</strong></span> 
     </span>
     <span class='ocr_line' id='line_1_30' title="bbox 326 1781 1191 1825; baseline -0.008 0"><span class='ocrx_word' id='word_1_316' title='bbox 326 1787 440 1825; x_wconf 85' lang='lat' dir='ltr'><strong>codd.</strong></span> <span class='ocrx_word' id='word_1_317' title='bbox 466 1799 542 1824; x_wconf 88' lang='lat' dir='ltr'><strong>non</strong></span> <span class='ocrx_word' id='word_1_318' title='bbox 566 1785 823 1822; x_wconf 76' lang='lat' dir='ltr'><strong>aberrassent.</strong></span> <span class='ocrx_word' id='word_1_319' title='bbox 872 1782 972 1820; x_wconf 84' lang='lat' dir='ltr'><strong>Tota</strong></span> <span class='ocrx_word' id='word_1_320' title='bbox 997 1782 1071 1819; x_wconf 89' lang='lat' dir='ltr'><strong>loci</strong></span> <span class='ocrx_word' id='word_1_321' title='bbox 1097 1781 1191 1819; x_wconf 85' lang='lat' dir='ltr'><strong>disti-</strong></span> 
     </span>
     <span class='ocr_line' id='line_1_31' title="bbox 325 1839 1189 1889; baseline -0.007 -8"><span class='ocrx_word' id='word_1_322' title='bbox 325 1843 449 1882; x_wconf 87' lang='lat' dir='ltr'><strong>cultas</strong></span> <span class='ocrx_word' id='word_1_323' title='bbox 479 1841 632 1880; x_wconf 85' lang='lat' dir='ltr'><strong>sublata</strong></span> <span class='ocrx_word' id='word_1_324' title='bbox 663 1843 788 1885; x_wconf 87' lang='lat' dir='ltr'><strong>esset,</strong></span> <span class='ocrx_word' id='word_1_325' title='bbox 820 1839 853 1877; x_wconf 87' lang='lat' dir='ltr'><strong>si</strong></span> <span class='ocrx_word' id='word_1_326' title='bbox 884 1839 945 1876; x_wconf 79' lang='lat' dir='ltr'><strong>vel</strong></span> <span class='ocrx_word' id='word_1_327' title='bbox 977 1851 1046 1889; x_wconf 88' lang='lat' dir='ltr'><strong>per</strong></span> <span class='ocrx_word' id='word_1_328' title='bbox 1076 1851 1189 1876; x_wconf 79' lang='lat' dir='ltr'><strong>usum</strong></span> 
     </span>
     <span class='ocr_line' id='line_1_32' title="bbox 326 1895 1190 1951; baseline -0.008 -13"><span class='ocrx_word' id='word_1_329' title='bbox 326 1900 386 1937; x_wconf 84' lang='lat' dir='ltr'><strong>vel</strong></span> <span class='ocrx_word' id='word_1_330' title='bbox 423 1912 492 1951; x_wconf 89' lang='lat' dir='ltr'><strong>per</strong></span> <span class='ocrx_word' id='word_1_331' title='bbox 526 1897 744 1946; x_wconf 71' lang='lat' dir='ltr'><strong>analogiam</strong></span> <span class='ocrx_word' id='word_1_332' title='bbox 781 1895 1020 1946; x_wconf 82' lang='lat' dir='ltr'><strong>comprobari</strong></span> <span class='ocrx_word' id='word_1_333' title='bbox 1050 1897 1190 1946; x_wconf 88' lang='lat' dir='ltr'><strong>posset</strong></span> 
     </span>
     <span class='ocr_line' id='line_1_33' title="bbox 326 1950 1189 2004; baseline -0.007 -10"><span class='ocrx_word' id='word_1_334' title='bbox 326 1955 556 1994; x_wconf 78' lang='lat' dir='ltr'><strong>vocabulum</strong></span> <span class='ocrx_word' id='word_1_335' title='bbox 570 1955 722 1993; x_wconf 61' lang='lat' dir='ltr'><strong>detrun:</strong></span> <span class='ocrx_word' id='word_1_336' title='bbox 732 1984 741 1999; x_wconf 89' lang='lat'><strong>,</strong></span> <span class='ocrx_word' id='word_1_337' title='bbox 768 1952 872 2003; x_wconf 86' lang='lat' dir='ltr'><strong>quod</strong></span> <span class='ocrx_word' id='word_1_338' title='bbox 888 1956 1088 2004; x_wconf 81' lang='lat' dir='ltr'><strong>praeterea</strong></span> <span class='ocrx_word' id='word_1_339' title='bbox 1102 1950 1189 1989; x_wconf 88' lang='lat' dir='ltr'><strong>cod.</strong></span> 
     </span>
     <span class='ocr_line' id='line_1_34' title="bbox 326 2007 1188 2052; baseline -0.007 -1"><span class='ocrx_word' id='word_1_340' title='bbox 326 2013 358 2051; x_wconf 83' lang='lat' dir='ltr'>F</span> <span class='ocrx_word' id='word_1_341' title='bbox 363 2013 494 2050; x_wconf 85' lang='lat' dir='ltr'><strong>lorent.</strong></span> <span class='ocrx_word' id='word_1_342' title='bbox 522 2016 557 2052; x_wconf 78' lang='lat'><strong>2.</strong></span> <span class='ocrx_word' id='word_1_343' title='bbox 591 2010 813 2049; x_wconf 87' lang='lat' dir='ltr'><strong>auctoritate</strong></span> <span class='ocrx_word' id='word_1_344' title='bbox 838 2009 1040 2047; x_wconf 75' lang='lat' dir='ltr'><strong>stabilitur.</strong></span> <span class='ocrx_word' id='word_1_345' title='bbox 1089 2007 1188 2046; x_wconf 83' lang='lat' dir='ltr'><strong>Tum</strong></span> 
     </span>
     <span class='ocr_line' id='line_1_35' title="bbox 325 2065 1189 2121; baseline -0.006 -13"><span class='ocrx_word' id='word_1_346' title='bbox 325 2071 376 2108; x_wconf 79' lang='lat' dir='ltr'><strong>ita</strong></span> <span class='ocrx_word' id='word_1_347' title='bbox 403 2068 608 2121; x_wconf 80' lang='lat' dir='ltr'><strong>legendum</strong></span> <span class='ocrx_word' id='word_1_348' title='bbox 634 2072 758 2105; x_wconf 87' lang='lat' dir='ltr'><strong>esset:</strong></span> <span class='ocrx_word' id='word_1_349' title='bbox 785 2070 823 2104; x_wconf 74' lang='lat' dir='ltr'><strong>et</strong></span> <span class='ocrx_word' id='word_1_350' title='bbox 845 2066 903 2104; x_wconf 69' lang='lat' dir='ltr'><strong>acl</strong></span> <span class='ocrx_word' id='word_1_351' title='bbox 928 2065 1107 2105; x_wconf 78' lang='lat' dir='ltr'><strong>ultimam</strong></span> <span class='ocrx_word' id='word_1_352' title='bbox 1131 2079 1189 2103; x_wconf 82' lang='lat' dir='ltr'><strong>sa·</strong></span> 
     </span>
     <span class='ocr_line' id='line_1_36' title="bbox 327 2122 1190 2173; baseline -0.006 -8"><span class='ocrx_word' id='word_1_353' title='bbox 327 2127 420 2165; x_wconf 76' lang='lat' dir='ltr'><strong>lutis</strong></span> <span class='ocrx_word' id='word_1_354' title='bbox 451 2130 591 2164; x_wconf 76' lang='lat' dir='ltr'><strong>metam</strong></span> <span class='ocrx_word' id='word_1_355' title='bbox 622 2124 774 2163; x_wconf 68' lang='lat' dir='ltr'><strong>detruse</strong></span> <span class='ocrx_word' id='word_1_356' title='bbox 803 2123 1005 2161; x_wconf 73' lang='lat' dir='ltr'><strong>semnm&#39;sso</strong></span> <span class='ocrx_word' id='word_1_357' title='bbox 1042 2122 1190 2173; x_wconf 75' lang='lat' dir='ltr'><strong>capite,</strong></span> 
     </span>
     <span class='ocr_line' id='line_1_37' title="bbox 325 2178 1188 2232; baseline -0.006 -13"><span class='ocrx_word' id='word_1_358' title='bbox 325 2186 364 2220; x_wconf 85' lang='lat' dir='ltr'><strong>et</strong></span> <span class='ocrx_word' id='word_1_359' title='bbox 406 2182 521 2221; x_wconf 80' lang='lat' dir='ltr'><strong>facile</strong></span> <span class='ocrx_word' id='word_1_360' title='bbox 564 2180 870 2232; x_wconf 77' lang='lat' dir='ltr'><strong>explicaremus,</strong></span> <span class='ocrx_word' id='word_1_361' title='bbox 915 2178 1109 2229; x_wconf 87' lang='lat' dir='ltr'><strong>quomodo</strong></span> <span class='ocrx_word' id='word_1_362' title='bbox 1154 2178 1188 2215; x_wconf 91' lang='lat' dir='ltr'><strong>in</strong></span> 
     </span>
     <span class='ocr_line' id='line_1_38' title="bbox 325 2235 1192 2287; baseline -0.005 -10"><span class='ocrx_word' id='word_1_363' title='bbox 325 2239 494 2278; x_wconf 83' lang='lat' dir='ltr'><strong>Florent.</strong></span> <span class='ocrx_word' id='word_1_364' title='bbox 521 2242 557 2278; x_wconf 83' lang='lat'><strong>3.</strong></span> <span class='ocrx_word' id='word_1_365' title='bbox 583 2237 748 2287; x_wconf 85' lang='lat' dir='ltr'><strong>aliisque</strong></span> <span class='ocrx_word' id='word_1_366' title='bbox 779 2235 889 2273; x_wconf 84' lang='lat' dir='ltr'><strong>codd.</strong></span> <span class='ocrx_word' id='word_1_367' title='bbox 923 2235 1035 2273; x_wconf 86' lang='lat' dir='ltr'><strong>lectio</strong></span> <span class='ocrx_word' id='word_1_368' title='bbox 1062 2239 1127 2274; x_wconf 69' lang='grc' dir='ltr'><strong>ἰνιι</strong></span> <span class='ocrx_word' id='word_1_369' title='bbox 1153 2238 1192 2273; x_wconf 89' lang='lat' dir='ltr'><strong>et</strong></span> 
     </span>
     <span class='ocr_line' id='line_1_39' title="bbox 326 2291 1191 2336; baseline -0.008 0"><span class='ocrx_word' id='word_1_370' title='bbox 326 2296 575 2336; x_wconf 71' lang='lat' dir='ltr'><strong>trussumisso</strong></span> <span class='ocrx_word' id='word_1_371' title='bbox 605 2294 705 2331; x_wconf 85' lang='lat' dir='ltr'><strong>aliae</strong></span> <span class='ocrx_word' id='word_1_372' title='bbox 736 2296 895 2330; x_wconf 84' lang='lat' dir='ltr'><strong>exortae</strong></span> <span class='ocrx_word' id='word_1_373' title='bbox 926 2295 1072 2329; x_wconf 80' lang='lat' dir='ltr'><strong>essent.</strong></span> <span class='ocrx_word' id='word_1_374' title='bbox 1127 2291 1191 2330; x_wconf 86' lang='lat' dir='ltr'><strong>Ne</strong></span> 
     </span>
     <span class='ocr_line' id='line_1_40' title="bbox 327 2348 1191 2395; baseline -0.003 -6"><span class='ocrx_word' id='word_1_375' title='bbox 327 2366 415 2391; x_wconf 79' lang='lat' dir='ltr'><strong>vero</strong></span> <span class='ocrx_word' id='word_1_376' title='bbox 441 2351 623 2391; x_wconf 85' lang='lat' dir='ltr'><strong>audacior</strong></span> <span class='ocrx_word' id='word_1_377' title='bbox 647 2363 740 2387; x_wconf 82' lang='lat' dir='ltr'><strong>esse</strong></span> <span class='ocrx_word' id='word_1_378' title='bbox 758 2349 905 2395; x_wconf 68' lang='lat' dir='ltr'><strong>videar,</strong></span> <span class='ocrx_word' id='word_1_379' title='bbox 931 2348 1006 2386; x_wconf 87' lang='lat' dir='ltr'><strong>hoc</strong></span> <span class='ocrx_word' id='word_1_380' title='bbox 1026 2349 1191 2386; x_wconf 83' lang='lat' dir='ltr'><strong>vocabu—</strong></span> 
     </span>
     <span class='ocr_line' id='line_1_41' title="bbox 327 2405 1192 2458; baseline -0.006 -11"><span class='ocrx_word' id='word_1_381' title='bbox 327 2410 404 2447; x_wconf 87' lang='lat' dir='ltr'><strong>lum</strong></span> <span class='ocrx_word' id='word_1_382' title='bbox 434 2408 568 2453; x_wconf 84' lang='lat' dir='ltr'><strong>reieci‚</strong></span> <span class='ocrx_word' id='word_1_383' title='bbox 600 2419 830 2458; x_wconf 86' lang='lat' dir='ltr'><strong>quamquam</strong></span> <span class='ocrx_word' id='word_1_384' title='bbox 868 2420 941 2443; x_wconf 86' lang='lat' dir='ltr'><strong>nou</strong></span> <span class='ocrx_word' id='word_1_385' title='bbox 972 2405 1192 2455; x_wconf 78' lang='lat' dir='ltr'><strong>negandum</strong></span> 
     </span>
     <span class='ocr_line' id='line_1_42' title="bbox 325 2462 1193 2516; baseline -0.007 -12"><span class='ocrx_word' id='word_1_386' title='bbox 325 2470 406 2511; x_wconf 88' lang='lat' dir='ltr'><strong>est,</strong></span> <span class='ocrx_word' id='word_1_387' title='bbox 436 2465 488 2503; x_wconf 85' lang='lat' dir='ltr'><strong>ita</strong></span> <span class='ocrx_word' id='word_1_388' title='bbox 517 2464 660 2516; x_wconf 85' lang='lat' dir='ltr'><strong>optime</strong></span> <span class='ocrx_word' id='word_1_389' title='bbox 691 2464 805 2500; x_wconf 86' lang='lat' dir='ltr'><strong>etiam</strong></span> <span class='ocrx_word' id='word_1_390' title='bbox 836 2462 1092 2513; x_wconf 84' lang='lat' dir='ltr'><strong>corruptelam</strong></span> <span class='ocrx_word' id='word_1_391' title='bbox 1118 2462 1193 2499; x_wconf 89' lang='lat' dir='ltr'><strong>loci</strong></span> 
     </span>
     <span class='ocr_line' id='line_1_43' title="bbox 325 2519 1191 2575; baseline -0.006 -15"><span class='ocrx_word' id='word_1_392' title='bbox 325 2522 509 2575; x_wconf 83' lang='lat' dir='ltr'><strong>explicari</strong></span> <span class='ocrx_word' id='word_1_393' title='bbox 536 2533 675 2572; x_wconf 60' lang='lat' dir='ltr'><strong>posse,</strong></span> <span class='ocrx_word' id='word_1_394' title='bbox 709 2533 810 2570; x_wconf 81' lang='lat' dir='ltr'><strong>quae</strong></span> <span class='ocrx_word' id='word_1_395' title='bbox 837 2519 998 2556; x_wconf 83' lang='lat' dir='ltr'><strong>librariis</strong></span> <span class='ocrx_word' id='word_1_396' title='bbox 1024 2519 1191 2556; x_wconf 80' lang='lat' dir='ltr'><strong>usitatis-</strong></span> 
     </span>
     <span class='ocr_line' id='line_1_44' title="bbox 324 2575 1191 2625; baseline -0.007 -7"><span class='ocrx_word' id='word_1_397' title='bbox 324 2581 424 2618; x_wconf 84' lang='lat' dir='ltr'><strong>sima</strong></span> <span class='ocrx_word' id='word_1_398' title='bbox 447 2582 520 2624; x_wconf 80' lang='lat' dir='ltr'><strong>est,</strong></span> <span class='ocrx_word' id='word_1_399' title='bbox 545 2577 668 2616; x_wconf 80' lang='lat' dir='ltr'><strong>sicubi</strong></span> <span class='ocrx_word' id='word_1_400' title='bbox 694 2589 833 2614; x_wconf 80' lang='lat' dir='ltr'><strong>novum</strong></span> <span class='ocrx_word' id='word_1_401' title='bbox 859 2575 1054 2625; x_wconf 83' lang='lat' dir='ltr'><strong>quoddam</strong></span> <span class='ocrx_word' id='word_1_402' title='bbox 1081 2588 1191 2613; x_wconf 86' lang='lat' dir='ltr'><strong>voca-</strong></span> 
     </span>
     <span class='ocr_line' id='line_1_45' title="bbox 324 2631 1195 2686; baseline -0.007 -12"><span class='ocrx_word' id='word_1_403' title='bbox 324 2637 455 2674; x_wconf 89' lang='lat' dir='ltr'><strong>bulum</strong></span> <span class='ocrx_word' id='word_1_404' title='bbox 469 2633 774 2686; x_wconf 86' lang='lat' dir='ltr'><strong>deprehendunt.</strong></span> <span class='ocrx_word' id='word_1_405' title='bbox 799 2632 924 2670; x_wconf 84' lang='lat' dir='ltr'><strong>Aliter</strong></span> <span class='ocrx_word' id='word_1_406' title='bbox 938 2632 1007 2669; x_wconf 89' lang='lat' dir='ltr'><strong>nisi</strong></span> <span class='ocrx_word' id='word_1_407' title='bbox 1022 2631 1195 2670; x_wconf 87' lang='lat' dir='ltr'><strong>obstaret</strong></span> 
     </span>
     <span class='ocr_line' id='line_1_46' title="bbox 325 2688 1194 2744; baseline -0.003 -15"><span class='ocrx_word' id='word_1_408' title='bbox 325 2691 511 2744; x_wconf 87' lang='lat' dir='ltr'><strong>particula</strong></span> <span class='ocrx_word' id='word_1_409' title='bbox 543 2696 582 2730; x_wconf 79' lang='lat' dir='ltr'><strong>et</strong></span> <span class='ocrx_word' id='word_1_410' title='bbox 612 2704 696 2729; x_wconf 90' lang='lat' dir='ltr'><strong>cum</strong></span> <span class='ocrx_word' id='word_1_411' title='bbox 722 2689 811 2728; x_wconf 85' lang='lat' dir='ltr'><strong>edd.</strong></span> <span class='ocrx_word' id='word_1_412' title='bbox 836 2692 927 2727; x_wconf 82' lang='lat' dir='ltr'><strong>vett.</strong></span> <span class='ocrx_word' id='word_1_413' title='bbox 956 2688 1029 2738; x_wconf 73' lang='lat' dir='ltr'><strong>legi</strong></span> <span class='ocrx_word' id='word_1_414' title='bbox 1055 2691 1194 2739; x_wconf 83' lang='lat' dir='ltr'><strong>posset</strong></span> 
     </span>
     <span class='ocr_line' id='line_1_47' title="bbox 324 2745 1194 2788; baseline -0.007 0"><span class='ocrx_word' id='word_1_415' title='bbox 324 2764 384 2788; x_wconf 84' lang='lat' dir='ltr'><strong>me</strong></span> <span class='ocrx_word' id='word_1_416' title='bbox 402 2749 459 2788; x_wconf 81' lang='lat' dir='ltr'><strong>ad</strong></span> <span class='ocrx_word' id='word_1_417' title='bbox 479 2748 658 2788; x_wconf 71' lang='lat' dir='ltr'><strong>ultimam</strong></span> <span class='ocrx_word' id='word_1_418' title='bbox 671 2746 814 2786; x_wconf 73' lang='lat' dir='ltr'><strong>salutis</strong></span> <span class='ocrx_word' id='word_1_419' title='bbox 832 2750 972 2785; x_wconf 82' lang='lat' dir='ltr'><strong>metam</strong></span> <span class='ocrx_word' id='word_1_420' title='bbox 987 2745 1194 2784; x_wconf 75' lang='lat' dir='ltr'><strong>detrusum</strong></span> 
     </span>
     <span class='ocr_line' id='line_1_48' title="bbox 326 2803 1193 2856; baseline -0.007 -12"><span class='ocrx_word' id='word_1_421' title='bbox 326 2819 451 2845; x_wconf 84' lang='lat' dir='ltr'><strong>merso</strong></span> <span class='ocrx_word' id='word_1_422' title='bbox 484 2805 621 2856; x_wconf 75' lang='lat' dir='ltr'><strong>capite</strong></span> <span class='ocrx_word' id='word_1_423' title='bbox 650 2803 892 2847; x_wconf 75' lang='lat' dir='ltr'><strong>moerebam,</strong></span> <span class='ocrx_word' id='word_1_424' title='bbox 928 2805 970 2840; x_wconf 88' lang='lat' dir='ltr'><strong>ut</strong></span> <span class='ocrx_word' id='word_1_425' title='bbox 1005 2814 1193 2845; x_wconf 76' lang='lat' dir='ltr'><strong>moerere,</strong></span> 
     </span>
     <span class='ocr_line' id='line_1_49' title="bbox 326 2858 1195 2913; baseline -0.006 -14"><span class='ocrx_word' id='word_1_426' title='bbox 326 2862 363 2899; x_wconf 90' lang='lat' dir='ltr'><strong>id</strong></span> <span class='ocrx_word' id='word_1_427' title='bbox 389 2861 493 2913; x_wconf 85' lang='lat' dir='ltr'><strong>quod</strong></span> <span class='ocrx_word' id='word_1_428' title='bbox 512 2861 672 2912; x_wconf 87' lang='lat' dir='ltr'><strong>saepius</strong></span> <span class='ocrx_word' id='word_1_429' title='bbox 690 2873 763 2898; x_wconf 87' lang='lat' dir='ltr'><strong>usu</strong></span> <span class='ocrx_word' id='word_1_430' title='bbox 784 2860 902 2904; x_wconf 84' lang='lat' dir='ltr'><strong>venit,</strong></span> <span class='ocrx_word' id='word_1_431' title='bbox 928 2858 1053 2897; x_wconf 87' lang='lat' dir='ltr'><strong>activo</strong></span> <span class='ocrx_word' id='word_1_432' title='bbox 1073 2870 1195 2896; x_wconf 84' lang='lat' dir='ltr'><strong>sensu</strong></span> 
     </span>
     <span class='ocr_line' id='line_1_50' title="bbox 328 2914 1194 2967; baseline -0.005 -11"><span class='ocrx_word' id='word_1_433' title='bbox 328 2919 468 2957; x_wconf 81' lang='lat' dir='ltr'><strong>(lictum</strong></span> <span class='ocrx_word' id='word_1_434' title='bbox 482 2921 604 2956; x_wconf 87' lang='lat' dir='ltr'><strong>esset.</strong></span> <span class='ocrx_word' id='word_1_435' title='bbox 630 2916 685 2955; x_wconf 85' lang='lat' dir='ltr'><strong>At</strong></span> <span class='ocrx_word' id='word_1_436' title='bbox 705 2915 927 2967; x_wconf 85' lang='lat' dir='ltr'><strong>exemplum</strong></span> <span class='ocrx_word' id='word_1_437' title='bbox 942 2914 1194 2954; x_wconf 85' lang='lat' dir='ltr'><strong>constructio·</strong></span> 
     </span>
     <span class='ocr_line' id='line_1_51' title="bbox 328 2974 1192 3025; baseline -0.006 -12"><span class='ocrx_word' id='word_1_438' title='bbox 328 2976 387 3013; x_wconf 89' lang='lat' dir='ltr'><strong>nis</strong></span> <span class='ocrx_word' id='word_1_439' title='bbox 423 2989 462 3013; x_wconf 80' lang='lat' dir='ltr'><strong>se</strong></span> <span class='ocrx_word' id='word_1_440' title='bbox 496 2987 675 3013; x_wconf 81' lang='lat' dir='ltr'><strong>moerere</strong></span> <span class='ocrx_word' id='word_1_441' title='bbox 709 2974 744 3011; x_wconf 87' lang='lat' dir='ltr'><strong>in</strong></span> <span class='ocrx_word' id='word_1_442' title='bbox 782 2975 962 3025; x_wconf 91' lang='lat' dir='ltr'><strong>promptu</strong></span> <span class='ocrx_word' id='word_1_443' title='bbox 1003 2985 1078 3009; x_wconf 90' lang='lat' dir='ltr'><strong>non</strong></span> <span class='ocrx_word' id='word_1_444' title='bbox 1117 2974 1192 3009; x_wconf 87' lang='lat' dir='ltr'><strong>est.</strong></span> 
     </span>
     <span class='ocr_line' id='line_1_52' title="bbox 328 3029 1192 3078; baseline -0.005 -9"><span class='ocrx_word' id='word_1_445' title='bbox 328 3031 400 3069; x_wconf 85' lang='lat' dir='ltr'><strong>His</strong></span> <span class='ocrx_word' id='word_1_446' title='bbox 425 3032 638 3069; x_wconf 84' lang='lat' dir='ltr'><strong>accuratius</strong></span> <span class='ocrx_word' id='word_1_447' title='bbox 657 3029 929 3075; x_wconf 81' lang='lat' dir='ltr'><strong>consideratis,</strong></span> <span class='ocrx_word' id='word_1_448' title='bbox 955 3041 1080 3066; x_wconf 89' lang='lat' dir='ltr'><strong>meam</strong></span> <span class='ocrx_word' id='word_1_449' title='bbox 1102 3040 1192 3078; x_wconf 89' lang='lat' dir='ltr'><strong>qua-</strong></span> 
     </span>
     <span class='ocr_line' id='line_1_53' title="bbox 331 3084 1193 3138; baseline 0 -15"><span class='ocrx_word' id='word_1_450' title='bbox 331 3087 557 3138; x_wconf 84' lang='lat' dir='ltr'><strong>lemcunque</strong></span> <span class='ocrx_word' id='word_1_451' title='bbox 583 3086 841 3125; x_wconf 87' lang='lat' dir='ltr'><strong>coniecturam</strong></span> <span class='ocrx_word' id='word_1_452' title='bbox 873 3086 908 3123; x_wconf 90' lang='lat' dir='ltr'><strong>in</strong></span> <span class='ocrx_word' id='word_1_453' title='bbox 934 3088 1042 3123; x_wconf 87' lang='lat' dir='ltr'><strong>textu</strong></span> <span class='ocrx_word' id='word_1_454' title='bbox 1067 3084 1193 3136; x_wconf 86' lang='lat' dir='ltr'><strong>posui.</strong></span> 
     </span>
     <span class='ocr_line' id='line_1_54' title="bbox 328 3141 1193 3194; baseline -0.003 -11"><span class='ocrx_word' id='word_1_455' title='bbox 328 3142 495 3183; x_wconf 88' lang='lat' dir='ltr'><strong>Primum</strong></span> <span class='ocrx_word' id='word_1_456' title='bbox 517 3144 615 3181; x_wconf 86' lang='lat' dir='ltr'><strong>enim</strong></span> <span class='ocrx_word' id='word_1_457' title='bbox 635 3143 757 3194; x_wconf 86' lang='lat' dir='ltr'><strong>probo</strong></span> <span class='ocrx_word' id='word_1_458' title='bbox 779 3142 1087 3181; x_wconf 83' lang='lat' dir='ltr'><strong>emendationem</strong></span> <span class='ocrx_word' id='word_1_459' title='bbox 1108 3141 1193 3180; x_wconf 83' lang='lat' dir='ltr'><strong>Ste-</strong></span> 
     </span>
    </p>
   </div>
   <div class='ocr_carea' id='block_1_8' title="bbox 1249 1216 2120 3193">
    <p class='ocr_par' dir='ltr' id='par_1_8' title="bbox 1249 1216 2120 3078">
     <span class='ocr_line' id='line_1_55' title="bbox 1253 1216 2119 1268; baseline -0.001 -13"><span class='ocrx_word' id='word_1_460' title='bbox 1253 1218 1348 1256; x_wconf 76' lang='lat' dir='ltr'><strong>Met.</strong></span> <span class='ocrx_word' id='word_1_461' title='bbox 1375 1216 1438 1255; x_wconf 90' lang='lat' dir='ltr'><strong>Ill.</strong></span> <span class='ocrx_word' id='word_1_462' title='bbox 1464 1230 1502 1268; x_wconf 91' lang='lat' dir='ltr'><strong>p.</strong></span> <span class='ocrx_word' id='word_1_463' title='bbox 1531 1221 1622 1258; x_wconf 80' lang='lat'><strong>1⁶29.</strong></span> <span class='ocrx_word' id='word_1_464' title='bbox 1648 1220 1686 1256; x_wconf 84' lang='lat' dir='ltr'><strong>et</strong></span> <span class='ocrx_word' id='word_1_465' title='bbox 1710 1216 1776 1255; x_wconf 81' lang='lat' dir='ltr'><strong>IV.</strong></span> <span class='ocrx_word' id='word_1_466' title='bbox 1803 1220 1945 1267; x_wconf 81' lang='lat' dir='ltr'><strong>p.281.</strong></span> <span class='ocrx_word' id='word_1_467' title='bbox 1974 1216 2119 1262; x_wconf 77' lang='lat' dir='ltr'><strong>Quam-</strong></span> 
     </span>
     <span class='ocr_line' id='line_1_56' title="bbox 1255 1272 2114 1327; baseline -0.005 -13"><span class='ocrx_word' id='word_1_468' title='bbox 1255 1289 1374 1327; x_wconf 82' lang='lat' dir='ltr'><strong>quam</strong></span> <span class='ocrx_word' id='word_1_469' title='bbox 1401 1275 1503 1312; x_wconf 76' lang='lat' dir='ltr'><strong>enim</strong></span> <span class='ocrx_word' id='word_1_470' title='bbox 1524 1275 1626 1313; x_wconf 77' lang='lat' dir='ltr'><strong>ritae</strong></span> <span class='ocrx_word' id='word_1_471' title='bbox 1650 1274 1846 1313; x_wconf 79' lang='lat' dir='ltr'><strong>ultimas</strong></span> <span class='ocrx_word' id='word_1_472' title='bbox 1870 1277 2012 1312; x_wconf 80' lang='lat' dir='ltr'><strong>metas</strong></span> <span class='ocrx_word' id='word_1_473' title='bbox 2038 1272 2114 1311; x_wconf 72' lang='lat' dir='ltr'><strong>obe·-</strong></span> 
     </span>
     <span class='ocr_line' id='line_1_57' title="bbox 1252 1328 2120 1370; baseline -0.003 0"><span class='ocrx_word' id='word_1_474' title='bbox 1252 1336 1323 1370; x_wconf 78' lang='lat' dir='ltr'><strong>ret.</strong></span> <span class='ocrx_word' id='word_1_475' title='bbox 1372 1329 1486 1368; x_wconf 90' lang='lat' dir='ltr'><strong>Ovid.</strong></span> <span class='ocrx_word' id='word_1_476' title='bbox 1513 1328 1627 1369; x_wconf 83' lang='lat' dir='ltr'><strong>Trist.</strong></span> <span class='ocrx_word' id='word_1_477' title='bbox 1654 1329 1679 1368; x_wconf 93' lang='lat' dir='ltr'><strong>I.</strong></span> <span class='ocrx_word' id='word_1_478' title='bbox 1706 1333 1741 1370; x_wconf 85' lang='lat'><strong>9.</strong></span> <span class='ocrx_word' id='word_1_479' title='bbox 1771 1333 1804 1369; x_wconf 87' lang='lat'><strong>1.</strong></span> <span class='ocrx_word' id='word_1_480' title='bbox 1829 1334 1993 1368; x_wconf 78' lang='lat' dir='ltr'><strong>metam</strong></span> <span class='ocrx_word' id='word_1_481' title='bbox 2016 1329 2120 1367; x_wconf 78' lang='lat' dir='ltr'><strong>vilae</strong></span> 
     </span>
     <span class='ocr_line' id='line_1_58' title="bbox 1251 1384 2120 1439; baseline -0.006 -13"><span class='ocrx_word' id='word_1_482' title='bbox 1251 1392 1431 1439; x_wconf 29' lang='lat' dir='ltr'><strong>tanlqere.</strong></span> <span class='ocrx_word' id='word_1_483' title='bbox 1481 1386 1632 1425; x_wconf 77' lang='lat' dir='ltr'><strong>Metam</strong></span> <span class='ocrx_word' id='word_1_484' title='bbox 1658 1387 1756 1424; x_wconf 87' lang='lat' dir='ltr'><strong>enim</strong></span> <span class='ocrx_word' id='word_1_485' title='bbox 1783 1386 1970 1425; x_wconf 72' lang='lat' dir='ltr'><strong>detrusus</strong></span> <span class='ocrx_word' id='word_1_486' title='bbox 2000 1384 2120 1422; x_wconf 81' lang='lat' dir='ltr'><strong>verba</strong></span> 
     </span>
     <span class='ocr_line' id='line_1_59' title="bbox 1252 1440 2118 1493; baseline -0.003 -12"><span class='ocrx_word' id='word_1_487' title='bbox 1252 1446 1428 1493; x_wconf 81' lang='lat' dir='ltr'><strong>corrupta</strong></span> <span class='ocrx_word' id='word_1_488' title='bbox 1448 1447 1537 1481; x_wconf 84' lang='lat' dir='ltr'><strong>sunt</strong></span> <span class='ocrx_word' id='word_1_489' title='bbox 1558 1444 1592 1480; x_wconf 92' lang='lat' dir='ltr'><strong>in</strong></span> <span class='ocrx_word' id='word_1_490' title='bbox 1609 1447 1759 1482; x_wconf 80' lang='lat' dir='ltr'><strong>metam</strong></span> <span class='ocrx_word' id='word_1_491' title='bbox 1775 1442 1986 1486; x_wconf 74' lang='lat' dir='ltr'><strong>detrusus,</strong></span> <span class='ocrx_word' id='word_1_492' title='bbox 2013 1440 2118 1492; x_wconf 86' lang='lat' dir='ltr'><strong>quod</strong></span> 
     </span>
     <span class='ocr_line' id='line_1_60' title="bbox 1251 1497 2117 1551; baseline -0.003 -14"><span class='ocrx_word' id='word_1_493' title='bbox 1251 1513 1368 1551; x_wconf 79' lang='lat' dir='ltr'><strong>quum</strong></span> <span class='ocrx_word' id='word_1_494' title='bbox 1398 1500 1627 1550; x_wconf 81' lang='lat' dir='ltr'><strong>interpretes</strong></span> <span class='ocrx_word' id='word_1_495' title='bbox 1664 1513 1737 1537; x_wconf 89' lang='lat' dir='ltr'><strong>non</strong></span> <span class='ocrx_word' id='word_1_496' title='bbox 1769 1498 2044 1545; x_wconf 71' lang='lat' dir='ltr'><strong>intelligerent,</strong></span> <span class='ocrx_word' id='word_1_497' title='bbox 2081 1497 2117 1534; x_wconf 86' lang='lat' dir='ltr'><strong>in</strong></span> 
     </span>
     <span class='ocr_line' id='line_1_61' title="bbox 1250 1552 2118 1604; baseline -0.006 -10"><span class='ocrx_word' id='word_1_498' title='bbox 1250 1570 1309 1595; x_wconf 85' lang='lat' dir='ltr'><strong>me</strong></span> <span class='ocrx_word' id='word_1_499' title='bbox 1334 1557 1483 1595; x_wconf 79' lang='lat' dir='ltr'><strong>tamlen</strong></span> <span class='ocrx_word' id='word_1_500' title='bbox 1509 1560 1638 1595; x_wconf 76' lang='lat' dir='ltr'><strong>trusus</strong></span> <span class='ocrx_word' id='word_1_501' title='bbox 1663 1555 1765 1593; x_wconf 85' lang='lat' dir='ltr'><strong>abiit.</strong></span> <span class='ocrx_word' id='word_1_502' title='bbox 1810 1556 1989 1599; x_wconf 69' lang='lat' dir='ltr'><strong>Trasum,</strong></span> <span class='ocrx_word' id='word_1_503' title='bbox 2015 1552 2118 1604; x_wconf 85' lang='lat' dir='ltr'><strong>quod</strong></span> 
     </span>
     <span class='ocr_line' id='line_1_62' title="bbox 1253 1610 2119 1663; baseline -0.005 -13"><span class='ocrx_word' id='word_1_504' title='bbox 1253 1612 1383 1663; x_wconf 86' lang='lat' dir='ltr'><strong>optimi</strong></span> <span class='ocrx_word' id='word_1_505' title='bbox 1423 1611 1533 1650; x_wconf 88' lang='lat' dir='ltr'><strong>codd.</strong></span> <span class='ocrx_word' id='word_1_506' title='bbox 1572 1615 1795 1650; x_wconf 80' lang='lat' dir='ltr'><strong>constanter</strong></span> <span class='ocrx_word' id='word_1_507' title='bbox 1825 1611 2029 1662; x_wconf 74' lang='lat' dir='ltr'><strong>praebent,</strong></span> <span class='ocrx_word' id='word_1_508' title='bbox 2066 1610 2119 1647; x_wconf 84' lang='lat' dir='ltr'><strong>ita</strong></span> 
     </span>
     <span class='ocr_line' id='line_1_63' title="bbox 1253 1669 2118 1718; baseline -0.005 -12"><span class='ocrx_word' id='word_1_509' title='bbox 1253 1672 1427 1706; x_wconf 72' lang='lat' dir='ltr'><strong>exortunr</strong></span> <span class='ocrx_word' id='word_1_510' title='bbox 1465 1671 1575 1718; x_wconf 80' lang='lat' dir='ltr'><strong>puto,</strong></span> <span class='ocrx_word' id='word_1_511' title='bbox 1611 1672 1653 1706; x_wconf 91' lang='lat' dir='ltr'><strong>ut</strong></span> <span class='ocrx_word' id='word_1_512' title='bbox 1688 1669 1792 1718; x_wconf 86' lang='lat' dir='ltr'><strong>prius</strong></span> <span class='ocrx_word' id='word_1_513' title='bbox 1830 1672 1962 1706; x_wconf 74' lang='lat' dir='ltr'><strong>trusus</strong></span> <span class='ocrx_word' id='word_1_514' title='bbox 1992 1679 2118 1705; x_wconf 82' lang='lat' dir='ltr'><strong>merso</strong></span> 
     </span>
     <span class='ocr_line' id='line_1_64' title="bbox 1252 1723 2117 1775; baseline -0.006 -12"><span class='ocrx_word' id='word_1_515' title='bbox 1252 1726 1435 1775; x_wconf 85' lang='lat' dir='ltr'><strong>scriptum</strong></span> <span class='ocrx_word' id='word_1_516' title='bbox 1473 1724 1601 1769; x_wconf 79' lang='lat' dir='ltr'><strong>suerit,</strong></span> <span class='ocrx_word' id='word_1_517' title='bbox 1644 1724 1730 1762; x_wconf 89' lang='lat' dir='ltr'><strong>dein</strong></span> <span class='ocrx_word' id='word_1_518' title='bbox 1769 1736 1883 1774; x_wconf 89' lang='lat' dir='ltr'><strong>quum</strong></span> <span class='ocrx_word' id='word_1_519' title='bbox 1918 1736 2047 1762; x_wconf 81' lang='lat' dir='ltr'><strong>merso</strong></span> <span class='ocrx_word' id='word_1_520' title='bbox 2082 1723 2117 1759; x_wconf 89' lang='lat' dir='ltr'><strong>in</strong></span> 
     </span>
     <span class='ocr_line' id='line_1_65' title="bbox 1252 1781 2119 1831; baseline -0.005 -12"><span class='ocrx_word' id='word_1_521' title='bbox 1252 1783 1369 1819; x_wconf 78' lang='lat' dir='ltr'><strong>misso</strong></span> <span class='ocrx_word' id='word_1_522' title='bbox 1393 1781 1643 1831; x_wconf 80' lang='lat' dir='ltr'><strong>depravatum</strong></span> <span class='ocrx_word' id='word_1_523' title='bbox 1668 1781 1898 1818; x_wconf 88' lang='lat' dir='ltr'><strong>sententiam</strong></span> <span class='ocrx_word' id='word_1_524' title='bbox 1918 1793 1991 1818; x_wconf 87' lang='lat' dir='ltr'><strong>non</strong></span> <span class='ocrx_word' id='word_1_525' title='bbox 2011 1790 2119 1831; x_wconf 87' lang='lat' dir='ltr'><strong>prae-</strong></span> 
     </span>
     <span class='ocr_line' id='line_1_66' title="bbox 1251 1834 2118 1888; baseline -0.003 -13"><span class='ocrx_word' id='word_1_526' title='bbox 1251 1838 1374 1882; x_wconf 83' lang='lat' dir='ltr'><strong>beret,</strong></span> <span class='ocrx_word' id='word_1_527' title='bbox 1400 1841 1596 1888; x_wconf 84' lang='lat' dir='ltr'><strong>postrema</strong></span> <span class='ocrx_word' id='word_1_528' title='bbox 1619 1836 1777 1888; x_wconf 78' lang='lat' dir='ltr'><strong>syllaba</strong></span> <span class='ocrx_word' id='word_1_529' title='bbox 1801 1850 1884 1874; x_wconf 84' lang='lat' dir='ltr'><strong>voc.</strong></span> <span class='ocrx_word' id='word_1_530' title='bbox 1911 1841 2044 1876; x_wconf 74' lang='lat' dir='ltr'><strong>trusus</strong></span> <span class='ocrx_word' id='word_1_531' title='bbox 2067 1834 2118 1874; x_wconf 87' lang='lat' dir='ltr'><strong>ad</strong></span> 
     </span>
     <span class='ocr_line' id='line_1_67' title="bbox 1249 1893 2118 1946; baseline -0.005 -14"><span class='ocrx_word' id='word_1_532' title='bbox 1249 1894 1446 1946; x_wconf 80' lang='lat' dir='ltr'><strong>posterius</strong></span> <span class='ocrx_word' id='word_1_533' title='bbox 1470 1893 1700 1932; x_wconf 81' lang='lat' dir='ltr'><strong>vocabulum</strong></span> <span class='ocrx_word' id='word_1_534' title='bbox 1732 1896 1851 1931; x_wconf 84' lang='lat' dir='ltr'><strong>tracta</strong></span> <span class='ocrx_word' id='word_1_535' title='bbox 1884 1893 1953 1938; x_wconf 87' lang='lat' dir='ltr'><strong>sit,</strong></span> <span class='ocrx_word' id='word_1_536' title='bbox 1987 1893 2118 1942; x_wconf 85' lang='lat' dir='ltr'><strong>itaque</strong></span> 
     </span>
     <span class='ocr_line' id='line_1_68' title="bbox 1249 1947 2117 2000; baseline -0.007 -10"><span class='ocrx_word' id='word_1_537' title='bbox 1249 1956 1315 1990; x_wconf 75' lang='lat' dir='ltr'><strong>ira</strong></span> <span class='ocrx_word' id='word_1_538' title='bbox 1333 1951 1552 1996; x_wconf 72' lang='grc' dir='ltr'><strong>ειωηηιίεευ,</strong></span> <span class='ocrx_word' id='word_1_539' title='bbox 1578 1954 1618 1987; x_wconf 85' lang='lat' dir='ltr'><strong>ut</strong></span> <span class='ocrx_word' id='word_1_540' title='bbox 1636 1952 1671 1988; x_wconf 91' lang='lat' dir='ltr'><strong>in</strong></span> <span class='ocrx_word' id='word_1_541' title='bbox 1687 1949 1734 1988; x_wconf 83' lang='lat' dir='ltr'><strong>F.</strong></span> <span class='ocrx_word' id='word_1_542' title='bbox 1756 1953 1794 1990; x_wconf 87' lang='lat'><strong>3.</strong></span> <span class='ocrx_word' id='word_1_543' title='bbox 1813 1953 1946 2000; x_wconf 83' lang='lat' dir='ltr'><strong>aperte</strong></span> <span class='ocrx_word' id='word_1_544' title='bbox 1967 1947 2117 1999; x_wconf 82' lang='lat' dir='ltr'><strong>legitur,</strong></span> 
     </span>
     <span class='ocr_line' id='line_1_69' title="bbox 1249 2005 2116 2056; baseline -0.005 -11"><span class='ocrx_word' id='word_1_545' title='bbox 1249 2008 1427 2046; x_wconf 81' lang='lat' dir='ltr'><strong>evaserit.</strong></span> <span class='ocrx_word' id='word_1_546' title='bbox 1477 2007 1603 2046; x_wconf 79' lang='lat' dir='ltr'><strong>Misso</strong></span> <span class='ocrx_word' id='word_1_547' title='bbox 1634 2007 1667 2044; x_wconf 85' lang='lat' dir='ltr'><strong>si</strong></span> <span class='ocrx_word' id='word_1_548' title='bbox 1699 2006 1777 2044; x_wconf 89' lang='lat' dir='ltr'><strong>ullo</strong></span> <span class='ocrx_word' id='word_1_549' title='bbox 1804 2005 1987 2056; x_wconf 87' lang='lat' dir='ltr'><strong>exemplo</strong></span> <span class='ocrx_word' id='word_1_550' title='bbox 2012 2018 2116 2043; x_wconf 89' lang='lat' dir='ltr'><strong>com-</strong></span> 
     </span>
     <span class='ocr_line' id='line_1_70' title="bbox 1250 2062 2115 2115; baseline -0.002 -15"><span class='ocrx_word' id='word_1_551' title='bbox 1250 2065 1403 2115; x_wconf 83' lang='lat' dir='ltr'><strong>probari</strong></span> <span class='ocrx_word' id='word_1_552' title='bbox 1432 2067 1571 2115; x_wconf 80' lang='lat' dir='ltr'><strong>posset</strong></span> <span class='ocrx_word' id='word_1_553' title='bbox 1595 2076 1662 2114; x_wconf 87' lang='lat' dir='ltr'><strong>pro</strong></span> <span class='ocrx_word' id='word_1_554' title='bbox 1693 2063 1891 2107; x_wconf 79' lang='lat' dir='ltr'><strong>demerso,</strong></span> <span class='ocrx_word' id='word_1_555' title='bbox 1923 2062 2115 2113; x_wconf 74' lang='lat' dir='ltr'><strong>depresso</strong></span> 
     </span>
     <span class='ocr_line' id='line_1_71' title="bbox 1250 2118 2117 2173; baseline -0.006 -14"><span class='ocrx_word' id='word_1_556' title='bbox 1250 2121 1323 2159; x_wconf 89' lang='lat' dir='ltr'><strong>dici</strong></span> <span class='ocrx_word' id='word_1_557' title='bbox 1338 2121 1440 2173; x_wconf 85' lang='lat' dir='ltr'><strong>apud</strong></span> <span class='ocrx_word' id='word_1_558' title='bbox 1455 2123 1625 2162; x_wconf 77' lang='lat' dir='ltr'><strong>veteres.</strong></span> <span class='ocrx_word' id='word_1_559' title='bbox 1652 2133 1725 2157; x_wconf 85' lang='lat' dir='ltr'><strong>nou</strong></span> <span class='ocrx_word' id='word_1_560' title='bbox 1739 2119 2001 2163; x_wconf 74' lang='lat' dir='ltr'><strong>sollicitarem,</strong></span> <span class='ocrx_word' id='word_1_561' title='bbox 2028 2118 2117 2167; x_wconf 83' lang='lat' dir='ltr'><strong>quia</strong></span> 
     </span>
     <span class='ocr_line' id='line_1_72' title="bbox 1250 2175 2117 2228; baseline -0.005 -13"><span class='ocrx_word' id='word_1_562' title='bbox 1250 2191 1341 2215; x_wconf 87' lang='lat' dir='ltr'><strong>vero</strong></span> <span class='ocrx_word' id='word_1_563' title='bbox 1363 2191 1463 2227; x_wconf 76' lang='lat' dir='ltr'><strong>qnae</strong></span> <span class='ocrx_word' id='word_1_564' title='bbox 1483 2176 1610 2215; x_wconf 81' lang='lat' dir='ltr'><strong>afferri</strong></span> <span class='ocrx_word' id='word_1_565' title='bbox 1632 2179 1798 2228; x_wconf 83' lang='lat' dir='ltr'><strong>possunt</strong></span> <span class='ocrx_word' id='word_1_566' title='bbox 1817 2175 1997 2227; x_wconf 85' lang='lat' dir='ltr'><strong>exempla</strong></span> <span class='ocrx_word' id='word_1_567' title='bbox 2017 2187 2117 2211; x_wconf 85' lang='lat' dir='ltr'><strong>sem·</strong></span> 
     </span>
     <span class='ocr_line' id='line_1_73' title="bbox 1250 2230 2118 2285; baseline -0.006 -13"><span class='ocrx_word' id='word_1_568' title='bbox 1250 2247 1318 2285; x_wconf 88' lang='lat' dir='ltr'><strong>per</strong></span> <span class='ocrx_word' id='word_1_569' title='bbox 1342 2234 1559 2272; x_wconf 86' lang='lat' dir='ltr'><strong>adiunctam</strong></span> <span class='ocrx_word' id='word_1_570' title='bbox 1586 2233 1729 2271; x_wconf 81' lang='lat' dir='ltr'><strong>babent</strong></span> <span class='ocrx_word' id='word_1_571' title='bbox 1754 2233 1948 2270; x_wconf 85' lang='lat' dir='ltr'><strong>notionem</strong></span> <span class='ocrx_word' id='word_1_572' title='bbox 1972 2230 2044 2269; x_wconf 86' lang='lat' dir='ltr'><strong>loci</strong></span> <span class='ocrx_word' id='word_1_573' title='bbox 2065 2230 2118 2267; x_wconf 91' lang='lat' dir='ltr'><strong>in-</strong></span> 
     </span>
     <span class='ocr_line' id='line_1_74' title="bbox 1251 2286 2116 2340; baseline -0.006 -12"><span class='ocrx_word' id='word_1_574' title='bbox 1251 2291 1418 2336; x_wconf 80' lang='lat' dir='ltr'><strong>ferioris,</strong></span> <span class='ocrx_word' id='word_1_575' title='bbox 1445 2291 1479 2328; x_wconf 90' lang='lat' dir='ltr'><strong>in</strong></span> <span class='ocrx_word' id='word_1_576' title='bbox 1506 2303 1620 2340; x_wconf 75' lang='lat' dir='ltr'><strong>quent</strong></span> <span class='ocrx_word' id='word_1_577' title='bbox 1646 2290 1731 2340; x_wconf 88' lang='lat' dir='ltr'><strong>quis</strong></span> <span class='ocrx_word' id='word_1_578' title='bbox 1756 2289 1924 2334; x_wconf 87' lang='lat' dir='ltr'><strong>mittitur,</strong></span> <span class='ocrx_word' id='word_1_579' title='bbox 1950 2292 1991 2326; x_wconf 90' lang='lat' dir='ltr'><strong>ut</strong></span> <span class='ocrx_word' id='word_1_580' title='bbox 2014 2286 2116 2338; x_wconf 85' lang='lat' dir='ltr'><strong>apud</strong></span> 
     </span>
     <span class='ocr_line' id='line_1_75' title="bbox 1249 2344 2117 2396; baseline -0.005 -10"><span class='ocrx_word' id='word_1_581' title='bbox 1249 2347 1436 2386; x_wconf 71' lang='lat' dir='ltr'><strong>Manilv.</strong></span> <span class='ocrx_word' id='word_1_582' title='bbox 1461 2350 1551 2387; x_wconf 88' lang='grc'><strong>190.</strong></span> <span class='ocrx_word' id='word_1_583' title='bbox 1578 2344 1699 2386; x_wconf 74' lang='lat' dir='ltr'><strong>caeco</strong></span> <span class='ocrx_word' id='word_1_584' title='bbox 1724 2346 1862 2384; x_wconf 76' lang='lat' dir='ltr'><strong>missa</strong></span> <span class='ocrx_word' id='word_1_585' title='bbox 1884 2344 2117 2396; x_wconf 74' lang='lat' dir='ltr'><strong>profunde,</strong></span> 
     </span>
     <span class='ocr_line' id='line_1_76' title="bbox 1250 2401 2117 2452; baseline -0.006 -10"><span class='ocrx_word' id='word_1_586' title='bbox 1250 2405 1368 2443; x_wconf 79' lang='lat' dir='ltr'><strong>misso</strong></span> <span class='ocrx_word' id='word_1_587' title='bbox 1383 2404 1459 2442; x_wconf 92' lang='lat' dir='ltr'><strong>hoc</strong></span> <span class='ocrx_word' id='word_1_588' title='bbox 1474 2403 1559 2442; x_wconf 87' lang='lat' dir='ltr'><strong>loeo</strong></span> <span class='ocrx_word' id='word_1_589' title='bbox 1574 2407 1676 2441; x_wconf 82' lang='lat' dir='ltr'><strong>stare</strong></span> <span class='ocrx_word' id='word_1_590' title='bbox 1691 2402 1832 2452; x_wconf 85' lang='lat' dir='ltr'><strong>nequit.</strong></span> <span class='ocrx_word' id='word_1_591' title='bbox 1869 2401 1968 2439; x_wconf 86' lang='lat' dir='ltr'><strong>Hinc</strong></span> <span class='ocrx_word' id='word_1_592' title='bbox 1989 2412 2117 2438; x_wconf 84' lang='lat' dir='ltr'><strong>emen-</strong></span> 
     </span>
     <span class='ocr_line' id='line_1_77' title="bbox 1252 2457 2118 2510; baseline -0.003 -12"><span class='ocrx_word' id='word_1_593' title='bbox 1252 2461 1341 2499; x_wconf 81' lang='lat' dir='ltr'><strong>davi</strong></span> <span class='ocrx_word' id='word_1_594' title='bbox 1380 2475 1524 2505; x_wconf 73' lang='lat' dir='ltr'><strong>merso,</strong></span> <span class='ocrx_word' id='word_1_595' title='bbox 1562 2459 1662 2510; x_wconf 87' lang='lat' dir='ltr'><strong>quod</strong></span> <span class='ocrx_word' id='word_1_596' title='bbox 1696 2459 1848 2509; x_wconf 82' lang='lat' dir='ltr'><strong>quoties</strong></span> <span class='ocrx_word' id='word_1_597' title='bbox 1886 2470 1969 2496; x_wconf 87' lang='lat' dir='ltr'><strong>cum</strong></span> <span class='ocrx_word' id='word_1_598' title='bbox 2000 2457 2118 2495; x_wconf 74' lang='lat' dir='ltr'><strong>misso</strong></span> 
     </span>
     <span class='ocr_line' id='line_1_78' title="bbox 1250 2515 2118 2559; baseline -0.005 -5"><span class='ocrx_word' id='word_1_599' title='bbox 1250 2518 1285 2554; x_wconf 91' lang='lat' dir='ltr'><strong>in</strong></span> <span class='ocrx_word' id='word_1_600' title='bbox 1322 2517 1424 2555; x_wconf 82' lang='lat' dir='ltr'><strong>Mss.</strong></span> <span class='ocrx_word' id='word_1_601' title='bbox 1462 2516 1728 2559; x_wconf 80' lang='lat' dir='ltr'><strong>confundatur,</strong></span> <span class='ocrx_word' id='word_1_602' title='bbox 1766 2515 2009 2553; x_wconf 83' lang='lat' dir='ltr'><strong>notissimum</strong></span> <span class='ocrx_word' id='word_1_603' title='bbox 2046 2517 2118 2551; x_wconf 87' lang='lat' dir='ltr'><strong>est.</strong></span> 
     </span>
     <span class='ocr_line' id='line_1_79' title="bbox 1252 2569 2117 2613; baseline -0.006 -1"><span class='ocrx_word' id='word_1_604' title='bbox 1252 2574 1299 2613; x_wconf 84' lang='lat' dir='ltr'><strong>cf.</strong></span> <span class='ocrx_word' id='word_1_605' title='bbox 1320 2572 1420 2612; x_wconf 85' lang='lat' dir='ltr'><strong>Cort.</strong></span> <span class='ocrx_word' id='word_1_606' title='bbox 1441 2573 1488 2611; x_wconf 90' lang='lat' dir='ltr'><strong>ad</strong></span> <span class='ocrx_word' id='word_1_607' title='bbox 1512 2573 1655 2611; x_wconf 83' lang='lat' dir='ltr'><strong>Lucan.</strong></span> <span class='ocrx_word' id='word_1_608' title='bbox 1675 2571 1738 2610; x_wconf 83' lang='grc' dir='ltr'><strong>ΙΙΙ.</strong></span> <span class='ocrx_word' id='word_1_609' title='bbox 1756 2575 1847 2612; x_wconf 70' lang='grc'><strong>748.</strong></span> <span class='ocrx_word' id='word_1_610' title='bbox 1873 2570 1935 2608; x_wconf 86' lang='lat' dir='ltr'><strong>De</strong></span> <span class='ocrx_word' id='word_1_611' title='bbox 1950 2569 2117 2608; x_wconf 88' lang='lat' dir='ltr'><strong>dictione</strong></span> 
     </span>
     <span class='ocr_line' id='line_1_80' title="bbox 1253 2625 2116 2683; baseline -0.006 -14"><span class='ocrx_word' id='word_1_612' title='bbox 1253 2636 1379 2682; x_wconf 75' lang='lat' dir='ltr'><strong>capul</strong></span> <span class='ocrx_word' id='word_1_613' title='bbox 1391 2643 1573 2683; x_wconf 73' lang='lat' dir='ltr'><strong>meryere</strong></span> <span class='ocrx_word' id='word_1_614' title='bbox 1594 2628 1641 2667; x_wconf 85' lang='lat' dir='ltr'><strong>cs.</strong></span> <span class='ocrx_word' id='word_1_615' title='bbox 1657 2628 1724 2666; x_wconf 91' lang='lat' dir='ltr'><strong>Dr.</strong></span> <span class='ocrx_word' id='word_1_616' title='bbox 1739 2628 1786 2665; x_wconf 88' lang='lat' dir='ltr'><strong>ad</strong></span> <span class='ocrx_word' id='word_1_617' title='bbox 1803 2626 1873 2665; x_wconf 75' lang='lat' dir='ltr'><strong>Sil.</strong></span> <span class='ocrx_word' id='word_1_618' title='bbox 1891 2626 1971 2665; x_wconf 85' lang='lat' dir='ltr'><strong>ltal.</strong></span> <span class='ocrx_word' id='word_1_619' title='bbox 1986 2625 2036 2664; x_wconf 93' lang='lat' dir='ltr'><strong>X.</strong></span> <span class='ocrx_word' id='word_1_620' title='bbox 2053 2629 2116 2666; x_wconf 87' lang='lat'><strong>79.</strong></span> 
     </span>
     <span class='ocr_line' id='line_1_81' title="bbox 1259 2683 2118 2737; baseline -0.009 -9"><span class='ocrx_word' id='word_1_621' title='bbox 1259 2688 1312 2728; x_wconf 85' lang='lat' dir='ltr'><strong>Ul</strong></span> <span class='ocrx_word' id='word_1_622' title='bbox 1332 2688 1445 2727; x_wconf 73' lang='lat' dir='ltr'><strong>canis</strong></span> <span class='ocrx_word' id='word_1_623' title='bbox 1466 2687 1646 2726; x_wconf 77' lang='lat' dir='ltr'><strong>occultos</strong></span> <span class='ocrx_word' id='word_1_624' title='bbox 1666 2686 1799 2737; x_wconf 73' lang='grc' dir='ltr'><strong>(1ῃὶἰαί</strong></span> <span class='ocrx_word' id='word_1_625' title='bbox 1814 2698 1900 2723; x_wconf 84' lang='lat' dir='ltr'><strong>eum</strong></span> <span class='ocrx_word' id='word_1_626' title='bbox 1915 2683 2118 2735; x_wconf 69' lang='lat' dir='ltr'><strong>Belqicrcs</strong></span> 
     </span>
     <span class='ocr_line' id='line_1_82' title="bbox 1251 2739 2118 2797; baseline -0.008 -14"><span class='ocrx_word' id='word_1_627' title='bbox 1251 2758 1394 2797; x_wconf 76' lang='lat' dir='ltr'><strong>apros,</strong></span> <span class='ocrx_word' id='word_1_628' title='bbox 1434 2744 1689 2794; x_wconf 62' lang='lat' dir='ltr'><strong>Errare-eque</strong></span> <span class='ocrx_word' id='word_1_629' title='bbox 1721 2743 1839 2793; x_wconf 82' lang='lat' dir='ltr'><strong>ferae</strong></span> <span class='ocrx_word' id='word_1_630' title='bbox 1873 2739 2014 2778; x_wconf 81' lang='lat' dir='ltr'><strong>sollers</strong></span> <span class='ocrx_word' id='word_1_631' title='bbox 2039 2752 2118 2791; x_wconf 77' lang='lat' dir='ltr'><strong>per</strong></span> 
     </span>
     <span class='ocr_line' id='line_1_83' title="bbox 1252 2795 2118 2849; baseline -0.008 -10"><span class='ocrx_word' id='word_1_632' title='bbox 1252 2801 1371 2840; x_wconf 73' lang='lat' dir='ltr'><strong>decia</strong></span> <span class='ocrx_word' id='word_1_633' title='bbox 1396 2814 1544 2839; x_wconf 75' lang='lat' dir='ltr'><strong>mersa</strong></span> <span class='ocrx_word' id='word_1_634' title='bbox 1570 2798 1701 2838; x_wconf 83' lang='lat' dir='ltr'><strong>Nare</strong></span> <span class='ocrx_word' id='word_1_635' title='bbox 1726 2797 1838 2849; x_wconf 68' lang='lat' dir='ltr'><strong>leyit.</strong></span> <span class='ocrx_word' id='word_1_636' title='bbox 1894 2795 2041 2834; x_wconf 83' lang='lat' dir='ltr'><strong>Colum.</strong></span> <span class='ocrx_word' id='word_1_637' title='bbox 2068 2795 2118 2833; x_wconf 87' lang='lat' dir='ltr'><strong>de</strong></span> 
     </span>
     <span class='ocr_line' id='line_1_84' title="bbox 1251 2852 2118 2907; baseline -0.008 -11"><span class='ocrx_word' id='word_1_638' title='bbox 1251 2857 1299 2896; x_wconf 87' lang='lat' dir='ltr'><strong>R.</strong></span> <span class='ocrx_word' id='word_1_639' title='bbox 1315 2856 1361 2895; x_wconf 87' lang='lat' dir='ltr'><strong>R.</strong></span> <span class='ocrx_word' id='word_1_640' title='bbox 1377 2856 1438 2895; x_wconf 85' lang='grc' dir='ltr'><strong>ΙΙΙ.</strong></span> <span class='ocrx_word' id='word_1_641' title='bbox 1457 2860 1518 2896; x_wconf 87' lang='grc'><strong>18.</strong></span> <span class='ocrx_word' id='word_1_642' title='bbox 1548 2854 1714 2907; x_wconf 79' lang='lat' dir='ltr'><strong>Reliqui</strong></span> <span class='ocrx_word' id='word_1_643' title='bbox 1739 2855 1822 2893; x_wconf 76' lang='lat' dir='ltr'><strong>duo</strong></span> <span class='ocrx_word' id='word_1_644' title='bbox 1849 2853 1911 2891; x_wconf 76' lang='lat' dir='ltr'><strong>cel</strong></span> <span class='ocrx_word' id='word_1_645' title='bbox 1933 2856 2013 2891; x_wconf 81' lang='lat' dir='ltr'><strong>tres</strong></span> <span class='ocrx_word' id='word_1_646' title='bbox 2028 2852 2118 2902; x_wconf 78' lang='lat' dir='ltr'><strong>fru-</strong></span> 
     </span>
     <span class='ocr_line' id='line_1_85' title="bbox 1253 2908 2118 2965; baseline -0.009 -12"><span class='ocrx_word' id='word_1_647' title='bbox 1253 2914 1403 2953; x_wconf 77' lang='lat' dir='ltr'><strong>ctuarii</strong></span> <span class='ocrx_word' id='word_1_648' title='bbox 1423 2912 1534 2953; x_wconf 76' lang='lat' dir='ltr'><strong>oculi</strong></span> <span class='ocrx_word' id='word_1_649' title='bbox 1545 2912 1706 2965; x_wconf 64' lang='lat' dir='ltr'><strong>peniteas</strong></span> <span class='ocrx_word' id='word_1_650' title='bbox 1724 2910 1766 2948; x_wconf 79' lang='lat' dir='ltr'><strong>in</strong></span> <span class='ocrx_word' id='word_1_651' title='bbox 1786 2914 1933 2948; x_wconf 75' lang='lat' dir='ltr'><strong>terram</strong></span> <span class='ocrx_word' id='word_1_652' title='bbox 1959 2908 2118 2960; x_wconf 70' lang='lat' dir='ltr'><strong>depri-</strong></span> 
     </span>
     <span class='ocr_line' id='line_1_86' title="bbox 1251 2964 2119 3020; baseline -0.008 -11"><span class='ocrx_word' id='word_1_653' title='bbox 1251 2975 1448 3016; x_wconf 81' lang='lat' dir='ltr'><strong>mantur,</strong></span> <span class='ocrx_word' id='word_1_654' title='bbox 1473 2969 1697 3020; x_wconf 73' lang='lat' dir='ltr'><strong>mersique</strong></span> <span class='ocrx_word' id='word_1_655' title='bbox 1720 2980 1801 3006; x_wconf 77' lang='lat' dir='ltr'><strong>non</strong></span> <span class='ocrx_word' id='word_1_656' title='bbox 1821 2965 2022 3011; x_wconf 79' lang='lat' dir='ltr'><strong>materias,</strong></span> <span class='ocrx_word' id='word_1_657' title='bbox 2047 2964 2119 3003; x_wconf 77' lang='lat' dir='ltr'><strong>scd</strong></span> 
     </span>
     <span class='ocr_line' id='line_1_87' title="bbox 1249 3024 1611 3078; baseline -0.008 -12"><span class='ocrx_word' id='word_1_658' title='bbox 1249 3027 1412 3066; x_wconf 75' lang='lat' dir='ltr'><strong>radices</strong></span> <span class='ocrx_word' id='word_1_659' title='bbox 1437 3024 1611 3078; x_wconf 58' lang='lat' dir='ltr'><strong>creant]</strong></span> 
     </span>
    </p>

    <p class='ocr_par' dir='ltr' id='par_1_9' title="bbox 1253 3076 2119 3193">
     <span class='ocr_line' id='line_1_88' title="bbox 1306 3076 2119 3130; baseline -0.01 -8"><span class='ocrx_word' id='word_1_660' title='bbox 1306 3083 1547 3123; x_wconf 77' lang='lat' dir='ltr'><strong>multiscium</strong></span> <span class='ocrx_word' id='word_1_661' title='bbox 1587 3079 1785 3119; x_wconf 73' lang='lat' dir='ltr'><strong>reddidit.</strong></span> <span class='ocrx_word' id='word_1_662' title='bbox 1861 3076 2119 3130; x_wconf 87' lang='lat' dir='ltr'><strong>[Particulam</strong></span> 
     </span>
     <span class='ocr_line' id='line_1_89' title="bbox 1253 3133 2117 3193; baseline -0.01 -13"><span class='ocrx_word' id='word_1_663' title='bbox 1253 3145 1375 3187; x_wconf 76' lang='lat' dir='ltr'><strong>certe,</strong></span> <span class='ocrx_word' id='word_1_664' title='bbox 1407 3152 1507 3193; x_wconf 87' lang='lat' dir='ltr'><strong>quae</strong></span> <span class='ocrx_word' id='word_1_665' title='bbox 1537 3139 1571 3177; x_wconf 87' lang='lat' dir='ltr'><strong>in</strong></span> <span class='ocrx_word' id='word_1_666' title='bbox 1604 3137 1751 3191; x_wconf 86' lang='lat' dir='ltr'><strong>aliquot</strong></span> <span class='ocrx_word' id='word_1_667' title='bbox 1775 3135 1886 3175; x_wconf 87' lang='lat' dir='ltr'><strong>codd.</strong></span> <span class='ocrx_word' id='word_1_668' title='bbox 1913 3138 2001 3172; x_wconf 87' lang='lat' dir='ltr'><strong>ante</strong></span> <span class='ocrx_word' id='word_1_669' title='bbox 2026 3133 2117 3175; x_wconf 74' lang='lat' dir='ltr'><strong>recl·</strong></span> 
     </span>
    </p>
   </div>
  </div>
 </body>
</html>
