2155 3590
673 149 861 189 LIBER.
890 148 940 188 ll.
1000 145 1128 187 cAP.
1158 147 1254 186 XV.
1796 144 1877 186 109

84 262 160 301 trio
194 261 377 302 nocturni
419 261 604 315 gannitus
647 261 945 316 ablegarentur‚
998 260 1100 301 humi
1138 272 1251 313 quam
1285 258 1419 311 procul
1447 255 1455 313 1
1483 257 1687 296 distratum
1732 256 1876 305 fuerat,
1910 263 1968 295 125

85 325 124 359 et
149 318 395 372 grabatulum
421 331 548 358 meum
574 318 725 357 adstitit
748 319 925 358 mensula
951 330 1096 357 coenae
1121 315 1240 356 totius
1267 315 1452 354 honestas
1473 313 1659 366 reliquias
1680 312 1877 361 toleransg

85 381 123 413 et
159 374 299 414 calices
336 374 427 413 boni
463 374 540 413 iam
570 374 700 414 infuso
731 374 847 414 latice
884 373 1086 427 semipleni
1123 372 1246 412 solam
1284 369 1507 423 temperiem
1540 369 1798 409 sustinentes:
1843 375 1882 408 et

85 431 226 484 lagena
261 430 374 470 iuxta
411 430 575 470 orifacio
613 430 754 470 cessim
785 430 1010 470 dehiscente
1036 437 1266 484 patescens,
1304 426 1430 467 facilis
1457 425 1615 465 hauritu
1638 424 1644 481 Ι
1668 457 1678 475 ,
1719 438 1880 479 prorsus
1907 431 1970 467 126

86 487 341 540 gladiatoriae
371 485 543 527 Veneris
568 486 815 527 antecoenia.

84 590 321 630 oblegarentur
334 593 407 621 Ald.
422 591 644 631 alegarentur
657 595 693 621 G.
709 595 737 621 1.
753 591 988 630 allegarentur
1001 589 1030 621 ὃ.
1045 599 1079 620 π.
1095 590 1312 629 ablegaretur
1324 591 1360 618 Β.
1408 586 1503 615 Ιιαηιί
1514 589 1548 616 0.
1586 585 1789 614 distractam
1801 587 1837 614 F.
1852 588 1866 614 1
1876 608 1882 615 .

85 639 120 666 G.
133 639 160 666 1.
175 639 206 666 2.
220 639 256 666 P.
270 639 306 666 B.
320 641 351 666 et
364 645 474 667 omnes
488 640 558 667 edd.
575 642 649 667 vett.
667 638 795 677 fuerat
809 640 900 666 abest
917 646 937 666 a
950 635 979 666 ὃ.
995 646 1030 666 π.
1057 640 1091 664 et
1104 640 1180 665 ante
1190 633 1409 673 grabatulum
1423 635 1507 668 quod
1521 633 1554 660 in
1567 632 1661 661 libris
1675 632 1804 667 legitur,
1819 640 1883 659 non

84 686 243 717 comparet
256 683 289 711 in
303 684 338 711 B.
354 686 382 711 et
398 685 468 712 edd.
482 688 558 712 vett.
606 682 745 711 adstitit
759 684 793 711 F.
808 684 838 711 3.
855 685 890 711 G.
907 685 936 711 2.
957 685 993 711 L.
1008 684 1044 711 P.
1066 683 1098 711 in
1113 684 1186 710 coll.
1201 682 1332 710 Putsch.
1357 679 1474 707 astitit
1486 679 1523 707 F.
1541 680 1568 706 1.
1583 678 1608 705 G
1637 679 1663 705 l.
1690 678 1726 705 P.
1740 678 1774 705 0.
1795 673 1824 704 ὸ“.
1843 677 1881 704 D.

83 729 120 755 In
134 731 206 756 cett.
221 731 269 756 est
284 726 423 755 adsistit
470 728 640 756 mensulae
654 730 689 757 F.
703 731 733 757 3.
749 730 784 756 G.
804 730 829 756 l.
845 730 874 756 2.
890 729 927 756 D.
942 728 1067 756 Vicent.
1081 729 1195 756 Venel.
1210 728 1240 754 2.
1267 720 1367 764 [quae
1380 725 1455 753 inde
1468 724 1596 752 videtur
1607 731 1679 750 esse
1693 726 1763 750 orta
1777 721 1884 752 lectio,

84 774 163 806 quia
179 773 405 802 accusativum
425 777 523 802 verbo
543 772 685 801 adstare
705 775 848 802 iunctum
864 773 947 801 ferre
961 773 1087 801 librarii
1107 780 1172 800 non
1192 775 1354 807 poteraut,
1380 770 1465 798 unde
1493 766 1712 805 grabatulum
1734 766 1864 794 nomina

84 819 184 846 tivum
209 826 283 846 esse
307 819 491 855 putabant]
540 817 702 847 honestas·
728 819 841 847 Heius.
862 821 1003 846 onustas
1024 821 1075 847 vel
1094 817 1347 850 inc-ommestas,
1373 814 1561 849 intelligens
1575 815 1701 848 epulas.
1744 811 1884 847 perciet

81 861 307 900 gallinarum,
333 871 415 897 quas
429 865 493 892 sihi
506 865 640 893 xeniola
651 868 822 899 acceperat
835 872 856 893 a
869 865 1048 897 Byrrhena.
1097 861 1298 889 tollerantes
1312 863 1350 890 D.
1396 859 1467 887 bini
1484 860 1518 887 B.
1534 859 1614 888 Oud.
1633 858 1798 886 emendat:
1824 864 1884 883 ca-

84 907 163 936 tices
189 908 267 936 boni
288 909 360 936 vini
382 909 449 936 iam
474 910 588 948 infuso
619 908 721 936 latice
746 919 771 938 s.
798 918 853 943 pro
877 908 954 935 honi
976 909 1089 943 reponi
1114 910 1181 936 vult
1208 906 1300 939 vilio,
1333 913 1429 940 quum
1456 905 1488 933 in
1513 905 1584 932 cod.
1609 904 1644 931 0.
1693 901 1796 930 latice
1821 910 1883 929 non

85 957 277 988 compareat.
313 955 449 988 Lipsius
482 963 537 989 pro
568 954 647 982 boni
674 955 750 991 legit
775 953 853 983 bini.
901 953 1028 990 laguna
1053 955 1089 981 P.
1137 952 1283 989 laguena
1308 953 1344 980 F.
1369 953 1399 979 3.
1425 954 1461 979 G.
1487 951 1516 977 ⁴2.
1541 951 1580 977 D.
1627 947 1772 985 laguena
1798 948 1833 974 G.
1860 948 1883 974 Ι.

84 995 138 1029 {Tre
164 1007 219 1033 pro
242 999 347 1026 iuxta
366 1001 402 1027 1..
429 1001 512 1028 unde
534 1002 644 1028 Brant.
665 1000 802 1029 coniecit
830 998 909 1026 lura
934 999 985 1026 (cf.
1000 999 1086 1027 Fest.
1109 1007 1136 1032 p.
1152 1000 1204 1026 90.
1232 998 1326 1026 Lind.
1341 995 1419 1023 lura
1434 1003 1470 1023 os
1484 993 1571 1022 eulei
1594 992 1648 1021 vet
1669 993 1772 1020 etiam
1796 991 1886 1019 utris

84 1045 141 1072 sed
154 1044 235 1073 nihil
250 1046 439 1073 mutandum
452 1049 511 1073 est.
537 1047 615 1074 oud.
630 1045 744 1073 maluit
757 1044 913 1077 ina-tim.)
939 1041 1125 1081 urz-'fficiam
1140 1045 1176 1071 G.
1196 1044 1222 1071 l.
1236 1040 1354 1080 officio
1370 1041 1391 1069 f.
1407 1042 1442 1070 B.
1458 1041 1506 1068 ed.
1523 1048 1570 1074 pr.
1584 1040 1712 1068 Vicent.
1726 1038 1840 1066 venet.
1854 1040 1884 1064 2.

83 1088 182 1116 cesim
196 1090 231 1118 F.
250 1091 277 1117 1.
292 1091 323 1117 3.
338 1091 373 1118 G.
390 1091 417 1118 1.
433 1092 464 1119 2.
478 1092 516 1118 D.
529 1092 577 1118 ed.
594 1098 638 1124 pr.
654 1092 767 1119 Veniet.
782 1092 811 1118 4.
836 1090 942 1118 Paris.
968 1088 1091 1115 caesim
1108 1088 1128 1116 f.
1143 1087 1261 1115 cessim
1277 1089 1311 1115 B.
1327 1087 1454 1115 Vicent.
1469 1085 1556 1112 cessi
1568 1084 1601 1112 tu
1626 1085 1740 1112 Venet.
1757 1085 1786 1111 4.
1808 1089 1885 1109 sen-

84 1134 145 1161 sim
165 1137 247 1163 lunt.
271 1136 299 1163 1.
318 1135 393 1162 Ald.
415 1135 525 1162 eessut‘
541 1137 616 1164 Bas.
640 1137 667 1162 1.
715 1133 894 1161 deasceato
909 1135 957 1162 etl.
973 1142 1016 1167 pr.
1031 1135 1145 1162 Venet.
1161 1135 1190 1160 ¹2.
1206 1134 1235 1160 4.
1250 1132 1356 1160 Paris.
1372 1132 1498 1159 vicent.
1514 1132 1549 1158 G.
1563 1131 1594 1158 2.
1608 1130 1644 1158 P.
1663 1126 1844 1155 cleasceuso
1865 1127 1885 1155 f.

85 1177 260 1207 deastento
275 1177 303 1208 ὃ.
325 1178 509 1207 deuse-emto
524 1182 558 1209 0.
573 1178 774 1207 dehaseeute
794 1188 829 1207 π.
857 1177 1034 1206 ‹tense-ento
1049 1181 1084 1206 G.
1104 1180 1129 1205 l.
1151 1185 1169 1205 a
1184 1186 1223 1205 m.
1246 1185 1273 1210 p.
1288 1175 1466 1203 deasceato
1482 1183 1502 1203 a
1516 1183 1555 1203 m.
1569 1184 1595 1203 s.
1622 1172 1801 1209 deae-cepto
1815 1174 1853 1201 D.
1869 1181 1887 1201 a

85 1233 125 1253 m.
141 1234 169 1260 p.
184 1226 241 1253 sed
254 1225 287 1253 in
303 1233 400 1259 marg.
416 1233 488 1253 am.
503 1234 529 1253 s.
545 1224 627 1251 atii:
653 1223 844 1252 deust-ensa.
893 1226 995 1250 austu
1010 1225 1046 1251 G.
1064 1225 1090 1250 l.
1136 1229 1279 1258 prorsus
1293 1224 1404 1249 exulat
1420 1228 1440 1248 a
1452 1222 1488 1248 P.
1522 1218 1742 1257 gladiaturae
1755 1221 1791 1246 G.
1807 1220 1835 1246 1.
1849 1219 1887 1246 D.

84 1270 118 1297 in
137 1270 231 1298 cuius
250 1277 351 1304 marg.
371 1276 391 1298 a
408 1278 449 1298 m.
469 1278 495 1298 s.
516 1274 602 1298 extat
623 1268 706 1296 alii:
729 1267 971 1305 gladiatoriae.
994 1266 1223 1304 gladiatorem
1237 1264 1266 1295 ὃ.
1315 1264 1482 1293 armoenia
1501 1262 1530 1293 δ.
1550 1269 1604 1294 (ex
1623 1264 1746 1293 omissa
1758 1263 1889 1298 virgula

84 1318 154 1344 orta
166 1315 261 1343 lectio
276 1313 436 1346 uncoeuia.
484 1315 664 1342 auter-enin
677 1312 879 1341 commodum
894 1313 1084 1340 cubuerant.
1112 1310 1160 1339 Et
1170 1319 1255 1339 ecee.
1280 1314 1331 1340 lta
1343 1313 1443 1339 verba
1456 1311 1702 1345 distinguuntur
1715 1310 1747 1337 in
1762 1310 1798 1337 G.
1814 1310 1842 1337 1.

97 1401 256 1440 efficitur
277 1415 392 1452 quam
410 1401 512 1440 male
534 1403 681 1453 egerint
708 1402 749 1447 ii,
777 1403 839 1452 qui
855 1401 956 1439 hunc

87 1458 214 1497 locum
229 1457 438 1496 emendare
453 1459 708 1503 conabantur,
735 1461 776 1496 ut
796 1457 955 1495 Becich.

86 1516 149 1566 qui
164 1514 274 1566 legit:
295 1529 389 1554 nam
403 1519 440 1554 et
447 1529 584 1566 puero
598 1519 681 1554 ext.
697 1515 722 1554 l.
741 1529 796 1553 cr.
812 1519 855 1554 nt
870 1514 955 1553 arb.

84 1586 122 1610 n.
137 1587 180 1623 y.
194 1571 459 1624 ableyaretur
477 1571 587 1610 liumi
609 1585 644 1624 q.
654 1585 699 1623 p.
716 1571 957 1610 distractum

81 1631 114 1681 s.
134 1642 199 1679 syr.
214 1633 253 1667 et
270 1642 395 1667 meum
408 1628 548 1667 aclsist.
577 1626 692 1666 Colv:
719 1642 756 1666 n.
776 1632 815 1666 et
834 1628 958 1679 pueri

86 1689 168 1723 ext.
190 1684 216 1723 l.
231 1698 266 1723 c.
287 1690 332 1723 ut
351 1684 438 1723 arb.
470 1699 508 1723 n.
532 1699 575 1737 y.
597 1684 893 1737 ablegyarentur
915 1698 952 1736 q.

82 1755 124 1792 p.
156 1741 280 1780 Humi
307 1741 523 1780 distratum
545 1743 578 1792 f.
608 1756 654 1779 m.
680 1756 745 1794 qr.
775 1740 877 1778 Cort.
905 1739 954 1779 ad

85 1797 233 1836 Lucan.
258 1796 343 1835 Vll.
371 1801 464 1838 761.
513 1797 620 1836 Natu
645 1803 683 1837 et
703 1799 826 1849 pueri
851 1802 956 1835 eaetr.

90 1854 112 1892 Ι.
152 1884 190 1893 ..
213 1884 221 1893 .
259 1854 527 1907 ableyaretur
565 1854 600 1893 Ιι.
641 1868 679 1906 q.
712 1868 756 1905 2).
804 1854 957 1892 destra-

87 1915 170 1949 tum
199 1915 289 1950 erat
315 1910 581 1963 grabatulum
612 1916 649 1950 et
675 1925 812 1950 meum.
855 1909 957 1947 Oud.

86 1967 163 2004 vim
215 1966 395 2005 vocabuli
451 1967 707 2006 distet-nendi
741 1981 789 2005 ex
834 1965 954 2018 Apul.

86 2022 183 2062 Met.
215 2022 265 2062 X.
304 2037 343 2074 p.
370 2026 462 2064 749.
500 2023 704 2062 vindicans
741 2024 957 2062 distratum

85 2083 191 2118 recte
215 2079 401 2131 praefert,
431 2083 471 2117 ut
497 2080 679 2118 absolute
710 2080 881 2131 positum
906 2079 958 2116 sit

87 2135 138 2174 ad
156 2135 319 2174 Luciani
339 2135 575 2187 exemplum,
602 2137 664 2186 qui
691 2137 726 2174 in
754 2136 892 2175 eadem
917 2148 957 2173 re

87 2190 304 2245 ὑπέστρωτο
352 2192 513 2231 dixerat.
583 2192 666 2231 Sed
715 2193 958 2231 ‹Itstraetum

88 2250 203 2286 etiam
239 2247 377 2295 habet,
416 2262 492 2300 quo
524 2248 765 2287 defendatur.
827 2247 955 2294 Quum

87 2306 189 2343 enim
223 2306 350 2356 priore
380 2309 494 2343 nocte
526 2304 652 2343 lectus
683 2318 884 2343 servorum
924 2305 959 2342 in

86 2362 173 2412 ipso
199 2361 281 2399 heri
305 2361 481 2400 cubiculo
507 2365 651 2399 stratus
678 2362 836 2406 suisset,
862 2374 961 2399 nunc

87 2431 136 2456 ne
168 2418 297 2457 arbitri
329 2422 466 2457 essent
492 2418 707 2463 libidinum,
734 2432 849 2469 quam
875 2431 959 2469 pro-

89 2474 151 2512 cul
178 2478 287 2513 extra
314 2475 429 2513 limen
456 2478 537 2513 erat
556 2475 779 2515 distractus
804 2474 826 2512 i.
850 2487 882 2512 e.
904 2488 958 2513 se-

84 2536 277 2583 paratim,
303 2537 476 2570 remotus
501 2530 705 2582 grabatulo
731 2527 910 2583 domini]

146 2587 308 2640 layena.
337 2587 643 2640 [Diversissime
667 2587 703 2626 b.
722 2601 755 2626 v.
783 2588 817 2625 in
845 2587 957 2625 codd.

88 2644 280 2690 scribitur,
307 2645 356 2682 de
382 2658 457 2695 quo
484 2643 532 2682 cf.
554 2643 679 2682 Plum.
695 2643 743 2681 ad
764 2642 873 2682 Pers.
889 2642 956 2681 Vl.

94 2705 156 2740 17.
182 2714 218 2752 p.
246 2705 339 2742 506.
367 2705 405 2739 et
429 2701 573 2752 NVagn.
599 2700 647 2738 ad
675 2701 784 2751 Virg.
811 2700 957 2751 Georg.

89 2756 115 2795 Ι.
143 2760 234 2799 365.
261 2758 348 2796 Vas
374 2761 457 2795 erat
481 2757 516 2795 in
543 2770 619 2807 quo
645 2770 804 2807 semper
831 2757 957 2795 vinum

87 2817 262 2864 paratum
288 2814 486 2853 habebant
510 2817 548 2851 et
574 2813 717 2865 pocula
744 2812 957 2864 implebant

87 2874 255 2909 veteres.
310 2869 407 2908 Eius
433 2870 642 2920 descriptio
677 2869 823 2921 optima
852 2873 959 2908 extat

87 2926 190 2978 apud
204 2925 375 2965 Phaedr.
391 2926 469 2965 sab.
484 2925 510 2965 I.
527 2930 597 2966 26:
618 2926 721 2964 unde
735 2926 958 2978 intelligitur

88 2983 171 3021 eius
209 2982 352 3022 collum
397 2983 520 3021 fuisse
563 2986 853 3034 perangustum.
916 2982 955 3021 In

90 3038 194 3078 Gorl.
223 3039 378 3091 Dactyl.
405 3039 451 3079 ll.
476 3053 513 3092 p.
541 3041 634 3080 512.
666 3053 736 3077 vas
763 3039 815 3078 ita.
841 3038 954 3078 fabri-

1019 1403 1147 1437 catum
1174 1398 1408 1449 conspicitur
1433 1400 1472 1435 et
1499 1397 1533 1434 in
1566 1395 1695 1435 Burin.
1728 1396 1788 1434 ed.
1815 1394 1888 1433 Pe-

1015 1461 1109 1494 tron.
1149 1469 1185 1506 p.
1222 1459 1311 1495 103.
1350 1454 1503 1505 efligies
1540 1453 1692 1504 depicta
1720 1457 1793 1498 est,
1824 1452 1888 1490 ubi

1016 1512 1064 1551 cf.
1092 1511 1200 1564 lntt.]

1062 1570 1211 1609 cessim.
1241 1567 1319 1621 [Ex
1335 1571 1428 1619 optt.
1443 1567 1557 1606 codd.
1579 1567 1629 1604 ita
1648 1567 1682 1604 in
1696 1569 1803 1603 textu
1824 1578 1889 1616 po-

1017 1626 1091 1671 sui,
1102 1627 1174 1664 etsi
1185 1639 1257 1663 non
1274 1624 1494 1675 negandum
1506 1626 1581 1670 est,
1591 1622 1750 1661 alteram
1760 1620 1889 1660 lectio-

1013 1697 1101 1721 nem
1115 1683 1257 1722 sensim
1272 1695 1386 1733 quam
1402 1680 1570 1718 maxime
1583 1679 1794 1730 placuisse.
1816 1678 1890 1716 Ac-

1015 1740 1184 1778 curatius
1200 1738 1249 1776 de
1264 1752 1347 1776 voc.
1365 1739 1502 1777 cesse‘m
1516 1735 1798 1788 significatione
1812 1736 1889 1786 agit

1016 1795 1133 1835 Hand
1153 1795 1321 1834 Turseli.
1338 1793 1503 1846 11.p.30
1518 1806 1607 1844 sqq.
1641 1793 1704 1843 qui
1735 1807 1759 1830 a
1784 1792 1887 1831 cetto

1018 1853 1242 1892 adverbium
1258 1855 1418 1903 pete11S‚
1440 1864 1489 1888 ex
1509 1849 1689 1899 analogia
1702 1862 1809 1887 voce.
1825 1862 1889 1887 ra-

1014 1911 1139 1962 ptim.
1171 1909 1388 1947 restrictim
1413 1907 1481 1951 al.‚
1516 1920 1589 1945 non
1621 1906 1671 1943 de
1694 1910 1806 1944 motu
1831 1918 1890 1943 re-

1016 1965 1224 2019 troyrado
1250 1965 1312 2002 vel
1338 1969 1561 2003 retroverso
1586 1962 1762 2013 usurpari
1787 1961 1888 2007 dicit,

1015 2022 1086 2061 sed
1115 2022 1348 2073 obliquato,
1375 2024 1415 2058 ut
1441 2020 1593 2073 layena
1618 2019 1754 2058 cessim
1779 2017 1889 2056 ‹tehi-

1016 2092 1128 2118 scens
1164 2078 1233 2123 sit,
1271 2090 1374 2128 quae
1410 2091 1483 2114 non
1522 2080 1627 2114 recta
1663 2078 1780 2113 exeat
1816 2074 1890 2112 sed

1017 2138 1187 2173 curvata.
1232 2133 1279 2172 cf.
1319 2133 1449 2185 Kopp.
1488 2133 1539 2172 ad
1573 2131 1688 2171 Mart.
1726 2130 1822 2183 Cap.
1860 2129 1890 2170 l.

1016 2192 1047 2243 ξ.
1075 2195 1140 2232 25.
1171 2205 1208 2243 p.
1242 2194 1307 2231 66.
1338 2190 1460 2228 Yoss.
1493 2189 1621 2240 Etym.
1655 2202 1688 2228 s.
1713 2202 1748 2227 v.
1774 2188 1890 2227 cedo.

1021 2248 1070 2286 Et
1118 2249 1170 2286 ita
1217 2261 1352 2285 revera
1399 2246 1668 2284 describuntur
1713 2245 1890 2296 lagenae.

1022 2305 1177 2344 Sensim
1203 2304 1284 2342 fere
1310 2303 1410 2342 idem
1435 2301 1660 2354 significat]

1075 2362 1330 2400 antecoenia.
1389 2358 1480 2398 Isid.
1509 2358 1619 2409 Orig.
1644 2357 1733 2397 XX.
1761 2361 1797 2398 2.
1828 2361 1888 2398 12.

1018 2432 1053 2470 p.
1082 2422 1176 2459 617.
1202 2417 1315 2456 Lind.
1350 2416 1554 2456 Merenda
1585 2420 1644 2454 est
1674 2415 1786 2454 cibas
1818 2415 1889 2466 qui

1019 2474 1254 2513 declinante
1280 2475 1347 2513 die
1371 2474 1610 2513 sumitur...
1637 2477 1675 2510 et
1689 2472 1889 2523 proxima·

1019 2545 1147 2570 coena
1188 2531 1298 2570 amitte
1340 2535 1379 2569 et
1419 2529 1659 2568 antecoenia
1707 2533 1885 2566 vocatur.

1019 2587 1092 2639 [Et
1117 2587 1219 2638 apud
1240 2586 1292 2625 lo.
1319 2586 1597 2625 salisberiens.
1616 2583 1810 2635 Polycrat.
1836 2582 1883 2621 L.

1016 2642 1100 2682 Vll.
1134 2643 1244 2681 locus
1276 2642 1446 2681 Portiani
1479 2656 1515 2693 p.
1549 2645 1641 2681 682.
1681 2639 1887 2691 legendum

1016 2704 1095 2739 est:
1140 2701 1258 2738 ‘inuno
1296 2701 1487 2752 infamem
1525 2699 1632 2750 fecit
1654 2710 1819 2736 coenam
1851 2700 1888 2734 et

1016 2758 1257 2796 arzteeoenia
1271 2770 1340 2808 pro
1355 2761 1448 2795 arete
1469 2755 1665 2794 eveniam.
1694 2752 1888 2792 Antecoe-

1014 2815 1086 2853 nia
1117 2813 1218 2851 enim
1249 2813 1375 2851 subst.
1409 2811 1516 2862 prim.
1553 2809 1651 2848 decl.
1679 2809 1888 2848 inauditum

1017 2874 1080 2908 est
1104 2884 1220 2921 quum
1247 2869 1351 2921 apud
1383 2867 1558 2906 Macrob.
1591 2866 1744 2904 saturn.
1778 2864 1823 2905 ll.
1851 2868 1887 2905 9.

1016 2932 1110 2966 ante
1135 2940 1304 2965 coenam
1329 2925 1484 2962 divisim
1518 2923 1593 2975 legi
1619 2922 1775 2961 debeat.
1823 2921 1889 2960 De

1015 2984 1264 3023 antecoeniis
1289 2980 1390 3020 conf.
1416 2979 1581 3032 Bulcng.
1611 2980 1660 3018 de
1685 2979 1833 3018 conviv.
1862 2976 1889 3016 l.

1017 3053 1047 3079 c.
1075 3044 1111 3080 4.
1139 3041 1175 3078 in
1203 3039 1344 3078 Graev.
1372 3036 1493 3076 Thes.
1519 3034 1605 3075 ΧΠ.
1632 3049 1668 3088 p.
1693 3035 1781 3088 60]
