2221 3667
317 150 401 194 298
576 151 623 191 L.
654 151 875 192 APULEII
905 149 1305 192 MADAURENSIS
1328 147 1872 191 METAMORPHOSEON
2218 147 2221 194 l

597 263 684 306 Nec
709 279 842 319 speres
868 277 1054 318 generum
1082 262 1236 301 mortali
1261 262 1382 315 stirpe
1407 269 1581 302 creatum

710 320 786 362 Sed
813 334 970 360 saevum
997 326 1111 372 atque
1139 319 1262 357 ferum
1287 318 1565 372 vipereumque
1590 319 1732 359 malum

600 376 676 431 Qui
704 378 830 432 pinnis
857 376 1024 416 volitans
1050 387 1168 427 super
1192 374 1353 414 aethera
1379 382 1518 415 cuncta
1543 375 1685 429 fatigat

716 433 964 484 Flammaque
990 437 1029 470 et
1055 431 1160 470 ferro
1186 431 1342 484 singula
1367 431 1562 482 debilitat,

597 490 684 543 Quo
711 489 840 529 tremit
864 488 946 540 ipse
971 486 1098 537 Iovis,
1127 501 1202 539 quo
1228 488 1387 528 numina
1412 487 1678 528 terrificantur

710 545 964 596 Fluminaque
991 543 1227 584 horrescunt
1251 551 1289 583 et
1314 542 1478 599 Stygiae
1505 545 1705 585 tenebrae.

227 607 293 643 312
316 601 409 643 Rex
429 603 518 643 olim
546 603 697 651 heatus,
726 601 844 640 affatu
871 606 1032 640 sanctae
1058 599 1350 640 vaticinationis
1377 608 1550 655 accepto,
1579 601 1690 655 piger
1705 601 1904 654 tristisque
1918 608 2025 642 retro
2040 602 2105 641 do-

316 674 418 700 mum
446 660 593 714 pergit,
622 670 792 709 suaeque
818 655 973 709 coniugi
1000 663 1206 710 praecepta
1232 657 1350 696 sortis
1376 658 1516 707 epodat.
1540 658 1750 698 infaustae.
1791 657 2011 708 Moeretur‚
2040 658 2106 698 tle-

316 723 402 766 tur,
437 717 673 757 lamentatur
703 713 837 752 diebus
870 712 1071 766 plusculis.
1123 712 1200 753 Sed
1233 713 1340 753 dirae
1372 713 1491 754 sortis
1523 714 1598 754 iam
1633 721 1774 768 urguet
1803 721 1905 754 teter
1929 714 2104 757 effectus.

314 772 397 813 Iam
425 772 600 814 feralium
628 769 847 824 nuptiarum
875 769 1120 810 miserrimae
1145 769 1290 824 virgini
1319 769 1545 824 choragium
1570 771 1750 811 struitur.
1780 769 1860 810 Iam
1887 771 2023 811 taedae
2048 772 2106 811 lu-

313 915 425 949 speret
436 912 472 941 F.
487 913 516 940 3.
532 919 560 945 p.
609 908 767 936 maritali
782 908 888 946 stirpe
908 911 943 939 G.
960 911 988 939 1.
1014 907 1185 938 marc-hezli
1195 911 1233 939 D.
1282 909 1429 937 mare-ale·
1446 908 1569 945 [neque
1582 909 1723 937 marioli
1741 915 1773 939 ut
1787 912 1865 940 Oud.
1880 920 1897 939 e
1909 911 1980 939 suis
1994 919 2108 940 excer-

313 960 377 993 ptis
399 955 598 991 depromsit]
619 957 654 984 G.
668 957 698 984 2.
747 962 876 982 scerum
892 956 927 985 G.
946 957 972 985 1.
1007 955 1129 984 serium
1146 957 1181 984 G.
1196 957 1225 983 2.
1240 957 1278 984 D.
1293 963 1312 984 a
1327 964 1355 990 p.
1370 964 1409 985 m.
1430 957 1511 990 quod
1532 957 1564 984 in
1586 957 1731 990 margine
1751 956 1783 984 in
1803 963 1914 983 senum
1929 961 2106 985 correctum

313 1007 369 1031 est.
420 1002 631 1038 viperamque
645 1003 680 1030 G.
699 1002 725 1028 1.
740 1002 770 1029 2.
784 1002 822 1029 D.
871 999 1080 1038 quodpv‘nm‘s
1094 999 1121 1030 ὃ.
1145 1008 1275 1037 pennas
1290 1001 1364 1029 inne
1379 1009 1398 1029 a
1412 1002 1525 1030 Cotvio
1540 1003 1572 1030 in
1586 1003 1761 1030 nonnullas
1775 1002 1933 1030 editiones
1948 1009 2048 1036 prave
2061 1002 2107 1030 ir-

312 1048 421 1082 repsit.
470 1043 609 1073 aethere
623 1046 644 1075 f.
693 1054 757 1083 quo
775 1046 886 1073 tremit
901 1047 936 1075 G.
954 1047 982 1075 1.
998 1048 1027 1075 2.
1043 1048 1077 1075 Ρ.
1095 1047 1115 1075 f.
1142 1045 1232 1084 quod
1244 1045 1358 1074 tremit
1371 1047 1405 1074 F.
1422 1046 1450 1074 3.
1465 1048 1499 1075 0.
1515 1043 1542 1075 δ.
1570 1043 1722 1083 flumina
1735 1054 1828 1083 quem
1844 1048 1882 1074 G.
1898 1048 1923 1074 1.
1934 1069 1942 1083 ,
1958 1049 2041 1076 unde
2054 1051 2105 1076 ta-

311 1101 381 1121 men
396 1099 474 1120 cave
488 1100 527 1120 ne
542 1099 614 1120 cum
628 1093 707 1120 Oud.
723 1092 875 1125 recipias.
900 1093 935 1120 In
951 1093 1068 1121 ceteris
1082 1093 1167 1121 enim
1182 1092 1277 1120 libris
1291 1096 1320 1120 et
1335 1093 1404 1120 edd.
1418 1089 1766 1129 legiturflmm'naque.
1814 1091 1937 1119 bantus
1957 1100 2012 1126 pro
2025 1091 2104 1120 hea-

312 1141 365 1164 tus
379 1139 414 1165 G.
429 1139 458 1165 ἱ).
473 1139 510 1167 D.
526 1134 554 1165 δ.
569 1139 643 1166 G.l.
658 1135 749 1171 (cum
763 1139 873 1171 glossa
887 1137 1104 1166 interlineari:
1129 1137 1462 1173 nnmenprnprium.)
1487 1136 1611 1165 bantus
1625 1139 1661 1165 P.
1684 1138 1745 1165 Sed
1761 1140 1789 1164 et
1803 1144 1903 1171 supra
1917 1145 1972 1171 pro
1985 1136 2106 1165 beatae
2218 1143 2221 1165 t

308 1183 445 1219 nuptias
459 1190 486 1216 p.
501 1184 577 1212 310.
598 1183 630 1210 in
652 1184 687 1211 G.
701 1184 732 1211 2.
752 1182 937 1210 invenimus
956 1182 1080 1211 bantus
1094 1191 1125 1211 n.
1172 1183 1220 1211 bis
1234 1190 1291 1218 pro
1304 1181 1422 1210 beatus
1438 1192 1466 1217 p.
1481 1191 1522 1212 ex
1535 1183 1723 1217 compendio
1736 1172 1776 1216 5⁵.
1825 1189 1879 1210 res
1893 1190 1948 1217 pro
1962 1190 2026 1210 rex
2038 1184 2106 1212 Ve-

307 1230 409 1257 net.4.
437 1225 551 1265 effata
565 1229 646 1262 quod
661 1228 694 1256 in
707 1229 743 1257 F.
756 1229 783 1257 1.
798 1228 1098 1263 iegioud.adnotat,
1109 1229 1151 1258 ihi
1167 1237 1228 1257 non
1243 1232 1416 1262 comparet,
1431 1230 1487 1256 seu
1501 1229 1597 1257 lertio
1608 1229 1740 1256 Vutc.2.
1765 1225 1877 1264 effatu
1890 1228 2105 1263 Lindenbrog.
2218 1214 2221 1274 ἶ

307 1274 482 1302 conatione
495 1277 637 1303 mutatur
651 1273 683 1301 in
698 1271 825 1310 qffatu.
851 1276 942 1302 Mera
956 1274 1081 1302 videtur
1094 1284 1167 1303 esse
1181 1274 1286 1303 Colvii
1299 1274 1500 1309 coniectura,
1523 1281 1617 1307 quam
1631 1274 1770 1302 Vulcani.
1785 1277 1813 1301 et
1828 1273 1931 1301 Scriv.
1947 1274 2032 1308 typis
2046 1281 2106 1301 ex-

305 1319 505 1353 primendam
520 1321 688 1348 curabant.
731 1319 863 1356 pigeret
879 1320 914 1347 0.
938 1321 975 1347 In
990 1320 1053 1347 edit
1069 1321 1163 1348 Vulc.
1177 1322 1206 1348 2.
1222 1319 1484 1355 legiturpv'gens,
1511 1326 1606 1352 quam
1626 1319 1820 1352 scripturam
1837 1319 2053 1354 Lindenbrog.
2072 1319 2105 1347 in
2217 1304 2221 1362 ἕ

306 1365 651 1400 marg.vulc.ecou.F.
664 1366 763 1393 l.non
777 1365 1062 1400 emetitlavit,({u0tl
1073 1365 1282 1399 frequentiori
1296 1364 1367 1392 eius
1382 1364 1602 1399 negligentiae
1616 1364 1792 1392 tribuerim.
1819 1366 1912 1391 recto
1927 1362 2055 1391 (imnum
2066 1365 2102 1392 Ι).

306 1409 510 1447 congm’gr'D.
558 1412 692 1437 secreta
705 1411 810 1437 sortis
824 1419 856 1443 φ.
895 1409 1010 1449 fnrtv's
1024 1411 1080 1444 pro
1093 1410 1199 1437 sortis
1215 1412 1250 1438 G.
1266 1411 1295 1438 1.
1312 1412 1341 1437 ¹2.
1356 1410 1393 1438 D.
1441 1407 1566 1436 evadat
1581 1417 1635 1443 pro
1655 1407 1779 1435 enudat
1793 1410 1829 1437 D.
1878 1412 2027 1436 meretur
2039 1410 2105 1437 Ve-

305 1459 370 1484 net.
383 1457 414 1484 2.
429 1457 511 1484 lunt.
528 1457 556 1485 1.
572 1455 678 1484 Paris.
725 1458 825 1491 urget
840 1453 1080 1491 tetre'effectus
1093 1457 1141 1485 ed.
1156 1464 1202 1490 pr.
1216 1457 1329 1484 Venet.
1345 1456 1374 1483 ἱ).

305 1504 369 1529 net.
385 1503 414 1530 4.
430 1502 504 1529 Par.
553 1498 699 1537 effeetus
712 1504 802 1530 abest
817 1509 835 1529 a
852 1499 889 1530 Ι).
937 1501 1109 1539 omagium
1125 1503 1160 1530 G.
1179 1503 1205 1530 1.
1221 1502 1250 1529 ¹2.
1265 1502 1302 1529 D.
1318 1502 1449 1528 0.1unt.
1467 1502 1494 1529 l.
1509 1501 1583 1529 Am.

304 1624 383 1661 tivo
408 1623 553 1669 iuncta,
578 1626 617 1661 et
632 1623 832 1669 desistere,
857 1624 929 1661 nisi
956 1623 1081 1668 fallor,
1107 1622 1182 1660 hoc

306 1694 382 1719 uno
419 1683 563 1718 tantum
601 1679 758 1732 Apuleii
796 1680 978 1731 exemplo
1022 1679 1179 1731 probari

306 1739 448 1789 potest.
498 1736 598 1775 Hinc
623 1750 698 1774 non
725 1738 935 1788 comprobo
963 1734 1064 1775 Oud.
1091 1750 1178 1774 con-

306 1794 507 1832 iecturam:
546 1794 703 1832 silantis
739 1794 781 1831 in
814 1794 967 1832 excelse?
1005 1807 1178 1844 scopu-

306 1851 425 1889 losis
455 1851 550 1889 siste
577 1850 778 1901 puellam,
811 1863 1043 1901 quamquam
1075 1852 1179 1887 amet

305 1909 339 1945 in
365 1907 659 1958 typographicis
690 1919 796 1944 more
825 1906 986 1944 aliorum
1014 1907 1174 1958 scripto-

303 1977 387 2002 rum
414 1963 668 2015 [praeceteris
692 1963 861 2002 Lucretii
887 1963 934 2001 cs.
952 1962 1108 2013 Forbig.
1126 1962 1176 2000 ad

304 2020 460 2059 Lucret.
493 2019 520 2059 I.
553 2020 643 2072 87.]
681 2020 873 2058 adiectiva
901 2020 1067 2072 pluralia
1091 2033 1176 2058 cum

304 2077 472 2123 genitivo
498 2091 662 2129 ponere,
694 2077 744 2115 de
775 2090 850 2127 quo
881 2090 954 2115 usu
979 2076 1080 2115 Oud.
1129 2075 1176 2114 cf.

303 2134 373 2172 Dr.
405 2134 454 2173 ad
485 2134 570 2172 Liv.
597 2132 760 2172 XLVII.
793 2148 825 2172 e.
851 2137 914 2173 58.
941 2132 1054 2172 Ovid.
1079 2132 1175 2171 Met.

304 2189 407 2229 VIII.
435 2195 529 2232 692.
554 2191 700 2229 Lucan.
728 2189 773 2228 II.
799 2194 894 2230 421.
943 2189 1098 2243 [Burni.
1124 2189 1173 2227 ad

304 2247 462 2286 Anthol.
494 2247 542 2287 L.
574 2247 599 2285 l.
632 2260 669 2298 p.
702 2250 795 2287 619.
834 2246 955 2286 Buen.
987 2246 1036 2285 ad
1062 2246 1172 2285 Lact.

304 2302 390 2341 VII.
417 2308 454 2345 3.
479 2305 600 2355 9125.
626 2317 663 2354 p.
690 2304 805 2356 877.]

361 2375 519 2401 saevum.
545 2366 669 2413 atque
689 2363 724 2413 f.
751 2361 1047 2412 vipereumque.
1109 2359 1172 2398 De

304 2431 424 2457 saevo
470 2418 676 2470 Cupidine
718 2416 879 2455 conferri
923 2417 1027 2455 iubet
1069 2416 1171 2455 Oud.

303 2474 437 2513 Burni.
464 2474 514 2513 ad
540 2473 683 2513 Tibull.
704 2473 767 2511 111.
793 2479 828 2514 4.
857 2477 922 2514 74.
948 2477 987 2511 et
1011 2472 1172 2512 Anthol.

302 2531 392 2570 Lat.
418 2530 465 2571 T.
490 2530 517 2570 l.
542 2545 579 2583 p.
596 2530 687 2572 642.
714 2530 815 2568 Dein
841 2529 973 2569 Barth.
999 2530 1047 2569 ad
1075 2530 1173 2569 Stat.

303 2587 330 2627 l.
371 2588 468 2627 Silv.
507 2586 532 2627 l.
564 2592 627 2629 49.
654 2586 892 2625 emendasse
922 2600 968 2625 se
993 2586 1176 2637 gloriatur

303 2646 588 2697 vipereumque
624 2649 747 2696 atque
782 2644 950 2688 malum,
992 2656 1069 2695 qua
1111 2657 1175 2681 vo-

305 2702 361 2740 cis
409 2706 533 2754 atque
578 2700 808 2752 repetitione
856 2700 1071 2738 versiculus
1115 2700 1169 2738 so-

304 2762 362 2796 ret
387 2759 542 2810 ineptus
569 2762 607 2796 et
630 2770 775 2796 sensus
802 2757 1087 2808 frigidissimus.
1115 2756 1172 2795 lta

303 2828 395 2853 vero
431 2814 553 2853 voluit
587 2814 790 2861 Barthius,
835 2814 924 2865 quia
959 2818 1172 2864 sequuntur

309 2873 379 2924 qui
403 2875 441 2909 et
468 2885 604 2924 quem,
629 2871 732 2910 unde
757 2871 980 2909 econtrario
997 2870 1172 2908 librarius

306 2928 388 2965 cod.
403 2930 435 2967 ὃ.
449 2929 651 2979 utrobique
669 2928 844 2980 reposuit
865 2927 990 2980 quod.
1016 2927 1173 2966 illalum

305 2984 368 3022 hic
393 2988 453 3022 est
478 2985 598 3023 Ιιοηιο
622 2985 809 3024 scelestas
834 2984 900 3036 [cs.
925 2982 1054 3022 Plaut.
1079 2984 1171 3022 Ani-

303 3040 397 3091 phit.
424 3040 449 3078 1.
479 3047 512 3081 1.
538 3045 630 3081 250.
657 3041 780 3080 Bach.
806 3040 871 3080 IV.
899 3044 937 3081 3.
963 3043 1027 3081 60.
1059 3039 1171 3091 Epid.

304 3096 352 3134 V.
379 3101 413 3136 2.
448 3102 511 3137 44.
542 3099 719 3149 saepius:
758 3111 858 3149 quae
883 3110 946 3135 res
970 3097 1174 3136 notissima

303 3151 400 3206 est]

1423 1457 1543 1490 urgent
1559 1454 1644 1482 tetri
1655 1451 1797 1489 effectus
1810 1456 1892 1482 lunt.
1910 1455 1935 1482 1.
1949 1455 2024 1483 Ald.
2038 1455 2104 1483 Ve-

1632 1497 1708 1526 eede
1728 1507 1783 1534 pro
1799 1497 1919 1526 taedae
1933 1500 1967 1528 G.
1986 1501 2012 1528 1.

1298 1636 1378 1674 quo
1393 1622 1533 1660 tremit.
1584 1619 1661 1673 [tta
1679 1621 1829 1671 legatur
1845 1621 1978 1671 optimi
1992 1620 2104 1659 codd.

1238 1678 1424 1722 suadent,
1450 1691 1566 1728 quum
1596 1677 1755 1716 alterum
1783 1691 1899 1730 quem
1923 1677 2104 1728 interpre-

1238 1739 1448 1773 tamentum
1492 1735 1620 1785 potius
1663 1735 1803 1785 sapiat.
1864 1732 2004 1786 Iupiter
2041 1734 2103 1784 qui

1238 1793 1363 1830 tremit
1393 1804 1542 1837 autore,
1575 1791 1786 1830 concutitur
1817 1794 1856 1828 et
1887 1791 2051 1842 agitatur
2081 1804 2104 1829 a

1238 1846 1457 1900 Cupidine]

1291 1906 1408 1944 loct's.
1459 1904 1782 1957 [Antiquissinius
1807 1904 1870 1942 hic
1894 1907 1958 1942 est
1984 1904 2103 1942 nonii-

1235 1963 1405 2007 natiVus‚
1445 1975 1559 2012 quem
1596 1961 1753 2012 Hygino
1790 1961 2035 2012 potissimum
2066 1960 2101 1998 in

1234 2033 1309 2057 usu
1335 2018 1458 2056 fuisse
1483 2018 1615 2065 vide03
1641 2017 1687 2057 cf.
1714 2017 1812 2056 Fab.
1837 2031 1867 2056 c.
1889 2021 1953 2057 53.
1979 2031 2010 2056 c.
2037 2020 2102 2058 31.

1236 2080 1301 2116 54.
1329 2078 1392 2115 63.
1416 2080 1480 2116 75.
1504 2079 1567 2116 79.
1584 2078 1756 2115 92140.
1782 2074 1942 2125 saepius
1966 2071 2101 2112 Munk.

1235 2133 1285 2170 ad
1301 2131 1406 2183 Hyg.
1420 2146 1456 2185 p.
1471 2135 1564 2172 338.
1590 2130 1767 2170 Fiirtsch.
1783 2131 1832 2169 ad
1847 2130 1966 2169 Voss.
1981 2130 2103 2170 Arist.

1235 2189 1345 2227 Toni.
1372 2187 1398 2227 l.
1426 2202 1460 2240 p.
1482 2188 1593 2240 534]

1286 2246 1547 2299 fluminaque.
1618 2243 1728 2282 Haec
1770 2248 1833 2283 est
1870 2244 1983 2282 lectio
2021 2243 2103 2282 sere

1233 2303 1398 2340 omnium
1412 2302 1647 2353 codd.,quos
1661 2305 1852 2352 sequutus
1865 2314 1963 2347 sum,
1973 2314 2103 2351 quam-

1232 2372 1347 2410 quam
1380 2359 1492 2396 allter
1524 2359 1655 2397 iubent
1685 2357 1787 2396 Oud.
1821 2357 1922 2395 Coi-t.
1950 2357 1997 2395 ad
2025 2356 2087 2395 Lu

1232 2430 1314 2454 can.
1329 2414 1431 2453 VIII.
1462 2418 1522 2455 16.
1549 2415 1597 2453 N.
1612 2413 1748 2453 Heins.
1764 2413 1812 2453 ad
1828 2414 1960 2453 Sabin.
1975 2413 2102 2465 Epist.

1233 2472 1321 2511 Par.
1352 2477 1413 2512 15.

1287 2529 1483 2582 ferah'um
1513 2529 1760 2581 nuptiarum.
1821 2526 2101 2579 [Liudenbrog.

1234 2586 1284 2625 ad
1310 2586 1411 2624 hunc
1437 2586 1580 2631 Iocum,
1606 2584 1704 2623 haec
1723 2583 1882 2622 adnotat
1895 2597 1944 2622 ex
1956 2583 2102 2622 Achill.

1236 2641 1321 2681 Tat.
1347 2641 1374 2680 l.
1400 2656 1438 2693 p.
1467 2645 1528 2682 19.
1564 2639 1684 2692 τάφος
1718 2643 1784 2692 μέν
1820 2656 1882 2680 σοι
1916 2643 2043 2680 τέκνον
2081 2638 2100 2679 ὁ

1227 2695 1426 2749 θάλαμος,
1465 2695 1584 2750 γάμος
1619 2696 1653 2737 δ’
1683 2695 1702 2736 ὁ
1736 2693 1922 2744 θάνατος·
1959 2701 2104 2751 θρῆνρς

1229 2755 1248 2795 ὁ
1275 2754 1459 2807 ὑμέναιος.
1485 2753 1505 2794 ὁ
1532 2755 1572 2794 δὲ
1596 2752 1761 2801 κωκυτὸς
1783 2754 1856 2793 τῶν
1882 2750 2011 2805 γάμων
2041 2751 2102 2793 οὑ-

1228 2827 1292 2860 τος
1315 2811 1443 2865 ὠδαὶ.]

1287 2869 1531 2922 cliorayium
1570 2869 1752 2908 struitur.
1818 2866 1997 2918 [Grang.‚
2036 2866 2100 2917 qui

1230 2926 1331 2965 haec
1366 2926 1486 2964 verba
1522 2938 1607 2963 cuni
1651 2923 1780 2962 Iuven.
1825 2923 1906 2962 Sat.
1926 2922 1993 2961 Vl.
2033 2928 2107 2964 78..

1230 2986 1445 3034 comparat,
1471 2982 1521 3020 ad
1545 2983 1656 3019 ritum
1686 2980 1821 3026 refert,
1848 2993 1923 3030 quo
1949 2980 2100 3019 theatra

1231 3041 1266 3078 in
1281 3039 1378 3077 vicis
1393 3039 1636 3089 erigebantur
1649 3039 1735 3075 etin
1750 3035 1935 3074 honorem
1950 3037 2097 3088 nuptia·

1230 3109 1310 3134 runi
1327 3097 1360 3133 in
1376 3097 1421 3133 iis
1436 3095 1513 3133 ludi
1528 3094 1828 3133 celebrabantur.
1879 3093 1962 3131 Sed
1982 3093 2097 3144 plane

1231 3152 1340 3192 aliter
1355 3152 1464 3191 locus
1479 3150 1729 3202 explicandus
1745 3154 1816 3188 est.
1866 3148 1993 3196 Quum
2011 3149 2096 3188 Ful-
