2221 3667
284 121 363 163 144
536 122 583 161 L.
614 121 834 161 APULEll
867 117 1269 160 MADAL'RENSIS
1303 117 1849 158 METAMORPHOSEON

192 241 255 273 164
280 248 365 274 rum
392 240 587 287 tepentem
614 235 793 274 adultero
819 233 1054 287 mancipavi.
1090 230 1204 271 Tunc
1232 244 1337 270 uxor
1361 231 1525 285 egregia
1551 231 1653 285 capit
1678 238 1927 285 praesentem
1953 228 2094 284 auda1-

280 290 396 340 ciam,
425 297 465 330 et
483 297 614 331 mente
635 291 832 344 sacrilega
854 288 1087 342 coarguenti
1113 286 1255 326 marito
1282 286 1473 327 resistens
1500 288 1681 328 altercat.
1720 285 1894 341 Populus
1921 293 2092 335 aestuat.

279 347 438 387 diversa
467 347 687 388 tendentes.
749 346 801 387 Hi
826 346 1033 401 pessimam
1061 343 1246 382 feminam
1274 343 1473 383 viventem
1500 344 1632 384 statim
1660 358 1746 384 cum
1774 356 1939 396 corpore
1965 342 2095 382 mariti

279 403 564 457 sepeliendam,
599 404 666 443 alii
692 402 894 444 mendacio
921 399 1126 440 cadaveris
1154 398 1265 439 fidem
1294 413 1371 439 non
1400 400 1632 441 hahendam.

830 561 1274 609 CAPUT
1366 562 1560 609 XXX.

391 697 469 739 Sed
496 699 595 738 hanc
622 696 888 736 mutationem
914 707 1085 747 sequens
1111 694 1376 734 adulescentis
1404 708 1534 734 sermo
1561 694 1761 735 distinxit..
1822 693 1929 735 Nam
1954 708 2095 734 rursus

278 755 395 796 altius
420 754 707 809 ingemiscens:
743 750 880 800 Dabo,
915 750 1065 803 inquit,
1094 750 1195 790 dabo
1220 750 1334 790 volis
1360 750 1621 791 intemeratae
1649 751 1829 792 veritatis
1862 752 2097 792 documenta

276 811 499 866 perlucida;
529 810 628 864 quod
656 821 818 862 prorsus
845 806 946 847 alius
972 821 1088 847 nemo
1115 821 1178 847 me
1203 808 1456 857 noscitarit,
1484 807 1682 848 indicabo.
1744 807 1860 848 Tunc
1886 808 2009 862 digito
2035 821 2096 847 me

279 869 574 908 demonstrans:
599 864 705 906 Nam
732 878 818 904 cum
846 864 1025 918 corporis
1052 864 1129 904 mei
1156 871 1289 904 custos
1316 864 1377 904 hic
1403 864 1688 918 sagacissimus
1714 871 1897 905 exertam
1923 864 2016 904 mihi
2045 871 2098 904 te-

152 925 252 972 [128]
278 932 392 965 neret
421 923 641 979 vigilliam,
672 920 912 961 cantatrices
944 934 1043 960 anus
1070 921 1230 961 exuviis
1262 921 1360 961 meis
1392 920 1644 961 imminentes
1678 928 1795 974 atque
1827 921 1888 960 ob‘
1906 921 1944 961 id
1970 921 2097 961 refor-

277 988 406 1021 matae
443 981 589 1020 frustra
625 977 806 1031 saepius,
841 991 928 1018 cum
960 977 1198 1018 industriam
1232 977 1410 1018 sedulam
1444 977 1529 1018 eius
1566 977 1708 1018 fallere
1741 977 1994 1031 nequissent,
2029 991 2097 1031 po-

276 1089 407 1124 !epente
421 1087 456 1115 F.
471 1088 501 1115 3.
536 1087 700 1121 tepentem
721 1088 850 1119 praeter
870 1086 906 1114 G.
924 1086 951 1113 1.
972 1087 1085 1114 nullus
1105 1093 1210 1119 neque
1225 1086 1294 1114 cod.
1309 1093 1369 1113 nec
1388 1085 1487 1113 editio
1502 1088 1599 1112 vetus
1613 1086 1752 1122 habent,
1778 1084 1813 1112 in
1827 1083 1947 1118 quibus
1961 1085 2098 1119 repente

274 1136 373 1161 extat.
421 1129 593 1158 adulterio
608 1132 643 1159 G.
661 1132 689 1159 1.
744 1128 837 1157 Tunc
850 1138 919 1157 voa·
933 1138 1001 1167 egr.
1016 1132 1052 1159 G.
1068 1131 1098 1158 2.
1148 1129 1342 1158 altricatur
1356 1130 1376 1159 f.
1403 1128 1601 1157 altercatur
1615 1137 1651 1158 π.
1694 1128 1838 1166 populos
1859 1130 1894 1158 F.
1909 1130 1940 1158 3.
1961 1130 1997 1158 G.
2011 1130 2043 1157 2.
2057 1129 2096 1157 Ι).

272 1179 311 1206 D.
325 1179 360 1206 L.
376 1174 404 1206 ὃ.
453 1178 580 1204 estuat
594 1177 631 1204 D.
647 1177 683 1204 G.
700 1177 729 1204 1.
755 1178 921 1203 aestuans
936 1175 956 1204 f.
996 1178 1161 1204 aestuant
1175 1177 1214 1204 R.
1240 1175 1365 1203 nutrite·
1377 1176 1467 1204 deest
1482 1175 1515 1203 in
1529 1172 1558 1203 d.
1594 1172 1819 1211 sepeliendam
1832 1181 1905 1202 esse
1918 1182 1954 1203 π.
1991 1172 2099 1201 alteri

272 1221 445 1250 mendacio
460 1219 488 1250 δ.
538 1219 720 1249 cadaveris
739 1223 832 1249 abest
847 1228 868 1249 a
880 1222 916 1249 Β.
931 1222 1093 1255 uncisque
1109 1221 1242 1250 inclusit
1256 1222 1398 1249 Scriver.

362 1266 589 1296 adulescentis
604 1267 639 1296 F.
657 1268 686 1295 1.
701 1268 731 1295 3.
747 1268 782 1295 G.
797 1268 828 1294 2.
840 1267 878 1295 D.
928 1264 1113 1294 distr-infit
1126 1268 1163 1296 B.
1190 1265 1361 1294 &struxit
1375 1263 1404 1294 δ’.
1431 1267 1516 1294 unde
1530 1266 1595 1299 legi
1610 1269 1720 1300 posset
1734 1274 1760 1294 c.
1775 1267 1855 1295 Oud.
1871 1264 2048 1293 destruxi!
2065 1269 2096 1293 ut

271 1314 364 1343 Ovid.
378 1314 450 1342 Art.
465 1315 504 1341 11.
520 1314 596 1341 312.
612 1313 722 1341 Burm.
747 1313 809 1339 Sed
825 1312 908 1340 nihil
920 1313 1111 1341 mutandum
1127 1320 1201 1341 esse
1215 1313 1354 1340 videtur.
1382 1313 1474 1340 Hanc
1488 1311 1574 1339 enim
1589 1311 1825 1340 dubitationem
1844 1315 1875 1341 et
1894 1313 2027 1346 longam
2046 1310 2098 1339 in-

270 1359 498 1388 certitudinem
514 1357 664 1386 dissolvit
680 1361 708 1385 et
725 1357 821 1391 quasi
835 1355 1009 1386 discrevit.
1034 1357 1076 1386 cf.
1092 1358 1146 1386 Dr.
1168 1358 1209 1386 ad
1224 1358 1296 1386 Liv.
1310 1358 1426 1386 xxx1.
1444 1356 1495 1385 29.
1516 1358 1547 1391 S.
1565 1357 1616 1385 12.
1666 1356 1900 1384 intemeritate
1919 1357 1956 1385 G.
1971 1358 2001 1385 ⁵2.
2016 1357 2052 1384 L.
2067 1359 2097 1383 et

270 1405 317 1434 ita
330 1405 357 1432 1)
372 1404 495 1440 legisse
510 1404 640 1432 videtur
653 1410 726 1431 am.
742 1411 770 1437 p.
814 1401 995 1439 perlucida
1008 1401 1137 1430 docum.
1152 1400 1181 1432 δ’.
1230 1406 1264 1430 et
1278 1403 1360 1436 quod
1376 1403 1408 1430 in
1424 1402 1594 1430 nonnullis
1610 1402 1705 1430 libris
1720 1406 1796 1431 ante
1810 1400 1901 1439 quod
1917 1402 2098 1436 deprehen-

271 1450 373 1486 ditur,
400 1452 513 1478 exulat
533 1456 554 1478 a
574 1450 608 1477 F.
628 1450 654 1477 1.
669 1450 700 1477 3.
716 1449 751 1477 Ρ.
801 1455 924 1476 rursus
936 1455 1084 1485 prorsus
1104 1456 1121 1476 e
1142 1455 1212 1477 var.
1232 1450 1306 1476 lect.
1322 1450 1357 1476 G.
1372 1449 1403 1476 2.
1419 1448 1453 1475 Ρ.
1468 1448 1506 1474 D.
1556 1447 1809 1483 cognominant
1821 1448 1857 1476 F.
1872 1449 1902 1475 3.
1916 1448 2000 1475 lunt.
2014 1447 2045 1474 2.
2061 1447 2097 1474 P.

269 1494 306 1524 ln
319 1498 393 1524 cett.
408 1498 455 1523 est
471 1493 676 1531 cognoverit.
726 1492 881 1521 iudicabo
896 1495 1012 1523 Venet.
1026 1496 1056 1522 2².
1070 1494 1201 1522 Vicent.
1249 1492 1317 1521 ium
1333 1501 1406 1520 cum
1421 1494 1458 1521 R.
1475 1492 1495 1520 f.
1543 1494 1703 1519 carlet-am
1717 1501 1774 1528 pro
1788 1496 1948 1520 exertam
1963 1492 1985 1520 s.
2034 1498 2097 1518 ea·-

270 1539 375 1568 cubz't's
389 1540 470 1568 meis
484 1541 520 1568 G.
539 1541 566 1568 1.
581 1541 664 1568 L.n.
679 1539 701 1567 f.
716 1535 746 1567 δ.
783 1538 919 1567 eximiis
933 1541 969 1568 P.
985 1539 1018 1567 in
1032 1539 1196 1573 excerptis
1211 1540 1291 1568 Oud.
1307 1538 1357 1573 [in
1371 1539 1496 1566 Gruter.
1512 1545 1588 1565 vero
1602 1539 1711 1567 collat.
1727 1539 1877 1572 equidem
1891 1536 1964 1573 lego
1979 1535 2097 1564 crita-

270 1585 367 1623 que.]
415 1585 611 1612 inminentis
625 1586 663 1613 R.
684 1584 899 1612 summatem
913 1585 949 1613 P.
999 1583 1150 1612 sedulam
1164 1583 1235 1611 eius
1255 1585 1290 1612 F.
1312 1585 1336 1612 l.
1352 1585 1382 1612 3.
1398 1585 1433 1610 G.
1453 1584 1479 1611 1.
1495 1583 1530 1610 P.
1546 1583 1582 1610 B.
1597 1587 1627 1610 et
1642 1585 1712 1612 edd.
1728 1588 1805 1612 vett.
1820 1588 1949 1618 praeter
1969 1584 2053 1611 lunt.
2066 1583 2097 1610 2.

268 1633 306 1660 In
326 1635 398 1660 cett.
424 1631 495 1659 eius
521 1629 683 1658 sedulam.
731 1630 964 1667 nequivissent
983 1632 1018 1659 G.
1041 1632 1070 1658 2.
1092 1631 1129 1658 Ι).
1148 1638 1177 1664 p.
1194 1630 1215 1657 f.
1237 1626 1266 1658 δ’.
1288 1630 1322 1657 0.
1344 1632 1372 1657 et
1394 1629 1464 1656 cdd.
1486 1631 1562 1656 vett.
1582 1633 1711 1662 praeter
1735 1629 1843 1658 Paris.
1888 1630 2097 1665 postremum

269 1677 306 1706 F.
320 1679 350 1706 3.
373 1679 408 1706 G.
426 1679 500 1705 ’1.2.
520 1677 558 1705 D.
574 1684 601 1711 p.
617 1677 652 1705 B.
667 1679 696 1704 et
711 1677 781 1705 edd.

272 1766 334 1802 oni
365 1765 491 1802 eidem
523 1768 584 1803 est
616 1764 731 1803 lectio
770 1764 967 1803 addictus
992 1764 1153 1816 poculo

270 1835 340 1873 pro
367 1835 427 1868 eo,
455 1821 519 1872 qui
544 1835 614 1873 per
639 1824 802 1859 mortem
827 1820 971 1872 poculo
999 1825 1063 1858 est
1087 1820 1153 1859 ad-

270 1878 407 1916 dictus.
470 1877 683 1917 Adclicere
709 1890 758 1915 ex
785 1876 910 1916 Tabb.
944 1877 1154 1916 Decemvi-

268 1935 336 1973 ral.
360 1938 528 1973 sumtum
545 1939 624 1980 est,
645 1947 747 1985 quae
762 1947 851 1972 eum
873 1935 937 1985 qui
956 1934 1153 1973 solvendo

268 2006 343 2030 non
365 1996 448 2030 erat
467 1992 647 2030 creditori
668 1991 904 2030 addicebant
923 1991 972 2031 cf.
993 1990 1151 2030 Ernest.

270 2047 377 2088 Clav.
394 2047 567 2088 Ciceron.
585 2062 617 2087 s.
631 2062 665 2087 v.
680 2047 806 2089 Bach.
822 2048 873 2087 ad
886 2047 1001 2088 Ovid.
1016 2048 1114 2087 Met.
1124 2047 1152 2087 Ι.

270 2109 364 2146 617.
385 2106 529 2145 deinde
549 2106 599 2144 de
620 2119 854 2157 quocunque
880 2105 1003 2144 altero
1024 2119 1152 2144 eman-

267 2163 395 2214 cipato
409 2177 456 2201 ac
469 2163 600 2201 dedito
609 2162 766 2201 homine
775 2163 921 2201 dicitur.
937 2162 1041 2201 Oud.
1051 2176 1152 2201 com-

268 2228 378 2271 parat
402 2219 552 2258 Lucan.
567 2219 634 2258 Vl.
656 2223 752 2260 452.
778 2220 911 2258 Arntz.
939 2220 989 2258 ad
1014 2220 1150 2259 Aurel.

267 2276 371 2315 vict.
393 2276 443 2314 de
457 2276 506 2315 V.
521 2275 579 2315 lll.
602 2290 633 2315 c.
655 2281 721 2317 21.
751 2281 790 2315 et
814 2290 888 2315 sua
908 2276 957 2315 ad
978 2275 1150 2315 Frontin.

268 2332 337 2373 lV.
367 2339 400 2374 1.
427 2337 494 2374 36.
529 2333 595 2385 [cs.
621 2332 705 2371 lntt.
733 2334 784 2373 ad
811 2332 888 2371 Cic.
918 2333 1079 2372 Tuscul.
1106 2333 1150 2371 ll.

270 2394 305 2431 2.
333 2390 363 2440 ξ.
391 2395 427 2431 5.
460 2389 527 2429 Dr.
560 2390 607 2429 ad
643 2389 712 2429 Sil.
744 2390 836 2428 XV.
870 2394 963 2430 247.
992 2390 1152 2441 poculo

271 2448 465 2487 addictas
478 2450 611 2485 nostro
624 2446 858 2497 respondet:
892 2447 983 2485 dem
999 2448 1148 2486 Tocles-

271 2504 417 2544 becher
444 2504 657 2557 verfallen.
672 2502 690 2556 ]

326 2566 536 2613 tepentem.
598 2560 656 2599 lta
692 2564 799 2599 recte
839 2574 888 2598 ex
924 2561 1010 2599 cod.
1044 2560 1151 2599 Bert.

271 2618 430 2670 Sciopp.
457 2618 492 2656 in
520 2618 657 2669 Symb.
684 2623 723 2656 et
748 2617 867 2669 Susp.
894 2617 1006 2656 Lect.
1028 2616 1089 2655 Ill.
1113 2621 1149 2658 6.

270 2675 507 2721 emendavitg
544 2688 647 2727 quae
677 2674 818 2714 cadem
849 2674 1027 2713 confusio
1053 2673 1151 2713 Met.

271 2730 337 2769 Vl.
363 2745 400 2782 p.
423 2735 517 2772 388.
542 2733 730 2784 repetitur
756 2731 913 2784 [tepens
938 2732 1154 2770 nominatur

272 2788 397 2827 lectus
420 2790 599 2841 yenialt's
624 2803 656 2827 s.
684 2793 817 2835 torus,
845 2788 936 2839 quia
961 2789 996 2826 in
1025 2789 1152 2826 matri-

271 2845 438 2883 monium
453 2845 664 2885 scelestam
680 2845 863 2884 feminam
877 2845 1027 2884 iuvenis
1042 2845 1138 2883 inter

271 2900 398 2940 sectus
418 2903 533 2941 modo
554 2903 720 2942 duxerat
751 2902 801 2941 cs.
816 2901 917 2941 Cort.
939 2902 989 2941 ad
1003 2900 1152 2940 Lucan.

270 2956 335 2997 Ill.
361 2962 425 2998 21.
451 2958 539 2998 lntt.
565 2960 616 2998 ad
640 2958 798 2998 Petron.
825 2959 907 2998 Sat.
933 2973 964 2997 e.
995 2958 1105 3011 132]

323 3016 509 3066 populas
534 3021 703 3057 aestuat.
742 3015 971 3069 [Pei-peram
999 3028 1047 3052 ex
1073 3029 1150 3052 uno

272 3073 356 3110 cod.
372 3072 471 3121 Reg.
487 3073 589 3112 Oud.
613 3073 819 3111 lectionem
840 3077 1028 3113 aestuant
1040 3085 1149 3123 prae·

272 3128 373 3175 tulit,
405 3129 454 3167 (lc
480 3143 555 3179 quo
583 3129 742 3181 pluralis
771 3131 914 3169 muneri
938 3144 1011 3167 usn
1038 3128 1149 3181 plura

1214 1764 1265 1803 ad
1289 1760 1386 1802 Met.
1414 1763 1478 1802 Ill.
1504 1778 1541 1816 p.
1572 1767 1663 1805 185.
1696 1762 1834 1801 dicam.
1897 1761 2099 1814 Scriptura

1214 1821 1378 1859 debetur
1413 1821 1555 1860 librarii
1590 1821 1849 1871 ignorantiae,
1888 1819 1952 1870 qui
1988 1819 2095 1856 verbi

1213 1877 1452 1928 singularem
1475 1881 1514 1916 et
1533 1877 1726 1929 pluralem
1745 1875 1935 1928 participii
1960 1889 2097 1914 conco-

1214 1948 1335 1985 quere
1367 1949 1441 1973 non
1467 1938 1630 1984 poterat.
1690 1932 1778 1971 Nec
1802 1934 1930 1970 minus
1956 1932 2097 1970 audac-

1212 1996 1271 2031 ter
1290 1991 1409 2043 Apul.
1431 1991 1529 2030 Met.
1544 1990 1609 2029 lv,
1630 1991 1667 2043 p.
1685 1993 1777 2031 259.
1805 1989 1992 2040 loquitur:
2026 1988 2099 2027 Sic

1212 2050 1494 2101 unusquisque
1519 2048 1715 2100 periculo
1752 2047 1919 2087 territus
1950 2058 2096 2097 suppe-

1214 2108 1358 2145 tiatum
1385 2106 1613 2144 decurrant
1637 2104 1769 2143 anxii..
1787 2102 1868 2155 —-]

1273 2162 1302 2201 C
1312 2177 1333 2199 Α
1344 2177 1376 2200 1‘.
1389 2160 1524 2201 XXX.
1551 2161 1780 2201 noscitarit.
1811 2158 1868 2212 [ln
1879 2163 1972 2212 optt.
1983 2158 2097 2197 codd.

1213 2219 1353 2271 legitur
1387 2219 1711 2271 coynome'narae't,
1744 2216 1851 2268 quod
1876 2222 2097 2268 corruptum

1213 2290 1309 2315 esse
1329 2277 1572 2328 perspicitur.
1622 2274 1725 2313 Oud.
1747 2273 1971 2312 emendavit
1989 2273 2098 2312 allus

1214 2348 1272 2372 me
1292 2347 1408 2372 ‘nemo
1428 2332 1643 2385 (ammorii,-
1675 2330 1781 2382 quod
1801 2334 1929 2369 tamen
1944 2343 2019 2368 non
2034 2343 2096 2367 sa-

1214 2389 1372 2429 tissacit.
1422 2389 1508 2439 Ego
1536 2388 1696 2427 coniicio
1718 2387 1834 2441 quod
1854 2387 1963 2426 alius
1980 2399 2096 2425 nemo

1211 2461 1271 2486 mc
1298 2447 1524 2486 noscitari&
1572 2444 1689 2483 Prius
1715 2457 1774 2483 me
1801 2443 1915 2482 facilc
1937 2446 2096 2495 propter

1212 2503 1453 2543 antecedens
1488 2516 1603 2542 nemo
1639 2501 1831 2552 corrumpi
1863 2514 1887 2538 a
1918 2499 2095 2544 librariis,

1213 2561 1377 2600 alterurn
1419 2573 1468 2597 ex
1505 2559 1698 2611 scriptura
1732 2559 1973 2610 φιοεοίίανε
2012 2556 2096 2595 oriri

1215 2617 1395 2670 poterat]

1273 2675 1410 2728 dissito
1432 2688 1489 2712 mc
1503 2674 1797 2712 demonstraus.
1841 2670 1908 2723 [cs.
1926 2669 2096 2709 casaub.

1214 2731 1265 2770 ad
1292 2732 1400 2770 Suet.
1428 2729 1515 2769 Oet.
1543 2734 1607 2770 45.
1635 2728 1785 2768 Ferrar.
1812 2728 1861 2766 de
1887 2727 1992 2766 vett.
2020 2727 2095 2765 Ac-

1214 2787 1329 2827 clam.
1367 2787 1414 2827 ll.
1451 2802 1483 2826 c.
1523 2791 1588 2828 23.
1620 2787 1658 2825 in
1696 2785 1837 2825 Graev.
1872 2782 1994 2822 Thes.
2027 2782 2097 2822 Vl.

1214 2858 1251 2896 p.
1266 2849 1332 2886 80.
1352 2843 1438 2883 Intt.
1459 2845 1509 2882 ad
1531 2843 1626 2882 Tac.
1647 2841 1803 2892 Dialog.
1825 2841 1875 2879 de
1890 2840 1997 2880 Orat.
2013 2854 2044 2878 e.
2061 2844 2097 2879 7.

1215 2901 1301 2941 Fea
1331 2902 1382 2940 ad
1406 2900 1501 2940 Hor.
1529 2900 1654 2939 Carni.
1681 2898 1749 2938 lV.
1776 2902 1812 2938 3.
1840 2901 1904 2939 22.
1936 2895 2096 2936 Echter-

1211 2972 1346 3010 meyer
1373 2956 1532 3009 Prog1·.:
1571 2957 1728 2996 Namen
1755 2971 1792 2994 u.
1820 2955 1987 3009 symbol.
2014 2954 2095 2993 Re.-

1213 3016 1324 3055 deut.
1350 3016 1389 3054 d.
1408 3016 1566 3067 Finyer
1592 3014 1654 3052 bei
1673 3013 1712 3051 d.
1732 3012 1896 3052 Gre'eclz.
1915 3026 1954 3051 u.
1975 3012 2092 3050 Ro'm.

1212 3087 1250 3124 p.
1281 3076 1330 3112 19
1356 3072 1437 3124 sq.]

1265 3134 1514 3180 postremum
1534 3141 1582 3166 ex
1603 3130 1696 3179 optt.
1718 3125 1830 3165 codd.
1860 3125 2009 3163 retineri
2030 3124 2094 3161 ‹le-
