2221 3667
334 140 415 186 390

844 310 1286 363 CAPUT
1376 314 1606 362 XXXI.

447 413 515 455 Sic
539 414 653 454 css'ata
675 413 682 470 Ι
703 414 809 454 foras
821 426 909 452 sese
922 410 1244 466 proripitint'esta
1263 417 1303 451 et
1320 413 1563 453 stomachata
1582 412 1678 453 biles
1691 411 1911 455 venereas.
1938 412 2016 456 Sed
2034 428 2121 456 eam
2175 397 2178 422 Σ

334 469 512 525 protinus
531 469 656 512 Ceres
676 477 714 510 et
727 469 825 510 Iuno
845 468 1146 518 continuantur,
1173 467 1377 522 visamque
1395 469 1507 510 vultu
1525 470 1671 510 tumido
1691 471 1910 524 quaesiere,
1929 485 1999 512 cur
2012 472 2114 512 truci

246 426 311 459 378

424 573 532 613 effac-i
548 578 583 604 G.
600 578 629 605 2.
649 583 669 604 a
687 583 727 603 m.
747 582 778 608 p.
797 581 852 608 pro
871 570 994 609 effata.
1043 580 1078 601 se
1095 574 1130 602 Ο.
1172 572 1334 609 prorepat
1345 574 1383 602 D.
1410 574 1578 611 praeripit
1592 577 1627 603 G.
1642 576 1672 604 2.
1688 576 1724 604 P.
1744 575 2035 612 prorupitrlorid.
2048 576 2123 606 edit.

334 621 466 659 infesta
479 618 737 648 stomachabiles
754 617 904 645 Vener-as
918 620 954 647 G.
967 620 999 647 2.
1012 619 1052 646 D.
1089 621 1124 646 er
1136 621 1211 647 ante
1224 616 1387 647 stomach.
1401 613 1491 648 abest
1505 627 1526 648 a
1538 621 1574 648 P.
1607 619 1785 648 stomacher
1799 622 1834 650 Ρ.
1848 629 1875 649 π
1915 618 2078 649 Veneram
2087 622 2123 650 P.

334 665 430 693 bilem
450 665 626 693 Venerium
642 673 670 698 p.
696 663 850 691 venerias
864 660 894 692 d.
912 664 983 692 edd.
1001 665 1078 692 vett.
1125 665 1156 690 el
1171 660 1336 691 sconem-lt.
1356 662 1410 692 (n'l.
1435 662 1554 691 Vener.
1575 665 1659 694 Pric.
1681 666 1787 700 posuit
1809 669 1879 700 post
1897 662 2021 701 effata.
2068 662 2127 694 sed
2176 658 2179 686 Ῑ

335 712 532 740 fundante.
557 709 758 737 continuant
771 716 854 737 unus
864 718 896 742 φ.
911 710 967 736 sed
980 708 1056 737 hinc
1070 710 1161 736 locus
1169 708 1389 737 emendandus
1403 717 1465 737 non
1473 713 1531 743 est.
1541 710 1575 738 iu
1588 711 1653 738 allo
1661 710 1891 740 continuatur.
1917 710 2127 738 comitantur

335 757 372 785 Β.
387 761 415 785 et
431 757 500 785 edd.
515 759 590 784 vett.
638 751 752 780 timido
765 754 801 782 F.
816 754 846 782 3.
861 761 890 788 p.
906 753 928 781 f.
949 751 1008 788 [cf.
1021 753 1094 782 Liv.
1106 754 1147 782 11.
1161 755 1214 781 52.
1228 754 1260 787 §.
1276 754 1304 781 1.
1319 752 1375 782 Dr.
1389 755 1429 782 ad
1443 755 1501 782 Sil.
1515 756 1555 783 11.
1569 756 1644 782 626.
1657 756 1748 789 virg.
1761 757 1894 785 E<:1.V1.
1908 758 1961 784 20.
1974 757 2059 785 vm.
2072 758 2128 785 28.

336 803 373 829 G.
386 804 442 830 111.
455 802 531 829 421.
545 799 672 827 Triller.
686 799 820 827 Observ.
832 800 857 827 Ι.
874 797 919 833 1.]
968 797 1144 835 quaesiere
1157 799 1193 827 F.
1206 799 1237 827 3.
1252 799 1288 828 G.
1301 799 1333 828 2.
1346 799 1382 827 P.
1397 800 1431 828 Ο.
1445 801 1482 828 D.
1497 807 1526 834 p.
1541 799 1563 828 f.
1578 796 1607 828 ὃ.
1620 800 1735 829 Venet.
1748 801 1779 829 4.
1793 801 1871 830 oud.
1885 805 2050 837 comparat
2067 807 2130 830 sua

337 848 377 875 ad
392 847 485 875 Caes.
499 846 534 873 B.
550 846 585 872 G.
598 845 623 872 Ι.
637 845 691 872 32.
713 845 751 872 In
764 846 836 872 cett.
852 843 1059 881 quaesivere.

337 932 450 969 Ovid.
475 930 573 969 Met.
594 929 660 968 VI.
688 933 780 971 241.
828 930 985 969 Ruhnk.
1017 930 1068 970 ad
1092 929 1207 969 Ovid.

336 985 761 1039 Hei·0id.XY1.149.p.
772 989 835 1027 94.
849 986 960 1025 XIX.
976 991 1082 1038 up.
1095 986 1207 1040 1061]

335 1043 557 1093 Aliquando
566 1041 668 1082 Oud.
678 1044 859 1094 cogitavit
872 1044 921 1082 de
935 1057 1050 1082 aureo
1065 1043 1208 1089 crinali,

337 1113 413 1150 quo
444 1099 649 1138 distinctos
681 1099 847 1151 capillos
872 1101 1034 1151 gerebat
1058 1098 1208 1152 Cupido

335 1159 440 1194 teste
470 1154 583 1193 Ovid.
618 1155 744 1207 Epist.
775 1169 825 1194 ex
849 1154 961 1195 Pont.
988 1155 1052 1194 ΙΙΙ.
1078 1160 1115 1197 3.
1144 1161 1207 1197 15.

338 1213 426 1251 Nee
451 1217 636 1265 torquem
660 1212 788 1259 eollo,
824 1226 898 1251 nee
929 1213 1079 1252 [tabens
1110 1213 1206 1252 eri-

336 1269 449 1308 nale
486 1269 670 1321 cupillis,
714 1269 804 1308 Nee
846 1269 943 1308 bene
984 1270 1207 1321 dispositas

338 1329 508 1369 comatus,
534 1330 579 1365 ut
591 1329 703 1370 ante,
730 1338 878 1365 comas.
904 1325 987 1364 Sed
1000 1326 1102 1364 bene
1115 1325 1207 1364 dicit

337 1380 517 1431 intelligi,
549 1381 637 1420 huic
659 1382 878 1420 sententiae
903 1395 976 1420 non
1003 1382 1207 1420 convenire

337 1438 584 1489 perstrinxi,
610 1437 884 1487 quodsstlevi,
910 1438 1064 1489 placide
1083 1439 1206 1490 tetigi,

339 1494 507 1544 linxique
532 1494 711 1544 capillos.
743 1493 832 1533 coll.
859 1494 929 1533 Sil.
954 1493 1022 1533 IV.
1048 1498 1144 1535 352.

395 1563 482 1588 meo
512 1551 671 1603 yremio
700 1551 881 1590 nectarei
908 1552 1040 1603 fontis
1069 1552 1212 1604 infeci.

339 1605 527 1644 Pricaeus
552 1606 606 1644 ait
629 1619 722 1645 esse
746 1606 985 1658 hypallagen
1011 1620 1078 1658 pro
1095 1610 1213 1659 fonte

338 1663 504 1715 yremii,
546 1676 622 1713 quo
658 1663 808 1701 ridetur
856 1663 1103 1702 intellexisse
1145 1664 1212 1703 lae

339 1732 610 1757 mammarum.
651 1718 735 1757 Sed
752 1732 801 1757 an
821 1720 854 1757 is
875 1719 963 1757 sons
982 1720 1128 1772 yremii
1146 1733 1210 1757 vo-

341 1774 418 1812 cari
443 1774 590 1826 possit,
616 1788 701 1813 cum
727 1774 829 1814 Oud.
855 1776 1038 1827 equidem
1063 1776 1208 1814 dubito.

342 1831 413 1877 (At
448 1832 501 1869 ita
536 1830 609 1869 dici
653 1845 729 1870 non
766 1845 908 1882 posse,
933 1832 1074 1883 probat
1099 1832 1209 1870 locus

339 1885 416 1925 sic.
449 1886 500 1924 (le
530 1886 644 1926 divin.
676 1887 720 1927 11.
746 1892 810 1928 41.
842 1889 957 1928 Puer
986 1889 1029 1927 in
1051 1889 1209 1941 yremt'o

340 1944 480 1982 matris
522 1945 681 1990 sedens,
724 1958 935 1984 mcmzmam
975 1944 1207 1997 appetens]

339 1999 526 2038 Heinsius
559 2001 645 2039 loco
679 2001 795 2039 citato
821 2001 932 2052 legit:
964 2003 1041 2040 mei
1062 2002 1210 2054 yremii

340 2061 531 2095 nectareo
553 2060 649 2109 fotu
674 2058 806 2110 refeci
829 2058 970 2109 pinnas
990 2057 1123 2097 lassas
1137 2057 1211 2096 sci-

338 2111 430 2150 licet
464 2125 488 2150 a
511 2113 697 2159 volando,
728 2113 833 2151 unde
862 2127 987 2165 saepe
1015 2113 1213 2165 Apuleius

341 2171 480 2220 refota
506 2169 746 2210 lassitudine
771 2170 819 2209 cf.
834 2171 885 2209 ad
896 2170 1052 2209 Met.v.
1067 2184 1106 2222 p.
1120 2174 1214 2212 348.

340 2224 405 2262 De
429 2227 569 2264 ceteris
594 2226 760 2264 dubitari
784 2228 929 2278 nequit.
955 2226 1057 2278 [Sed
1082 2231 1216 2267 contra

342 2278 442 2320 Mss.
491 2284 758 2321 auctoritatem
805 2284 1011 2350 quicquam
1052 2287 1215 2330 mutar,e

342 2337 528 2375 audacius
559 2342 640 2384 est,
672 2353 726 2390 pr
717 2341 899 2378 tescitnn
937 2353 1054 2391 quum
1090 2340 1213 2379 altera

343 2394 456 2431 lectio
482 2395 592 2444 prol)
594 2409 643 2433 un
668 2397 900 2434 sententiam
914 2396 1065 2435 efficiat.
1089 2396 1211 2436 Voss.

341 2463 434 2487 vero
454 2451 503 2487 de
520 2451 738 2491 Construct.
759 2466 790 2491 c.
806 2457 869 2493 30.
895 2456 1002 2492 recte
1027 2455 1214 2493 construit

340 2507 472 2558 infeci
494 2509 644 2559 sontis,
676 2512 717 2546 ut
744 2508 948 2547 G-enitivus
976 2510 1028 2548 sit
1051 2523 1122 2561 pro
1147 2511 1213 2548 ab·

341 2563 471 2602 lativo.
499 2563 651 2603 Graeca
677 2564 744 2603 illa
761 2565 878 2616 plane
897 2570 961 2604 est
979 2568 1213 2606 constructio

341 2633 414 2658 nec
439 2632 487 2656 ex
512 2620 640 2658 studio
667 2620 825 2671 Apuleii
849 2635 964 2660 unum
995 2635 1065 2673 pro
1091 2623 1212 2662 altero

341 2676 511 2728 ponendi
538 2690 632 2715 casu
657 2677 860 2717 cumOud.
887 2678 1119 2730 explicanda
1139 2684 1213 2723 est,

342 2733 407 2784 qui
431 2733 468 2770 in
494 2746 542 2770 eo
567 2737 775 2783 praeterea
797 2748 1036 2785 magnopere
1061 2737 1214 2781 erravit,

342 2789 447 2839 quod
477 2790 608 2841 yaecttis
638 2790 699 2827 vel
731 2791 836 2829 aliud
863 2791 955 2842 quid
980 2793 1215 2843 cogitatione

342 2845 564 2884 addendum
579 2859 671 2884 esse
684 2846 838 2886 iudicat.
881 2847 1052 2886 Eandem
1065 2848 1216 2901 Hypal-

341 2901 456 2952 lagen
478 2901 580 2939 salso
594 2904 773 2953 agnoscit
792 2904 1023 2943 Stallbaum.
1043 2906 1094 2943 ad
1107 2905 1213 2944 Rud-

341 2957 434 2996 dini.
457 2957 594 2997 Ins-titt.
621 2958 726 2998 Τ.Π.
754 2973 790 3011 p.
820 2964 910 3000 189.
939 2965 1014 2999 not.
1039 2965 1104 3002 25.
1131 2961 1214 3000 Sed

342 3013 375 3051 si
396 3014 432 3051 in
453 3015 647 3053 inusitatis
667 3017 914 3055 construendi
929 3018 1056 3055 modis
1070 3018 1214 3069 uquue

344 3070 446 3120 apud
455 3070 665 3121 Apuleium
680 3072 881 3112 offendere
895 3072 1033 3122 velles,
1047 3088 1215 3126 eumque

344 3127 493 3166 extrita
506 3129 674 3178 quadam
693 3131 838 3169 ratione
857 3130 1083 3178 emendare,
1109 3134 1215 3172 totus

596 144 645 186 L.
674 144 894 185 APULEII
923 141 1323 184 MADAURENSIS
1352 111 1894 186 METAMOuPHOSEON

1266 930 1351 969 eius
1377 930 1483 970 color
1506 935 1623 983 atque
1646 933 1864 984 proprietas
1889 931 2006 984 plane
2024 946 2131 971 ever-

1266 991 1418 1026 teretur.
1468 988 1534 1026 Sic
1563 989 1630 1026 ille
1661 990 1745 1040 ipse
1776 991 1928 1028 esurire
1956 993 1995 1028 et
2019 991 2133 1029 sitire
2175 986 2178 999 ³

1266 1045 1395 1082 verbis
1410 1045 1572 1095 primus,
1598 1049 1781 1095 quantum
1799 1046 1899 1092 scio,
1925 1046 2133 1097 genitivum

1266 1101 1463 1139 adsciscit.
1513 1101 1561 1139 cs.
1592 1102 1643 1140 (le
1671 1102 1760 1139 Deo
1793 1102 1940 1141 socrat.
1973 1115 2009 1154 p.
2039 1105 2129 1142 172.

1265 1157 1436 1210 fallacis
1459 1159 1597 1197 mulae
1620 1159 1714 1197 sctit.
1750 1157 1801 1196 Et
1819 1159 1978 1209 saepius
1992 1159 2068 1197 iam
2079 1159 2133 1197 ita

1263 1211 1476 1264 Apuleium
1501 1227 1642 1252 novare
1661 1215 1984 1254 constructionem
2003 1215 2132 1254 obser-

1264 1273 1392 1308 vatum
1419 1270 1511 1322 est]
2175 1298 2177 1300 -

1322 1325 1408 1364 Car.
1422 1325 1572 1366 XXXI.
1595 1329 1714 1380 foras
1725 1341 1806 1367 sese
1814 1328 2013 1380 proripit.
2041 1326 2133 1366 Fre·
2173 1341 2178 1366 t

1265 1383 1522 1435 quentissima
1539 1388 1602 1422 est
1620 1384 1733 1422 codd.
1750 1385 1907 1423 variatio
1922 1384 1958 1423 in
1972 1384 2135 1423 vocilius

1261 1453 1534 1491 prorumpere
1547 1441 1822 1492 etprorzfiere,
1832 1454 1948 1492 quum
1957 1441 2135 1479 eiusdem

1269 1495 1488 1534 viderentur
1512 1496 1676 1534 librariis
1708 1510 1802 1534 esse
1832 1497 2134 1547 significationis.
2175 1514 2178 1526 ·

1269 1549 1413 1590 Rarius
1459 1556 1587 1590 tamen
1636 1556 1700 1590 est
1740 1554 1983 1605 proripere,
2031 1552 2136 1604 quod
2175 1592 2178 1599 ,

1270 1608 1467 1646 emendari
1492 1622 1566 1646 non
1598 1609 1735 1655 debet,
1772 1621 1859 1647 cnm
1893 1609 2053 1661 saepius
2088 1622 2138 1647 ea
2181 1619 2183 1621 ’

1269 1665 1463 1703 sententia
1499 1664 1604 1715 apud
1639 1664 1851 1717 Apuleium
1886 1664 2038 1716 legatur
2084 1665 2134 1705 ct.
2174 1706 2178 1716 .

1269 1719 1366 1759 Met.
1379 1719 1448 1759 IV.
1465 1722 1610 1770 p.238.
1636 1734 1830 1761 eursume
1849 1722 2012 1761 concito
2026 1735 2139 1775 pro-
2176 1751 2177 1756 ,

1267 1777 1368 1828 ripc'
1378 1790 1413 1815 0.
1460 1776 1528 1816 lV.
1554 1790 1591 1828 p.
1619 1781 1714 1818 287.
1745 1778 1909 1817 concito
1932 1791 1973 1817 se
1994 1778 2138 1831 ῃναιίιι
2174 1790 2178 1821 ἲ

1263 1833 1569 1885 proripiunt.
1601 1833 1670 1873 Vl.
1693 1847 1732 1885 p.
1757 1837 1850 1874 434.
1876 1847 2015 1886 meque
2040 1848 2138 1887 qua·
2173 1853 2178 1867 ¹

1269 1890 1453 1941 drupedi
1465 1903 1587 1930 cursu
1597 1891 1848 1942 proripio.
1873 1889 1976 1928 Vlll.
1990 1904 2027 1942 p.
2044 1895 2138 1932 543.
2174 1927 2177 1934 ,

1269 1959 1390 1985 cursu
1410 1947 1575 1998 furioso
1596 1960 1722 1997 pror
1732 1947 1828 1999 ipit
1850 1960 1891 1986 se
1914 1950 1954 1984 et
1977 1948 2139 1999 saepius
2183 1966 2185 1971 ·

1269 2002 1317 2040 cs.
1349 2000 1452 2040 Oud.
1483 2002 1535 2040 ad
1567 2002 1683 2042 Caes.
1712 2002 1758 2041 B.
1792 2002 1884 2042 C.1.
1911 2006 1975 2043 20.
2007 2004 2141 2043 subito
2175 2008 2177 2050 j

1272 2072 1312 2098 se
1331 2059 1640 2110 proripiunt.
1689 2058 1833 2112 [Plura
1862 2058 1971 2098 dabit
1994 2059 2064 2100 Dr.
2088 2059 2141 2099 ad
2176 2064 2177 2070 ’

1271 2114 1359 2153 Liv.
1385 2114 1430 2153 ΙΙ.
1456 2118 1521 2155 23.
1547 2116 1578 2166 §.
1604 2119 1643 2156 8.
1669 2119 1708 2154 et
1732 2114 1844 2154 XXI.
1868 2119 1934 2157 63.
1957 2114 1989 2165 ξ.
2017 2115 2104 2169 13.]
2171 2158 2174 2165 ,

1328 2171 1581 2211 stomachata
1619 2172 1716 2211 biles
1759 2172 1967 2212 Vener-eas.
2029 2171 2141 2211 Haec

1274 2229 1364 2278 quia
1399 2228 1450 2265 (le
1486 2229 1574 2279 ipsa
1608 2232 1732 2267 matre
1757 2227 1958 2279 Cupidinis
1983 2228 2140 2283 Venere
2171 2229 2174 2243 ¹

1274 2285 1377 2323 (licta
1410 2285 1504 2330 sint,
1541 2284 1642 2323 hanc
1676 2298 1859 2324 caussam
1895 2285 2140 2324 Stewechius
2173 2291 2183 2318 ι’

1270 2340 1451 2380 sulficere
1491 2345 1619 2392 putat
1668 2345 1902 2394 quapropter
1942 2341 2140 2380 emendet:
2175 2368 2179 2381 1

1271 2397 1525 2438 stomachata
1545 2398 1643 2437 biles
1654 2411 1792 2437 meras.
1840 2396 1880 2435 In
1899 2397 1973 2437 hac
1985 2397 2175 2450 quidem

1272 2455 1502 2506 repetitione
1531 2453 1634 2492 Oud.
1672 2468 1745 2492 non
1782 2453 1960 2501 offendit,
1997 2455 2176 2506 optime
2169 2454 2189 2483 '-

1272 2510 1496 2562 explicans.
1522 2509 1705 2561 Intelligit
1730 2510 1838 2557 biles,
1865 2511 2004 2561 quales
2029 2511 2139 2550 dece·
2168 2507 2178 2562 l'

1273 2569 1366 2607 bant
1398 2567 1602 2613 Venerem,
1638 2571 1680 2605 ut
1704 2566 1837 2613 deam,
1872 2567 1936 2606 vel
1961 2563 2173 2620 propriae

1273 2637 1314 2662 ei
1317 2627 1382 2663 ant
1401 2623 1557 2669 Veneri,
1576 2626 1618 2662 ut
1628 2623 1850 2662 vehementi
1863 2624 2142 2675 impotentique
2168 2627 2175 2644 ⁸*

1274 2680 1443 2719 seminini
1473 2693 1595 2718 sexus
1626 2679 1749 2718 Deae.
1798 2679 1902 2726 Quia
1930 2681 2043 2732 igitur
2071 2682 2141 2720 ira-
2168 2673 2172 2697 ³

1274 2751 1345 2775 cui.
1351 2736 1551 2775 dissimam
1595 2736 1790 2775 Venerem
1838 2736 2046 2789 descripsit
2092 2737 2140 2777 cf.
2167 2723 2194 2794 ,t

1272 2792 1339 2832 lv.
1355 2807 1394 2845 p.
1407 2797 1500 2833 303.
1520 2793 1765 2832 vehementer
1778 2793 1963 2832 incendit
1982 2794 2170 2833 Veneris·
2168 2808 2178 2833 ;

1275 2851 1445 2895 animos,
1489 2862 1564 2900 ego
1600 2861 1755 2900 quoque
1790 2848 1884 2886 nihil
1918 2849 2141 2889 mutandum
2166 2836 2184 2922 Ξ

1273 2920 1366 2944 esse
1401 2907 1546 2957 opinor.
1606 2904 1891 2956 Significantius
1932 2907 2032 2944 enim
2069 2891 2170 2946 est.

1273 2962 1377 3009 Quid
1409 2976 1500 3001 vero
1530 2961 1604 3000 sibi
1634 2960 1730 3000 velit
1757 2961 1894 3000 Vossii
1925 2963 2141 3002 coniectura
2166 2941 2187 3044 ἑ

2165 3036 2168 3144 l

1281 3020 1475 3064 Venerea,
1500 3019 1566 3056 vix
1589 3019 1674 3069 capi
1699 3021 1843 3069 potest.

1330 3077 1444 3117 vultu
1468 3073 1638 3116 tmniclo.
1662 3073 1774 3114 Hanc
1793 3073 1998 3115 lectionem
2011 3087 2168 3128 quam-

1275 3146 1390 3184 quam
1427 3136 1560 3173 contra
1595 3131 1779 3183 optimum
1818 3132 1991 3174 codicem
2028 3131 2072 3173 F.
2103 3135 2167 3173 3
