2221 3667
310 149 392 192 996

562 148 609 186 L.
640 145 861 186 APULEII
892 141 1293 183 MADAURENSIS
1323 142 1864 185 METAMORPHOSEON

310 274 406 300 nosa
433 258 600 299 culmina
617 289 626 307 ‚
656 256 776 296 maris
802 255 976 296 salubria
1001 254 1179 305 flamina,
1208 254 1377 295 inferum
1409 255 1609 308 deplorata
1639 255 1793 296 silentia
1825 255 1982 296 nutibus
2008 253 2104 294 meis

310 317 515 369 dispenso:
544 314 653 354 euius
681 326 824 353 numen
852 312 1023 363 unicum,
1052 311 1280 352 multiformi
1301 311 1447 366 specie,
1475 312 1554 352 ritu
1573 312 1701 363 vario,
1730 312 1885 353 nomine
1905 310 2105 364 multiiugo

309 454 457 494 inferum
472 455 507 483 F.
530 455 558 481 3.
580 454 614 480 G.
636 454 660 480 l.
676 454 706 480 2.
721 454 754 480 O.
768 453 804 481 P.
819 454 857 481 D.
874 461 901 486 p,
917 453 939 481 f.
955 449 983 481 ὃ.
998 453 1068 481 edd.
1083 455 1157 480 ante
1171 451 1262 479 Colv.
1282 458 1366 485 quae
1380 451 1475 480 lectio
1489 452 1568 480 Oud.
1583 458 1776 485 quamquam
1790 453 1938 488 probata,
1964 457 1983 480 a
1995 452 2108 479 Ruhn-

310 500 406 528 Keuio
432 503 537 527 lunum
564 499 595 526 iu
622 502 711 526 textu
737 505 800 526 non
826 502 954 532 recepta
979 501 1037 526 est.

1085 494 1266 535 inf'lm·um
1290 495 1326 525 1..
1353 499 1387 525 In
1412 500 1484 525 cett.
1510 495 1710 536 ilcferormu.

1759 495 1935 533 deplorata
1960 497 1996 524 G.
2014 498 2045 524 2.
2069 496 2109 523 D.

311 544 453 572 motibus
469 546 503 573 B.
518 544 658 572 Scriver.
706 542 916 583 nauliz-‘forme
929 544 966 571 P.
981 543 1051 571 edd.
1063 546 1143 571 vett.
1158 550 1261 576 usque
1275 543 1316 571 ad
1329 542 1556 577 Colv.praeter
1564 543 1679 571 Venet.
1691 544 1722 570 ⁴.
1734 546 1766 571 et
1778 542 1886 571 Paris.

311 658 416 692 recte
441 654 579 700 babet,
617 653 721 704 quod
747 653 923 691 dubitare
948 653 1016 691 vix
1042 651 1182 697 audeo,

312 725 387 762 ego
412 711 540 749 refero
567 710 615 749 ad
642 709 798 755 Isidem,
826 723 926 760 quae
954 710 1087 748 onmia
1108 712 1183 754 est,

310 766 353 807 τὸ
380 769 465 806 πᾶν.
516 767 562 806 cf.
590 767 741 806 Gruter.
767 765 956 816 Inseriptt.
983 779 1018 817 p.
1040 769 1106 811 82,
1128 770 1185 806 2.ae

313 826 402 870 „Te
440 824 514 863 tibi
552 824 672 867 Una,
712 836 817 875 qnae
848 836 886 861 os
918 824 1074 861 omnia
1106 823 1184 861 dea

316 881 428 921 Isis.“
454 880 608 931 Pignor.
635 893 673 931 p.
688 884 725 919 3.
752 879 951 917 Stobaeus
977 879 1103 918 Serm.
1118 883 1183 919 42.

313 953 351 990 p.
377 952 425 977 m.
453 941 563 977 292:
591 934 660 987 ἐγώ
685 934 757 986 εἰμι
782 936 857 974 πᾶν
881 932 924 974 τὸ
950 934 1099 986 γεγονὸς
1123 933 1187 974 καὶ

315 994 359 1034 ὃν
401 992 463 1033 καὶ
507 990 693 1043 ἐσόμενον.
753 990 949 1030 lablonsk.
986 990 1127 1030 Panth.
1160 990 1185 1029 I.

316 1056 381 1093 65.
396 1056 460 1093 67.
487 1050 620 1101 Kopp.
635 1048 841 1099 Palaeogr.
869 1047 914 1087 T.
929 1047 996 1086 IV.
1022 1062 1058 1099 p.
1076 1048 1186 1100 273]

374 1108 495 1146 maris
542 1106 724 1145 salabria
771 1106 950 1158 fla-mina.
1027 1104 1190 1143 Frustra

315 1164 516 1202 Mem-sius
554 1163 588 1200 in
629 1161 812 1200 Exercitt.
852 1160 940 1198 Crit.
977 1159 1022 1198 P.
1049 1161 1096 1200 ll.
1121 1160 1188 1198 lv,

320 1226 383 1261 17.
421 1233 457 1271 p.
496 1224 590 1260 227.
632 1219 870 1256 substituere
911 1221 1035 1255 tentat
1071 1218 1189 1256 aeris.

318 1277 415 1316 Eam
451 1278 550 1314 enim
586 1276 815 1313 sententiam
852 1278 960 1326 putat
996 1273 1100 1313 Oud.
1135 1287 1192 1311 re-

318 1333 515 1383 spondere
551 1332 682 1371 verbis
720 1346 870 1371 summa
908 1331 1113 1375 luminum.
1150 1334 1193 1368 ut

320 1390 425 1429 coeli
458 1390 633 1429 eulmina
664 1388 794 1425 verbis
823 1388 959 1439 prima
991 1387 1191 1432 coelitum,

320 1451 359 1485 et
383 1448 560 1497 inferum
584 1445 745 1484 silentia
778 1444 1001 1495 deplorata
1028 1444 1192 1481 vocabu-

321 1504 369 1541 lis
394 1503 542 1554 reyina
568 1502 765 1540 Manium.
814 1499 916 1538 Nam
949 1513 971 1537 e
1000 1500 1194 1537 sideribus

320 1559 493 1611 pendere
518 1559 648 1596 varios
673 1557 790 1595 maris
824 1562 863 1594 et
887 1560 1089 1594 ventorum
1113 1569 1193 1593 mo-

321 1621 384 1654 tus
409 1620 448 1653 et
473 1617 507 1653 in
539 1629 646 1653 mare
676 1613 822 1651 Isidem
853 1613 913 1651 ius
945 1613 1106 1657 habere,
1144 1611 1194 1650 cs.

321 1672 417 1710 infra
442 1686 477 1723 p.
494 1675 585 1712 765.
630 1669 917 1722 Ineptissimam
943 1673 1073 1707 autem
1098 1681 1192 1706 esse

323 1733 458 1767 censet
495 1728 598 1766 Oud.
638 1727 841 1765 lectionem
876 1727 1068 1778 flumina,
1107 1738 1193 1762 cum

320 1786 487 1839 flamina
507 1798 540 1823 s.
561 1784 663 1821 venti
691 1795 901 1832 eorumque
927 1786 1033 1820 ortus
1058 1781 1193 1820 erebro

321 1842 415 1880 mari
441 1841 722 1884 adscribantur,
747 1837 846 1876 conf.
874 1837 976 1876 Curt.
1002 1836 1071 1876 IX.
1098 1851 1128 1874 c.
1156 1841 1192 1876 4.

322 1899 352 1949 ᾧ.
369 1903 433 1938 21.
459 1898 590 1936 Burin.
611 1897 661 1935 ad
682 1895 814 1941 Quint.
834 1893 970 1932 Institt.
985 1894 1093 1933 Orat.
1108 1892 1193 1931 XII.

325 1960 387 1996 10.
402 1968 441 2006 p.
458 1958 577 1994 1103.
604 1957 643 1991 et
666 1952 750 1990 Intt.
778 1952 827 1989 ad
851 1951 999 1990 Lucan.
1024 1950 1074 1988 V.
1101 1954 1193 1990 567.

322 2011 465 2051 Boeth.
482 2010 599 2049 Cons.
614 2008 715 2047 Phil.
731 2007 845 2046 Metr.
861 2007 887 2046 I.
905 2012 940 2047 2.
964 2008 1061 2059 quin
1076 2008 1196 2046 etiam

325 2082 505 2114 caussas,
542 2067 652 2107 unde
675 2079 828 2104 sonora
851 2065 1065 2115 flamina
1088 2063 1197 2102 solli-

327 2127 450 2164 citent
486 2137 670 2176 aequora
702 2122 859 2173 ponti.
921 2120 988 2172 [cf.
1016 2120 1117 2159 Cort.
1150 2119 1200 2159 ad

324 2182 475 2220 Lucan.
502 2181 549 2218 Υ.
576 2183 668 2220 559.
696 2178 833 2216 Heius.
858 2177 1027 2216 Advers.
1054 2176 1117 2215 ΠΙ.
1137 2181 1199 2216 13.

326 2252 362 2289 p.
380 2242 474 2278 493.
493 2238 545 2275 ita
566 2237 660 2285 legit
679 2235 780 2273 hunc
800 2234 945 2272 Iocum:
973 2247 1076 2286 quae
1097 2233 1202 2272 coeli

329 2295 529 2334 luminosa
555 2292 746 2336 culmina,
772 2292 895 2330 maris
920 2290 1103 2330 salabria
1128 2291 1201 2343 fla-

326 2353 447 2395 mina,
495 2351 723 2401 infer-orma
772 2347 995 2400 deplorata
1043 2346 1203 2386 silentia

328 2407 491 2447 nulibus
520 2407 614 2445 meis
645 2410 843 2456 tempero,
880 2403 1044 2441 Mem-sii
1077 2404 1202 2440 conie-

332 2468 479 2503 cturam
516 2463 608 2500 item
646 2461 838 2499 reficiens.
891 2460 1077 2498 Attamen
1116 2473 1202 2497 cum

329 2520 434 2559 Oud.
472 2521 506 2557 in
542 2532 590 2556 eo
629 2518 848 2556 consentire
886 2529 1061 2566 nequeo,
1099 2516 1203 2566 quod

328 2582 406 2615 tam
432 2580 612 2614 accurate
636 2573 813 2624 singulas
834 2573 1118 2611 enuntiationes
1149 2586 1204 2610 re-

329 2634 526 2684 spondere
546 2633 618 2670 sibi
645 2631 751 2676 dicit,
778 2643 892 2681 quum
919 2629 1046 2681 priora
1069 2642 1204 2669 rerum

329 2695 502 2730 naturae
524 2702 677 2741 parens
703 2687 738 2725 in
765 2700 878 2737 seqq.
912 2699 986 2723 non
1018 2685 1203 2731 habeant,

331 2759 407 2796 quo
431 2746 562 2783 referri
578 2744 741 2796 possint.
781 2743 931 2782 Eadem
946 2743 1095 2780 ratione
1115 2742 1205 2780 dicit

329 2802 524 2854 Apuleius
561 2801 658 2839 Met.
695 2799 766 2838 XI.
799 2813 835 2851 p.
861 2803 955 2840 807.
993 2803 1031 2837 te
1066 2799 1206 2850 superi

331 2860 490 2903 colunt,
524 2858 738 2897 observant
760 2857 904 2909 inferi,
937 2861 980 2894 ίιι
1004 2861 1117 2894 rotas
1144 2869 1206 2893 or-

333 2917 433 2961 bem,
472 2916 642 2955 lmuiwms
679 2914 819 2959 solem,
855 2914 966 2965 reyt's
1001 2912 1206 2956 mundum,

333 2972 473 3011 calcas
499 2973 726 3011 Tartarmn.
770 2969 862 3010 Tibi
885 2969 1135 3021 respondent
1159 2969 1207 3006 εἱ-

333 3029 447 3073 dera,
478 3028 651 3067 redeunt
680 3032 884 3079 tempora,
919 3025 1109 3079 (laudent
1137 3038 1207 3064 mc-

333 3085 458 3133 me'no,
502 3085 681 3124 serviunt
722 3084 926 3123 elementa..
975 3084 1064 3122 Tuo
1107 3085 1208 3122 metu

1241 654 1404 704 spirant
1414 653 1594 705 flamina,
1604 652 1838 692 nutriuntur
1850 650 1992 691 nubila
2000 662 2111 700 seqq.

1243 711 1297 747 At
1322 709 1425 747 Oud.
1450 710 1644 747 sententia
1677 710 1710 746 si
1741 722 1833 746 vera
1862 711 1989 754 esset,
2027 706 2112 744 eius

1244 767 1464 804 coniectura
1485 766 1763 816 lumimmzrpro
1782 766 1987 804 nwm'mcm
2005 775 2112 815 aper-

1244 823 1396 860 tissime
1421 821 1697 875 adiuvaretur.]

1301 880 1488 930 inferum.
1556 877 1697 916 Contra
1733 877 1893 929 Apu!eii
1927 889 2040 915 usum
2077 879 2117 913 et

1246 934 1350 974 Oud.
1375 935 1606 973 sententiam
1637 934 1792 973 Ruhnk.
1825 947 1912 972 cum
1944 932 2052 971 CoIv.
2078 936 2118 969 et

1248 1004 1360 1042 seqq.
1392 992 1546 1029 retinuit
1576 992 1816 1041 inferorum.
1873 991 1991 1028 Amat
2025 1001 2116 1026 vero

1248 1048 1440 1099 Apuleius
1478 1047 1578 1085 hanc
1614 1060 1816 1099 syncopen
1850 1045 2006 1098 genitivi
2036 1045 2119 1097 plu-

1249 1105 1354 1151 ralis,
1380 1109 1421 1142 ut
1434 1118 1644 1149 nwnmum,
1660 1105 1872 1143 denarium
1894 1102 1941 1141 cs.
1955 1102 2005 1140 ad
2019 1101 2117 1140 Met.

1251 1161 1297 1199 II.
1317 1175 1354 1212 p.
1373 1165 1463 1202 146.
1486 1165 1524 1198 et
1544 1160 1629 1197 vn.
1652 1175 1688 1212 p.
1703 1165 1811 1205 452..
1836 1158 2032 1199 servulum
2052 1157 2120 1195 IV.

1251 1231 1286 1268 p.
1304 1222 1409 1262 280„
1430 1217 1734 1269 pastophorum
1747 1216 1814 1255 XI.
1830 1219 1958 1267 p.789
1968 1218 2120 1259 et817..

1252 1274 1428 1313 ariolum
1454 1274 1504 1312 de
1523 1273 1612 1311 Deo
1634 1273 1783 1312 Socrat.
1810 1286 1846 1325 p.
1865 1276 1955 1312 135.
1981 1270 2045 1309 vel
2071 1270 2122 1308 iu-

1251 1331 1310 1369 sra
1334 1345 1371 1382 p.
1393 1334 1485 1370 776.
1511 1343 1699 1380 superum
1726 1333 1969 1369 commeator
1994 1333 2032 1366 et
2055 1328 2124 1365 in-

1250 1390 1427 1440 ferun&
1447 1391 1517 1438 p.7
1522 1390 1585 1426 98.
1600 1387 1777 1435 inferum
1792 1385 1982 1425 claustra.
2003 1382 2124 1435 [Cort.

1253 1443 1303 1481 ad
1316 1443 1463 1481 Lucan.
1482 1441 1581 1480 VIII.
1597 1446 1691 1482 426.
1718 1441 1803 1481 Intt.
1828 1442 1878 1479 ad
1903 1441 2008 1492 Virg.
2027 1440 2125 1479 Aen.

1253 1499 1303 1538 V.
1334 1504 1424 1539 174.
1450 1499 1686 1551 sociamque
1708 1498 1862 1538 salutis.
1901 1496 2122 1535 Voss.Ari-

1253 1555 1397 1594 stau-ch.
1425 1554 1534 1593 T.11.
1561 1569 1597 1605 p.
1614 1559 1706 1595 567.
1733 1555 1862 1605 ibique
1878 1552 2095 1605 Eckstein.]

1311 1612 1486 1651 nutibus.
1546 1611 1658 1650 Hane
1683 1611 1889 1649 lectionem
1908 1608 2010 1648 Oud.
2037 1623 2125 1647 eon-

1252 1673 1312 1706 tra
1336 1681 1419 1714 eos,
1446 1669 1509 1718 qui
1528 1668 1701 1707 ‘tualibus
1721 1666 1942 1719 praeferunt
1961 1665 2023 1704 his
2045 1678 2127 1704 ver-

1252 1725 1315 1763 bis
1341 1724 1531 1762 defendit:
1572 1724 1755 1764 Motibus
1791 1723 1911 1761 edidit
1947 1722 2127 1768 Scriver..

1254 1784 1296 1819 ut
1320 1781 1370 1819 ad
1396 1781 1509 1818 lunae
1535 1784 1664 1818 motus
1689 1780 1859 1819 adludat.
1907 1778 2052 1817 Verum
2079 1792 2127 1817 an

1255 1837 1317 1875 his
1343 1838 1513 1875 motibus
1540 1836 1816 1887 dispensantur
1845 1835 2001 1874 silentia
2032 1835 2126 1873 iufe-

1255 1893 1405 1932 rorum?
1467 1893 1567 1940 Quis
1605 1893 1681 1935 hoc
1715 1906 1882 1943 unquam
1927 1892 2022 1930 dixit
2063 1891 2128 1929 vel

1256 1951 1486 1988 somniavit?
1541 1950 1707 1989 Rectum
1740 1950 1892 1988 omnino
1925 1952 1987 1987 est
2024 1950 2129 1988 nuti-

1258 2008 1347 2052 bus,
1382 2011 1424 2044 ut
1454 2007 1558 2045 initio
1585 2007 1623 2046 h.
1657 2007 1739 2044 iibri
1776 2006 1958 2045 inanima
1990 2005 2129 2044 divino

1258 2065 1341 2103 eius
1378 2063 1539 2103 leoninis
1574 2064 1828 2116 meminis-que
1864 2067 1980 2102 nutu
2016 2075 2130 2114 vegle-

1260 2121 1360 2165 tari‚
1399 2134 1434 2171 p.
1461 2123 1553 2161 790.
1581 2121 1682 2159 deae
1706 2124 1823 2159 nutu
1848 2118 2131 2164 demonstrari,

1261 2189 1298 2227 p.
1335 2180 1429 2217 807.
1466 2182 1536 2216 tao
1577 2181 1714 2216 nutu
1755 2177 1919 2227 spirant
1951 2175 2131 2228 flamina.

1260 2232 1407 2271 Plurali
1438 2233 1601 2273 nutibus
1635 2232 1684 2270 de
1710 2246 1786 2271 uno
1816 2245 1914 2270 usus
1946 2235 2012 2269 est
2046 2231 2133 2282 ipse

1263 2288 1398 2327 Cicero
1424 2289 1473 2327 de
1498 2288 1589 2328 Nat.
1613 2289 1732 2328 Deor.
1753 2288 1796 2326 ll.
1818 2292 1901 2329 39.:
1927 2292 2037 2327 terra
2062 2301 2133 2327 mz-

1264 2346 1391 2398 {Ie'que
1426 2347 1470 2384 in
1505 2360 1587 2385 sese.
1623 2346 1822 2385 nutibus
1851 2345 1932 2384 suis
1963 2343 2133 2395 conylo-

1264 2403 1372 2448 bata,
1398 2402 1528 2440 Burni.
1554 2401 1604 2440 ad
1630 2402 1721 2442 val.
1746 2401 1878 2440 Flacc.
1903 2399 1971 2439 Vl.
1998 2403 2092 2441 382.

1317 2459 1576 2510 multiformi.
1633 2458 1861 2497 Lectionem
1886 2457 2134 2509 multiforme

1262 2516 1488 2568 probarem,
1515 2515 1585 2553 nisi
1613 2516 1745 2566 optimi
1772 2514 1884 2552 codd.
1911 2515 2135 2553 constanter

1262 2576 1532 2624 repugnarent.
1582 2571 1685 2611 Oud.
1717 2574 1916 2623 comparat
1940 2570 2071 2609 Sanct.
2097 2569 2133 2606 in

1262 2629 1427 2667 Miuerv.
1463 2628 1505 2666 II.
1537 2633 1574 2669 7.
1606 2642 1644 2679 p.
1674 2632 1764 2669 178.
1813 2627 1979 2665 ZinzerI.
2004 2625 2134 2664 Prom.

1265 2685 1353 2723 Crit.
1392 2699 1425 2724 c.
1465 2690 1526 2727 16.
1575 2684 1691 2723 Ovid.
1728 2684 1888 2723 Heroid.
1925 2681 2029 2720 VIII.
2069 2685 2133 2721 64.

1263 2740 1373 2780 XVI.
1400 2746 1493 2782 277.
1543 2740 1619 2794 [ad
1644 2754 1744 2792 quos
1771 2740 1879 2779 locos
1904 2739 1952 2777 cf.
1977 2737 2133 2776 Ruhnk.

1266 2798 1401 2836 Creuz.
1439 2798 1489 2837 ad
1526 2798 1603 2837 Cic.
1640 2797 1689 2836 de
1725 2796 1814 2835 Nat.
1853 2796 1971 2834 Deor.
2008 2793 2036 2833 I.
2070 2799 2134 2835 21.

1265 2868 1303 2906 p.
1325 2858 1391 2895 93.
1419 2854 1540 2893 Baeh.
1568 2855 1615 2893 ad
1643 2854 1759 2893 Ovid.
1783 2852 1879 2891 Met.
1903 2850 1995 2889 XV.
2023 2850 2134 2903 743]

1344 2912 1504 2950 nomine
1551 2911 1783 2963 mmltiinyO.
1866 2907 1942 2960 [cs.
1981 2908 2032 2945 ad
2066 2906 2137 2946 XI.

1265 2981 1301 3019 p.
1330 2973 1425 3008 755.
1452 2982 1619 3021 quoquo
1644 2967 1820 3011 nomine,
1848 2978 2016 3017 quoquo
2040 2965 2137 3008 ritu,

1269 3039 1435 3077 quaqua
1474 3025 1605 3075 facie,
1653 3023 1784 3074 Kopp.
1829 3020 2033 3073 Palaeogr.
2070 3019 2137 3060 lV.

1266 3095 1303 3133 p.
1331 3081 1449 3134 273]
