2155 3590
669 161 854 201 LIBER
884 161 978 200 Vll.
1037 160 1166 202 CAP.
1194 160 1265 199 lv.
1768 158 1849 201 527

74 275 206 315 insutu
219 274 383 314 laciniae
399 280 645 323 contexerat,
675 288 847 327 quosque
860 273 982 314 variis
996 272 1212 313 viatoribus
1227 272 1421 311 detractos
1434 302 1443 320 ,
1473 277 1513 310 ut
1526 271 1669 321 aiebat,
1697 285 1764 325 pro
1779 284 1850 310 sua

74 330 298 384 frugalitate
313 330 504 369 communi
521 331 633 369 eonl'e
644 328 650 385 Ι
661 330 771 369 rebat
784 343 900 370 areae
911 361 921 380 ,
938 330 1024 369 infit
1038 330 1154 369 etiam
1171 330 1216 368 de
1229 327 1352 368 salute
1368 327 1670 366 commilitonum
1685 326 1850 367 sollicite
1874 334 1938 366 433
1968 359 1974 367 .

73 386 281 426 sciscitari.
311 384 573 440 Cognitoque,
599 386 804 439 quosdam,
827 385 943 425 immo
956 399 1052 426 vero
1069 384 1319 425 fortissimum
1341 396 1528 436 quemque
1553 383 1674 423 variis
1700 382 1851 435 quidem

72 443 139 482 sed
153 442 328 496 impigris
344 442 498 482 casibus
512 442 881 495 oppetisse‚suadet,
899 442 1090 496 tantisper
1103 440 1248 495 pacatis
1262 438 1466 480 itineribus
1482 438 1726 492 omniumque
1741 452 1854 492 proe-

70 570 186 598 t'usulu
198 571 234 598 F.
246 572 274 598 1.
287 572 316 599 3.
332 573 366 598 G.
380 572 446 598 1.·2.
459 572 496 598 1).
513 571 546 598 O.
573 571 625 605 (Vin
640 571 674 598 F.
693 571 718 597 1.
735 579 796 598 non
810 573 856 598 est
872 569 905 596 iu
920 572 998 597 sucu
1012 569 1192 598 seiunctum
1205 568 1375 603 scriptum,
1390 571 1421 595 ut
1438 566 1468 595 in
1484 567 1645 601 excerptis
1659 568 1740 594 Elm.
1755 566 1854 600 erat.)

70 614 104 642 fn
118 614 186 642 situ
202 623 229 650 p.
245 615 266 644 f.
304 616 434 642 insutus
455 617 488 643 P.
510 618 590 643 teste
606 616 750 643 u'ower.
771 615 889 643 Florid.
916 614 1036 648 (neque
1052 622 1125 642 vero
1139 616 1238 649 Elim,
1266 617 1296 641 ut
1310 613 1389 641 Oud.
1408 611 1559 646 adnotat)
1588 613 1738 646 probante
1759 612 1856 639 etiam

70 661 174 695 PrIc.,
199 660 244 688 uti
263 661 359 688 etlam
378 661 503 693 Burni..
530 661 584 693 qni
603 660 651 688 sic
670 661 780 687 laudat
802 661 841 687 ad
863 661 988 687 Petron-
1009 668 1034 687 r.
1053 660 1142 691 113..
1169 658 1221 687 ubi
1241 658 1365 689 itidem.
1392 661 1422 685 ut
1442 657 1508 692 hie,
1536 656 1625 684 aurei
1644 660 1733 684 erant
1755 655 1855 683 insuti

70 707 212 732 suturae
226 704 368 733 tunicae.
394 707 434 733 At
450 706 480 732 in
497 706 531 733 P.
548 714 607 733 non
621 704 750 732 frisatas
765 708 863 741 extat,
883 705 937 732 sed
953 708 1099 738 corrupte
1113 711 1194 740 quus
1208 705 1368 730 consuens
1380 701 1495 729 insuta
1509 700 1648 736 lam'm‘cr,
1674 709 1735 728 non
1750 700 1857 728 addito

70 752 168 778 verbo
182 753 397 777 cumea-erut.
437 749 559 776 lusum
573 749 700 776 lacinia
718 751 813 777 Vulc.
830 752 858 777 2.
878 751 961 777 Elin.
983 753 1053 777 cett.
1075 750 1164 776 codd.
1185 752 1212 776 et
1233 749 1302 776 edd.
1327 748 1360 774 m
1380 747 1465 776 so’uu.
1513 753 1682 784 quousque
1699 745 1803 772 variis
1822 746 1858 773 0.

70 802 198 822 raruus
216 797 255 823 D.
277 802 296 823 a
316 804 356 824 ιιι.
378 804 405 828 μ.
432 803 487 829 pro
508 795 623 822 curiis.
671 793 827 821 detracto
846 795 880 822 P.
921 793 1128 831 fragilieule
1149 791 1176 821 δ’.
1199 793 1219 822 f,
1258 791 1405 831 ferebat
1425 792 1445 820 f.
1498 789 1705 830 coust-rebat.
1748 787 1858 816 Areae

71 841 107 868 G.
122 842 152 867 2.
165 842 203 868 D.
229 843 307 867 urle
322 842 356 868 G.
372 843 401 868 ⁴2.
417 848 436 867 a
450 849 488 868 ιιι.
505 849 533 874 p.
570 848 651 867 aret*
665 848 684 868 a
699 848 736 867 ιιι.
752 849 796 876 5.,
822 840 903 873 qnod
917 839 999 867 idem
1014 842 1100 867 extat
1115 839 1149 867 in
1162 838 1288 867 vicent.
1303 841 1332 866 et
1345 838 1458 866 Venet.
1473 838 1502 865 2.
1540 844 1644 864 art-ue
1659 838 1754 870 plane
1767 835 1859 862 omit-

72 886 148 912 titur
161 885 193 913 in
208 886 242 914 P.
275 886 376 912 etium
392 887 481 913 abest
496 893 515 912 a
530 887 563 913 P.
596 884 732 912 sss-imre·
744 886 778 913 G.
799 886 824 912 l.
850 882 1018 919 adpetisse
1032 885 1067 911 F.
1081 885 1111 911 3.
1137 882 1289 919 upert‘sse
1302 884 1338 910 (ι’.
1353 884 1383 910 2.
1398 884 1436 910 D.
1450 883 1486 910 P.
1500 884 1535 911 0.
1549 889 1568 910 a
1582 890 1623 910 m..
1638 889 1667 916 p.
1693 879 1858 917 oppetisse

69 931 105 957 F.
124 932 149 958 l.
165 932 200 959 G.
215 932 239 958 1.
255 938 274 958 a
289 938 327 958 ιιι.
344 939 372 964 p.
386 931 442 958 sed
456 937 527 957 am.
545 938 570 958 s.
585 931 712 957 videtur
731 937 829 963 snpra
848 929 1014 963 seriptum.
1042 927 1188 964 operz‘sse
1202 927 1313 956 murti.
1352 925 1531 963 oppetisse
1547 926 1566 956 f.
1597 924 1763 963 oppetisse
1776 926 1860 953 Elin.

71 975 174 1003 Scriv.
189 979 217 1003 et
232 976 351 1003 Floria.
374 978 407 1003 In
421 976 514 1010 longe
528 975 676 1009 plurimis
690 976 779 1003 codd.
796 973 849 1010 (ἔ)
864 977 892 1001 et
907 975 977 1002 edd.
992 976 1068 1002 velt.
1082 971 1292 1009 aduppetv'sse
1307 975 1432 1007 praeter
1443 973 1525 1000 lunt.
1535 973 1581 1007 2..
1601 979 1682 1006 quae
1697 969 1861 1007 oppetisse

71 1020 175 1048 habet.
220 1020 360 1056 pat-aeis
374 1022 409 1049 G.
427 1021 454 1047 1.
470 1028 489 1048 a
503 1028 541 1048 ln.
559 1029 587 1054 p.

73 1072 134 1101 que
149 1066 311 1099 particula
322 1067 404 1094 [unt.
420 1067 450 1093 2.

71 1188 108 1226 p.
148 1179 241 1216 762.
290 1174 450 1213 inserunt
494 1174 715 1225 deplorata
758 1174 929 1212 silentia.

71 1230 213 1281 Neque
227 1235 339 1282 puto,
366 1230 540 1268 librarios
557 1231 590 1267 in
613 1230 686 1268 hac
706 1231 793 1279 ipsa
815 1229 933 1267 sonna

73 1285 303 1332 offendisse,
340 1286 413 1324 sed
458 1286 586 1337 potius
629 1287 663 1323 in
708 1285 934 1323 inusitatiori

72 1343 316 1381 construendi
352 1343 517 1387 ratione,
556 1345 596 1378 ut
626 1341 734 1380 mille
769 1342 936 1379 aureum

71 1398 217 1437 dicatur
254 1413 321 1450 pro
350 1398 529 1437 millibus
560 1398 745 1441 aureum,
777 1400 815 1434 et
840 1396 938 1433 haec

71 1458 151 1492 erat
165 1468 325 1499 caussa,
353 1468 415 1492 cur
436 1454 536 1491 idem
551 1454 785 1503 corrigerent
801 1453 937 1490 librarii

70 1510 168 1549 Met.
194 1510 258 1549 ΙΙΙ.
283 1525 319 1562 p.
350 1514 440 1550 146.
478 1524 546 1561 pro
585 1510 704 1549 Mille
741 1522 938 1548 nummum

72 1567 339 1618 deponentur,
382 1566 491 1605 mille
531 1567 690 1605 ηιιιιιηιί.
751 1565 833 1603 Sed
874 1578 939 1603 res

72 1627 134 1662 est
157 1624 360 1662 notissima
385 1623 432 1662 cl‘.
460 1622 534 1660 Cic.
562 1636 629 1673 pro
656 1622 793 1660 Milon.
821 1637 852 1659 c.
874 1625 940 1661 20.

71 1679 101 1729 ς’.
129 1683 192 1720 53.
232 1694 313 1732 quo
345 1681 384 1718 iu
408 1680 548 1731 fundo
571 1683 749 1730 propter
779 1679 941 1717 insanus

71 1736 384 1775 substructiones
411 1735 542 1787 facile
584 1735 692 1773 mille
735 1735 940 1774 homiuum

72 1793 305 1831 versabatur
332 1792 563 1835 valentium,
596 1792 657 1829 nbi
685 1790 865 1841 equidem
892 1803 940 1827 ex

72 1847 261 1900 Pompeio
278 1848 484 1887 Grammat.
515 1847 688 1885 hindem.
704 1861 740 1899 p.
752 1850 843 1887 203.
860 1860 940 1885 ver-

72 1905 268 1944 sabantur·
287 1904 483 1955 praefero,
510 1908 550 1941 ut
564 1903 699 1941 Livius
712 1902 858 1941 XXIII.
875 1907 941 1943 44.

73 1959 103 2010 ξ.
130 1965 166 2000 7.
191 1961 301 2000 mille
322 1964 412 2012 fere
441 1974 634 2011 passuum
671 1961 774 1998 inter
804 1959 941 1997 urbem

74 2022 214 2056 erant
239 2022 467 2069 castraque,
494 2016 597 2065 qnod
618 2016 718 2053 male
733 2015 942 2053 emendant

74 2074 110 2110 in
137 2078 243 2119 erat,
270 2087 341 2110 nec
365 2073 463 2111 satis
490 2073 693 2122 ingeniose
719 2072 887 2110 Gronov.
914 2069 941 2109 Ι.

75 2128 124 2167 de
149 2127 293 2167 Pecun.
321 2129 409 2166 vet.
439 2132 500 2169 10.
526 2142 561 2179 p.
589 2133 652 2167 45.
678 2127 939 2179 supplendum

75 2188 184 2236 putat
209 2185 317 2224 mille
338 2187 428 2236 fere
448 2199 641 2236 passuum
672 2185 807 2235 campi
836 2184 941 2221 inter

76 2241 213 2280 urbem
237 2246 379 2280 eraut
404 2245 620 2292 castraque
646 2244 684 2277 et
709 2239 855 2277 XXIV.
876 2243 941 2278 41.

75 2297 107 2347 ἕ.
125 2298 296 2348 10.plus
309 2297 417 2335 mille
431 2297 634 2335 hominum
657 2297 813 2347 eupli,
840 2295 943 2346 quod

75 2367 97 2391 e
123 2353 208 2392 cod.
234 2352 405 2392 Florent.
430 2368 453 2391 a
472 2366 520 2391 m.
542 2366 576 2402 p.
603 2352 844 2390 retinendum
871 2355 942 2389 est.

74 2408 177 2448 Nam
192 2410 265 2447 nisi
278 2413 432 2447 veteres
446 2410 497 2447 ita
511 2407 721 2447 dixissent.
748 2408 942 2459 quomodo

77 2465 272 2517 Apuleius
304 2467 610 2517 expromptis
641 2466 749 2504 mille
776 2466 944 2504 aureum

76 2522 206 2560 dicere
230 2522 450 2573 potuisset?
481 2522 543 2559 De
569 2522 854 2560 constructione
880 2534 944 2557 vo-

79 2579 204 2617 cabuli
225 2579 334 2618 mille
359 2578 406 2617 cl'.
421 2579 488 2616 Dr.
502 2578 551 2615 ad
567 2577 648 2615 Liv.
665 2576 782 2615 XXX
790 2576 889 2616 vm.
906 2580 943 2617 9.

78 2635 109 2687 ᾗ.
138 2639 199 2675 10.
225 2634 328 2673 Oud.
359 2635 409 2673 ad
441 2634 552 2673 Caes.
585 2634 629 2672 B.
658 2633 738 2673 Civ.
763 2632 824 2670 III.
851 2637 943 2673 843.

78 2691 141 2730 ubi
167 2691 314 2730 doctior
339 2695 401 2729 est
427 2691 538 2728 lectio
564 2692 743 2742 equilum
767 2689 908 2742 milla]

136 2749 285 2787 insutu.
332 2747 555 2798 Elegantior
586 2751 625 2784 et
648 2761 671 2784 a
696 2750 807 2798 captu
836 2746 944 2784 libra-

79 2805 217 2843 riorum
241 2804 400 2842 alienior
418 2803 596 2853 adeoque
618 2803 737 2841 multo
763 2803 944 2840 verisimi-

81 2861 151 2898 lior
175 2863 237 2898 est
262 2860 376 2899 lectio
402 2860 631 2911 optimorum
661 2858 772 2897 codd.
799 2859 944 2904 insutu,

82 2928 183 2967 quae
224 2917 341 2955 etiam
383 2921 596 2955 ceterorum
632 2915 734 2954 Mss.
771 2918 811 2952 et
846 2914 944 2953 Edd.

82 2972 295 3022 scripturae
318 2974 361 3011 in
375 2974 464 3012 sinu
478 2973 637 3024 propius
651 2971 812 3010 accedit.
850 2970 948 3010 Eam

84 3028 159 3066 iam
183 3028 313 3067 citavit
342 3029 512 3068 Falster.
544 3029 578 3066 in
606 3027 807 3080 Supplem.
831 3026 948 3079 Ling.

83 3082 171 3122 Lat.
197 3084 329 3136 Saepe
353 3087 453 3124 enim
467 3085 698 3123 monendum
720 3084 799 3129 suit,
820 3087 949 3123 aucto-

83 3152 164 3178 rem
188 3142 336 3193 passim
360 3142 415 3180 uti
445 3141 664 3181 nominibus
696 3143 853 3194 quartae
883 3140 948 3180 de-

636 1019 807 1056 laulisque
822 1027 876 1053 pro
893 1018 1061 1054 tantisper
1075 1020 1110 1046 G.
1130 1020 1154 1046 Ι.
1171 1020 1198 1046 2‘.
1214 1019 1248 1046 P.
1264 1019 1303 1046 D.

1349 1018 1491 1045 vinnium
1512 1016 1720 1053 praeliorum
1740 1015 1861 1044 omissa

991 1172 1225 1212 climat-ionis.
1272 1176 1311 1210 et
1346 1172 1442 1210 inter
1480 1171 1578 1210 baec
1613 1171 1712 1217 illis,
1762 1184 1861 1221 quae

991 1242 1090 1266 nunc
1102 1228 1297 1266 rarissimo
1309 1229 1368 1265 vel
1385 1242 1573 1280 nusquam
1588 1228 1677 1266 alibi
1692 1227 1862 1278 reperias

992 1282 1425 1334 et.a‹llt1et.lll.p.209.
1443 1298 1526 1322 eam
1546 1287 1863 1335 reformatum

995 1341 1172 1385 v'deam,
1215 1339 1279 1377 ubi
1317 1339 1380 1378 alii
1418 1339 1528 1378 codd.
1567 1342 1600 1377 in
1638 1342 1863 1391 reformata

997 1396 1176 1434 scribunt.
1238 1395 1437 1447 [Eandem
1483 1396 1690 1433 lectionem
1726 1395 1864 1446 probat

998 1452 1098 1490 sort.
1125 1451 1175 1490 ad
1198 1451 1346 1490 Lucan.
1362 1451 1430 1491 VI.
1457 1455 1548 1492 317.
1576 1465 1690 1502 quem
1717 1450 1834 1502 vide]

1054 1509 1252 1547 communi
1278 1508 1520 1560 conferebat
1543 1522 1678 1547 arcae.
1706 1506 1864 1544 Colvius

998 1565 1141 1603 excitat
1167 1563 1292 1602 locum
1319 1563 1523 1616 PapInian.
1550 1564 1639 1615 Dig.
1655 1561 1863 1602 LXXXII.

999 1635 1067 1673 pro
1091 1620 1219 1659 socio:
1258 1620 1351 1660 Iure
1380 1621 1585 1660 societatis
1614 1634 1689 1672 per
1714 1621 1864 1659 socium

1000 1691 1093 1716 aere
1119 1677 1254 1716 alieno
1278 1678 1412 1717 socius
1437 1691 1517 1715 non
1551 1677 1757 1728 ‹ibliyutus
1787 1676 1866 1714 nisi

996 1735 1039 1772 iu
1066 1748 1209 1773 conam,
1219 1748 1244 1772 u
1254 1747 1351 1772 uem
1377 1747 1537 1773 arcam
1556 1733 1761 1784 pecuniae
1785 1745 1866 1770 vei·-

997 1804 1064 1829 sae
1079 1791 1165 1829 sint.
1195 1789 1365 1840 Inscript.
1381 1789 1531 1827 Gruter.
1548 1788 1614 1826 fot.
1633 1793 1722 1828 175.
1739 1786 1866 1825 ERG-

999 1844 1238 1884 GENTUR.
1276 1845 1360 1883 EX.
1399 1844 1558 1883 ARCA.
1597 1841 1866 1882 COLLEGH.

1000 1901 1101 1940 Oud.
1133 1901 1242 1939 addit
1275 1901 1353 1940 Cic.
1380 1902 1488 1939 Verr.
1514 1901 1604 1939 Act.
1630 1899 1675 1937 ll.
1709 1900 1773 1938 lib.
1800 1899 1866 1937 IV.

1004 1973 1034 1996 c.
1050 1962 1086 1997 8.
1107 1959 1139 2008 §-
1157 1962 1219 1997 17.
1244 1959 1306 1995 ubi
1332 1971 1417 1996 cunt
1439 1958 1606 1996 Graevio
1628 1956 1737 2007 legit:
1765 1969 1867 1995 com·

999 2015 1128 2053 munis
1155 2028 1299 2053 ureae
1325 2015 1562 2065 etprz'ratae
1576 2014 1636 2051 rei
1649 2013 1867 2058 sociorum,

1000 2070 1072 2107 sed
1096 2070 1236 2108 melius
1260 2070 1436 2109 scribitur
1468 2070 1665 2109 communi
1689 2082 1785 2108 arce
1808 2082 1868 2106 so-

1002 2128 1169 2165 (riorum.

1059 2184 1270 2233 oppetisse.
1319 2182 1427 2221 Haec
1454 2182 1565 2220 lectio
1591 2185 1653 2220 est
1678 2195 1742 2226 ea,
1768 2194 1870 2232 quae

1001 2252 1050 2277 ex
1075 2236 1177 2278 Mss.
1201 2239 1349 2277 restitui
1375 2239 1505 2284 debet,
1531 2252 1603 2277 nec
1627 2251 1770 2276 caussa
1794 2241 1868 2282 est,

1001 2309 1066 2333 cnr
1091 2295 1153 2332 alii
1186 2295 1450 2348 adoppetisse
1480 2295 1715 2347 praeferant,
1754 2307 1867 2344 quam

1001 2353 1226 2402 scripturam
1265 2352 1469 2403 glossema
1505 2365 1598 2390 esse
1635 2350 1737 2389 Oud.
1768 2351 1868 2388 bene

1002 2407 1204 2459 explicuit,
1229 2412 1376 2454 natum,
1402 2412 1444 2446 ut
1466 2411 1587 2460 putat,
1614 2421 1663 2445 ex
1687 2407 1791 2445 varia
1816 2406 1868 2443 le-

1002 2466 1127 2503 ctione
1152 2465 1210 2503 ad
1234 2469 1273 2503 et
1298 2478 1372 2516 op,
1403 2464 1516 2502 simul
1543 2465 1681 2515 posita.
1733 2461 1870 2515 [Talia

1002 2522 1112 2571 igitur
1148 2521 1355 2560 verborum
1392 2525 1564 2559 monstra
1602 2520 1738 2557 lexicis
1780 2522 1870 2556 sunt

1001 2577 1118 2628 plane
1149 2577 1417 2629 exstirpanda,
1461 2591 1562 2628 quae
1598 2590 1648 2614 ex
1686 2588 1870 2627 perversa

1003 2633 1171 2672 lectione
1192 2634 1272 2671 fere
1298 2633 1426 2672 omnia
1449 2639 1541 2672 nata
1564 2637 1670 2671 sunt:
1698 2636 1736 2669 ut
1760 2633 1870 2670 inco·

1000 2704 1197 2743 ynoscere
1221 2690 1324 2741 apud
1351 2690 1468 2741 Apul.
1495 2689 1639 2727 Florid.
1666 2703 1702 2740 p.
1719 2691 1782 2728 93.
1808 2688 1872 2725 ubi

1003 2746 1052 2784 cf.
1073 2745 1130 2785 Ita
1148 2747 1456 2798 uclcoqnoscere
1471 2759 1519 2783 ex
1533 2746 1689 2783 diversa
1708 2744 1872 2782 lectione

1003 2806 1125 2841 ortum
1151 2806 1214 2841 est
1237 2802 1343 2853 apud
1370 2801 1533 2841 Tertull.
1557 2802 1608 2840 ad
1635 2800 1751 2838 Uxor.
1766 2798 1812 2837 11.
1834 2805 1870 2841 6.

1003 2864 1042 2898 et
1064 2873 1146 2898 non
1165 2860 1261 2899 ltine
1274 2859 1579 2911 praeiudicium
1599 2857 1873 2896 damnationis

1004 2929 1101 2955 suae
1137 2916 1494 2967 aclcoynoscet,
1529 2914 1594 2951 ubi
1618 2925 1717 2951 nunc
1741 2912 1874 2964 legunt

1005 2977 1213 3025 aquoscet,
1239 2985 1313 3021 ego
1341 2984 1430 3009 vero
1456 2973 1679 3022 coynoscet
1703 2969 1874 3019 legerim,

1007 3028 1097 3079 quia
1120 3028 1405 3079 exspectabant
1431 3025 1569 3065 librarii
1607 3031 1804 3078 aynoscet
1835 3031 1873 3065 et

1008 3085 1096 3124 hine
1119 3098 1189 3136 pro
1215 3084 1370 3121 diversa
1396 3083 1561 3121 lectione
1585 3095 1705 3133 supra
1728 3082 1874 3120 scribe-

1005 3141 1115 3188 bant,
1142 3154 1215 3180 ncc
1239 3139 1350 3180 aliter
1373 3138 1526 3178 advers.
1540 3137 1744 3181 Mare.1V.
1760 3152 1791 3180 c.
1807 3143 1873 3183 20.
