2155 3590
651 92 840 134 LIBER
870 94 943 135 IX.
1006 94 1128 135 CAP.
1159 95 1319 136 XXIV.

1795 92 1874 135 813

100 205 242 255 sentia,
269 204 456 245 subitario
477 205 589 245 ducta
610 206 794 258 consilio,
823 207 984 247 eundem
1003 207 1110 247 illum
1130 207 1343 247 subiectum
1365 206 1537 259 contegit
1549 204 1719 246 viminea
1739 218 1875 255 cavea,

100 274 197 313 quae
223 261 379 300 fustium
407 261 513 301 flexu
539 263 669 301 tereti
688 262 729 302 in
753 270 902 303 rectum
928 270 1144 317 aggregata
1170 263 1384 312 cumulum,
1407 261 1594 318 {lacinias
1620 261 1877 302 circumdatas
1902 269 1966 301 640

99 316 244 357 suffusa
270 317 432 357 candido
459 318 563 358 fumo
588 318 747 358 sulfuris
768 319 983 368 inalbabat3
1009 333 1130 373 eoque
1157 319 1253 370 iam,
1281 325 1323 358 ut
1342 318 1414 358 sihi
1439 318 1660 366 videbatur,
1685 317 1877 358 tutissime

99 465 210 496 ducta.
235 467 346 496 Heius.
362 468 436 496 citat
451 466 610 497 adducta.
636 471 697 498 Sed
712 472 788 498 Met.
803 471 856 498 IV.
872 472 985 504 0288.
1011 468 1140 496 asinali
1153 466 1352 496 ceree-naalia
1371 466 1496 495 duc-tu
1506 474 1529 495 s.
1555 469 1592 495 Et
1608 469 1651 497 ita
1671 468 1728 497 alii
1741 475 1878 502 quoque.

99 512 225 540 vimina
243 521 350 540 cavea
368 510 397 541 δ.
437 511 696 551 fecstz‘umfle.z·u
720 517 805 541 leret
819 514 853 541 in
868 517 994 541 rectum
1013 515 1049 542 F.
1068 515 1092 541 l.
1108 515 1138 542 3.
1166 513 1294 552 fus-tim
1305 510 1442 549 flexum
1459 512 1506 539 iri
1522 515 1666 540 erectum
1686 515 1721 541 G.
1737 515 1766 541 2.
1785 514 1822 541 D.
1842 514 1880 541 P.

89 557 240 596 fustium
255 555 359 594 flexu
372 558 420 585 iri
430 561 577 585 erectum
592 561 627 586 G.
644 561 671 588 1.
687 561 720 587 0.
731 581 739 596 ,
764 560 911 593 idemque
925 561 977 587 vel
992 559 1025 585 in
1038 562 1185 586 erm-eum
1199 561 1317 587 hahere
1332 558 1353 587 f.
1367 560 1402 586 1..
1418 555 1447 586 δ.
1462 560 1598 585 testatur
1610 559 1688 585 Oud.
1730 558 1880 594 fustium

90 599 193 640 flemu
207 603 365 630 intectum
379 604 415 631 B.
433 601 691 642 fustae‘mnflexu
706 607 782 631 erat
796 604 831 630 in
845 606 971 631 rectum
988 612 1016 637 p.
1030 607 1059 631 et
1074 605 1144 632 edd.
1158 603 1246 632 colv.
1263 603 1395 637 priores.
1419 604 1455 631 In
1469 602 1538 630 edd.
1555 605 1623 636 post
1637 603 1786 630 Colvium
1799 603 1883 637 legi-

100 651 149 675 tur
160 646 310 685 fustium
321 645 425 684 flexu
443 648 477 675 iu
497 651 634 676 rectum.

97 699 169 720 cum
184 694 220 719 G.
234 694 262 720 1.
276 694 307 721 2.
324 692 345 721 f.
359 694 394 721 P.
409 694 443 722 0.
458 694 495 721 D.
510 690 538 721 ὃ.
553 695 647 722 habet
661 697 840 730 aggerata.

98 740 156 765 est.
183 737 224 766 cf.
244 739 284 766 ad
303 740 378 766 Met.
400 740 437 766 11.
459 746 488 771 ι).
512 740 583 767 141.

682 652 871 686 aggregata
883 649 918 677 F.
936 650 964 677 1.
978 650 1008 676 3.
1022 649 1058 676 B.
1073 653 1100 676 et
1115 649 1184 676 edd.
1199 651 1276 676 vett.
1296 651 1323 675 et
1346 651 1477 675 recentt.
1492 651 1617 680 praeter
1630 648 1713 675 lunt.
1728 648 1756 675 2.
1768 668 1775 680 ,
1801 654 1883 680 quae

890 692 1049 720 tantulum
1071 694 1123 721 hic
1141 695 1281 721 malebat
1297 692 1469 724 Heinsius:
1494 695 1524 719 at
1551 699 1612 719 non
1638 692 1882 725 praeferendum

632 738 842 776 lacinias-que
861 739 929 767 edd.
951 742 1024 766 ante
1044 738 1133 766 Coiv,
1154 742 1182 765 et
1203 739 1239 766 F.
1264 739 1292 766 1.
1314 738 1344 765 in
1366 737 1527 771 excerptis
1547 737 1586 764 ad
1606 743 1705 770 marg.
1724 737 1772 764 ed.
1793 736 1883 764 Coun

99 779 240 809 lar-unus
255 784 290 811 G.
305 784 335 811 2.
350 784 386 811 D.
434 782 561 821 suflisu
574 782 610 812 F.
625 785 654 812 3.
670 793 702 817 φ.
717 781 745 812 ὃ.
761 783 780 813 f.
805 781 950 823 srtffissa
965 784 999 810 G.
1015 784 1093 811 21..
1108 785 1145 811 D.
1171 780 1307 821 suffixa
1321 784 1356 810 G.
1371 784 1396 810 1.
1412 790 1446 810 π.
1463 784 1496 810 Ρ.
1521 779 1655 817 suffit-<m
1669 781 1704 809 F.
1722 782 1749 809 1.
1766 782 1799 810 B.
1815 782 1883 809 edd.

98 830 172 855 vett.
188 830 219 855 et
231 830 363 856 recenti.
378 832 503 861 praeter
516 829 618 857 Colin.
634 832 661 856 et
676 830 842 865 Beroald.,
856 835 938 862 quae
951 830 1066 856 habent
1082 825 1245 864 stfftsas.
1276 826 1424 864 sulpurz's
1438 828 1471 856 F.
1487 828 1516 854 3.
1533 831 1562 854 ut
1579 826 1674 855 infra.
1701 822 1788 862 fimo
1803 828 1838 854 G.
1853 827 1884 853 2.

99 878 119 899 a
131 879 171 900 m.
184 880 215 907 p.

98 992 254 1032 scilicet
277 1007 469 1039 caussam,
495 999 540 1034 ut
563 995 681 1034 simul
699 995 895 1034 dormiret
919 995 962 1040 is,

101 1050 170 1100 qni
195 1053 231 1087 et
245 1049 358 1088 illam
372 1056 650 1102 corrumperet
670 1055 708 1090 et
728 1051 789 1088 ἰΙΙὶ
811 1052 963 1089 misce-

98 1110 253 1150 retur,·
299 1106 443 1144 Arnob.
463 1105 531 1145 Yl.
569 1110 632 1146 22.
676 1107 895 1145 amatorias
927 1112 966 1145 et

99 1162 229 1211 ipsum
254 1163 503 1201 miscuisse
529 1163 725 1201 lascivias

152 1218 320 1268 fustium
342 1219 454 1270 flexu
479 1220 634 1256 tereti.
673 1218 782 1256 Hanc
806 1219 965 1268 scriptu-

98 1285 178 1309 ram
204 1285 256 1310 ex
275 1274 430 1324 optimis
456 1274 561 1312 libris
581 1274 759 1320 cautim-i,
786 1275 849 1324 qui
876 1274 964 1324 plus

98 1329 272 1366 minusve
288 1330 450 1380 corrupti
462 1333 561 1368 sunt.
589 1331 736 1374 Tereti,
753 1343 853 1380 quae
862 1329 964 1368 Oud.

99 1384 318 1423 coniectura
337 1389 399 1423 est
425 1387 587 1436 optima,
612 1386 785 1436 recipere
806 1400 880 1424 non
901 1385 966 1424 du·

98 1441 233 1486 lutari,
275 1443 466 1480 sententia
502 1444 653 1480 omnino
691 1448 799 1493 apta,
847 1455 964 1493 quum

99 1502 199 1536 teres
224 1497 386 1543 dicatur,
423 1498 606 1549 quicquid
636 1498 864 1549 oblongum.
901 1511 963 1536 ae-

100 1553 214 1603 quale
239 1567 286 1593 ac
310 1554 399 1593 leve
425 1558 486 1592 est
509 1554 676 1605 cf.Virg.
692 1553 963 1596 E01.x·111.16.

101 1608 168 1660 [cs.
192 1608 332 1649 Heind.
358 1611 407 1649 ad
438 1610 571 1649 Horat.
603 1612 729 1650 Serm.
759 1610 804 1649 ll.
837 1616 872 1651 7.
899 1614 963 1651 86.

100 1665 221 1705 Orell.
235 1667 284 1705 ad
299 1666 517 1706 ArnobNL
536 1671 596 1707 10.
622 1668 657 1705 in
673 1667 851 1706 Addend.
866 1665 966 1706 T.ll.

99 1735 135 1772 p.
151 1727 242 1762 475.
271 1724 403 1762 Tereti
429 1736 518 1761 vero
541 1725 660 1776 flexu
686 1724 780 1762 dixit
793 1723 965 1774 Apuleio

100 1778 217 1817 solita
254 1779 468 1830 hypallage
503 1794 573 1831 pro
605 1785 768 1819 teretmn
795 1780 967 1831 fustt'um

97 1836 229 1888 flexu,
262 1849 361 1886 quae
385 1836 509 1873 altera
534 1839 595 1873 est
619 1834 721 1874 Oud.
747 1835 966 1873 emendatio

100 1892 225 1929 minus
250 1891 499 1944 probabilis]
547 1891 667 1930 Porro
693 1891 794 1929 Oud.
821 1892 965 1942 optime

101 1947 276 1985 defendit
307 1947 509 1986 lectionem
538 1949 725 2000 fustium.
756 1949 805 1986 ab
830 1947 965 1986 Heins.

101 2003 151 2040 ad
165 2002 406 2056 Ovid.‚Fast.
421 2004 469 2042 V.
491 2008 581 2044 675.
607 2017 811 2055 perperam
836 2004 872 2042 in
899 2003 965 2042 du-

101 2059 204 2096 bium
235 2064 430 2104 vocatam,
459 2064 643 2109 negante,
683 2061 731 2098 de
763 2060 966 2098 viminibus

98 2116 226 2165 fustes
262 2116 335 2154 dici
369 2116 552 2166 hincque:
591 2130 694 2169 quae
720 2118 966 2169 fastiyiatim

103 2171 162 2208 vel
187 2173 428 2223 fasliyr'alas
451 2174 491 2210 ’1η
524 2178 695 2212 erectum
725 2173 966 2211 emendante.

101 2227 164 2265 De
193 2229 418 2280 s'astiyl‘are
454 2229 617 2280 eiusque
652 2229 833 2267 derivatis
863 2228 965 2268 Oud.

102 2284 264 2322 conferri
295 2285 399 2322 iubet
430 2284 515 2323 lntt.
545 2285 594 2322 ad
630 2285 715 2323 Liv.
752 2284 899 2325 XLIV.
930 2289 966 2326 9.

102 2340 149 2378 ad
166 2338 278 2378 Caes.
293 2339 339 2378 B.
356 2340 403 2378 G.
426 2340 470 2379 11.
490 2345 524 2381 8.
552 2340 617 2392 [cl'.
643 2339 775 2380 Munk.
803 2341 851 2380 ad
876 2341 967 2380 Ful-

103 2400 205 2445 gent.
219 2396 387 2447 mythol.
398 2397 516 2448 praes.
527 2412 561 2449 p.
574 2401 596 2437 6
608 2403 618 2437 1
630 2403 666 2438 9.
677 2397 801 2450 Stav]
829 2398 966 2437 Fustes

102 2451 203 2491 Oud.
239 2456 344 2490 recte
380 2452 429 2490 de
465 2453 669 2492 viminibus
712 2454 965 2492 crassioribus

101 2509 287 2560 explicat,
325 2514 463 2549 terere
499 2515 536 2549 et
569 2512 721 2564 flexere
756 2509 829 2548 hac
859 2511 892 2548 in
924 2524 965 2548 re

102 2565 293 2617 proprium
325 2579 417 2604 esse
441 2567 670 2605 vocabulum
696 2567 967 2605 demonstrans

103 2634 152 2659 ex
177 2620 291 2662 Caes.
304 2621 349 2660 B.
373 2622 417 2660 G.
432 2621 476 2660 11.
497 2627 556 2662 17.
584 2624 728 2662 teneris
752 2622 967 2664 arboribus

101 2677 315 2728 inflexis
345 2683 384 2717 et
406 2679 516 2719 rubis
540 2679 793 2732 sentibusque
823 2681 968 2718 inter-

104 2734 263 2773 textis.

158 2790 199 2827 in
213 2795 362 2831 ‘rectum
377 2796 613 2845 ayyreyata
629 2791 838 2831 (furnulum.
871 2791 965 2843 [De-

106 2848 242 2895 ceptus
266 2847 315 2884 ab
340 2846 459 2895 Elm„
484 2847 588 2887 male
611 2861 633 2885 e
659 2847 828 2885 Florent.
854 2849 965 2898 quasi

102 2901 309 2942 intereram
332 2904 569 2955 proferente,
592 2903 643 2943 N.
667 2903 852 2942 Heinsius
878 2918 964 2942 con-

104 2956 192 2995 iecit
216 2957 251 2996 d.
268 2957 289 2996 Ι.
315 2960 356 2998 in
375 2965 539 3000 textum.
564 2960 647 2999 Sed
661 2962 703 2998 in
716 2965 867 3000 rectum
880 2961 964 2998 sine

103 3012 219 3051 dubio
233 3015 375 3065 optima
388 3017 613 3068 optimorum
633 3016 747 3055 codd.
761 3020 823 3054 est
836 3016 963 3062 lectio,

105 3069 192 3107 licet
205 3068 304 3109 Oud.
320 3072 359 3110 in
374 3078 545 3113 erectum
565 3073 751 3112 defendat
763 3073 850 3112 coll.
867 3073 961 3113 Met.

263 874 369 901 Verba
384 873 457 901 inde
472 876 511 902 ab
525 872 700 901 iuallmbat
716 882 816 908 usque
828 874 869 902 ad
888 872 1016 901 iuvenis
1035 873 1259 902 desiderantur
1272 873 1305 901 in
1319 875 1354 902 G.
1372 874 1399 902 1.
1415 874 1444 900 2.
1459 873 1492 901 Ο.
1507 873 1542 900 P.
1556 873 1594 900 D.
1607 879 1644 900 π.

1023 993 1088 1033 lv,
1104 1007 1139 1045 p.
1156 998 1250 1034 237.
1275 995 1442 1033 incurro
1459 993 1597 1045 ynula
1617 1006 1774 1032 rursum.
1794 1005 1884 1030 ere-

1022 1055 1099 1089 cta
1110 1065 1140 1089 s.
1175 1051 1229 1088 At
1242 1049 1421 1100 equidem
1436 1054 1606 1088 erec-tum
1619 1061 1687 1099 pro
1708 1048 1886 1098 interpre-

1021 1110 1188 1144 tamento
1219 1106 1417 1143 habuerim
1456 1105 1613 1150 librarii,
1652 1104 1714 1154 qui
1755 1109 1887 1143 ‘rectus

1022 1163 1147 1200 minus
1172 1163 1354 1200 usitatum
1380 1163 1414 1200 in
1441 1161 1558 1211 longe
1582 1162 1703 1199 tritius
1735 1164 1887 1199 erectus

1024 1218 1266 1256 emendabat.
1306 1218 1387 1256 Sed
1413 1217 1460 1256 cf.
1487 1217 1536 1254 de
1560 1231 1633 1255 usu
1658 1217 1773 1254 huius
1796 1216 1886 1253 sim-

1024 1275 1136 1326 plicis
1162 1274 1449 1313 accuratissime
1475 1273 1730 1311 disserentem
1755 1271 1886 1310 Burin.

1024 1331 1072 1370 ad
1100 1329 1256 1368 Petron.
1289 1344 1320 1368 e.
1348 1335 1412 1370 75.
1442 1343 1481 1380 p.
1506 1333 1599 1369 467.
1630 1328 1687 1366 lta
1711 1327 1886 1366 Perizon.

1025 1386 1126 1438 apud
1136 1386 1280 1424 Minue.
1292 1385 1374 1424 Fel.
1391 1390 1499 1425 c.17.
1517 1385 1616 1436 qnid
1632 1385 1780 1436 loquar
1792 1389 1888 1435 apte

1024 1444 1225 1495 disposita
1261 1447 1395 1481 recta
1431 1442 1625 1480 montium
1647 1441 1752 1478 male
1776 1441 1886 1478 corri-

1023 1500 1140 1549 gebat
1165 1503 1316 1543 erecta,
1351 1498 1386 1536 id
1413 1497 1517 1548 qnod
1543 1496 1680 1535 Lindn.
1705 1500 1812 1535 recte
1836 1497 1887 1533 vi-

1023 1556 1157 1600 debat,
1184 1567 1413 1605 comparans
1438 1553 1614 1592 Lactant.
1640 1552 1685 1592 ll.
1715 1558 1748 1592 1.
1779 1552 1809 1602 ξ.
1838 1557 1886 1592 14

1024 1616 1062 1650 et
1078 1615 1140 1651 16.
1156 1611 1256 1649 Dein
1276 1611 1388 1649 unice
1408 1623 1539 1648 verum
1559 1622 1650 1647 esse
1671 1614 1888 1662 ayyerata.

1024 1668 1127 1720 quod
1152 1668 1375 1705 auctoritate
1400 1666 1643 1718 plurimorum
1670 1665 1782 1703 codd.
1809 1665 1887 1703 niti-

1023 1729 1094 1769 tur,
1114 1738 1187 1762 non
1201 1724 1436 1774 argumentis
1451 1722 1521 1760 sed
1539 1722 1729 1773 exemplis
1742 1725 1887 1759 tantum

1024 1781 1230 1818 dictionem
1256 1781 1432 1818 muniens
1451 1778 1552 1817 Oud.
1575 1779 1768 1829 opinatur:
1793 1776 1888 1816 Met.

1025 1836 1092 1875 lV.
1118 1850 1155 1887 p.
1181 1837 1274 1878 247.
1317 1836 1520 1875 cont-alles
1547 1835 1716 1886 spinetis
1746 1848 1887 1886 (1999-

1023 1898 1175 1932 ratae.
1222 1905 1260 1943 p.
1287 1896 1381 1933 252.
1412 1891 1588 1944 panibus
1613 1891 1888 1943 ay'qeratim

1023 1950 1200 2000 infleslis.
1227 1952 1266 1986 et
1289 1948 1385 1987 Met.
1404 1948 1446 1986 11.
1461 1961 1498 1998 p.
1516 1952 1606 1988 140.
1631 1948 1890 1999 ayyeraiis

1023 2005 1277 2044 incumnlum.
1316 2004 1401 2043 Nec
1426 2003 1674 2043 dubitandum
1700 2006 1774 2048 est,
1800 2004 1887 2053 quin

1023 2061 1098 2098 hoc
1122 2061 1223 2098 idem
1245 2061 1472 2099 vocabulum
1494 2060 1595 2111 apud
1616 2059 1714 2098 alios
1735 2072 1889 2109 quoque

1023 2119 1232 2169 scriptores
1249 2117 1405 2168 legatur.
1426 2117 1505 2155 Sed
1521 2129 1770 2169 uyyreyare,
1785 2115 1886 2165 quod

1024 2178 1127 2212 teste
1152 2173 1273 2211 Festo
1301 2187 1335 2225 p.
1352 2178 1415 2214 20.
1431 2172 1543 2211 Lind.
1570 2173 1721 2224 proprie
1746 2176 1808 2210 est
1832 2172 1888 2211 ad

1023 2244 1189 2283 yreyem
1219 2230 1388 2275 ducere,
1425 2229 1564 2267 deinde
1594 2241 1758 2281 castere,
1796 2242 1888 2267 con-

1024 2300 1221 2338 yreyare,
1264 2288 1529 2339 cmzhmyere,
1572 2285 1622 2323 ad
1657 2286 1887 2323 sententiam

1025 2342 1137 2380 huius
1164 2342 1237 2381 loci
1263 2357 1376 2393 qnam
1402 2343 1643 2394 aptissimum
1669 2344 1739 2378 est.
1772 2339 1886 2379 Prae-

1024 2402 1129 2436 terea
1164 2400 1277 2437 etiam
1313 2399 1586 2449 significantius
1617 2397 1706 2436 mihi
1740 2397 1888 2435 videtur

1022 2469 1116 2494 esse
1139 2455 1215 2493 hoc
1239 2455 1493 2506 vocabulum]

1079 2515 1238 2565 suffusa.
1299 2511 1486 2558 Quamvis
1517 2511 1642 2561 magis
1678 2510 1727 2550 ad
1760 2510 1886 2549 conie-

1025 2572 1168 2607 cturam
1188 2567 1294 2607 Colv.
1320 2570 1460 2621 suffita
1479 2567 1673 2611 inclinem,
1706 2579 1777 2605 nec
1801 2580 1884 2604 cnm

1024 2623 1126 2663 Oud.
1151 2625 1186 2662 in
1213 2638 1259 2661 eo
1285 2624 1486 2669 haeream,
1517 2623 1621 2674 quod
1652 2627 1730 2661 tum
1756 2623 1885 2673 potius

1024 2681 1183 2733 Suffitas
1207 2680 1408 2719 dicendum
1436 2680 1594 2724 fuisset,
1621 2692 1736 2730 quum
1763 2692 1886 2718 cavea

1025 2749 1180 2787 quoque
1214 2739 1355 2789 suffita
1389 2737 1490 2774 bene
1527 2737 1654 2787 possit
1688 2735 1884 2781 nominari,

1023 2797 1150 2831 tamen
1178 2793 1266 2844 quia
1292 2793 1392 2832 Mss.
1418 2793 1550 2844 optimi
1575 2806 1592 2831 s
1616 2791 1678 2829 vel
1704 2806 1752 2838 x,
1785 2805 1886 2843 quae

1023 2848 1159 2887 eadem
1196 2853 1304 2895 sunt,
1340 2852 1560 2888 constanter
1599 2848 1780 2893 retinent,
1821 2848 1884 2886 alii

1021 2908 1168 2958 suffusa
1183 2909 1316 2956 aperte
1330 2904 1551 2950 ostendunt,
1561 2917 1646 2942 eam
1660 2905 1885 2954 scripturam

1021 2961 1139 2999 textui
1167 2962 1408 3012 interponere
1432 2962 1555 2999 satius
1580 2961 1683 2998 duxi.
1722 2960 1883 3014 Suffusa

1019 3030 1111 3055 vero
1133 3020 1248 3069 fumo
1273 3022 1377 3055 recte
1401 3017 1535 3055 dicitur
1559 3029 1690 3062 cavea,
1717 3030 1816 3067 quae
1835 3029 1883 3054 eo

1020 3077 1081 3112 est
1117 3074 1292 3126 oppleta,
1328 3074 1561 3125 solitumque
1596 3085 1690 3112 esse
1722 3071 1883 3113 librariis
