2155 3590
779 89 1202 142 PRAEFATIO.
1816 102 1889 137 3111

104 206 224 253 menti
259 205 349 260 quid
389 204 646 254 redundaret,
686 204 790 258 ipsas
817 201 1082 256 Oudendorpii
1115 200 1387 243 adnotationes
1419 199 1457 240 in
1489 199 1681 254 epitomen
1713 201 1892 248 redactas

105 276 261 325 darem,
307 281 347 315 et
382 273 466 314 eius
502 272 542 312 in
577 271 675 311 alios
711 271 924 325 scriptores
961 269 1253 317 emendationes
1294 268 1407 322 plane
1444 267 1685 314 omitterem,
1729 280 1894 320 quarum

104 342 268 397 plurima
303 355 393 396 pars
431 340 478 381 ab
509 338 791 386 recentissimis
829 353 963 380 eorum
1001 337 1215 385 editoribus
1254 350 1323 380 suo
1355 335 1440 385 loeo
1471 335 1619 375 inserta
1651 341 1731 381 est,
1774 340 1817 374 ut
1846 333 1894 373 ab

105 409 255 451 Orellio
287 410 349 450 ed.
382 407 574 458 Arnobii,
613 406 660 446 ab
693 404 883 454 Creuzer.
918 406 1001 447 edd.
1035 404 1238 452 Ciceron.‚
1277 417 1299 445 a
1331 401 1604 456 Peerlkampio
1634 403 1696 450 ed.
1722 400 1892 448 Horatii,

105 491 127 517 a
155 476 388 519 Dederiehio
414 476 476 517 ed.
503 474 657 529 Dietyis
684 472 911 523 Cretensis,
939 488 962 523 a
988 472 1138 528 Roppio
1164 472 1222 513 ed.
1247 470 1438 514 Martiani
1464 469 1648 524 Capellae
1673 469 1776 509 aliis.

217 544 292 585 His
322 544 398 585 rite
428 542 618 597 expositis
651 555 772 596 pauca
805 548 956 582 tantum
985 541 1026 581 in
1056 542 1186 590 animo
1210 546 1272 580 est
1296 539 1459 588 addere,
1494 550 1592 591 quae
1617 537 1664 576 ad
1690 544 1897 577 externam

106 612 287 653 editionis
323 612 491 666 speeiem
522 610 734 665 pertinent.
796 607 898 650 Sunt
932 610 1008 650 ista
1039 608 1202 663 primum
1235 607 1343 655 codd.
1375 613 1415 650 et
1465 606 1549 649 edd.
1575 605 1689 659 signa
1724 617 1823 658 quae
1859 604 1899 644 in

105 680 356 720 adnotatione
382 679 518 719 critica
543 678 728 732 leguntur
752 676 807 716 ita
832 677 1086 732 explicanda:

331 757 377 799 F.
404 759 441 800 1.
466 759 503 801 2.
531 760 570 797 3.
607 756 883 797 Florentium
905 758 1068 810 primus
1093 754 1302 796 secundus
1329 754 1501 804 tertius,
1530 765 1550 792 e
1576 751 1783 792 collatione
1804 750 1898 791 Lin-

611 824 836 878 denbrogii,
872 824 1008 864 tertius
1035 830 1095 864 est
1118 837 1243 863 meus.

332 893 382 935 G.
409 895 448 936 1.
476 895 517 937 2.
612 892 950 947 θιιοζίὲνῠῃίαηί
964 893 1093 947 prior
1118 897 1161 932 et
1178 891 1412 946 posterior.

331 961 378 1002 P.
608 960 849 1000 Palatinus.

332 1029 384 1070 D.
614 1027 888 1068 Dresdenszzs.

331 1095 381 1137 B.
610 1095 903 1136 Bertz‘nianus.

331 1163 384 1205 R.
615 1163 793 1218 Regius.

333 1231 384 1272 L.
614 1230 860 1285 Lr‘psz'anus.

333 1297 433 1340 Coll.
459 1297 578 1340 Voss.
611 1298 798 1339 Collatia
830 1296 1012 1338 Gerard.
1045 1295 1093 1336 V
1091 1297 1197 1337 ossii
1219 1296 1308 1336 cod.
1333 1295 1547 1351 Lz'pse‘onz.

333 1366 384 1408 Ο.
620 1365 890 1406 Ooeom'ensz‘s.

333 1435 361 1475 f.
609 1434 822 1475 Fuoeensz's
846 1449 881 1474 s.
918 1431 1168 1474 Tolosanus.

333 1517 381 1558 φ,
609 1502 826 1543 Fulviani.

331 1569 383 1612 U.
619 1570 766 1611 Ursini
789 1570 882 1610 cod.
910 1571 1000 1610 sive
1024 1569 1264 1611 Fvlvz'anus
1289 1570 1418 1610 alter.

331 1637 389 1679 M.
614 1638 866 1693 sslanganus
889 1637 1056 1693 Eryeei
1076 1639 1274 1679 Puteam‘.

332 1707 375 1761 β.
616 1705 844 1747 Bembinus
868 1706 1034 1761 Erycez‘
1055 1706 1251 1747 Puteani.

335 1774 384 1815 Z.
617 1774 881 1816 Zabarellcze
908 1775 1060 1815 codex.

335 1858 372 1898 p.
612 1842 891 1883 Pz'tlzoeanus.

369 1911 540 1952 etrareh.
616 1911 709 1952 cod.
738 1910 1020 1952 Petrarclzae.

334 1979 370 2020 ὁὶ
609 1979 652 2019 cl'
674 1978 951 2019 Orvz'llianus.

336 2060 379 2087 π.
625 2046 872 2087 Paraeanus
896 2062 933 2087 s.
961 2046 1253 2102 Anglieanus.

337 2113 390 2154 H.
620 2113 923 2156 Harl-emensi&

338 2179 452 2223 Cant.
622 2180 1018 2238 Carztabrzgz'enses.

335 2248 410 2291 Pu.
611 2249 828 2291 Puteanus
852 2251 1005 2291 coclear.

335 2316 446 2358 Leid.
618 2318 857 2359 Leidenszze.

336 2385 409 2426 Th.
617 2385 655 2426 T
651 2387 858 2428 huaneus.

222 2462 391 2505 Numeri
421 2465 485 2519 qui
517 2466 564 2506 ad
596 2473 808 2507 contextus
839 2466 1056 2520 marginem
1088 2467 1253 2521 appositi
1285 2474 1396 2515 sunt,
1431 2467 1542 2507 uncis
1573 2467 1714 2508 inclusi
1745 2468 1909 2522 paginas

112 2533 294 2573 editionis
321 2532 690 2575 Elmenhorstianae
715 2534 910 2585 indicant,
939 2548 1075 2589 quam,
1105 2542 1147 2575 ut
1171 2535 1342 2575 omnium
1370 2535 1612 2576 tritissimam
1639 2535 1760 2576 citare
1786 2536 1910 2576 satius

113 2601 229 2648 duxi,
259 2615 371 2654 quam
398 2615 483 2641 oum
498 2600 777 2657 Oudendorpio
798 2603 860 2643 ed.
883 2602 1124 2644 Pricaeanae
1145 2603 1307 2658 paginas
1328 2603 1572 2654 adscribere3
1600 2603 1701 2643 alter
1725 2617 1911 2644 numerus

113 2669 160 2709 ad
186 2669 395 2709 editionem
422 2668 792 2724 Oudendorpianam
820 2671 1007 2725 pertinet,
1036 2685 1088 2711 ex
1114 2685 1189 2725 qua
1215 2672 1332 2711 etiam
1358 2671 1397 2711 in
1425 2671 1528 2711 notis
1554 2671 1701 2711 criticis
1727 2678 1766 2712 et
1789 2672 1910 2712 adno-

114 2737 325 2777 tationibus
339 2736 516 2790 singulos
530 2737 636 2778 locos
652 2738 836 2779 excitavi.
874 2739 1016 2779 Libros
1031 2739 1070 2779 in
1085 2739 1213 2793 capita
1228 2739 1450 2780 describere
1466 2739 1613 2793 primus
1628 2746 1792 2780 conatus
1806 2754 1908 2781 sum.

226 2803 272 2844 ln
304 2812 416 2845 textu
448 2805 722 2847 constituendo
759 2821 876 2860 quum
913 2807 1079 2862 optimos
1105 2807 1213 2847 codd.
1248 2821 1458 2860 sequerer,
1495 2814 1576 2847 tum
1603 2814 1752 2848 tantum
1778 2809 1909 2849 conie-

115 2879 247 2913 cturas
272 2872 311 2912 in
337 2880 489 2913 textum
515 2873 770 2927 recipiebam,
799 2876 953 2928 quando
977 2875 1039 2916 vel
1065 2889 1117 2915 ex
1144 2875 1451 2929 corruptissimis
1478 2875 1589 2915 codd.
1619 2876 1728 2916 locus
1753 2876 1909 2917 restitui

114 2954 192 2980 non
218 2947 384 2994 poterat.
445 2939 509 2981 Ne
540 2955 635 2981 vero
666 2941 791 2982 lector
820 2943 1088 2997 deciperetur,
1121 2950 1164 2983 ut
1193 2956 1291 2996 quae
1324 2956 1430 2983 mera
1463 2950 1570 2983 esset
1593 2944 1813 2984 emendatio
1839 2959 1909 2999 pro

114 3021 207 3047 vera
234 3008 391 3062 Apuleii
417 3009 583 3049 lectione
611 3008 789 3060 baberet,
819 3025 918 3052 neve
947 3010 1031 3052 VV.
1060 3010 1148 3051 Dt).
1180 3010 1243 3064 qui
1275 3017 1434 3065 propter
1463 3017 1678 3065 temporum
1704 3012 1908 3066 angustias

115 3075 386 3131 diversamque
412 3077 626 3117 studiorum
653 3078 843 3119 rationem
870 3078 995 3120 obiter
1020 3085 1169 3120 tantum
1191 3078 1346 3133 Apuleii
1367 3078 1512 3134 scripta
1532 3086 1704 3120 tractare
1729 3088 1905 3134 possent,
