2155 3590
608 124 797 165 LIBER
825 125 898 167 IV.
959 125 1085 167 CAP.
1116 124 1307 166 XXXII.
1784 120 1869 166 295

567 331 603 380 C
661 332 706 378 A
763 332 802 378 P
859 332 905 379 U
961 333 1005 379 T
1108 330 1377 380 XXXII.

190 462 348 504 Interea
373 462 457 527 'Psy
461 463 531 504 che
562 478 648 504 cum
679 478 751 504 sua
781 464 855 504 sibi
886 465 1090 519 perspicua
1120 463 1405 518 pulchritudine
1442 462 1590 503 nullum
1621 462 1773 503 decoris
1803 463 1864 503 sui

77 521 245 561 fructum
277 520 449 574 percipit.
498 518 707 574 Spectatur
735 520 783 560 ab
815 521 1013 572 omnibus,
1052 521 1234 561 laudatur
1262 520 1309 560 ab
1336 519 1535 570 omnibus,
1564 532 1636 559 nec
1661 519 1864 572 quisquam

76 590 155 617 non
167 590 257 627 rex,
286 590 363 616 non
382 577 516 630 regius
542 590 613 617 nec
639 578 684 617 de
709 577 818 640 plebe
843 578 979 618 saltem
1006 578 1164 631 cupiens
1189 578 1273 619 eius
1298 576 1513 631 nuptiarum
1542 575 1683 629 petitor
1701 575 1862 615 accedit.

75 631 276 674 Mirantur
306 632 456 685 quidem
484 633 655 673 divinam
680 633 869 688 speciem,
903 635 970 675 sed
996 641 1038 674 ut
1063 634 1312 674 simulacrum
1344 633 1454 673 fabre
1485 632 1643 686 politum
1669 631 1864 672 mirantur

75 702 225 729 omnes.
276 687 379 730 Olim
411 690 508 729 dnae
540 690 708 730 maiores
740 704 921 741 sorores,
956 704 1118 744 quarum
1132 690 1146 754 J
1167 697 1420 744 temperatam
1452 689 1736 729 formositatem
1767 687 1864 728 nulli
1887 697 1953 730 310

75 744 323 786 diffamarant
351 746 502 799 populi,
536 746 665 799 procis
696 746 855 800 regibus
882 747 1098 800 desponsae
1129 747 1205 787 iam
1229 747 1365 787 beatas
1398 745 1551 799 nuptias
1576 745 1759 799 adeptae,
1794 744 1863 785 sed

71 800 225 857 Psyche
244 801 358 856 virgo
377 802 493 843 vidua
513 803 614 843 domi
635 802 812 843 residens
838 803 953 843 deflet
977 804 1170 843 desertam
1196 817 1305 844 suam
1332 802 1600 852 solitudinem,
1629 814 1749 855 aegra
1775 814 1862 842 cor-

160 917 266 956 Psyce
280 921 353 948 αἱ).
369 924 397 948 et
411 921 448 948 D.
459 942 466 956 ‚
485 924 518 948 ut
531 922 628 955 paulo
642 923 711 954 post
727 920 760 949 in
774 921 883 949 eodem
897 921 1003 955 capite
1016 919 1083 948 sice
1095 929 1150 955 pro
1164 917 1292 957 Psyche
1306 922 1341 949 G.
1352 922 1380 949 1.
1413 918 1602 956 praecipua
1615 926 1671 954 pro
1679 918 1863 956 perspicua

70 971 112 993 ex
125 965 234 993 XVow.
249 965 434 993 coniectura
448 973 614 1000 perperam
627 966 660 994 in
675 968 795 994 textum
811 969 997 999 receperunt
1010 968 1094 994 Elm.
1109 971 1137 995 et
1151 967 1235 996 Prie.
1257 964 1431 1002 praecipit
1441 967 1555 994 Venet.
1565 959 1608 1000 4.!
1620 963 1662 992 ab
1674 962 1863 992 hominibus

69 1009 168 1038 solita
180 1010 372 1039 variatione.
420 1008 585 1038 landatur
598 1010 640 1038 ab
655 1009 802 1038 omnibns
816 1012 930 1039 desunt
945 1011 977 1038 in
994 1012 1028 1039 G.
1045 1013 1073 1039 1.
1088 1010 1194 1045 (unde
1206 1012 1304 1040 etiam
1317 1011 1393 1039 inO.
1407 1011 1558 1039 videntur
1570 1018 1644 1038 esse
1657 1010 1790 1045 omissa,
1805 1010 1862 1038 sed

70 1055 149 1083 oud.
165 1058 246 1083 teste
259 1055 321 1091 ilii,
349 1056 426 1083 utin
440 1056 517 1084 Bas.
535 1057 561 1084 1.
572 1078 579 1091 ,
606 1059 729 1084 tantum
743 1054 784 1083 ab
799 1055 948 1083 omnibus
963 1056 1223 1091 desiderantur).
1270 1064 1330 1083 uec
1343 1063 1408 1083 rex·
1423 1064 1453 1090 p.
1467 1052 1496 1083 δ.
1545 1055 1680 1092 capiens
1694 1056 1728 1084 G.
1746 1057 1774 1083 1.
1799 1063 1862 1082 ac-

69 1097 150 1127 cidit
163 1101 277 1128 Venet.
291 1101 320 1128 2.
337 1099 448 1138 fabro
462 1109 491 1134 p.
514 1100 659 1136 positum
672 1108 708 1129 π.
736 1101 918 1129 mirantur.
936 1098 1054 1128 Omnes
1068 1099 1143 1127 olim
1159 1102 1194 1129 G.
1204 1102 1280 1129 2.D.
1307 1101 1390 1128 enim
1406 1109 1461 1135 pro
1476 1099 1552 1127 nlr'm
1567 1102 1600 1129 Ο.
1629 1102 1829 1127 temeratam.
1840 1099 1861 1129 f.

68 1141 336 1181 dqffamavereG.
347 1146 375 1173 2.
385 1146 420 1173 Ρ.
451 1143 636 1182 dq'ffmuare
644 1147 679 1174 G.
690 1145 719 1174 1.
730 1147 811 1174 0.D.
841 1143 1111 1182 diffattweruntf.
1142 1143 1372 1182 diffamarunt
1387 1143 1415 1174 ὃ.
1441 1143 1667 1182 (Ιξθὶιηιανεηΐ
1678 1153 1707 1180 p.
1737 1145 1861 1173 bantus

67 1192 159 1226 nupt.
169 1191 204 1218 G.
214 1191 243 1218 2.
259 1189 299 1218 cf.
316 1190 400 1218 infra
410 1191 522 1224 p.31‘2.
548 1190 686 1226 nuptias
699 1193 733 1218 st
745 1188 889 1225 adeptae
898 1191 931 1226 f.‚
947 1198 967 1219 a
979 1191 1102 1219 Roaldo
1112 1193 1195 1219 male
1203 1191 1399 1225 explicatum
1410 1190 1540 1226 statim,
1556 1198 1651 1225 quum
1663 1191 1768 1224 potius
1782 1192 1862 1218 snut

67 1235 289 1269 compendium
302 1235 471 1270 significet,
486 1237 566 1269 quod
583 1236 931 1269 praetereaextatinR.
942 1244 974 1268 φ.
985 1232 1043 1263 ᾗδ.
1057 1237 1210 1264 Attamen
1224 1238 1355 1264 verbum
1369 1244 1431 1264 non
1444 1239 1604 1270 comparet
1620 1236 1820 1264 in10‘.1.3.G.
1832 1237 1860 1264 1.

65 1280 186 1309 2.B.D.
202 1283 230 1308 et
245 1281 415 1315 edd.vett.,
437 1281 519 1308 uude
531 1283 645 1313 glossa
657 1280 784 1308 videtur
795 1279 921 1308 librarii
935 1280 1180 1316 cuiusdam‚qui
1192 1283 1276 1309 hanc
1289 1281 1419 1314 ellipsin
1435 1288 1490 1315 pro
1504 1281 1633 1316 ingenio
1649 1283 1784 1309 tolerare
1797 1289 1861 1309 non

65 1327 199 1359 poterat.
236 1322 302 1352 Sed
312 1327 402 1353 abest
418 1332 437 1353 a
451 1333 479 1359 p.
517 1322 679 1361 Psychem
694 1326 729 1353 G.
745 1325 773 1353 1.
811 1325 904 1361 virgo
918 1323 1020 1352 vidua
1034 1325 1068 1353 in
1081 1325 1231 1353 omnihus
1245 1327 1326 1354 Mss.
1340 1328 1371 1354 et.
1384 1327 1453 1354 edd.
1470 1329 1546 1353 vett.
1560 1329 1660 1362 extat,
1676 1333 1773 1359 quum
1788 1325 1860 1352 m'rn

66 1372 189 1398 tantum
201 1371 284 1398 Elm.
299 1370 339 1397 sit
360 1370 557 1404 coniectura,
572 1378 592 1399 a
605 1370 766 1398 Seriverio
781 1369 922 1404 aliisque
937 1377 1103 1404 perperam
1118 1370 1150 1398 in
1167 1373 1287 1398 textum
1302 1374 1441 1404 recepta.
1474 1369 1641 1397 desertum
1655 1378 1765 1398 omnes
1785 1371 1860 1399 libri

64 1418 95 1443 et
118 1415 187 1443 edd.
206 1418 282 1443 vett.
299 1417 450 1448 praebent
467 1419 592 1449 praeter
610 1415 645 1443 F.
659 1417 690 1443 3.
710 1415 850 1448 quicum
865 1416 913 1443 ed.
927 1417 1010 1443 Elin.
1025 1417 1119 1443 hahet
1134 1413 1270 1442 deserta
1284 1418 1313 1443 et
1332 1416 1365 1443 in
1385 1415 1480 1443 cuius
1500 1415 1674 1443 collatione
1693 1421 1712 1443 a
1726 1415 1860 1443 librario

63 1459 312 1494 diligentissimo
327 1460 407 1487 niliil
421 1461 607 1489 adnotatum
617 1463 673 1489 est.
699 1460 760 1488 Hic
775 1463 881 1488 tamen
894 1468 958 1489 non
972 1460 1113 1488 dubitari
1126 1460 1218 1499 licet,
1233 1460 1310 1494 quin
1324 1460 1521 1495 scripturam
1533 1460 1655 1489 codicis
1669 1460 1859 1495 neglexerit.

61 1511 144 1542 erga
155 1511 246 1542 corp.
260 1506 295 1533 G.
310 1506 341 1533 2.
356 1506 391 1533 P.
404 1506 443 1533 D.

91 1616 136 1642 os
173 1607 280 1648 cett..

63 1617 189 1712 {sum
220 1661 401 1698 traxerint
437 1660 482 1699 cf.
514 1659 687 1700 Broukh.
712 1661 763 1699 ad
788 1659 930 1700 Tibull.

62 1713 128 1755 III.
154 1720 190 1757 3.
217 1720 282 1757 34.
319 1716 433 1768 [Mihi
449 1730 539 1755 vero
554 1717 676 1756 altera
691 1717 803 1755 lectio
817 1730 927 1769 prae-

61 1774 223 1812 stantIOr
245 1772 395 1811 videtur
419 1777 458 1811 et
480 1774 528 1811 ab
553 1773 706 1824 ingenio
734 1774 818 1812 eius
843 1787 926 1826 per-

60 1832 224 1876 mutata,
256 1829 318 1880 qui
349 1831 608 1868 accusativum
641 1830 837 1881 quomodo
863 1830 928 1868 de-

62 1885 166 1924 fendi
190 1889 346 1937 posset,
372 1899 573 1938 perperam
601 1886 835 1934 neglexerat.
871 1885 928 1924 Ita

61 1943 161 1981 enim
185 1942 401 1994 subrepere
424 1943 526 1993 apud
554 1942 623 1981 Sil.
643 1941 733 1982 XV.
763 1946 853 1984 136.
879 1942 927 1982 cf.

62 1998 162 2038 Cort.
194 1998 244 2037 ad
268 1997 416 2037 Lucan.
436 1997 502 2037 Vl.
530 2002 621 2039 733.
654 2002 693 2036 et
723 2000 928 2039 subsidere

62 2055 132 2094 Sil.
157 2053 261 2093 XIII.
288 2058 380 2094 221.
406 2068 491 2093 cum
517 2056 741 2093 accusativo
766 2056 924 2106 iungun-

60 2115 139 2157 tur,
164 2114 203 2149 et
222 2114 423 2162 praeterea
443 2124 586 2150 currus
601 2111 758 2163 biittyes
771 2111 926 2162 elegan-

59 2168 135 2206 tius
161 2167 350 2212 (licuntur,
375 2170 416 2204 ut
441 2166 473 2205 F
478 2166 584 2206 lorid.
609 2180 645 2218 p.
667 2170 730 2207 73.
758 2168 925 2220 quadri-

60 2225 176 2276 iuyes
200 2228 238 2262 et
259 2224 417 2276 seiuges
442 2236 594 2263 currus.
642 2223 787 2262 Refero
814 2224 926 2274 igitur

59 2280 110 2318 ad
145 2280 417 2325 narrationem,
461 2292 560 2330 quae
597 2280 631 2317 in
666 2281 924 2318 monumentis

61 2349 216 2387 quoque
252 2336 486 2386 depingitur,
524 2349 671 2374 currum
698 2336 863 2374 Veneris
890 2350 913 2375 a

58 2392 211 2431 duobus
243 2393 353 2442 equis
388 2393 542 2430 marinis
573 2391 679 2431 trahi.
734 2391 924 2438 Tritones,

61 2450 124 2499 qui
138 2449 257 2488 maria
269 2449 498 2500 persultant,
523 2449 597 2487 sub
611 2462 758 2487 currum
773 2453 812 2487 et
824 2450 926 2487 circa

60 2517 146 2543 eum
160 2508 302 2550 natant,
317 2505 496 2556 gaudium
510 2508 549 2542 et
561 2506 810 2544 reverentiam
825 2505 926 2545 deae

60 2561 293 2614 indicaturi.]

116 2661 382 2702 Cinxxxll.
405 2664 642 2715 perspicua.
672 2662 782 2701 Male
794 2662 922 2702 WVow.

61 2720 208 2770 corrigit
217 2721 464 2771 praecipua,
479 2719 582 2770 quod
597 2723 729 2758 contra
742 2719 785 2757 M
788 2732 843 2758 ss.
858 2732 924 2770 po-

61 2775 242 2814 steriores
255 2780 494 2826 receperunt.
536 2776 618 2815 Per
620 2777 805 2827 ευίοιιαηι
817 2775 924 2841 Apu-

63 2830 136 2869 leio
151 2831 354 2883 aliquoties
368 2832 511 2878 dicitur,
526 2836 567 2870 ut
580 2814 680 2876 aliis,
689 2846 756 2884 pro
766 2832 922 2883 conspi-

63 2900 168 2927 cuus.
187 2887 252 2928 cf.
277 2888 399 2928 Salm.
425 2889 473 2928 ad
500 2888 620 2926 Solin.
646 2901 682 2939 p.
708 2891 799 2928 543.
826 2887 922 2927 Met.

62 2940 110 2982 11.
123 2955 158 2994 p.
175 2948 263 2985 106.
277 2944 347 2983 XI.
361 2959 398 2997 p
409 2949 500 2986 799.
528 2944 662 2996 [Plura
675 2944 780 2983 dabit
792 2944 921 2984 Burm.

65 2997 116 3036 ad
138 2998 293 3039 Anthol.
319 3000 347 3040 l.
361 2959 417 3040 1T.
443 3001 488 3040 11.
515 3015 550 3052 p.
577 3005 669 3042 408.
696 3004 735 3038 et
757 3013 794 3050 p.
810 3000 920 3053 410.]

119 3055 382 3096 simulacrum.
411 3057 491 3122 [De
505 3059 611 3095 vocis
630 3058 690 3094 si«
666 3056 920 3108 Onilicatione,

64 3122 162 3160 qnae
186 3108 461 3152 Graecorum''
441 3116 538 3166 aja)
540 3129 593 3165 μα
618 3113 847 3164 respondet,
872 3113 921 3153 cs.

310 1604 362 1643 ita
391 1607 433 1642 ut
462 1579 537 1642 duo
570 1602 752 1642 Tritones
785 1617 933 1643 currum
992 1603 1166 1642 d’Orvill.
1199 1604 1250 1644 ad
1276 1603 1415 1644 Charit.
1441 1603 1468 1643 I.
1501 1618 1532 1643 c.
1559 1603 1586 1644 l.
1613 1618 1651 1656 p.
1678 1607 1770 1645 205.
1796 1604 1858 1643 ed.

990 1660 1121 1712 Lips.,
1147 1662 1211 1711 qui
1235 1661 1346 1712 plura
1370 1661 1555 1712 exempla
1579 1662 1807 1714 enumerat]

1049 1740 1163 1789 [olim
1177 1741 1285 1781 duae
1298 1742 1470 1780 maiores
1483 1743 1571 1779 cett.
1591 1739 1705 1791 Fulg.
1715 1754 1752 1792 p.
1764 1744 1856 1780 715.

988 1797 1177 1850 Denique
1203 1797 1361 1836 duabus
1383 1797 1616 1842 maioribus,
1645 1810 1749 1849 quae
1767 1801 1857 1835 tem-

981 1858 1131 1905 perata
1158 1859 1275 1892 erant
1297 1854 1444 1904 specie,
1471 1853 1673 1893 connubia
1696 1865 1858 1896 venere:

987 1910 1102 1948 illam
1127 1923 1219 1949 vero
1244 1910 1368 1949 veluti
1392 1910 1510 1948 deam
1534 1923 1616 1948 non
1644 1910 1857 1962 quisquam.

987 1979 1124 2004 amare
1160 1980 1301 2010 ausus,
1340 1979 1460 2017 quam
1490 1966 1676 2005 venerari
1696 1979 1856 2017 pronus

987 2027 1110 2074 atque
1135 2022 1276 2061 hostiis
1300 2022 1377 2061 siba·
1398 2022 1603 2074 placare]

1041 2101 1162 2152 viryo
1191 2100 1327 2140 vidua.
1377 2099 1489 2139 Haec
1525 2101 1700 2139 codicum
1738 2099 1853 2140 lectio

985 2156 1141 2194 defendi
1166 2156 1268 2194 bene
1292 2160 1443 2208 potest,
1470 2157 1574 2208 quod
1600 2155 1781 2208 Psyche,
1813 2157 1853 2195 li-

984 2216 1046 2252 cet
1074 2214 1214 2264 virqo,
1250 2217 1377 2251 tamen
1403 2217 1444 2252 ut
1467 2214 1615 2260 vidua,
1646 2217 1854 2265 antequam

982 2272 1100 2320 nupta
1114 2272 1207 2314 erat,
1232 2269 1335 2308 domi
1347 2270 1546 2308 residebat
1559 2283 1630 2308 nec
1649 2271 1854 2321 quisquam

983 2339 1068 2364 eam
1092 2325 1323 2372 accedebat,
1350 2330 1390 2365 ut
1417 2326 1551 2364 luserit
1571 2330 1702 2365 auctor
1723 2327 1759 2365 in
1780 2326 1854 2364 hac

984 2382 1250 2421 coniunctione
1280 2383 1399 2435 viv-90
1429 2383 1566 2423 vidua.
1605 2382 1672 2421 Sic
1695 2382 1852 2434 puella,

982 2440 1102 2491 virqo
1137 2438 1233 2477 Met.
1248 2437 1332 2478 vll.
1359 2453 1395 2491 p.
1411 2442 1505 2480 467.
1530 2439 1761 2490 passimque
1775 2452 1853 2477 mu-

983 2494 1098 2533 lieres
1134 2494 1325 2542 dicuntur,
1363 2508 1524 2546 quarum
1560 2496 1702 2534 absunt
1731 2494 1851 2534 mariti

983 2551 1032 2590 cs.
1057 2550 1190 2590 lustin.
1205 2550 1249 2590 ΙΙ.
1276 2556 1313 2591 4.
1341 2551 1435 2604 [Qui
1459 2551 1521 2590 his
1546 2552 1722 2604 probatis
1747 2550 1849 2590 Oud.

982 2608 1239 2647 coniecturam
1258 2606 1358 2647 Elm.
1384 2610 1471 2647 viro
1495 2607 1693 2659 praeferre
1716 2611 1851 2659 potue-

982 2666 1047 2710 rit,
1075 2665 1135 2702 vix
1161 2665 1284 2715 capi0.
1331 2664 1395 2703 De
1431 2665 1556 2703 vidua
1592 2663 1640 2703 cs.
1677 2663 1762 2703 Intt.
1800 2663 1851 2702 ad

982 2719 1101 2772 Prop.
1113 2718 1157 2758 ll.
1174 2724 1240 2761 24.
1257 2725 1317 2761 17.
1345 2720 1507 2759 Taubm.
1522 2720 1572 2758 ad
1584 2719 1711 2759 Plaut.
1728 2719 1848 2759 Stich.

983 2775 1073 2817 I.·'‘1.
1100 2781 1136 2817 4.
1162 2790 1199 2828 p.
1217 2781 1336 2817 1255.
1364 2776 1513 2815 Curcul.
1535 2775 1561 2815 Ι.
1591 2781 1623 2816 1.
1650 2780 1714 2817 37.
1740 2775 1848 2816 Men.

981 2831 1074 2874 1.“2.
1098 2838 1135 2872 4.
1162 2833 1210 2872 V.
1240 2838 1273 2874 1.
1301 2837 1365 2874 20.
1390 2834 1457 2874 26.
1507 2832 1630 2872 Stich.
1660 2831 1686 2870 Ι.
1720 2836 1754 2873 2.
1783 2836 1847 2874 62.

979 2889 1064 2928 Mil.
1089 2888 1234 2929 GLIV.
1265 2895 1299 2930 1.
1329 2893 1390 2930 18.
1415 2889 1464 2927 V.
1483 2892 1543 2929 16.
1576 2888 1705 2941 Viryo
1722 2889 1848 2929 vidua

979 2945 1043 2984 hic
1066 2959 1115 2984 ea
1138 2947 1370 2991 nominatur,
1397 2958 1498 2996 quae
1517 2944 1654 2984 solain
1670 2944 1770 2984 lecto
1785 2960 1847 2985 cu—

977 3002 1046 3041 bat
1076 3015 1147 3041 nec
1177 3003 1226 3041 ab
1255 3002 1336 3040 ullo
1376 3003 1454 3040 viro
1490 3001 1742 3041 desideratur.
1789 3001 1847 3041 Ita

978 3056 1105 3097 Plaut.
1137 3057 1286 3098 Cistell.
1322 3057 1350 3097 I.
1384 3063 1418 3098 1.
1451 3062 1516 3098 45.
1547 3057 1598 3096 de
1626 3059 1845 3098 meretrice:

978 3128 1183 3168 nunquam
1198 3128 1277 3169 090
1289 3116 1396 3155 leam·
1407 3114 1478 3154 vid
1480 3128 1571 3155 uam
1579 3115 1728 3155 cubare
1740 3116 1843 3168 sivi]
