<?xml version="1.0" encoding="UTF-8"?>
<!DOCTYPE html PUBLIC "-//W3C//DTD XHTML 1.0 Transitional//EN"
    "http://www.w3.org/TR/xhtml1/DTD/xhtml1-transitional.dtd">
<html xmlns="http://www.w3.org/1999/xhtml" xml:lang="en" lang="en">
 <head>
  <title>
</title>
<meta http-equiv="Content-Type" content="text/html;charset=utf-8" />
  <meta name='ocr-system' content='tesseract 3.04.00' />
  <meta name='ocr-capabilities' content='ocr_page ocr_carea ocr_par ocr_line ocrx_word'/>
</head>
<body>
  <div class='ocr_page' id='page_1' title='image "./operaomnia01apuluoft/operaomnia01apuluoft_1346.png"; bbox 0 0 2221 3667; ppageno 0'>
   <div class='ocr_carea' id='block_1_1' title="bbox 301 128 408 178">
    <p class='ocr_par' dir='ltr' id='par_1_1' title="bbox 301 128 408 178">
     <span class='ocr_line' id='line_1_1' title="bbox 301 128 408 178; baseline 0.009 -1"><span class='ocrx_word' id='word_1_1' title='bbox 301 128 408 178; x_wconf 67' lang='lat'>1082</span> 
     </span>
    </p>
   </div>
   <div class='ocr_carea' id='block_1_2' title="bbox 554 133 1852 177">
    <p class='ocr_par' dir='ltr' id='par_1_2' title="bbox 554 133 1852 177">
     <span class='ocr_line' id='line_1_2' title="bbox 554 133 1852 177; baseline 0.002 -3"><span class='ocrx_word' id='word_1_2' title='bbox 554 135 599 174; x_wconf 79' lang='lat' dir='ltr'><strong>L.</strong></span> <span class='ocrx_word' id='word_1_3' title='bbox 630 133 851 174; x_wconf 87' lang='lat' dir='ltr'><strong>APULEII</strong></span> <span class='ocrx_word' id='word_1_4' title='bbox 879 133 1280 174; x_wconf 87' lang='lat' dir='ltr'><strong>MADAURENSIS</strong></span> <span class='ocrx_word' id='word_1_5' title='bbox 1309 134 1852 177; x_wconf 87' lang='lat' dir='ltr'><strong>METAMORPHOSEON</strong></span> 
     </span>
    </p>
   </div>
   <div class='ocr_carea' id='block_1_3' title="bbox 297 245 2097 416">
    <p class='ocr_par' dir='ltr' id='par_1_3' title="bbox 297 245 2097 416">
     <span class='ocr_line' id='line_1_3' title="bbox 299 245 2095 302; baseline 0 -12"><span class='ocrx_word' id='word_1_6' title='bbox 299 258 399 292; x_wconf 76' lang='lat' dir='ltr'><strong>ctam</strong></span> <span class='ocrx_word' id='word_1_7' title='bbox 424 249 540 289; x_wconf 87' lang='lat' dir='ltr'><strong>istam</strong></span> <span class='ocrx_word' id='word_1_8' title='bbox 565 247 762 287; x_wconf 82' lang='lat' dir='ltr'><strong>civitatem</strong></span> <span class='ocrx_word' id='word_1_9' title='bbox 790 246 949 287; x_wconf 80' lang='lat' dir='ltr'>accedo.</span> <span class='ocrx_word' id='word_1_10' title='bbox 999 245 1087 287; x_wconf 83' lang='lat' dir='ltr'><strong>Nec</strong></span> <span class='ocrx_word' id='word_1_11' title='bbox 1112 246 1231 287; x_wconf 88' lang='lat' dir='ltr'><strong>ullum</strong></span> <span class='ocrx_word' id='word_1_12' title='bbox 1258 254 1335 287; x_wconf 84' lang='lat' dir='ltr'><strong>tam</strong></span> <span class='ocrx_word' id='word_1_13' title='bbox 1361 248 1609 302; x_wconf 86' lang='lat' dir='ltr'><strong>praecipuum</strong></span> <span class='ocrx_word' id='word_1_14' title='bbox 1641 247 1734 289; x_wconf 90' lang='lat' dir='ltr'><strong>mihi</strong></span> <span class='ocrx_word' id='word_1_15' title='bbox 1759 250 1902 291; x_wconf 79' lang='lat' dir='ltr'><strong>exinde</strong></span> <span class='ocrx_word' id='word_1_16' title='bbox 1927 251 2095 292; x_wconf 85' lang='lat' dir='ltr'><strong>studium</strong></span> 
     </span>
     <span class='ocr_line' id='line_1_4' title="bbox 299 303 2095 362; baseline -0.001 -15"><span class='ocrx_word' id='word_1_17' title='bbox 299 306 390 356; x_wconf 82' lang='lat' dir='ltr'><strong>fuit,</strong></span> <span class='ocrx_word' id='word_1_18' title='bbox 425 318 540 358; x_wconf 84' lang='lat' dir='ltr'><strong>quam</strong></span> <span class='ocrx_word' id='word_1_19' title='bbox 566 303 737 356; x_wconf 80' lang='lat' dir='ltr'><strong>quotidie</strong></span> <span class='ocrx_word' id='word_1_20' title='bbox 770 303 989 357; x_wconf 87' lang='lat' dir='ltr'><strong>supplicare</strong></span> <span class='ocrx_word' id='word_1_21' title='bbox 1023 317 1174 344; x_wconf 89' lang='lat' dir='ltr'><strong>summo</strong></span> <span class='ocrx_word' id='word_1_22' title='bbox 1201 304 1348 344; x_wconf 90' lang='lat' dir='ltr'><strong>numini</strong></span> <span class='ocrx_word' id='word_1_23' title='bbox 1381 304 1562 358; x_wconf 79' lang='lat' dir='ltr'><strong>Reginae</strong></span> <span class='ocrx_word' id='word_1_24' title='bbox 1593 303 1730 345; x_wconf 82' lang='lat' dir='ltr'><strong>Isidis:</strong></span> <span class='ocrx_word' id='word_1_25' title='bbox 1764 319 1862 359; x_wconf 88' lang='lat' dir='ltr'><strong>quae</strong></span> <span class='ocrx_word' id='word_1_26' title='bbox 1893 307 1939 347; x_wconf 92' lang='lat' dir='ltr'><strong>de</strong></span> <span class='ocrx_word' id='word_1_27' title='bbox 1964 308 2095 362; x_wconf 88' lang='lat' dir='ltr'><strong>templi</strong></span> 
     </span>
     <span class='ocr_line' id='line_1_5' title="bbox 297 358 2097 416; baseline 0.001 -13"><span class='ocrx_word' id='word_1_28' title='bbox 297 363 375 403; x_wconf 89' lang='lat' dir='ltr'><strong>situ</strong></span> <span class='ocrx_word' id='word_1_29' title='bbox 400 368 527 402; x_wconf 90' lang='lat' dir='ltr'><strong>sumto</strong></span> <span class='ocrx_word' id='word_1_30' title='bbox 553 359 710 400; x_wconf 88' lang='lat' dir='ltr'><strong>nomine</strong></span> <span class='ocrx_word' id='word_1_31' title='bbox 737 358 970 414; x_wconf 83' lang='lat' dir='ltr'><strong>Campensis</strong></span> <span class='ocrx_word' id='word_1_32' title='bbox 995 374 1146 400; x_wconf 84' lang='lat' dir='ltr'><strong>summa</strong></span> <span class='ocrx_word' id='word_1_33' title='bbox 1166 375 1251 401; x_wconf 81' lang='lat' dir='ltr'><strong>euin</strong></span> <span class='ocrx_word' id='word_1_34' title='bbox 1274 362 1531 402; x_wconf 85' lang='lat' dir='ltr'><strong>veneratione</strong></span> <span class='ocrx_word' id='word_1_35' title='bbox 1552 361 1798 416; x_wconf 85' lang='lat' dir='ltr'><strong>propitiatur.</strong></span> <span class='ocrx_word' id='word_1_36' title='bbox 1827 361 1949 402; x_wconf 87' lang='lat' dir='ltr'><strong>Eram</strong></span> <span class='ocrx_word' id='word_1_37' title='bbox 1970 364 2097 404; x_wconf 85' lang='lat' dir='ltr'><strong>cultor</strong></span> 
     </span>
    </p>
   </div>
   <div class='ocr_carea' id='block_1_4' title="bbox 294 499 2097 585">
    <p class='ocr_par' dir='ltr' id='par_1_4' title="bbox 294 499 2097 585">
     <span class='ocr_line' id='line_1_6' title="bbox 295 499 2096 539; baseline 0 -8"><span class='ocrx_word' id='word_1_38' title='bbox 295 503 388 531; x_wconf 70' lang='lat' dir='ltr'><em>illum</em></span> <span class='ocrx_word' id='word_1_39' title='bbox 403 503 518 531; x_wconf 80' lang='lat' dir='ltr'><strong>Venet.</strong></span> <span class='ocrx_word' id='word_1_40' title='bbox 532 503 563 530; x_wconf 84' lang='lat'><strong>4.</strong></span> <span class='ocrx_word' id='word_1_41' title='bbox 577 504 605 529; x_wconf 78' lang='lat' dir='ltr'><strong>et</strong></span> <span class='ocrx_word' id='word_1_42' title='bbox 621 500 728 530; x_wconf 84' lang='lat' dir='ltr'><strong>Paris.</strong></span> <span class='ocrx_word' id='word_1_43' title='bbox 775 499 898 529; x_wconf 58' lang='lat' dir='ltr'><strong>effnde</strong></span> <span class='ocrx_word' id='word_1_44' title='bbox 911 503 1000 530; x_wconf 81' lang='lat' dir='ltr'><strong>deest</strong></span> <span class='ocrx_word' id='word_1_45' title='bbox 1014 503 1049 531; x_wconf 90' lang='grc'><strong>0.</strong></span> <span class='ocrx_word' id='word_1_46' title='bbox 1101 500 1232 539; x_wconf 71' lang='lat' dir='ltr'><strong>templio</strong></span> <span class='ocrx_word' id='word_1_47' title='bbox 1248 511 1277 537; x_wconf 80' lang='lat' dir='ltr'><strong>p.</strong></span> <span class='ocrx_word' id='word_1_48' title='bbox 1325 502 1388 530; x_wconf 71' lang='lat' dir='ltr'><strong>siti</strong></span> <span class='ocrx_word' id='word_1_49' title='bbox 1400 502 1421 532; x_wconf 87' lang='lat' dir='ltr'><strong>f.</strong></span> <span class='ocrx_word' id='word_1_50' title='bbox 1470 502 1653 539; x_wconf 72' lang='lat' dir='ltr'><strong>compensv&#39;s</strong></span> <span class='ocrx_word' id='word_1_51' title='bbox 1665 503 1702 532; x_wconf 80' lang='lat' dir='ltr'><strong>F.</strong></span> <span class='ocrx_word' id='word_1_52' title='bbox 1718 504 1747 532; x_wconf 90' lang='lat'><strong>1.</strong></span> <span class='ocrx_word' id='word_1_53' title='bbox 1762 504 1792 532; x_wconf 84' lang='lat'><strong>3.</strong></span> <span class='ocrx_word' id='word_1_54' title='bbox 1808 504 1844 532; x_wconf 78' lang='lat' dir='ltr'><strong>G.</strong></span> <span class='ocrx_word' id='word_1_55' title='bbox 1858 503 1895 532; x_wconf 93' lang='lat' dir='ltr'><strong>P.</strong></span> <span class='ocrx_word' id='word_1_56' title='bbox 1909 504 1948 532; x_wconf 88' lang='lat' dir='ltr'><strong>D.</strong></span> <span class='ocrx_word' id='word_1_57' title='bbox 1962 506 1991 531; x_wconf 81' lang='lat' dir='ltr'><strong>et</strong></span> <span class='ocrx_word' id='word_1_58' title='bbox 2006 504 2096 531; x_wconf 79' lang='lat' dir='ltr'><strong>codd.</strong></span> 
     </span>
     <span class='ocr_line' id='line_1_7' title="bbox 294 544 2097 585; baseline -0.001 -7"><span class='ocrx_word' id='word_1_59' title='bbox 294 549 441 585; x_wconf 80' lang='lat' dir='ltr'><strong>plerique</strong></span> <span class='ocrx_word' id='word_1_60' title='bbox 454 548 503 576; x_wconf 86' lang='lat' dir='ltr'><strong>ed.</strong></span> <span class='ocrx_word' id='word_1_61' title='bbox 519 555 566 581; x_wconf 84' lang='lat' dir='ltr'><strong>pr.</strong></span> <span class='ocrx_word' id='word_1_62' title='bbox 579 547 707 575; x_wconf 82' lang='lat' dir='ltr'><strong>vicent.</strong></span> <span class='ocrx_word' id='word_1_63' title='bbox 719 546 833 575; x_wconf 84' lang='lat' dir='ltr'><strong>Venet.</strong></span> <span class='ocrx_word' id='word_1_64' title='bbox 848 548 879 575; x_wconf 84' lang='lat'><strong>2.</strong></span> <span class='ocrx_word' id='word_1_65' title='bbox 915 544 1048 583; x_wconf 50' lang='lat' dir='ltr'><strong>palmis</strong></span> <span class='ocrx_word' id='word_1_66' title='bbox 1066 548 1102 576; x_wconf 81' lang='lat'><strong>1..</strong></span> <span class='ocrx_word' id='word_1_67' title='bbox 1123 549 1179 577; x_wconf 83' lang='lat' dir='ltr'><strong>Al.</strong></span> <span class='ocrx_word' id='word_1_68' title='bbox 1205 547 1328 585; x_wconf 65' lang='lat' dir='ltr'><strong>)p?sus</strong></span> <span class='ocrx_word' id='word_1_69' title='bbox 1341 551 1422 577; x_wconf 80' lang='lat' dir='ltr'><strong>teste</strong></span> <span class='ocrx_word' id='word_1_70' title='bbox 1435 547 1526 578; x_wconf 81' lang='lat' dir='ltr'><strong>Colv.</strong></span> <span class='ocrx_word' id='word_1_71' title='bbox 1551 549 1757 585; x_wconf 79' lang='lat' dir='ltr'><strong>comprensio</strong></span> <span class='ocrx_word' id='word_1_72' title='bbox 1770 550 1807 577; x_wconf 92' lang='lat' dir='ltr'><strong>B.</strong></span> <span class='ocrx_word' id='word_1_73' title='bbox 1823 553 1903 578; x_wconf 81' lang='lat' dir='ltr'><strong>teste</strong></span> <span class='ocrx_word' id='word_1_74' title='bbox 1915 549 2016 585; x_wconf 86' lang='lat' dir='ltr'><strong>Elm.;</strong></span> <span class='ocrx_word' id='word_1_75' title='bbox 2040 549 2097 577; x_wconf 77' lang='lat' dir='ltr'><strong>sed</strong></span> 
     </span>
    </p>
   </div>
   <div class='ocr_carea' id='block_1_5' title="bbox 294 592 915 628">
    <p class='ocr_par' dir='ltr' id='par_1_5' title="bbox 294 592 915 628">
     <span class='ocr_line' id='line_1_8' title="bbox 294 592 915 628; baseline -0.006 -5"><span class='ocrx_word' id='word_1_76' title='bbox 294 595 326 623; x_wconf 90' lang='lat' dir='ltr'><strong>iu</strong></span> <span class='ocrx_word' id='word_1_77' title='bbox 346 596 457 622; x_wconf 87' lang='lat' dir='ltr'><strong>collat.</strong></span> <span class='ocrx_word' id='word_1_78' title='bbox 479 593 565 621; x_wconf 87' lang='lat' dir='ltr'><strong>Mod.</strong></span> <span class='ocrx_word' id='word_1_79' title='bbox 585 595 674 620; x_wconf 81' lang='lat' dir='ltr'><strong>extat</strong></span> <span class='ocrx_word' id='word_1_80' title='bbox 694 592 915 628; x_wconf 67' lang='lat' dir='ltr'><strong>comprensis.</strong></span> 
     </span>
    </p>
   </div>
   <div class='ocr_carea' id='block_1_6' title="bbox 954 591 2098 629">
    <p class='ocr_par' dir='ltr' id='par_1_6' title="bbox 954 591 2098 629">
     <span class='ocr_line' id='line_1_9' title="bbox 954 591 2098 629; baseline 0.002 -11"><span class='ocrx_word' id='word_1_81' title='bbox 954 591 1149 629; x_wconf 71' lang='lat' dir='ltr'><strong>Campensis</strong></span> <span class='ocrx_word' id='word_1_82' title='bbox 1166 596 1284 623; x_wconf 76' lang='lat' dir='ltr'><strong>habent</strong></span> <span class='ocrx_word' id='word_1_83' title='bbox 1307 594 1329 625; x_wconf 81' lang='lat' dir='ltr'><strong>f.</strong></span> <span class='ocrx_word' id='word_1_84' title='bbox 1349 597 1378 622; x_wconf 82' lang='lat' dir='ltr'><strong>et</strong></span> <span class='ocrx_word' id='word_1_85' title='bbox 1398 594 1468 623; x_wconf 83' lang='lat' dir='ltr'><strong>edd.</strong></span> <span class='ocrx_word' id='word_1_86' title='bbox 1488 594 1562 622; x_wconf 82' lang='lat' dir='ltr'><strong>inde</strong></span> <span class='ocrx_word' id='word_1_87' title='bbox 1582 601 1602 623; x_wconf 88' lang='lat' dir='ltr'><strong>a</strong></span> <span class='ocrx_word' id='word_1_88' title='bbox 1621 595 1769 624; x_wconf 83' lang='lat' dir='ltr'><strong>Beroald.</strong></span> <span class='ocrx_word' id='word_1_89' title='bbox 1816 601 1947 622; x_wconf 75' lang='lat' dir='ltr'><strong>summa</strong></span> <span class='ocrx_word' id='word_1_90' title='bbox 1959 593 2098 622; x_wconf 75' lang='lat' dir='ltr'><strong>natione</strong></span> 
     </span>
    </p>
   </div>
   <div class='ocr_carea' id='block_1_7' title="bbox 292 638 1648 676">
    <p class='ocr_par' dir='ltr' id='par_1_7' title="bbox 292 638 1648 676">
     <span class='ocr_line' id='line_1_10' title="bbox 292 638 1648 676; baseline 0 -7"><span class='ocrx_word' id='word_1_91' title='bbox 292 642 329 669; x_wconf 85' lang='lat' dir='ltr'><strong>G.</strong></span> <span class='ocrx_word' id='word_1_92' title='bbox 343 641 381 668; x_wconf 91' lang='lat' dir='ltr'><strong>D.</strong></span> <span class='ocrx_word' id='word_1_93' title='bbox 397 640 432 668; x_wconf 90' lang='lat' dir='ltr'><strong>P.</strong></span> <span class='ocrx_word' id='word_1_94' title='bbox 447 646 502 672; x_wconf 82' lang='lat' dir='ltr'><strong>pro</strong></span> <span class='ocrx_word' id='word_1_95' title='bbox 516 645 646 666; x_wconf 79' lang='lat' dir='ltr'><strong>summu</strong></span> <span class='ocrx_word' id='word_1_96' title='bbox 659 645 732 666; x_wconf 83' lang='lat' dir='ltr'><strong>cnm</strong></span> <span class='ocrx_word' id='word_1_97' title='bbox 745 638 974 666; x_wconf 65' lang='lat' dir='ltr'><strong>veneratione.</strong></span> <span class='ocrx_word' id='word_1_98' title='bbox 994 639 1230 675; x_wconf 74' lang='lat' dir='ltr'><strong>prospiciatur</strong></span> <span class='ocrx_word' id='word_1_99' title='bbox 1244 641 1280 669; x_wconf 85' lang='lat' dir='ltr'><strong>G.</strong></span> <span class='ocrx_word' id='word_1_100' title='bbox 1294 641 1332 670; x_wconf 91' lang='lat' dir='ltr'><strong>D.</strong></span> <span class='ocrx_word' id='word_1_101' title='bbox 1352 639 1598 676; x_wconf 74' lang='lat' dir='ltr'><strong>prospz&#39;cuaeur</strong></span> <span class='ocrx_word' id='word_1_102' title='bbox 1610 640 1648 670; x_wconf 84' lang='lat' dir='ltr'><strong>P.</strong></span> 
     </span>
    </p>
   </div>
   <div class='ocr_carea' id='block_1_8' title="bbox 279 759 1171 3142">
    <p class='ocr_par' dir='ltr' id='par_1_8' title="bbox 279 759 1171 3142">
     <span class='ocr_line' id='line_1_11' title="bbox 293 759 1168 813; baseline 0.002 -14"><span class='ocrx_word' id='word_1_103' title='bbox 293 762 315 801; x_wconf 89' lang='lat' dir='ltr'><strong>i.</strong></span> <span class='ocrx_word' id='word_1_104' title='bbox 336 775 370 800; x_wconf 90' lang='lat' dir='ltr'><strong>e.</strong></span> <span class='ocrx_word' id='word_1_105' title='bbox 404 765 609 805; x_wconf 74' lang='lat' dir='ltr'><strong>tenuerat,</strong></span> <span class='ocrx_word' id='word_1_106' title='bbox 639 764 681 799; x_wconf 90' lang='lat' dir='ltr'><strong>ut</strong></span> <span class='ocrx_word' id='word_1_107' title='bbox 711 761 762 798; x_wconf 82' lang='lat' dir='ltr'><strong>ait</strong></span> <span class='ocrx_word' id='word_1_108' title='bbox 786 759 891 800; x_wconf 74' lang='lat' dir='ltr'><strong>Non.</strong></span> <span class='ocrx_word' id='word_1_109' title='bbox 922 775 959 813; x_wconf 89' lang='lat' dir='ltr'><strong>p.</strong></span> <span class='ocrx_word' id='word_1_110' title='bbox 986 764 1080 802; x_wconf 83' lang='lat'><strong>319.</strong></span> <span class='ocrx_word' id='word_1_111' title='bbox 1106 761 1168 801; x_wconf 85' lang='lat' dir='ltr'><strong>ed.</strong></span> 
     </span>
     <span class='ocr_line' id='line_1_12' title="bbox 295 816 1167 872; baseline 0 -15"><span class='ocrx_word' id='word_1_112' title='bbox 295 818 414 858; x_wconf 85' lang='lat' dir='ltr'><strong>Merc.</strong></span> <span class='ocrx_word' id='word_1_113' title='bbox 436 821 476 856; x_wconf 86' lang='lat' dir='ltr'><strong>et</strong></span> <span class='ocrx_word' id='word_1_114' title='bbox 488 816 726 868; x_wconf 76' lang='lat' dir='ltr'><strong>Philargyr.&gt;</strong></span> <span class='ocrx_word' id='word_1_115' title='bbox 752 816 814 855; x_wconf 80' lang='lat' dir='ltr'><strong>vel</strong></span> <span class='ocrx_word' id='word_1_116' title='bbox 830 817 1025 856; x_wconf 75' lang='lat' dir='ltr'><strong>invaserat</strong></span> <span class='ocrx_word' id='word_1_117' title='bbox 1038 832 1085 857; x_wconf 88' lang='lat' dir='ltr'><strong>ac</strong></span> <span class='ocrx_word' id='word_1_118' title='bbox 1097 832 1167 872; x_wconf 87' lang='lat' dir='ltr'><strong>pe-</strong></span> 
     </span>
     <span class='ocr_line' id='line_1_13' title="bbox 296 874 1166 927; baseline 0 -13"><span class='ocrx_word' id='word_1_119' title='bbox 296 879 476 914; x_wconf 86' lang='lat' dir='ltr'><strong>netrarat.</strong></span> <span class='ocrx_word' id='word_1_120' title='bbox 518 874 663 912; x_wconf 74' lang='lat' dir='ltr'><strong>Verum</strong></span> <span class='ocrx_word' id='word_1_121' title='bbox 676 874 821 912; x_wconf 85' lang='lat' dir='ltr'><strong>rectius</strong></span> <span class='ocrx_word' id='word_1_122' title='bbox 836 875 1166 927; x_wconf 80' lang='lat' dir='ltr'><strong>interpretaberis:</strong></span> 
     </span>
     <span class='ocr_line' id='line_1_14' title="bbox 290 932 1165 986; baseline -0.001 -14"><span class='ocrx_word' id='word_1_123' title='bbox 290 934 551 986; x_wconf 70' lang='lat' dir='ltr'><strong>perfecerat,</strong></span> <span class='ocrx_word' id='word_1_124' title='bbox 583 937 857 971; x_wconf 75' lang='lat' dir='ltr'><strong>consmuserat</strong></span> <span class='ocrx_word' id='word_1_125' title='bbox 885 932 1053 970; x_wconf 79' lang='lat' dir='ltr'><strong>medium</strong></span> <span class='ocrx_word' id='word_1_126' title='bbox 1078 934 1165 980; x_wconf 70' lang='lat' dir='ltr'><strong>iterg</strong></span> 
     </span>
     <span class='ocr_line' id='line_1_15' title="bbox 294 986 1169 1040; baseline 0.001 -12"><span class='ocrx_word' id='word_1_127' title='bbox 294 989 490 1040; x_wconf 87' lang='lat' dir='ltr'><strong>quomodo</strong></span> <span class='ocrx_word' id='word_1_128' title='bbox 512 988 610 1026; x_wconf 85' lang='lat' dir='ltr'><strong>Stat.</strong></span> <span class='ocrx_word' id='word_1_129' title='bbox 631 986 756 1026; x_wconf 87' lang='lat' dir='ltr'><strong>Theb.</strong></span> <span class='ocrx_word' id='word_1_130' title='bbox 777 986 803 1026; x_wconf 90' lang='lat' dir='ltr'><strong>I.</strong></span> <span class='ocrx_word' id='word_1_131' title='bbox 824 1001 862 1039; x_wconf 92' lang='lat' dir='ltr'><strong>p.</strong></span> <span class='ocrx_word' id='word_1_132' title='bbox 878 992 971 1030; x_wconf 83' lang='lat'><strong>369.</strong></span> <span class='ocrx_word' id='word_1_133' title='bbox 999 989 1169 1030; x_wconf 75' lang='lat' dir='ltr'><strong>haurit</strong></span> 
     </span>
     <span class='ocr_line' id='line_1_16' title="bbox 293 1044 1167 1098; baseline 0.001 -14"><span class='ocrx_word' id='word_1_134' title='bbox 293 1048 382 1092; x_wconf 78' lang='lat' dir='ltr'><strong>iter,</strong></span> <span class='ocrx_word' id='word_1_135' title='bbox 407 1045 473 1083; x_wconf 89' lang='lat' dir='ltr'><strong>ubi</strong></span> <span class='ocrx_word' id='word_1_136' title='bbox 499 1046 652 1083; x_wconf 89' lang='lat' dir='ltr'><strong>omnino</strong></span> <span class='ocrx_word' id='word_1_137' title='bbox 679 1044 755 1084; x_wconf 85' lang='lat' dir='ltr'><strong>vid.</strong></span> <span class='ocrx_word' id='word_1_138' title='bbox 779 1044 914 1084; x_wconf 81' lang='lat' dir='ltr'><strong>Barth.</strong></span> <span class='ocrx_word' id='word_1_139' title='bbox 942 1045 994 1084; x_wconf 82' lang='lat' dir='ltr'><strong>Ut</strong></span> <span class='ocrx_word' id='word_1_140' title='bbox 1018 1047 1167 1098; x_wconf 83' lang='lat' dir='ltr'><strong>passim</strong></span> 
     </span>
     <span class='ocr_line' id='line_1_17' title="bbox 294 1103 1168 1154; baseline 0 -12"><span class='ocrx_word' id='word_1_141' title='bbox 294 1103 462 1142; x_wconf 72' lang='lat' dir='ltr'><strong>lecturire</strong></span> <span class='ocrx_word' id='word_1_142' title='bbox 486 1116 556 1154; x_wconf 81' lang='lat' dir='ltr'><strong>pro</strong></span> <span class='ocrx_word' id='word_1_143' title='bbox 590 1115 819 1140; x_wconf 79' lang='lat' dir='ltr'><strong>consumere</strong></span> <span class='ocrx_word' id='word_1_144' title='bbox 856 1103 1011 1153; x_wconf 85' lang='lat' dir='ltr'><strong>ponitur</strong></span> <span class='ocrx_word' id='word_1_145' title='bbox 1043 1109 1081 1142; x_wconf 81' lang='lat' dir='ltr'><strong>et</strong></span> <span class='ocrx_word' id='word_1_146' title='bbox 1118 1104 1168 1142; x_wconf 90' lang='lat' dir='ltr'><strong>de</strong></span> 
     </span>
     <span class='ocr_line' id='line_1_18' title="bbox 293 1159 1166 1211; baseline 0 -13"><span class='ocrx_word' id='word_1_147' title='bbox 293 1159 491 1205; x_wconf 86' lang='lat' dir='ltr'><strong>incendio,</strong></span> <span class='ocrx_word' id='word_1_148' title='bbox 522 1159 573 1197; x_wconf 91' lang='lat' dir='ltr'><strong>de</strong></span> <span class='ocrx_word' id='word_1_149' title='bbox 602 1159 792 1211; x_wconf 83' lang='lat' dir='ltr'><strong>prodigiis</strong></span> <span class='ocrx_word' id='word_1_150' title='bbox 824 1164 916 1198; x_wconf 87' lang='lat' dir='ltr'><strong>cett.</strong></span> <span class='ocrx_word' id='word_1_151' title='bbox 943 1161 1079 1198; x_wconf 84' lang='lat' dir='ltr'><strong>crebro</strong></span> <span class='ocrx_word' id='word_1_152' title='bbox 1105 1175 1166 1199; x_wconf 90' lang='lat' dir='ltr'><strong>oc-</strong></span> 
     </span>
     <span class='ocr_line' id='line_1_19' title="bbox 294 1215 1165 1270; baseline 0.001 -16"><span class='ocrx_word' id='word_1_153' title='bbox 294 1217 418 1255; x_wconf 90' lang='lat' dir='ltr'><strong>currit.</strong></span> <span class='ocrx_word' id='word_1_154' title='bbox 451 1215 523 1268; x_wconf 80' lang='lat' dir='ltr'><strong>[At</strong></span> <span class='ocrx_word' id='word_1_155' title='bbox 543 1216 709 1255; x_wconf 74' lang='lat' dir='ltr'><strong>haurire</strong></span> <span class='ocrx_word' id='word_1_156' title='bbox 721 1220 889 1268; x_wconf 76' lang='lat' dir='ltr'><strong>portum</strong></span> <span class='ocrx_word' id='word_1_157' title='bbox 905 1231 974 1270; x_wconf 88' lang='lat' dir='ltr'><strong>pro</strong></span> <span class='ocrx_word' id='word_1_158' title='bbox 1000 1231 1087 1255; x_wconf 89' lang='lat' dir='ltr'><strong>eum</strong></span> <span class='ocrx_word' id='word_1_159' title='bbox 1113 1218 1165 1256; x_wconf 90' lang='lat' dir='ltr'><strong>in-</strong></span> 
     </span>
     <span class='ocr_line' id='line_1_20' title="bbox 294 1273 1171 1326; baseline 0.001 -14"><span class='ocrx_word' id='word_1_160' title='bbox 294 1279 414 1320; x_wconf 81' lang='lat' dir='ltr'><strong>trare,</strong></span> <span class='ocrx_word' id='word_1_161' title='bbox 445 1277 580 1311; x_wconf 88' lang='lat' dir='ltr'><strong>tenere</strong></span> <span class='ocrx_word' id='word_1_162' title='bbox 612 1273 770 1311; x_wconf 85' lang='lat' dir='ltr'><strong>latinum</strong></span> <span class='ocrx_word' id='word_1_163' title='bbox 802 1286 896 1312; x_wconf 86' lang='lat' dir='ltr'><strong>esse</strong></span> <span class='ocrx_word' id='word_1_164' title='bbox 928 1275 1029 1313; x_wconf 85' lang='lat' dir='ltr'><strong>bene</strong></span> <span class='ocrx_word' id='word_1_165' title='bbox 1054 1279 1171 1326; x_wconf 80' lang='lat' dir='ltr'><strong>negat</strong></span> 
     </span>
     <span class='ocr_line' id='line_1_21' title="bbox 294 1330 1171 1381; baseline 0.001 -12"><span class='ocrx_word' id='word_1_166' title='bbox 294 1330 418 1377; x_wconf 88' lang='lat' dir='ltr'><strong>Oud.,</strong></span> <span class='ocrx_word' id='word_1_167' title='bbox 457 1331 522 1381; x_wconf 90' lang='lat' dir='ltr'><strong>qui</strong></span> <span class='ocrx_word' id='word_1_168' title='bbox 565 1334 695 1368; x_wconf 78' lang='lat' dir='ltr'><strong>tamen</strong></span> <span class='ocrx_word' id='word_1_169' title='bbox 732 1331 766 1368; x_wconf 90' lang='lat' dir='ltr'><strong>iu</strong></span> <span class='ocrx_word' id='word_1_170' title='bbox 804 1344 852 1368; x_wconf 90' lang='lat' dir='ltr'><strong>eo</strong></span> <span class='ocrx_word' id='word_1_171' title='bbox 889 1331 982 1369; x_wconf 82' lang='lat' dir='ltr'><strong>mihi</strong></span> <span class='ocrx_word' id='word_1_172' title='bbox 1020 1332 1171 1370; x_wconf 67' lang='lat' dir='ltr'><strong>videtur</strong></span> 
     </span>
     <span class='ocr_line' id='line_1_22' title="bbox 294 1387 1169 1438; baseline 0.002 -13"><span class='ocrx_word' id='word_1_173' title='bbox 294 1402 442 1435; x_wconf 77' lang='lat' dir='ltr'><strong>errare,</strong></span> <span class='ocrx_word' id='word_1_174' title='bbox 475 1387 580 1438; x_wconf 89' lang='lat' dir='ltr'><strong>quod</strong></span> <span class='ocrx_word' id='word_1_175' title='bbox 613 1387 745 1425; x_wconf 88' lang='lat' dir='ltr'><strong>vitium</strong></span> <span class='ocrx_word' id='word_1_176' title='bbox 779 1387 902 1426; x_wconf 85' lang='lat' dir='ltr'><strong>latere</strong></span> <span class='ocrx_word' id='word_1_177' title='bbox 933 1402 1102 1428; x_wconf 88' lang='lat' dir='ltr'><strong>censens</strong></span> <span class='ocrx_word' id='word_1_178' title='bbox 1133 1390 1169 1427; x_wconf 90' lang='lat' dir='ltr'><strong>in</strong></span> 
     </span>
     <span class='ocr_line' id='line_1_23' title="bbox 294 1443 1171 1498; baseline 0.001 -15"><span class='ocrx_word' id='word_1_179' title='bbox 294 1444 483 1496; x_wconf 86' lang='lat' dir='ltr'><strong>particula</strong></span> <span class='ocrx_word' id='word_1_180' title='bbox 519 1459 570 1484; x_wconf 88' lang='lat' dir='ltr'><strong>ac</strong></span> <span class='ocrx_word' id='word_1_181' title='bbox 595 1443 778 1482; x_wconf 83' lang='lat' dir='ltr'><strong>emendat</strong></span> <span class='ocrx_word' id='word_1_182' title='bbox 804 1445 982 1497; x_wconf 68' lang='grc' dir='ltr'><em>Αηῃτιείἰ</em></span> <span class='ocrx_word' id='word_1_183' title='bbox 1004 1451 1171 1498; x_wconf 77' lang='lat' dir='ltr'><strong>portum</strong></span> 
     </span>
     <span class='ocr_line' id='line_1_24' title="bbox 295 1502 1167 1555; baseline 0 -14"><span class='ocrx_word' id='word_1_184' title='bbox 295 1502 502 1541; x_wconf 78' lang='lat' dir='ltr'><strong>celerrime</strong></span> <span class='ocrx_word' id='word_1_185' title='bbox 535 1506 740 1541; x_wconf 73' lang='lat' dir='ltr'><strong>nactus</strong></span> <span class='ocrx_word' id='word_1_186' title='bbox 781 1502 933 1541; x_wconf 79' lang='lat' dir='ltr'><strong>dehinc</strong></span> <span class='ocrx_word' id='word_1_187' title='bbox 967 1508 1167 1555; x_wconf 79' lang='lat' dir='ltr'><strong>carpento</strong></span> 
     </span>
     <span class='ocr_line' id='line_1_25' title="bbox 292 1559 1166 1611; baseline -0.001 -13"><span class='ocrx_word' id='word_1_188' title='bbox 292 1559 523 1611; x_wconf 78' lang='lat' dir='ltr'><strong>pervolavi,</strong></span> <span class='ocrx_word' id='word_1_189' title='bbox 555 1559 769 1596; x_wconf 88' lang='lat' dir='ltr'><strong>orationem</strong></span> <span class='ocrx_word' id='word_1_190' title='bbox 800 1571 902 1609; x_wconf 86' lang='lat' dir='ltr'><strong>quae</strong></span> <span class='ocrx_word' id='word_1_191' title='bbox 927 1559 1087 1611; x_wconf 85' lang='lat' dir='ltr'><strong>Apuleii</strong></span> <span class='ocrx_word' id='word_1_192' title='bbox 1113 1560 1166 1597; x_wconf 90' lang='lat' dir='ltr'><strong>in-</strong></span> 
     </span>
     <span class='ocr_line' id='line_1_26' title="bbox 295 1614 1165 1667; baseline 0 -13"><span class='ocrx_word' id='word_1_193' title='bbox 295 1616 449 1667; x_wconf 77' lang='lat' dir='ltr'><strong>genium</strong></span> <span class='ocrx_word' id='word_1_194' title='bbox 463 1614 619 1653; x_wconf 85' lang='lat' dir='ltr'><strong>mirifice</strong></span> <span class='ocrx_word' id='word_1_195' title='bbox 638 1614 765 1653; x_wconf 83' lang='lat' dir='ltr'><strong>reddit</strong></span> <span class='ocrx_word' id='word_1_196' title='bbox 783 1614 997 1654; x_wconf 85' lang='lat' dir='ltr'><strong>miserrime</strong></span> <span class='ocrx_word' id='word_1_197' title='bbox 1012 1617 1065 1654; x_wconf 85' lang='lat' dir='ltr'><strong>ita</strong></span> <span class='ocrx_word' id='word_1_198' title='bbox 1083 1630 1165 1654; x_wconf 80' lang='lat' dir='ltr'><strong>cor-</strong></span> 
     </span>
     <span class='ocr_line' id='line_1_27' title="bbox 293 1671 1165 1724; baseline 0.005 -14"><span class='ocrx_word' id='word_1_199' title='bbox 293 1686 490 1724; x_wconf 77' lang='lat' dir='ltr'><strong>rumpenS.</strong></span> <span class='ocrx_word' id='word_1_200' title='bbox 560 1671 664 1710; x_wconf 88' lang='lat' dir='ltr'><strong>Nam</strong></span> <span class='ocrx_word' id='word_1_201' title='bbox 697 1671 786 1710; x_wconf 89' lang='lat' dir='ltr'><strong>licet</strong></span> <span class='ocrx_word' id='word_1_202' title='bbox 822 1674 1008 1712; x_wconf 69' lang='lat' dir='ltr'><strong>nancisci</strong></span> <span class='ocrx_word' id='word_1_203' title='bbox 1039 1674 1165 1714; x_wconf 74' lang='lat' dir='ltr'><strong>littus.</strong></span> 
     </span>
     <span class='ocr_line' id='line_1_28' title="bbox 294 1728 1168 1781; baseline 0 -13"><span class='ocrx_word' id='word_1_204' title='bbox 294 1735 458 1775; x_wconf 77' lang='lat' dir='ltr'><strong>terram,</strong></span> <span class='ocrx_word' id='word_1_205' title='bbox 486 1733 635 1781; x_wconf 72' lang='lat' dir='ltr'><strong>portus</strong></span> <span class='ocrx_word' id='word_1_206' title='bbox 665 1728 883 1766; x_wconf 87' lang='lat' dir='ltr'><strong>locutiones</strong></span> <span class='ocrx_word' id='word_1_207' title='bbox 914 1729 992 1767; x_wconf 88' lang='lat' dir='ltr'><strong>sint</strong></span> <span class='ocrx_word' id='word_1_208' title='bbox 1015 1744 1089 1768; x_wconf 89' lang='lat' dir='ltr'><strong>non</strong></span> <span class='ocrx_word' id='word_1_209' title='bbox 1115 1731 1168 1768; x_wconf 89' lang='lat' dir='ltr'><strong>ita</strong></span> 
     </span>
     <span class='ocr_line' id='line_1_29' title="bbox 293 1784 1166 1836; baseline 0.001 -11"><span class='ocrx_word' id='word_1_210' title='bbox 293 1786 556 1836; x_wconf 79' lang='lat' dir='ltr'><strong>infrequentes</strong></span> <span class='ocrx_word' id='word_1_211' title='bbox 571 1784 618 1823; x_wconf 86' lang='lat' dir='ltr'><strong>cf.</strong></span> <span class='ocrx_word' id='word_1_212' title='bbox 634 1784 751 1823; x_wconf 84' lang='lat' dir='ltr'><strong>Ovid.</strong></span> <span class='ocrx_word' id='word_1_213' title='bbox 766 1784 1043 1825; x_wconf 75' lang='lat' dir='ltr'><strong>Her0i‹l.X1v.</strong></span> <span class='ocrx_word' id='word_1_214' title='bbox 1058 1791 1166 1833; x_wconf 80' lang='lat'><strong>440..</strong></span> 
     </span>
     <span class='ocr_line' id='line_1_30' title="bbox 292 1842 1166 1895; baseline 0.001 -14"><span class='ocrx_word' id='word_1_215' title='bbox 292 1848 419 1883; x_wconf 85' lang='lat' dir='ltr'><strong>tamen</strong></span> <span class='ocrx_word' id='word_1_216' title='bbox 434 1843 535 1881; x_wconf 86' lang='lat' dir='ltr'><strong>haec</strong></span> <span class='ocrx_word' id='word_1_217' title='bbox 547 1842 680 1895; x_wconf 79' lang='lat' dir='ltr'><strong>potius</strong></span> <span class='ocrx_word' id='word_1_218' title='bbox 693 1842 903 1894; x_wconf 85' lang='lat' dir='ltr'><strong>explicatio</strong></span> <span class='ocrx_word' id='word_1_219' title='bbox 914 1856 1028 1893; x_wconf 86' lang='lat' dir='ltr'><strong>quam</strong></span> <span class='ocrx_word' id='word_1_220' title='bbox 1039 1857 1166 1882; x_wconf 77' lang='lat' dir='ltr'><strong>enien-</strong></span> 
     </span>
     <span class='ocr_line' id='line_1_31' title="bbox 292 1898 1166 1941; baseline -0.001 -2"><span class='ocrx_word' id='word_1_221' title='bbox 292 1900 397 1939; x_wconf 83' lang='lat' dir='ltr'><strong>‹latio</strong></span> <span class='ocrx_word' id='word_1_222' title='bbox 424 1900 497 1939; x_wconf 85' lang='lat' dir='ltr'><strong>loci</strong></span> <span class='ocrx_word' id='word_1_223' title='bbox 524 1904 597 1938; x_wconf 88' lang='lat' dir='ltr'><strong>est.</strong></span> <span class='ocrx_word' id='word_1_224' title='bbox 660 1898 737 1937; x_wconf 87' lang='lat' dir='ltr'><strong>Cur</strong></span> <span class='ocrx_word' id='word_1_225' title='bbox 761 1900 862 1937; x_wconf 86' lang='lat' dir='ltr'><strong>enim</strong></span> <span class='ocrx_word' id='word_1_226' title='bbox 886 1900 1025 1938; x_wconf 82' lang='lat' dir='ltr'><strong>librarii</strong></span> <span class='ocrx_word' id='word_1_227' title='bbox 1047 1902 1166 1941; x_wconf 69' lang='lat' dir='ltr'><strong>hausi</strong></span> 
     </span>
     <span class='ocr_line' id='line_1_32' title="bbox 294 1957 1168 2010; baseline 0.001 -15"><span class='ocrx_word' id='word_1_228' title='bbox 294 1971 363 2009; x_wconf 89' lang='lat' dir='ltr'><strong>pro</strong></span> <span class='ocrx_word' id='word_1_229' title='bbox 384 1957 563 2010; x_wconf 60' lang='lat' dir='ltr'><strong>Augusti</strong></span> <span class='ocrx_word' id='word_1_230' title='bbox 581 1958 616 1994; x_wconf 93' lang='lat' dir='ltr'><strong>in</strong></span> <span class='ocrx_word' id='word_1_231' title='bbox 635 1960 744 1995; x_wconf 86' lang='lat' dir='ltr'><strong>textu</strong></span> <span class='ocrx_word' id='word_1_232' title='bbox 762 1958 1024 2008; x_wconf 70' lang='lat' dir='ltr'><strong>reposuerint,</strong></span> <span class='ocrx_word' id='word_1_233' title='bbox 1051 1958 1168 1997; x_wconf 78' lang='lat' dir='ltr'><strong>facile</strong></span> 
     </span>
     <span class='ocr_line' id='line_1_33' title="bbox 293 2013 1166 2067; baseline 0 -14"><span class='ocrx_word' id='word_1_234' title='bbox 293 2019 424 2066; x_wconf 88' lang='lat' dir='ltr'><strong>potest</strong></span> <span class='ocrx_word' id='word_1_235' title='bbox 454 2013 634 2065; x_wconf 74' lang='lat' dir='ltr'><strong>intelligi,</strong></span> <span class='ocrx_word' id='word_1_236' title='bbox 668 2014 899 2052; x_wconf 86' lang='lat' dir='ltr'><strong>vocabulum</strong></span> <span class='ocrx_word' id='word_1_237' title='bbox 931 2016 1077 2067; x_wconf 84' lang='lat' dir='ltr'><strong>quippe</strong></span> <span class='ocrx_word' id='word_1_238' title='bbox 1101 2016 1166 2053; x_wconf 89' lang='lat' dir='ltr'><strong>de-</strong></span> 
     </span>
     <span class='ocr_line' id='line_1_34' title="bbox 292 2072 1166 2125; baseline 0.001 -15"><span class='ocrx_word' id='word_1_239' title='bbox 292 2073 532 2118; x_wconf 74' lang='lat' dir='ltr'><strong>siderantes,</strong></span> <span class='ocrx_word' id='word_1_240' title='bbox 558 2084 608 2109; x_wconf 89' lang='lat' dir='ltr'><strong>ex</strong></span> <span class='ocrx_word' id='word_1_241' title='bbox 632 2084 709 2122; x_wconf 87' lang='lat' dir='ltr'><strong>quo</strong></span> <span class='ocrx_word' id='word_1_242' title='bbox 742 2072 959 2109; x_wconf 72' lang='lat' dir='ltr'><strong>accuratius</strong></span> <span class='ocrx_word' id='word_1_243' title='bbox 986 2072 1166 2125; x_wconf 69' lang='lat' dir='ltr'><strong>Auyusti</strong></span> 
     </span>
     <span class='ocr_line' id='line_1_35' title="bbox 286 2128 1165 2181; baseline 0 -13"><span class='ocrx_word' id='word_1_244' title='bbox 286 2134 457 2181; x_wconf 76' lang='lat' dir='ltr'><strong>portum</strong></span> <span class='ocrx_word' id='word_1_245' title='bbox 469 2128 652 2181; x_wconf 80' lang='lat' dir='ltr'><strong>pendeat,</strong></span> <span class='ocrx_word' id='word_1_246' title='bbox 667 2141 782 2179; x_wconf 88' lang='lat' dir='ltr'><strong>quem</strong></span> <span class='ocrx_word' id='word_1_247' title='bbox 798 2142 846 2166; x_wconf 88' lang='lat' dir='ltr'><strong>ex</strong></span> <span class='ocrx_word' id='word_1_248' title='bbox 863 2142 943 2167; x_wconf 81' lang='lat' dir='ltr'><strong>voc.</strong></span> <span class='ocrx_word' id='word_1_249' title='bbox 950 2130 1165 2180; x_wconf 69' lang='lat' dir='ltr'><strong>percolari</strong></span> 
     </span>
     <span class='ocr_line' id='line_1_36' title="bbox 291 2184 1164 2236; baseline 0.003 -13"><span class='ocrx_word' id='word_1_250' title='bbox 291 2190 423 2236; x_wconf 88' lang='lat' dir='ltr'><strong>aptum</strong></span> <span class='ocrx_word' id='word_1_251' title='bbox 433 2199 527 2224; x_wconf 88' lang='lat' dir='ltr'><strong>esse</strong></span> <span class='ocrx_word' id='word_1_252' title='bbox 540 2184 780 2236; x_wconf 84' lang='lat' dir='ltr'><strong>persuadere</strong></span> <span class='ocrx_word' id='word_1_253' title='bbox 793 2185 868 2223; x_wconf 83' lang='lat' dir='ltr'><strong>sibi</strong></span> <span class='ocrx_word' id='word_1_254' title='bbox 883 2200 957 2223; x_wconf 89' lang='lat' dir='ltr'><strong>non</strong></span> <span class='ocrx_word' id='word_1_255' title='bbox 974 2190 1164 2236; x_wconf 76' lang='lat' dir='ltr'><strong>poterant.</strong></span> 
     </span>
     <span class='ocr_line' id='line_1_37' title="bbox 297 2241 1161 2282; baseline 0.002 -2"><span class='ocrx_word' id='word_1_256' title='bbox 297 2242 445 2282; x_wconf 82' lang='lat' dir='ltr'><strong>Eadem</strong></span> <span class='ocrx_word' id='word_1_257' title='bbox 462 2242 514 2281; x_wconf 88' lang='lat' dir='ltr'><strong>de</strong></span> <span class='ocrx_word' id='word_1_258' title='bbox 529 2255 673 2280; x_wconf 83' lang='lat' dir='ltr'><strong>caussa</strong></span> <span class='ocrx_word' id='word_1_259' title='bbox 693 2241 833 2280; x_wconf 86' lang='lat' dir='ltr'><strong>factam</strong></span> <span class='ocrx_word' id='word_1_260' title='bbox 849 2256 943 2281; x_wconf 81' lang='lat' dir='ltr'><strong>esse</strong></span> <span class='ocrx_word' id='word_1_261' title='bbox 957 2242 1060 2282; x_wconf 86' lang='lat' dir='ltr'><strong>Oud.</strong></span> <span class='ocrx_word' id='word_1_262' title='bbox 1075 2258 1161 2282; x_wconf 86' lang='lat' dir='ltr'><strong>con-</strong></span> 
     </span>
     <span class='ocr_line' id='line_1_38' title="bbox 292 2298 1161 2351; baseline 0.001 -14"><span class='ocrx_word' id='word_1_263' title='bbox 292 2300 476 2339; x_wconf 86' lang='lat' dir='ltr'><strong>iecturam</strong></span> <span class='ocrx_word' id='word_1_264' title='bbox 491 2303 666 2351; x_wconf 86' lang='lat' dir='ltr'><strong>apertum</strong></span> <span class='ocrx_word' id='word_1_265' title='bbox 681 2303 753 2337; x_wconf 83' lang='lat' dir='ltr'><strong>est.</strong></span> <span class='ocrx_word' id='word_1_266' title='bbox 774 2298 850 2345; x_wconf 81' lang='lat' dir='ltr'><strong>Qui</strong></span> <span class='ocrx_word' id='word_1_267' title='bbox 865 2313 956 2338; x_wconf 86' lang='lat' dir='ltr'><strong>vero</strong></span> <span class='ocrx_word' id='word_1_268' title='bbox 970 2304 1091 2338; x_wconf 86' lang='lat' dir='ltr'><strong>totum</strong></span> <span class='ocrx_word' id='word_1_269' title='bbox 1108 2302 1161 2339; x_wconf 93' lang='lat' dir='ltr'><strong>lo-</strong></span> 
     </span>
     <span class='ocr_line' id='line_1_39' title="bbox 292 2356 1158 2409; baseline 0.002 -15"><span class='ocrx_word' id='word_1_270' title='bbox 292 2370 377 2394; x_wconf 90' lang='lat' dir='ltr'><strong>cum</strong></span> <span class='ocrx_word' id='word_1_271' title='bbox 391 2357 608 2396; x_wconf 79' lang='lat' dir='ltr'><strong>accuratius</strong></span> <span class='ocrx_word' id='word_1_272' title='bbox 622 2356 1158 2409; x_wconf 74' lang='lat' dir='ltr'><strong>consideraverit,ellipticam</strong></span> 
     </span>
     <span class='ocr_line' id='line_1_40' title="bbox 292 2413 1159 2465; baseline 0.001 -13"><span class='ocrx_word' id='word_1_273' title='bbox 292 2414 404 2464; x_wconf 84' lang='lat' dir='ltr'><strong>quasi</strong></span> <span class='ocrx_word' id='word_1_274' title='bbox 431 2413 584 2452; x_wconf 88' lang='lat' dir='ltr'><strong>dicendi</strong></span> <span class='ocrx_word' id='word_1_275' title='bbox 607 2414 794 2452; x_wconf 88' lang='lat' dir='ltr'><strong>rationem</strong></span> <span class='ocrx_word' id='word_1_276' title='bbox 820 2414 921 2451; x_wconf 89' lang='lat' dir='ltr'><strong>bene</strong></span> <span class='ocrx_word' id='word_1_277' title='bbox 955 2419 1159 2465; x_wconf 78' lang='lat' dir='ltr'><strong>agnoscet,</strong></span> 
     </span>
     <span class='ocr_line' id='line_1_41' title="bbox 288 2470 1156 2522; baseline 0.002 -13"><span class='ocrx_word' id='word_1_278' title='bbox 288 2483 391 2520; x_wconf 77' lang='lat' dir='ltr'><strong>quae</strong></span> <span class='ocrx_word' id='word_1_279' title='bbox 415 2470 574 2522; x_wconf 91' lang='lat' dir='ltr'><strong>Apuleii</strong></span> <span class='ocrx_word' id='word_1_280' title='bbox 606 2470 760 2521; x_wconf 83' lang='lat' dir='ltr'><strong>ingenio</strong></span> <span class='ocrx_word' id='word_1_281' title='bbox 786 2470 941 2510; x_wconf 86' lang='lat' dir='ltr'><strong>mirifice</strong></span> <span class='ocrx_word' id='word_1_282' title='bbox 967 2474 1156 2511; x_wconf 86' lang='lat' dir='ltr'><strong>convenit.</strong></span> 
     </span>
     <span class='ocr_line' id='line_1_42' title="bbox 288 2526 1162 2578; baseline 0.002 -12"><span class='ocrx_word' id='word_1_283' title='bbox 288 2527 514 2567; x_wconf 77' lang='lat' dir='ltr'><strong>Pervolorc</strong></span> <span class='ocrx_word' id='word_1_284' title='bbox 549 2527 662 2577; x_wconf 87' lang='lat' dir='ltr'><strong>igitur</strong></span> <span class='ocrx_word' id='word_1_285' title='bbox 699 2526 748 2566; x_wconf 87' lang='lat' dir='ltr'><strong>ad</strong></span> <span class='ocrx_word' id='word_1_286' title='bbox 789 2531 993 2578; x_wconf 85' lang='lat' dir='ltr'><strong>utrumque</strong></span> <span class='ocrx_word' id='word_1_287' title='bbox 1027 2529 1162 2568; x_wconf 89' lang='lat' dir='ltr'><strong>referri</strong></span> 
     </span>
     <span class='ocr_line' id='line_1_43' title="bbox 287 2585 1161 2636; baseline 0.002 -14"><span class='ocrx_word' id='word_1_288' title='bbox 287 2585 425 2630; x_wconf 83' lang='lat' dir='ltr'><strong>debet,</strong></span> <span class='ocrx_word' id='word_1_289' title='bbox 457 2588 496 2623; x_wconf 90' lang='lat' dir='ltr'><strong>et</strong></span> <span class='ocrx_word' id='word_1_290' title='bbox 522 2585 742 2636; x_wconf 78' lang='lat' dir='ltr'><strong>pervolare</strong></span> <span class='ocrx_word' id='word_1_291' title='bbox 764 2590 929 2636; x_wconf 76' lang='lat' dir='ltr'><strong>portum</strong></span> <span class='ocrx_word' id='word_1_292' title='bbox 960 2586 1061 2623; x_wconf 88' lang='lat' dir='ltr'><strong>bene</strong></span> <span class='ocrx_word' id='word_1_293' title='bbox 1085 2586 1161 2624; x_wconf 81' lang='lat' dir='ltr'><strong>dici</strong></span> 
     </span>
     <span class='ocr_line' id='line_1_44' title="bbox 287 2641 1160 2691; baseline 0.005 -13"><span class='ocrx_word' id='word_1_294' title='bbox 287 2654 412 2691; x_wconf 86' lang='lat' dir='ltr'><strong>posse</strong></span> <span class='ocrx_word' id='word_1_295' title='bbox 449 2655 556 2688; x_wconf 84' lang='lat' dir='ltr'><strong>eum,</strong></span> <span class='ocrx_word' id='word_1_296' title='bbox 594 2641 658 2691; x_wconf 89' lang='lat' dir='ltr'><strong>qui</strong></span> <span class='ocrx_word' id='word_1_297' title='bbox 697 2655 772 2679; x_wconf 89' lang='lat' dir='ltr'><strong>non</strong></span> <span class='ocrx_word' id='word_1_298' title='bbox 809 2646 996 2680; x_wconf 86' lang='lat' dir='ltr'><strong>cunctans</strong></span> <span class='ocrx_word' id='word_1_299' title='bbox 1039 2643 1160 2682; x_wconf 88' lang='lat' dir='ltr'><strong>celer-</strong></span> 
     </span>
     <span class='ocr_line' id='line_1_45' title="bbox 288 2698 1159 2751; baseline 0.003 -15"><span class='ocrx_word' id='word_1_300' title='bbox 288 2698 382 2736; x_wconf 84' lang='lat' dir='ltr'><strong>rime</strong></span> <span class='ocrx_word' id='word_1_301' title='bbox 410 2702 563 2750; x_wconf 87' lang='lat' dir='ltr'><strong>portum</strong></span> <span class='ocrx_word' id='word_1_302' title='bbox 596 2698 787 2749; x_wconf 86' lang='lat' dir='ltr'><strong>relinquat</strong></span> <span class='ocrx_word' id='word_1_303' title='bbox 815 2699 887 2737; x_wconf 88' lang='lat' dir='ltr'><strong>iter</strong></span> <span class='ocrx_word' id='word_1_304' title='bbox 916 2704 1159 2751; x_wconf 86' lang='lat' dir='ltr'><strong>perrecturus</strong></span> 
     </span>
     <span class='ocr_line' id='line_1_46' title="bbox 286 2754 1162 2809; baseline 0.002 -16"><span class='ocrx_word' id='word_1_305' title='bbox 286 2769 400 2794; x_wconf 90' lang='lat' dir='ltr'><strong>nemo</strong></span> <span class='ocrx_word' id='word_1_306' title='bbox 425 2755 593 2806; x_wconf 83' lang='lat' dir='ltr'><strong>negabit.</strong></span> <span class='ocrx_word' id='word_1_307' title='bbox 619 2754 832 2794; x_wconf 86' lang='lat' dir='ltr'><strong>Praeterea</strong></span> <span class='ocrx_word' id='word_1_308' title='bbox 856 2769 1015 2809; x_wconf 88' lang='lat' dir='ltr'><strong>semper</strong></span> <span class='ocrx_word' id='word_1_309' title='bbox 1038 2762 1162 2796; x_wconf 88' lang='lat' dir='ltr'><strong>restat</strong></span> 
     </span>
     <span class='ocr_line' id='line_1_47' title="bbox 287 2812 1160 2867; baseline 0.005 -18"><span class='ocrx_word' id='word_1_310' title='bbox 287 2812 496 2851; x_wconf 85' lang='lat' dir='ltr'><strong>difficultas</strong></span> <span class='ocrx_word' id='word_1_311' title='bbox 528 2813 720 2863; x_wconf 86' lang='lat' dir='ltr'><strong>quaedam</strong></span> <span class='ocrx_word' id='word_1_312' title='bbox 753 2813 934 2851; x_wconf 88' lang='lat' dir='ltr'><strong>dictionis</strong></span> <span class='ocrx_word' id='word_1_313' title='bbox 959 2819 1160 2867; x_wconf 79' lang='lat' dir='ltr'><strong>carpento</strong></span> 
     </span>
     <span class='ocr_line' id='line_1_48' title="bbox 279 2869 1158 2921; baseline 0.002 -14"><span class='ocrx_word' id='word_1_314' title='bbox 279 2870 516 2921; x_wconf 75' lang='lat' dir='ltr'><strong>pervolare,</strong></span> <span class='ocrx_word' id='word_1_315' title='bbox 542 2869 592 2907; x_wconf 90' lang='lat' dir='ltr'><strong>ad</strong></span> <span class='ocrx_word' id='word_1_316' title='bbox 618 2882 734 2920; x_wconf 89' lang='lat' dir='ltr'><strong>quam</strong></span> <span class='ocrx_word' id='word_1_317' title='bbox 755 2870 991 2920; x_wconf 84' lang='lat' dir='ltr'><strong>cogitatione</strong></span> <span class='ocrx_word' id='word_1_318' title='bbox 1015 2871 1158 2909; x_wconf 90' lang='lat' dir='ltr'><strong>adden-</strong></span> 
     </span>
     <span class='ocr_line' id='line_1_49' title="bbox 286 2926 1157 2979; baseline 0.003 -16"><span class='ocrx_word' id='word_1_319' title='bbox 286 2926 376 2964; x_wconf 86' lang='lat' dir='ltr'><strong>dum</strong></span> <span class='ocrx_word' id='word_1_320' title='bbox 391 2926 537 2977; x_wconf 88' lang='lat' dir='ltr'><strong>aliquid</strong></span> <span class='ocrx_word' id='word_1_321' title='bbox 551 2939 645 2964; x_wconf 86' lang='lat' dir='ltr'><strong>esse</strong></span> <span class='ocrx_word' id='word_1_322' title='bbox 659 2927 945 2978; x_wconf 87' lang='lat' dir='ltr'><strong>apertissimum</strong></span> <span class='ocrx_word' id='word_1_323' title='bbox 965 2931 1045 2974; x_wconf 83' lang='lat' dir='ltr'><strong>est,</strong></span> <span class='ocrx_word' id='word_1_324' title='bbox 1067 2941 1157 2979; x_wconf 85' lang='lat' dir='ltr'><strong>spa-</strong></span> 
     </span>
     <span class='ocr_line' id='line_1_50' title="bbox 285 2982 1156 3035; baseline 0.005 -16"><span class='ocrx_word' id='word_1_325' title='bbox 285 2982 378 3020; x_wconf 87' lang='lat' dir='ltr'><strong>tium</strong></span> <span class='ocrx_word' id='word_1_326' title='bbox 414 2983 657 3034; x_wconf 84' lang='lat' dir='ltr'><strong>significans,</strong></span> <span class='ocrx_word' id='word_1_327' title='bbox 702 2984 808 3035; x_wconf 89' lang='lat' dir='ltr'><strong>quod</strong></span> <span class='ocrx_word' id='word_1_328' title='bbox 848 2982 1016 3023; x_wconf 87' lang='lat' dir='ltr'><strong>Romam</strong></span> <span class='ocrx_word' id='word_1_329' title='bbox 1059 2985 1156 3023; x_wconf 87' lang='lat' dir='ltr'><strong>inter</strong></span> 
     </span>
     <span class='ocr_line' id='line_1_51' title="bbox 286 3038 1154 3092; baseline 0.005 -16"><span class='ocrx_word' id='word_1_330' title='bbox 286 3043 403 3090; x_wconf 85' lang='lat' dir='ltr'><strong>atque</strong></span> <span class='ocrx_word' id='word_1_331' title='bbox 427 3038 583 3079; x_wconf 87' lang='lat' dir='ltr'><strong>Ostiam</strong></span> <span class='ocrx_word' id='word_1_332' title='bbox 614 3044 714 3088; x_wconf 84' lang='lat' dir='ltr'><strong>erat3</strong></span> <span class='ocrx_word' id='word_1_333' title='bbox 753 3054 856 3092; x_wconf 87' lang='lat' dir='ltr'><strong>quae</strong></span> <span class='ocrx_word' id='word_1_334' title='bbox 886 3041 1044 3092; x_wconf 87' lang='lat' dir='ltr'><strong>quidem</strong></span> <span class='ocrx_word' id='word_1_335' title='bbox 1080 3041 1154 3080; x_wconf 85' lang='lat' dir='ltr'><strong>dif-</strong></span> 
     </span>
     <span class='ocr_line' id='line_1_52' title="bbox 286 3096 1155 3142; baseline 0.007 -9"><span class='ocrx_word' id='word_1_336' title='bbox 286 3096 434 3135; x_wconf 82' lang='lat' dir='ltr'><strong>ficultas</strong></span> <span class='ocrx_word' id='word_1_337' title='bbox 478 3111 553 3135; x_wconf 91' lang='lat' dir='ltr'><strong>non</strong></span> <span class='ocrx_word' id='word_1_338' title='bbox 598 3097 766 3142; x_wconf 88' lang='lat' dir='ltr'><strong>tollitur,</strong></span> <span class='ocrx_word' id='word_1_339' title='bbox 804 3099 961 3137; x_wconf 63' lang='lat' dir='ltr'><strong>&gt;etiamsi</strong></span> <span class='ocrx_word' id='word_1_340' title='bbox 1011 3104 1155 3139; x_wconf 74' lang='lat' dir='ltr'><strong>nactus</strong></span> 
     </span>
    </p>
   </div>
   <div class='ocr_carea' id='block_1_9' title="bbox 286 3152 1153 3206">
    <p class='ocr_par' dir='ltr' id='par_1_9' title="bbox 286 3152 1153 3206">
     <span class='ocr_line' id='line_1_53' title="bbox 286 3152 1153 3206; baseline 0.007 -18"><span class='ocrx_word' id='word_1_341' title='bbox 286 3152 348 3190; x_wconf 76' lang='lat' dir='ltr'><strong>vel</strong></span> <span class='ocrx_word' id='word_1_342' title='bbox 389 3154 506 3193; x_wconf 80' lang='lat' dir='ltr'><strong>hausi</strong></span> <span class='ocrx_word' id='word_1_343' title='bbox 553 3153 812 3206; x_wconf 82' lang='lat' dir='ltr'><strong>interpoletur.</strong></span> <span class='ocrx_word' id='word_1_344' title='bbox 901 3154 1013 3194; x_wconf 83' lang='lat' dir='ltr'><strong>Haec</strong></span> <span class='ocrx_word' id='word_1_345' title='bbox 1058 3169 1153 3194; x_wconf 84' lang='lat' dir='ltr'><strong>vero</strong></span> 
     </span>
    </p>
   </div>
   <div class='ocr_carea' id='block_1_10' title="bbox 1212 762 2099 3209">
    <p class='ocr_par' dir='ltr' id='par_1_10' title="bbox 1224 762 2099 1841">
     <span class='ocr_line' id='line_1_54' title="bbox 1227 762 2097 810; baseline 0 -9"><span class='ocrx_word' id='word_1_346' title='bbox 1227 762 1404 801; x_wconf 84' lang='lat' dir='ltr'><strong>dictionis</strong></span> <span class='ocrx_word' id='word_1_347' title='bbox 1429 762 1637 802; x_wconf 85' lang='lat' dir='ltr'><strong>insolentia</strong></span> <span class='ocrx_word' id='word_1_348' title='bbox 1660 775 1804 801; x_wconf 83' lang='lat' dir='ltr'><strong>caussa</strong></span> <span class='ocrx_word' id='word_1_349' title='bbox 1829 767 1903 810; x_wconf 81' lang='lat' dir='ltr'><strong>est,</strong></span> <span class='ocrx_word' id='word_1_350' title='bbox 1930 776 1994 801; x_wconf 88' lang='lat' dir='ltr'><strong>cur</strong></span> <span class='ocrx_word' id='word_1_351' title='bbox 2018 776 2097 801; x_wconf 88' lang='lat' dir='ltr'><strong>mu-</strong></span> 
     </span>
     <span class='ocr_line' id='line_1_55' title="bbox 1226 819 2096 872; baseline 0 -14"><span class='ocrx_word' id='word_1_352' title='bbox 1226 819 1384 858; x_wconf 86' lang='lat' dir='ltr'><strong>tandum</strong></span> <span class='ocrx_word' id='word_1_353' title='bbox 1411 820 1617 871; x_wconf 88' lang='lat' dir='ltr'><strong>quicquam</strong></span> <span class='ocrx_word' id='word_1_354' title='bbox 1643 833 1736 858; x_wconf 86' lang='lat' dir='ltr'><strong>esse</strong></span> <span class='ocrx_word' id='word_1_355' title='bbox 1755 834 1830 858; x_wconf 91' lang='lat' dir='ltr'><strong>non</strong></span> <span class='ocrx_word' id='word_1_356' title='bbox 1850 820 2096 872; x_wconf 67' lang='lat' dir='ltr'><strong>putaverim]</strong></span> 
     </span>
     <span class='ocr_line' id='line_1_56' title="bbox 1227 876 2096 929; baseline -0.002 -13"><span class='ocrx_word' id='word_1_357' title='bbox 1227 877 1407 929; x_wconf 71' lang='lat' dir='ltr'><strong>Auynsti</strong></span> <span class='ocrx_word' id='word_1_358' title='bbox 1436 882 1605 929; x_wconf 74' lang='lat' dir='ltr'><strong>portum</strong></span> <span class='ocrx_word' id='word_1_359' title='bbox 1640 890 1733 914; x_wconf 87' lang='lat' dir='ltr'><strong>vero</strong></span> <span class='ocrx_word' id='word_1_360' title='bbox 1766 877 1921 916; x_wconf 80' lang='lat' dir='ltr'><strong>Ostiam</strong></span> <span class='ocrx_word' id='word_1_361' title='bbox 1956 876 2096 915; x_wconf 87' lang='lat' dir='ltr'><strong>dictam</strong></span> 
     </span>
     <span class='ocr_line' id='line_1_57' title="bbox 1226 933 2095 979; baseline 0.001 -8"><span class='ocrx_word' id='word_1_362' title='bbox 1226 933 1353 971; x_wconf 70' lang='lat' dir='ltr'><strong>fuisse</strong></span> <span class='ocrx_word' id='word_1_363' title='bbox 1386 934 1542 972; x_wconf 86' lang='lat' dir='ltr'><strong>abunde</strong></span> <span class='ocrx_word' id='word_1_364' title='bbox 1573 934 1840 973; x_wconf 86' lang='lat' dir='ltr'><strong>demonstrant</strong></span> <span class='ocrx_word' id='word_1_365' title='bbox 1876 934 1942 971; x_wconf 88' lang='lat' dir='ltr'><strong>viri</strong></span> <span class='ocrx_word' id='word_1_366' title='bbox 1979 933 2095 979; x_wconf 78' lang='lat' dir='ltr'><strong>docti.</strong></span> 
     </span>
     <span class='ocr_line' id='line_1_58' title="bbox 1226 989 2095 1042; baseline 0.001 -13"><span class='ocrx_word' id='word_1_367' title='bbox 1226 990 1273 1029; x_wconf 82' lang='lat' dir='ltr'><strong>cf.</strong></span> <span class='ocrx_word' id='word_1_368' title='bbox 1291 989 1442 1029; x_wconf 77' lang='lat' dir='ltr'><strong>Cluver.</strong></span> <span class='ocrx_word' id='word_1_369' title='bbox 1464 990 1499 1029; x_wconf 90' lang='lat' dir='ltr'><strong>in</strong></span> <span class='ocrx_word' id='word_1_370' title='bbox 1514 990 1596 1030; x_wconf 88' lang='lat' dir='ltr'><strong>Ital.</strong></span> <span class='ocrx_word' id='word_1_371' title='bbox 1611 991 1744 1042; x_wconf 87' lang='lat' dir='ltr'><strong>Antiq.</strong></span> <span class='ocrx_word' id='word_1_372' title='bbox 1759 989 1823 1029; x_wconf 89' lang='lat' dir='ltr'><strong>III.</strong></span> <span class='ocrx_word' id='word_1_373' title='bbox 1845 1004 1876 1029; x_wconf 88' lang='lat' dir='ltr'><strong>c.</strong></span> <span class='ocrx_word' id='word_1_374' title='bbox 1892 994 1929 1031; x_wconf 95' lang='lat'><strong>3.</strong></span> <span class='ocrx_word' id='word_1_375' title='bbox 1949 1004 1986 1042; x_wconf 87' lang='lat' dir='ltr'><strong>p.</strong></span> <span class='ocrx_word' id='word_1_376' title='bbox 2002 994 2095 1032; x_wconf 82' lang='lat'><strong>876.</strong></span> 
     </span>
     <span class='ocr_line' id='line_1_59' title="bbox 1226 1044 2095 1098; baseline 0.002 -14"><span class='ocrx_word' id='word_1_377' title='bbox 1226 1047 1344 1098; x_wconf 63' lang='lat' dir='ltr'><strong>Vulp.</strong></span> <span class='ocrx_word' id='word_1_378' title='bbox 1370 1048 1406 1086; x_wconf 91' lang='lat' dir='ltr'><strong>in</strong></span> <span class='ocrx_word' id='word_1_379' title='bbox 1433 1047 1521 1086; x_wconf 83' lang='lat' dir='ltr'><strong>Lat.</strong></span> <span class='ocrx_word' id='word_1_380' title='bbox 1548 1045 1655 1087; x_wconf 84' lang='lat' dir='ltr'><strong>Prof.</strong></span> <span class='ocrx_word' id='word_1_381' title='bbox 1686 1046 1755 1086; x_wconf 84' lang='lat' dir='ltr'><strong>XI.</strong></span> <span class='ocrx_word' id='word_1_382' title='bbox 1787 1061 1818 1086; x_wconf 88' lang='lat' dir='ltr'><strong>e.</strong></span> <span class='ocrx_word' id='word_1_383' title='bbox 1840 1044 1882 1088; x_wconf 46' lang='grc' dir='ltr'><strong>ι2.</strong></span> <span class='ocrx_word' id='word_1_384' title='bbox 1930 1046 2095 1086; x_wconf 83' lang='lat' dir='ltr'><strong>Hennin.</strong></span> 
     </span>
     <span class='ocr_line' id='line_1_60' title="bbox 1225 1103 2096 1156; baseline 0.001 -14"><span class='ocrx_word' id='word_1_385' title='bbox 1225 1104 1275 1142; x_wconf 84' lang='lat' dir='ltr'><strong>ad</strong></span> <span class='ocrx_word' id='word_1_386' title='bbox 1314 1104 1486 1155; x_wconf 83' lang='lat' dir='ltr'><strong>Bergier.</strong></span> <span class='ocrx_word' id='word_1_387' title='bbox 1524 1104 1574 1142; x_wconf 89' lang='lat' dir='ltr'><strong>de</strong></span> <span class='ocrx_word' id='word_1_388' title='bbox 1608 1104 1722 1144; x_wconf 86' lang='lat' dir='ltr'><strong>Rom.</strong></span> <span class='ocrx_word' id='word_1_389' title='bbox 1755 1103 1893 1156; x_wconf 86' lang='lat' dir='ltr'><strong>Imper.</strong></span> <span class='ocrx_word' id='word_1_390' title='bbox 1925 1105 1999 1143; x_wconf 87' lang='lat' dir='ltr'><strong>viis</strong></span> <span class='ocrx_word' id='word_1_391' title='bbox 2028 1103 2096 1143; x_wconf 67' lang='lat' dir='ltr'><strong>lv,</strong></span> 
     </span>
     <span class='ocr_line' id='line_1_61' title="bbox 1225 1161 2097 1213; baseline -0.001 -12"><span class='ocrx_word' id='word_1_392' title='bbox 1225 1164 1291 1202; x_wconf 75' lang='lat'><strong>49.</strong></span> <span class='ocrx_word' id='word_1_393' title='bbox 1312 1162 1422 1200; x_wconf 85' lang='lat' dir='ltr'><strong>Male</strong></span> <span class='ocrx_word' id='word_1_394' title='bbox 1441 1166 1568 1200; x_wconf 88' lang='lat' dir='ltr'><strong>autem</strong></span> <span class='ocrx_word' id='word_1_395' title='bbox 1589 1161 1745 1213; x_wconf 87' lang='lat' dir='ltr'><strong>quidam</strong></span> <span class='ocrx_word' id='word_1_396' title='bbox 1760 1161 1998 1200; x_wconf 82' lang='lat' dir='ltr'><strong>confundunt</strong></span> <span class='ocrx_word' id='word_1_397' title='bbox 2010 1175 2097 1200; x_wconf 89' lang='lat' dir='ltr'><strong>eum</strong></span> 
     </span>
     <span class='ocr_line' id='line_1_62' title="bbox 1224 1217 2099 1271; baseline 0 -14"><span class='ocrx_word' id='word_1_398' title='bbox 1224 1232 1311 1257; x_wconf 88' lang='lat' dir='ltr'><strong>cum</strong></span> <span class='ocrx_word' id='word_1_399' title='bbox 1348 1223 1463 1270; x_wconf 89' lang='lat' dir='ltr'><strong>portu</strong></span> <span class='ocrx_word' id='word_1_400' title='bbox 1498 1218 1593 1257; x_wconf 91' lang='lat' dir='ltr'><strong>lulio</strong></span> <span class='ocrx_word' id='word_1_401' title='bbox 1630 1232 1699 1271; x_wconf 88' lang='lat' dir='ltr'><strong>per</strong></span> <span class='ocrx_word' id='word_1_402' title='bbox 1734 1217 1958 1269; x_wconf 86' lang='lat' dir='ltr'><strong>Augustum</strong></span> <span class='ocrx_word' id='word_1_403' title='bbox 1993 1219 2099 1271; x_wconf 87' lang='lat' dir='ltr'><strong>apud</strong></span> 
     </span>
     <span class='ocr_line' id='line_1_63' title="bbox 1230 1275 2098 1327; baseline 0.001 -14"><span class='ocrx_word' id='word_1_404' title='bbox 1230 1275 1349 1314; x_wconf 84' lang='lat' dir='ltr'><strong>Baias</strong></span> <span class='ocrx_word' id='word_1_405' title='bbox 1366 1275 1525 1322; x_wconf 80' lang='lat' dir='ltr'><strong>effecto,</strong></span> <span class='ocrx_word' id='word_1_406' title='bbox 1551 1275 1600 1314; x_wconf 89' lang='lat' dir='ltr'><strong>de</strong></span> <span class='ocrx_word' id='word_1_407' title='bbox 1615 1289 1691 1327; x_wconf 92' lang='lat' dir='ltr'><strong>quo</strong></span> <span class='ocrx_word' id='word_1_408' title='bbox 1711 1276 1791 1327; x_wconf 80' lang='lat' dir='ltr'><strong>agit</strong></span> <span class='ocrx_word' id='word_1_409' title='bbox 1807 1275 1968 1314; x_wconf 88' lang='lat' dir='ltr'><strong>Sueton.</strong></span> <span class='ocrx_word' id='word_1_410' title='bbox 1983 1289 2017 1315; x_wconf 86' lang='lat' dir='ltr'><strong>e.</strong></span> <span class='ocrx_word' id='word_1_411' title='bbox 2033 1279 2098 1316; x_wconf 87' lang='grc'><strong>16.</strong></span> 
     </span>
     <span class='ocr_line' id='line_1_64' title="bbox 1231 1331 2095 1384; baseline -0.001 -13"><span class='ocrx_word' id='word_1_412' title='bbox 1231 1332 1296 1384; x_wconf 74' lang='lat' dir='ltr'><strong>[cf.</strong></span> <span class='ocrx_word' id='word_1_413' title='bbox 1321 1332 1588 1384; x_wconf 85' lang='lat' dir='ltr'><strong>Lindenbrog.</strong></span> <span class='ocrx_word' id='word_1_414' title='bbox 1613 1333 1662 1371; x_wconf 87' lang='lat' dir='ltr'><strong>ad</strong></span> <span class='ocrx_word' id='word_1_415' title='bbox 1686 1332 1815 1372; x_wconf 82' lang='lat' dir='ltr'><strong>Arum.</strong></span> <span class='ocrx_word' id='word_1_416' title='bbox 1840 1332 1962 1372; x_wconf 84' lang='lat' dir='ltr'><strong>Marc.</strong></span> <span class='ocrx_word' id='word_1_417' title='bbox 1987 1331 2095 1371; x_wconf 88' lang='lat' dir='ltr'><strong>XIX.</strong></span> 
     </span>
     <span class='ocr_line' id='line_1_65' title="bbox 1233 1388 2097 1442; baseline -0.002 -12"><span class='ocrx_word' id='word_1_418' title='bbox 1233 1394 1295 1430; x_wconf 91' lang='lat'><strong>10.</strong></span> <span class='ocrx_word' id='word_1_419' title='bbox 1321 1388 1357 1442; x_wconf 59' lang='grc' dir='ltr'><strong>ξ.</strong></span> <span class='ocrx_word' id='word_1_420' title='bbox 1374 1396 1407 1430; x_wconf 92' lang='grc'><strong>1.</strong></span> <span class='ocrx_word' id='word_1_421' title='bbox 1436 1390 1570 1429; x_wconf 83' lang='lat' dir='ltr'><strong>Tross.</strong></span> <span class='ocrx_word' id='word_1_422' title='bbox 1590 1390 1642 1428; x_wconf 89' lang='lat' dir='ltr'><strong>ad</strong></span> <span class='ocrx_word' id='word_1_423' title='bbox 1660 1393 1811 1428; x_wconf 85' lang='lat' dir='ltr'><strong>Auson.</strong></span> <span class='ocrx_word' id='word_1_424' title='bbox 1825 1389 1986 1428; x_wconf 88' lang='lat' dir='ltr'><strong>Mosell.</strong></span> <span class='ocrx_word' id='word_1_425' title='bbox 2003 1393 2097 1430; x_wconf 83' lang='lat'><strong>473.</strong></span> 
     </span>
     <span class='ocr_line' id='line_1_66' title="bbox 1228 1445 2097 1498; baseline 0 -15"><span class='ocrx_word' id='word_1_426' title='bbox 1228 1460 1265 1498; x_wconf 86' lang='lat' dir='ltr'><strong>p.</strong></span> <span class='ocrx_word' id='word_1_427' title='bbox 1284 1451 1356 1487; x_wconf 81' lang='lat'><strong>121</strong></span> <span class='ocrx_word' id='word_1_428' title='bbox 1375 1461 1436 1498; x_wconf 83' lang='lat' dir='ltr'><strong>sq.</strong></span> <span class='ocrx_word' id='word_1_429' title='bbox 1462 1446 1525 1485; x_wconf 86' lang='lat' dir='ltr'><strong>De</strong></span> <span class='ocrx_word' id='word_1_430' title='bbox 1550 1451 1748 1498; x_wconf 77' lang='lat' dir='ltr'><strong>carpento</strong></span> <span class='ocrx_word' id='word_1_431' title='bbox 1768 1460 1837 1498; x_wconf 89' lang='lat' dir='ltr'><strong>pro</strong></span> <span class='ocrx_word' id='word_1_432' title='bbox 1855 1445 1950 1485; x_wconf 83' lang='lat' dir='ltr'><strong>reda</strong></span> <span class='ocrx_word' id='word_1_433' title='bbox 1967 1447 2004 1485; x_wconf 91' lang='lat' dir='ltr'><strong>in</strong></span> <span class='ocrx_word' id='word_1_434' title='bbox 2026 1447 2097 1484; x_wconf 86' lang='lat' dir='ltr'><strong>viis</strong></span> 
     </span>
     <span class='ocr_line' id='line_1_67' title="bbox 1225 1502 2097 1555; baseline -0.001 -14"><span class='ocrx_word' id='word_1_435' title='bbox 1225 1503 1393 1555; x_wconf 86' lang='lat' dir='ltr'><strong>publicis</strong></span> <span class='ocrx_word' id='word_1_436' title='bbox 1429 1504 1602 1542; x_wconf 80' lang='lat' dir='ltr'><strong>adhibita</strong></span> <span class='ocrx_word' id='word_1_437' title='bbox 1649 1503 1698 1542; x_wconf 80' lang='lat' dir='ltr'><strong>cf.</strong></span> <span class='ocrx_word' id='word_1_438' title='bbox 1730 1502 1923 1542; x_wconf 75' lang='lat' dir='ltr'><strong>Scheffer.</strong></span> <span class='ocrx_word' id='word_1_439' title='bbox 1954 1503 2004 1541; x_wconf 84' lang='lat' dir='ltr'><strong>de</strong></span> <span class='ocrx_word' id='word_1_440' title='bbox 2034 1502 2097 1541; x_wconf 89' lang='lat' dir='ltr'><strong>Re</strong></span> 
     </span>
     <span class='ocr_line' id='line_1_68' title="bbox 1225 1558 2095 1611; baseline 0 -14"><span class='ocrx_word' id='word_1_441' title='bbox 1225 1560 1365 1600; x_wconf 64' lang='lat' dir='ltr'><strong>Veliic.</strong></span> <span class='ocrx_word' id='word_1_442' title='bbox 1401 1575 1433 1600; x_wconf 91' lang='lat' dir='ltr'><strong>c.</strong></span> <span class='ocrx_word' id='word_1_443' title='bbox 1463 1565 1524 1601; x_wconf 90' lang='lat'><strong>17.</strong></span> <span class='ocrx_word' id='word_1_444' title='bbox 1562 1562 1597 1598; x_wconf 91' lang='lat' dir='ltr'><strong>in</strong></span> <span class='ocrx_word' id='word_1_445' title='bbox 1629 1559 1765 1599; x_wconf 86' lang='lat' dir='ltr'><strong>Polen.</strong></span> <span class='ocrx_word' id='word_1_446' title='bbox 1803 1560 1941 1611; x_wconf 86' lang='lat' dir='ltr'><strong>Suppl.</strong></span> <span class='ocrx_word' id='word_1_447' title='bbox 1976 1558 2095 1598; x_wconf 86' lang='lat' dir='ltr'><strong>Thes.</strong></span> 
     </span>
     <span class='ocr_line' id='line_1_69' title="bbox 1225 1616 2096 1669; baseline -0.002 -14"><span class='ocrx_word' id='word_1_448' title='bbox 1225 1618 1357 1668; x_wconf 87' lang='lat' dir='ltr'><strong>Antiq.</strong></span> <span class='ocrx_word' id='word_1_449' title='bbox 1374 1617 1419 1656; x_wconf 88' lang='lat' dir='ltr'><strong>T.</strong></span> <span class='ocrx_word' id='word_1_450' title='bbox 1435 1618 1483 1656; x_wconf 74' lang='lat' dir='ltr'><strong>V.</strong></span> <span class='ocrx_word' id='word_1_451' title='bbox 1505 1632 1541 1669; x_wconf 87' lang='lat' dir='ltr'><strong>p.</strong></span> <span class='ocrx_word' id='word_1_452' title='bbox 1560 1619 1701 1661; x_wconf 77' lang='lat'><strong>1379..</strong></span> <span class='ocrx_word' id='word_1_453' title='bbox 1726 1617 1789 1666; x_wconf 86' lang='lat' dir='ltr'><strong>qui</strong></span> <span class='ocrx_word' id='word_1_454' title='bbox 1815 1616 1854 1655; x_wconf 85' lang='lat' dir='ltr'><strong>h.</strong></span> <span class='ocrx_word' id='word_1_455' title='bbox 1870 1616 1894 1654; x_wconf 93' lang='lat' dir='ltr'><strong>l.</strong></span> <span class='ocrx_word' id='word_1_456' title='bbox 1920 1617 2096 1655; x_wconf 84' lang='lat' dir='ltr'><strong>excitans</strong></span> 
     </span>
     <span class='ocr_line' id='line_1_70' title="bbox 1224 1673 2096 1726; baseline -0.001 -14"><span class='ocrx_word' id='word_1_457' title='bbox 1224 1673 1328 1712; x_wconf 86' lang='lat' dir='ltr'><strong>male</strong></span> <span class='ocrx_word' id='word_1_458' title='bbox 1353 1675 1470 1714; x_wconf 70' lang='lat' dir='ltr'><strong>homi</strong></span> <span class='ocrx_word' id='word_1_459' title='bbox 1493 1678 1533 1712; x_wconf 85' lang='lat' dir='ltr'><strong>et</strong></span> <span class='ocrx_word' id='word_1_460' title='bbox 1552 1673 1751 1726; x_wconf 68' lang='lat' dir='ltr'><strong>per-volvi,</strong></span> <span class='ocrx_word' id='word_1_461' title='bbox 1778 1674 1995 1724; x_wconf 79' lang='lat' dir='ltr'><strong>(posterius</strong></span> <span class='ocrx_word' id='word_1_462' title='bbox 2011 1674 2096 1712; x_wconf 88' lang='lat' dir='ltr'><strong>sine</strong></span> 
     </span>
     <span class='ocr_line' id='line_1_71' title="bbox 1225 1730 2095 1782; baseline 0.001 -14"><span class='ocrx_word' id='word_1_463' title='bbox 1225 1731 1343 1769; x_wconf 84' lang='lat' dir='ltr'><strong>dubio</strong></span> <span class='ocrx_word' id='word_1_464' title='bbox 1380 1744 1506 1769; x_wconf 84' lang='lat' dir='ltr'><strong>errore</strong></span> <span class='ocrx_word' id='word_1_465' title='bbox 1542 1730 1834 1782; x_wconf 83' lang='lat' dir='ltr'><strong>typothetarum</strong></span> <span class='ocrx_word' id='word_1_466' title='bbox 1877 1734 2095 1782; x_wconf 88' lang='lat' dir='ltr'><strong>corruptum</strong></span> 
     </span>
     <span class='ocr_line' id='line_1_72' title="bbox 1225 1788 1484 1841; baseline 0.008 -16"><span class='ocrx_word' id='word_1_467' title='bbox 1225 1790 1304 1837; x_wconf 89' lang='lat' dir='ltr'><strong>est.)</strong></span> <span class='ocrx_word' id='word_1_468' title='bbox 1330 1788 1484 1841; x_wconf 63' lang='lat' dir='ltr'><strong>habet]</strong></span> 
     </span>
    </p>

    <p class='ocr_par' dir='ltr' id='par_1_11' title="bbox 1212 1844 2097 3209">
     <span class='ocr_line' id='line_1_73' title="bbox 1286 1844 2095 1897; baseline -0.002 -13"><span class='ocrx_word' id='word_1_469' title='bbox 1286 1845 1532 1897; x_wconf 64' lang='lat' dir='ltr'><strong>Campensis.</strong></span> <span class='ocrx_word' id='word_1_470' title='bbox 1603 1844 1701 1897; x_wconf 88' lang='lat' dir='ltr'><strong>[Isis</strong></span> <span class='ocrx_word' id='word_1_471' title='bbox 1725 1845 1778 1883; x_wconf 85' lang='lat' dir='ltr'><strong>ita</strong></span> <span class='ocrx_word' id='word_1_472' title='bbox 1802 1846 1996 1884; x_wconf 86' lang='lat' dir='ltr'><strong>nominata</strong></span> <span class='ocrx_word' id='word_1_473' title='bbox 2020 1848 2095 1889; x_wconf 81' lang='lat' dir='ltr'><strong>est,</strong></span> 
     </span>
     <span class='ocr_line' id='line_1_74' title="bbox 1227 1900 2094 1954; baseline 0 -14"><span class='ocrx_word' id='word_1_474' title='bbox 1227 1904 1316 1953; x_wconf 78' lang='lat' dir='ltr'><strong>quia</strong></span> <span class='ocrx_word' id='word_1_475' title='bbox 1330 1903 1519 1954; x_wconf 85' lang='lat' dir='ltr'><strong>templum</strong></span> <span class='ocrx_word' id='word_1_476' title='bbox 1534 1902 1620 1940; x_wconf 86' lang='lat' dir='ltr'><strong>eius</strong></span> <span class='ocrx_word' id='word_1_477' title='bbox 1634 1903 1670 1940; x_wconf 87' lang='lat' dir='ltr'><strong>in</strong></span> <span class='ocrx_word' id='word_1_478' title='bbox 1686 1900 1834 1954; x_wconf 76' lang='lat' dir='ltr'><strong>Campo</strong></span> <span class='ocrx_word' id='word_1_479' title='bbox 1845 1901 1986 1940; x_wconf 81' lang='lat' dir='ltr'><strong>Martio</strong></span> <span class='ocrx_word' id='word_1_480' title='bbox 2000 1906 2094 1947; x_wconf 82' lang='lat' dir='ltr'><strong>erat.</strong></span> 
     </span>
     <span class='ocr_line' id='line_1_75' title="bbox 1225 1957 2097 2011; baseline -0.001 -14"><span class='ocrx_word' id='word_1_481' title='bbox 1225 1959 1328 1997; x_wconf 89' lang='lat' dir='ltr'><strong>unde</strong></span> <span class='ocrx_word' id='word_1_482' title='bbox 1348 1960 1418 1998; x_wconf 63' lang='lat' dir='ltr'><strong>&gt;alii</strong></span> <span class='ocrx_word' id='word_1_483' title='bbox 1447 1960 1498 1998; x_wconf 86' lang='lat' dir='ltr'><strong>dii</strong></span> <span class='ocrx_word' id='word_1_484' title='bbox 1530 1963 1772 2011; x_wconf 78' lang='lat' dir='ltr'><strong>campestres</strong></span> <span class='ocrx_word' id='word_1_485' title='bbox 1796 1957 1982 2010; x_wconf 86' lang='lat' dir='ltr'><strong>appellati</strong></span> <span class='ocrx_word' id='word_1_486' title='bbox 2007 1963 2097 1997; x_wconf 86' lang='lat' dir='ltr'><strong>sunt</strong></span> 
     </span>
     <span class='ocr_line' id='line_1_76' title="bbox 1225 2015 2094 2068; baseline 0.001 -15"><span class='ocrx_word' id='word_1_487' title='bbox 1225 2017 1261 2054; x_wconf 82' lang='lat' dir='ltr'><strong>in</strong></span> <span class='ocrx_word' id='word_1_488' title='bbox 1287 2016 1478 2068; x_wconf 77' lang='lat' dir='ltr'><strong>Inscriptt.</strong></span> <span class='ocrx_word' id='word_1_489' title='bbox 1505 2015 1609 2068; x_wconf 88' lang='lat' dir='ltr'><strong>apud</strong></span> <span class='ocrx_word' id='word_1_490' title='bbox 1631 2016 1782 2054; x_wconf 87' lang='lat' dir='ltr'><strong>Gruter.</strong></span> <span class='ocrx_word' id='word_1_491' title='bbox 1795 2029 1833 2068; x_wconf 87' lang='lat' dir='ltr'><strong>p.</strong></span> <span class='ocrx_word' id='word_1_492' title='bbox 1851 2019 1968 2056; x_wconf 80' lang='lat'><strong>1015.</strong></span> <span class='ocrx_word' id='word_1_493' title='bbox 1983 2020 2020 2056; x_wconf 85' lang='lat'><strong>2.</strong></span> <span class='ocrx_word' id='word_1_494' title='bbox 2047 2015 2094 2055; x_wconf 83' lang='lat' dir='ltr'><strong>cf.</strong></span> 
     </span>
     <span class='ocr_line' id='line_1_77' title="bbox 1224 2071 2095 2114; baseline 0.001 -4"><span class='ocrx_word' id='word_1_495' title='bbox 1224 2073 1314 2113; x_wconf 78' lang='lat' dir='ltr'><strong>vet.</strong></span> <span class='ocrx_word' id='word_1_496' title='bbox 1331 2073 1465 2114; x_wconf 83' lang='lat' dir='ltr'><strong>Schol.</strong></span> <span class='ocrx_word' id='word_1_497' title='bbox 1486 2073 1534 2112; x_wconf 88' lang='lat' dir='ltr'><strong>ad</strong></span> <span class='ocrx_word' id='word_1_498' title='bbox 1556 2072 1727 2111; x_wconf 81' lang='lat' dir='ltr'><strong>Iuvenal.</strong></span> <span class='ocrx_word' id='word_1_499' title='bbox 1743 2071 1809 2111; x_wconf 81' lang='lat' dir='ltr'><strong>Vl.</strong></span> <span class='ocrx_word' id='word_1_500' title='bbox 1825 2076 1918 2113; x_wconf 89' lang='lat'><strong>530.</strong></span> <span class='ocrx_word' id='word_1_501' title='bbox 1945 2073 2095 2112; x_wconf 76' lang='lat' dir='ltr'><strong>Isidis</strong></span> 
     </span>
     <span class='ocr_line' id='line_1_78' title="bbox 1225 2130 2095 2184; baseline -0.001 -15"><span class='ocrx_word' id='word_1_502' title='bbox 1225 2132 1500 2184; x_wconf 77' lang='lat' dir='ltr'><strong>antiquum.-</strong></span> <span class='ocrx_word' id='word_1_503' title='bbox 1545 2130 1591 2169; x_wconf 81' lang='lat' dir='ltr'><strong>In</strong></span> <span class='ocrx_word' id='word_1_504' title='bbox 1629 2130 1786 2169; x_wconf 76' lang='lat' dir='ltr'><strong>Martio</strong></span> <span class='ocrx_word' id='word_1_505' title='bbox 1824 2144 1967 2183; x_wconf 82' lang='lat' dir='ltr'><strong>campo</strong></span> <span class='ocrx_word' id='word_1_506' title='bbox 2004 2135 2095 2169; x_wconf 81' lang='lat' dir='ltr'><strong>tem-</strong></span> 
     </span>
     <span class='ocr_line' id='line_1_79' title="bbox 1219 2186 2092 2239; baseline -0.001 -14"><span class='ocrx_word' id='word_1_507' title='bbox 1219 2188 1337 2239; x_wconf 79' lang='lat' dir='ltr'><strong>plum</strong></span> <span class='ocrx_word' id='word_1_508' title='bbox 1372 2193 1462 2227; x_wconf 74' lang='lat' dir='ltr'><strong>erat</strong></span> <span class='ocrx_word' id='word_1_509' title='bbox 1496 2188 1618 2226; x_wconf 73' lang='lat' dir='ltr'><strong>Isidis</strong></span> <span class='ocrx_word' id='word_1_510' title='bbox 1658 2191 1871 2232; x_wconf 70' lang='lat' dir='ltr'><strong>vetustun13</strong></span> <span class='ocrx_word' id='word_1_511' title='bbox 1926 2186 2092 2238; x_wconf 85' lang='lat' dir='ltr'><strong>Boettig.</strong></span> 
     </span>
     <span class='ocr_line' id='line_1_80' title="bbox 1223 2242 2091 2297; baseline 0 -16"><span class='ocrx_word' id='word_1_512' title='bbox 1223 2244 1355 2282; x_wconf 85' lang='lat' dir='ltr'><strong>Sabin.</strong></span> <span class='ocrx_word' id='word_1_513' title='bbox 1378 2243 1424 2284; x_wconf 87' lang='lat' dir='ltr'><strong>T.</strong></span> <span class='ocrx_word' id='word_1_514' title='bbox 1442 2244 1466 2284; x_wconf 91' lang='lat' dir='ltr'><strong>l.</strong></span> <span class='ocrx_word' id='word_1_515' title='bbox 1486 2259 1524 2297; x_wconf 88' lang='lat' dir='ltr'><strong>p.</strong></span> <span class='ocrx_word' id='word_1_516' title='bbox 1539 2248 1632 2285; x_wconf 85' lang='lat'><strong>233.</strong></span> <span class='ocrx_word' id='word_1_517' title='bbox 1659 2243 1722 2282; x_wconf 89' lang='lat' dir='ltr'><strong>ed.</strong></span> <span class='ocrx_word' id='word_1_518' title='bbox 1747 2257 1832 2282; x_wconf 82' lang='lat' dir='ltr'><strong>nov.</strong></span> <span class='ocrx_word' id='word_1_519' title='bbox 1860 2242 1946 2282; x_wconf 89' lang='lat' dir='ltr'><strong>Huc</strong></span> <span class='ocrx_word' id='word_1_520' title='bbox 1964 2243 2091 2282; x_wconf 83' lang='lat' dir='ltr'><strong>resero</strong></span> 
     </span>
     <span class='ocr_line' id='line_1_81' title="bbox 1222 2300 2092 2354; baseline 0.001 -16"><span class='ocrx_word' id='word_1_521' title='bbox 1222 2300 1413 2352; x_wconf 84' lang='lat' dir='ltr'><strong>Inscriptt.</strong></span> <span class='ocrx_word' id='word_1_522' title='bbox 1445 2301 1549 2354; x_wconf 84' lang='lat' dir='ltr'><strong>apud</strong></span> <span class='ocrx_word' id='word_1_523' title='bbox 1575 2302 1729 2340; x_wconf 81' lang='lat' dir='ltr'><strong>Gruter.</strong></span> <span class='ocrx_word' id='word_1_524' title='bbox 1759 2313 1795 2351; x_wconf 81' lang='lat' dir='ltr'><strong>p.</strong></span> <span class='ocrx_word' id='word_1_525' title='bbox 1822 2304 1895 2345; x_wconf 88' lang='grc'><strong>80,</strong></span> <span class='ocrx_word' id='word_1_526' title='bbox 1921 2305 1956 2341; x_wconf 84' lang='grc'><strong>2.</strong></span> <span class='ocrx_word' id='word_1_527' title='bbox 1994 2301 2092 2340; x_wconf 80' lang='lat' dir='ltr'><strong>NE-</strong></span> 
     </span>
     <span class='ocr_line' id='line_1_82' title="bbox 1220 2357 2093 2398; baseline -0.001 -2"><span class='ocrx_word' id='word_1_528' title='bbox 1220 2358 1378 2397; x_wconf 79' lang='lat' dir='ltr'><strong>MESJ.</strong></span> <span class='ocrx_word' id='word_1_529' title='bbox 1417 2358 1697 2398; x_wconf 79' lang='lat' dir='ltr'><strong>SANCTAE.</strong></span> <span class='ocrx_word' id='word_1_530' title='bbox 1738 2357 2093 2398; x_wconf 76' lang='lat' dir='ltr'><strong>CAMPESTRJ.</strong></span> 
     </span>
     <span class='ocr_line' id='line_1_83' title="bbox 1219 2414 2092 2455; baseline -0.001 -2"><span class='ocrx_word' id='word_1_531' title='bbox 1219 2415 1354 2454; x_wconf 80' lang='lat' dir='ltr'><strong>PRO.</strong></span> <span class='ocrx_word' id='word_1_532' title='bbox 1405 2416 1475 2455; x_wconf 79' lang='lat' dir='ltr'><strong>SA</strong></span> <span class='ocrx_word' id='word_1_533' title='bbox 1484 2416 1516 2454; x_wconf 81' lang='lat' dir='ltr'><em>L</em></span> <span class='ocrx_word' id='word_1_534' title='bbox 1527 2415 1649 2455; x_wconf 82' lang='lat' dir='ltr'><strong>UTE.</strong></span> <span class='ocrx_word' id='word_1_535' title='bbox 1699 2414 1986 2454; x_wconf 61' lang='lat' dir='ltr'><em>DOMINOR</em></span> <span class='ocrx_word' id='word_1_536' title='bbox 1995 2416 2033 2455; x_wconf 86' lang='lat' dir='ltr'><strong>U</strong></span> <span class='ocrx_word' id='word_1_537' title='bbox 2034 2415 2092 2454; x_wconf 84' lang='lat' dir='ltr'><strong>M.</strong></span> 
     </span>
     <span class='ocr_line' id='line_1_84' title="bbox 1218 2469 2093 2513; baseline -0.003 -1"><span class='ocrx_word' id='word_1_538' title='bbox 1218 2473 1270 2512; x_wconf 92' lang='grc' dir='ltr'><strong>Ν.</strong></span> <span class='ocrx_word' id='word_1_539' title='bbox 1293 2470 1351 2512; x_wconf 86' lang='lat' dir='ltr'><strong>N.</strong></span> <span class='ocrx_word' id='word_1_540' title='bbox 1367 2472 1542 2513; x_wconf 81' lang='lat' dir='ltr'><strong>AUGG.</strong></span> <span class='ocrx_word' id='word_1_541' title='bbox 1559 2472 1609 2511; x_wconf 70' lang='grc' dir='ltr'><strong>Ι).</strong></span> <span class='ocrx_word' id='word_1_542' title='bbox 1627 2471 1755 2511; x_wconf 78' lang='lat' dir='ltr'><strong>AEL.</strong></span> <span class='ocrx_word' id='word_1_543' title='bbox 1772 2469 1821 2509; x_wconf 88' lang='grc' dir='ltr'><strong>Ρ.</strong></span> <span class='ocrx_word' id='word_1_544' title='bbox 1842 2472 1882 2510; x_wconf 83' lang='lat' dir='ltr'><strong>F.</strong></span> <span class='ocrx_word' id='word_1_545' title='bbox 1900 2472 2093 2511; x_wconf 82' lang='lat' dir='ltr'><strong>AELIA.</strong></span> 
     </span>
     <span class='ocr_line' id='line_1_85' title="bbox 1221 2528 2092 2573; baseline -0.001 -5"><span class='ocrx_word' id='word_1_546' title='bbox 1221 2529 1501 2569; x_wconf 77' lang='lat' dir='ltr'><strong>PACATUS.</strong></span> <span class='ocrx_word' id='word_1_547' title='bbox 1523 2528 1747 2569; x_wconf 80' lang='lat' dir='ltr'><strong>SCUPIS.</strong></span> <span class='ocrx_word' id='word_1_548' title='bbox 1763 2528 1942 2573; x_wconf 78' lang='lat' dir='ltr'><strong>QUOD.</strong></span> <span class='ocrx_word' id='word_1_549' title='bbox 1961 2528 2092 2568; x_wconf 89' lang='lat' dir='ltr'><strong>COH.</strong></span> 
     </span>
     <span class='ocr_line' id='line_1_86' title="bbox 1220 2585 2092 2626; baseline -0.001 -1"><span class='ocrx_word' id='word_1_550' title='bbox 1220 2586 1479 2626; x_wconf 72' lang='lat' dir='ltr'><strong>DOCTOR.</strong></span> <span class='ocrx_word' id='word_1_551' title='bbox 1548 2585 1840 2626; x_wconf 70' lang='lat' dir='ltr'><strong>VOVERAT.</strong></span> <span class='ocrx_word' id='word_1_552' title='bbox 1913 2585 2092 2626; x_wconf 86' lang='lat' dir='ltr'><strong>NUNC.</strong></span> 
     </span>
     <span class='ocr_line' id='line_1_87' title="bbox 1224 2642 2091 2684; baseline -0.006 0"><span class='ocrx_word' id='word_1_553' title='bbox 1224 2643 1421 2684; x_wconf 81' lang='lat' dir='ltr'><strong>CAMPI.</strong></span> <span class='ocrx_word' id='word_1_554' title='bbox 1460 2643 1721 2682; x_wconf 80' lang='lat' dir='ltr'><strong>DOCTOR.</strong></span> <span class='ocrx_word' id='word_1_555' title='bbox 1763 2642 1892 2681; x_wconf 82' lang='lat' dir='ltr'><strong>COH.</strong></span> <span class='ocrx_word' id='word_1_556' title='bbox 1932 2643 1962 2681; x_wconf 93' lang='lat' dir='ltr'><strong>I.</strong></span> <span class='ocrx_word' id='word_1_557' title='bbox 1995 2642 2091 2681; x_wconf 82' lang='lat' dir='ltr'><strong>PR.</strong></span> 
     </span>
     <span class='ocr_line' id='line_1_88' title="bbox 1220 2695 2089 2740; baseline -0.003 -1"><span class='ocrx_word' id='word_1_558' title='bbox 1220 2701 1272 2739; x_wconf 88' lang='lat' dir='ltr'><strong>P.</strong></span> <span class='ocrx_word' id='word_1_559' title='bbox 1326 2700 1373 2740; x_wconf 84' lang='lat' dir='ltr'><strong>U.</strong></span> <span class='ocrx_word' id='word_1_560' title='bbox 1393 2695 1397 2699; x_wconf 48' lang='lat'><strong>⁴</strong></span> <span class='ocrx_word' id='word_1_561' title='bbox 1430 2700 1671 2739; x_wconf 72' lang='lat' dir='ltr'><strong>SOMNIO.</strong></span> <span class='ocrx_word' id='word_1_562' title='bbox 1722 2698 1758 2738; x_wconf 85' lang='grc' dir='ltr'><em>Α</em></span> <span class='ocrx_word' id='word_1_563' title='bbox 1767 2698 2089 2739; x_wconf 81' lang='lat' dir='ltr'><strong>DMONITUS.</strong></span> 
     </span>
     <span class='ocr_line' id='line_1_89' title="bbox 1218 2755 2090 2809; baseline -0.003 -14"><span class='ocrx_word' id='word_1_564' title='bbox 1218 2757 1450 2798; x_wconf 80' lang='lat' dir='ltr'><strong>POSUIT.</strong></span> <span class='ocrx_word' id='word_1_565' title='bbox 1487 2757 1757 2809; x_wconf 74' lang='lat' dir='ltr'><strong>Campestrcm</strong></span> <span class='ocrx_word' id='word_1_566' title='bbox 1776 2756 1876 2793; x_wconf 80' lang='lat' dir='ltr'><strong>enim</strong></span> <span class='ocrx_word' id='word_1_567' title='bbox 1902 2755 2090 2794; x_wconf 74' lang='lat' dir='ltr'><strong>Nemesin</strong></span> 
     </span>
     <span class='ocr_line' id='line_1_90' title="bbox 1217 2811 2088 2853; baseline -0.003 -2"><span class='ocrx_word' id='word_1_568' title='bbox 1217 2814 1305 2852; x_wconf 83' lang='lat' dir='ltr'><strong>sive</strong></span> <span class='ocrx_word' id='word_1_569' title='bbox 1330 2814 1569 2853; x_wconf 81' lang='lat' dir='ltr'><strong>Graecorum</strong></span> <span class='ocrx_word' id='word_1_570' title='bbox 1605 2815 1708 2852; x_wconf 68' lang='grc' dir='ltr'><strong><em>Τῖσιν</em></strong></span> <span class='ocrx_word' id='word_1_571' title='bbox 1748 2812 1834 2849; x_wconf 85' lang='lat' dir='ltr'><strong>sive</strong></span> <span class='ocrx_word' id='word_1_572' title='bbox 1877 2811 2088 2850; x_wconf 87' lang='lat' dir='ltr'><strong>Fortunam</strong></span> 
     </span>
     <span class='ocr_line' id='line_1_91' title="bbox 1216 2867 2090 2919; baseline -0.005 -10"><span class='ocrx_word' id='word_1_573' title='bbox 1216 2870 1481 2910; x_wconf 82' lang='lat' dir='ltr'><strong>Romanorum</strong></span> <span class='ocrx_word' id='word_1_574' title='bbox 1524 2871 1669 2916; x_wconf 87' lang='lat' dir='ltr'><strong>habes,</strong></span> <span class='ocrx_word' id='word_1_575' title='bbox 1717 2881 1876 2919; x_wconf 83' lang='lat' dir='ltr'><strong>semper</strong></span> <span class='ocrx_word' id='word_1_576' title='bbox 1914 2872 1977 2906; x_wconf 88' lang='lat' dir='ltr'><strong>est</strong></span> <span class='ocrx_word' id='word_1_577' title='bbox 2014 2867 2090 2906; x_wconf 73' lang='lat' dir='ltr'><strong>Isis</strong></span> 
     </span>
     <span class='ocr_line' id='line_1_92' title="bbox 1218 2924 2089 2979; baseline -0.001 -14"><span class='ocrx_word' id='word_1_578' title='bbox 1218 2927 1472 2979; x_wconf 61' lang='lat' dir='ltr'><strong>Campestris</strong></span> <span class='ocrx_word' id='word_1_579' title='bbox 1530 2927 1717 2966; x_wconf 86' lang='lat' dir='ltr'><strong>Nemesin</strong></span> <span class='ocrx_word' id='word_1_580' title='bbox 1750 2927 1848 2963; x_wconf 76' lang='lat' dir='ltr'><strong>enim</strong></span> <span class='ocrx_word' id='word_1_581' title='bbox 1880 2925 1986 2976; x_wconf 82' lang='lat' dir='ltr'><strong>apud</strong></span> <span class='ocrx_word' id='word_1_582' title='bbox 2010 2924 2089 2964; x_wconf 79' lang='lat' dir='ltr'><strong>Ro-</strong></span> 
     </span>
     <span class='ocr_line' id='line_1_93' title="bbox 1213 2981 2087 3036; baseline -0.003 -14"><span class='ocrx_word' id='word_1_583' title='bbox 1213 2997 1352 3023; x_wconf 88' lang='lat' dir='ltr'><strong>manos</strong></span> <span class='ocrx_word' id='word_1_584' title='bbox 1377 2986 1413 3023; x_wconf 87' lang='lat' dir='ltr'><strong>in</strong></span> <span class='ocrx_word' id='word_1_585' title='bbox 1440 2984 1632 3036; x_wconf 78' lang='lat' dir='ltr'><strong>Capitolio</strong></span> <span class='ocrx_word' id='word_1_586' title='bbox 1662 2988 1808 3022; x_wconf 86' lang='lat' dir='ltr'><strong>tantum</strong></span> <span class='ocrx_word' id='word_1_587' title='bbox 1839 2981 2087 3020; x_wconf 77' lang='lat' dir='ltr'><strong>simulacrum</strong></span> 
     </span>
     <span class='ocr_line' id='line_1_94' title="bbox 1213 3036 2088 3088; baseline -0.005 -8"><span class='ocrx_word' id='word_1_588' title='bbox 1213 3042 1421 3088; x_wconf 86' lang='lat' dir='ltr'><strong>habuisse,</strong></span> <span class='ocrx_word' id='word_1_589' title='bbox 1452 3045 1618 3080; x_wconf 87' lang='lat' dir='ltr'><strong>testatur</strong></span> <span class='ocrx_word' id='word_1_590' title='bbox 1649 3038 1748 3079; x_wconf 90' lang='lat' dir='ltr'><strong>Plin.</strong></span> <span class='ocrx_word' id='word_1_591' title='bbox 1774 3036 1959 3077; x_wconf 74' lang='lat' dir='ltr'><strong>XleH.</strong></span> <span class='ocrx_word' id='word_1_592' title='bbox 1985 3042 2022 3079; x_wconf 82' lang='lat'><strong>2.</strong></span> <span class='ocrx_word' id='word_1_593' title='bbox 2049 3042 2088 3076; x_wconf 88' lang='lat' dir='ltr'><strong>et</strong></span> 
     </span>
     <span class='ocr_line' id='line_1_95' title="bbox 1212 3094 2088 3148; baseline -0.006 -11"><span class='ocrx_word' id='word_1_594' title='bbox 1212 3097 1282 3137; x_wconf 89' lang='lat' dir='ltr'><strong>XI.</strong></span> <span class='ocrx_word' id='word_1_595' title='bbox 1311 3102 1405 3140; x_wconf 89' lang='grc'><strong>103.</strong></span> <span class='ocrx_word' id='word_1_596' title='bbox 1441 3097 1632 3137; x_wconf 82' lang='lat' dir='ltr'><strong>XXXVI.</strong></span> <span class='ocrx_word' id='word_1_597' title='bbox 1659 3102 1696 3137; x_wconf 88' lang='lat'><strong>4.</strong></span> <span class='ocrx_word' id='word_1_598' title='bbox 1729 3097 1759 3148; x_wconf 83' lang='lat'><strong>§.</strong></span> <span class='ocrx_word' id='word_1_599' title='bbox 1787 3100 1843 3141; x_wconf 86' lang='lat'><strong>3.,</strong></span> <span class='ocrx_word' id='word_1_600' title='bbox 1880 3095 1986 3134; x_wconf 83' lang='lat' dir='ltr'><strong>unde</strong></span> <span class='ocrx_word' id='word_1_601' title='bbox 2021 3094 2088 3133; x_wconf 85' lang='lat' dir='ltr'><strong>illa</strong></span> 
     </span>
     <span class='ocr_line' id='line_1_96' title="bbox 1213 3152 2088 3209; baseline -0.006 -14"><span class='ocrx_word' id='word_1_602' title='bbox 1213 3155 1289 3194; x_wconf 85' lang='lat' dir='ltr'><strong>dea</strong></span> <span class='ocrx_word' id='word_1_603' title='bbox 1308 3169 1411 3209; x_wconf 88' lang='lat' dir='ltr'><strong>qnae</strong></span> <span class='ocrx_word' id='word_1_604' title='bbox 1430 3155 1534 3208; x_wconf 87' lang='lat' dir='ltr'><strong>apud</strong></span> <span class='ocrx_word' id='word_1_605' title='bbox 1554 3154 1758 3194; x_wconf 85' lang='lat' dir='ltr'><strong>Romanos</strong></span> <span class='ocrx_word' id='word_1_606' title='bbox 1778 3152 1852 3192; x_wconf 89' lang='lat' dir='ltr'><strong>sub</strong></span> <span class='ocrx_word' id='word_1_607' title='bbox 1873 3165 1920 3191; x_wconf 88' lang='lat' dir='ltr'><strong>eo</strong></span> <span class='ocrx_word' id='word_1_608' title='bbox 1933 3153 2088 3191; x_wconf 84' lang='lat' dir='ltr'><strong>nomine</strong></span> 
     </span>
    </p>
   </div>
  </div>
 </body>
</html>
