2155 3590
703 144 892 185 LIBER
923 144 998 187 VI.
1059 144 1184 186 CAP.
1213 143 1263 184 X.

1799 144 1883 188 427

95 257 228 314 granis
257 257 333 298 rite
359 257 556 312 dispositis
582 264 696 311 atque
722 258 934 310 seiugatis,
962 265 1052 299 ante
1076 259 1191 299 istam
1216 269 1420 311 vesperam
1447 271 1543 311 opus
1569 257 1791 312 expeditum
1817 271 1883 311 ap-

93 314 254 370 probato
286 313 393 354 mihi.
446 311 512 355 Sic
543 314 745 368 assignato
775 322 974 355 tantorum
1004 316 1195 355 seminum
1227 313 1400 364 cumulo,
1435 315 1519 367 ipsa
1551 327 1695 354 coenae
1721 313 1885 368 nuptiali

93 370 302 412 concessit.
362 368 450 411 Nec
480 369 635 425 Psyche
664 384 803 411 manus
836 372 1045 412 admolitur
1067 370 1291 412 inconditae
1321 369 1378 409 illi
1409 378 1448 411 et
1476 370 1744 410 inextricabili
1773 370 1881 420 moli,

91 428 160 468 sed
189 427 432 466 immanitate
463 427 660 480 praecepti
691 435 945 467 consternata
976 428 1118 483 sillens
1151 426 1400 481 obstupescit,
1448 426 1562 466 Tunc
1589 426 1793 466 formicula
1818 427 1885 466 ilia
1907 430 1971 464 400

91 497 212 538 parva
238 490 353 537 atque
379 483 572 534 ruricola,
608 483 789 523 cordata
815 484 1053 524 difficultatis
1086 491 1219 525 tantae
1243 483 1465 536 laborisque
1490 482 1650 522 miserta
1677 482 1884 524 contuber-

91 603 171 628 rmte
184 600 291 637 ipsam
305 607 480 636 vesperam
494 600 568 629 edit.
581 600 705 629 Floridi
719 601 790 630 sine
804 601 899 630 dubio
913 610 1019 630 errore
1033 604 1280 636 typothetarum.
1317 598 1509 638 expeditum
1524 603 1634 630 exulat
1651 607 1670 629 a
1683 601 1719 628 P.
1759 608 1885 637 appro-

89 645 172 674 babo
186 645 209 674 f.
234 644 381 682 approbo
395 643 498 673 michi
508 647 622 674 Venet.
636 647 667 675 2.
693 645 881 683 approbato
896 644 986 676 mihi.
1013 647 1066 676 Sic
1080 647 1279 681 interpungit
1293 647 1357 675 edit
1369 649 1453 676 [unt.
1466 649 1498 675 2.
1547 644 1602 674 Sic
1615 644 1789 681 assignato
1806 648 1884 672 tan-

91 694 203 719 torum
223 692 382 718 seminum
403 689 543 719 cumulo.
570 689 662 727 Ipsa.
686 692 813 720 Vitiose
833 692 879 720 ita
895 692 1114 720 distinxerunt
1134 693 1182 720 ed.
1196 694 1277 721 lunt.
1294 694 1323 721 2.
1344 696 1372 721 et
1385 692 1513 720 Vicent.
1539 692 1630 720 Unde
1648 691 1700 719 vir
1719 692 1831 719 doctus
1845 691 1886 719 ad

89 736 266 771 marginem
281 736 432 764 editionis
445 744 536 765 meae
549 738 731 765 emendavit
752 736 840 765 inibi.
888 735 1051 772 nuptialis
1064 738 1100 766 F.
1115 739 1144 766 3.
1165 745 1271 766 errore
1289 738 1372 766 satis
1391 737 1579 773 perspicuo,
1605 743 1702 770 quum
1720 735 1887 770 sequentis

89 782 243 810 vocabuli
264 781 374 809 littera
395 782 497 815 prima
516 782 710 810 adhaeserit.
759 790 799 809 ne
818 790 873 816 pro
894 790 952 809 nec
971 783 1007 810 F.
1029 784 1058 810 3.
1108 780 1246 818 Psyche·
1261 783 1299 810 D.
1348 780 1546 809 admollftur
1565 784 1600 811 G.
1614 783 1651 810 D.
1699 779 1887 808 incredr‘tae

88 826 142 853 illi·
158 828 193 853 et
207 825 446 854 inextricabili
463 825 545 853 moli
561 836 593 860 φ.
641 825 806 855 incr-edito
827 826 914 854 malo
935 825 964 855 δ.
1011 835 1102 854 more
1122 835 1176 862 pro
1195 826 1276 854 moli
1293 831 1341 856 est
1362 828 1396 855 in
1415 828 1449 856 0.
1465 834 1485 856 a
1497 836 1537 856 m.
1551 836 1582 862 p.
1629 828 1830 854 costernata
1850 827 1887 854 G.

90 874 311 908 cnnzpernata
335 870 418 906 (non
436 874 648 908 conpernaea
661 876 695 900 ut
709 873 742 901 in
756 874 835 901 Oud.
850 873 1013 908 excerptis
1028 872 1214 908 legebatur)
1229 876 1316 902 extat
1330 873 1363 901 in
1376 873 1412 902 F.
1427 869 1458 902 1.
1484 871 1604 900 scilens
1619 873 1654 900 G.
1667 873 1706 901 D.
1732 869 1888 899 ruricula

91 919 128 945 G.
142 918 180 945 D.
195 918 229 946 0.
243 925 272 952 p.
287 917 471 946 f.Venet.2.
484 917 814 946 Vicent.Ald.Venet.
830 919 860 946 4.
874 918 981 946 Paris.
1015 920 1153 945 certata
1166 919 1200 946 F.
1215 919 1246 946 3.
1260 926 1289 952 p.
1316 920 1412 944 certa
1427 920 1458 944 te
1471 919 1506 946 B.
1529 916 1668 952 (Aperte
1681 918 1727 945 ita
1741 917 1773 945 in
1786 923 1887 951 marg.

89 963 162 992 edit.
174 963 276 998 Colv.‚
290 962 447 996 seriptum
462 966 521 997 est,
531 969 551 990 a
563 963 672 990 Modio
685 963 751 991 nisi
766 963 873 992 omnia
887 963 1064 1001 fallunt,ex
1078 964 1146 992 cod.
1156 963 1212 999 Β.)
1226 964 1263 992 In
1276 966 1348 991 cett.
1362 963 1481 998 legitur
1495 963 1664 991 certatim.
1676 964 1728 991 Ita
1740 962 1888 997 equidem

87 1007 198 1036 inveni
212 1008 245 1036 in
263 1008 300 1035 F.
317 1008 345 1036 1.
361 1008 398 1035 G.
412 1008 450 1037 D.
464 1008 500 1036 B.
512 1008 582 1035 edd.
594 1011 671 1036 vett.

88 1106 332 1158 spat-sicam,
371 1106 474 1156 quod
510 1119 580 1157 per
614 1119 661 1143 se
692 1106 853 1158 probum
885 1110 959 1146 est.

91 1162 194 1200 Tert.
206 1161 416 1212 Apologet.
427 1175 457 1200 c.
470 1165 506 1202 9.
516 1175 552 1213 p.
566 1162 674 1202 10.C.
686 1163 772 1201 lam
784 1176 957 1202 nuncre-

91 1220 289 1271 coyitate,
318 1224 511 1270 quantam
531 1219 655 1257 lIceat
673 1219 881 1257 erroribus
901 1219 958 1257 ad

91 1276 245 1314 incesta
270 1274 495 1318 miscenda,
521 1274 814 1326 suppeditante
839 1279 956 1313 mate-

88 1332 174 1370 rias
194 1331 490 1382 passivitate
510 1331 722 1376 luxuriam
744 1330 793 1368 de
809 1329 960 1368 Corona

91 1401 121 1425 c.
137 1391 173 1427 8.
199 1390 332 1438 p.105
350 1385 390 1424 C.
418 1387 517 1439 quia
536 1387 806 1438 passivitas
827 1387 958 1438 soilli,

89 1444 153 1481 ubi
166 1442 312 1495 vulqus
324 1442 530 1492 signifieat:
545 1443 594 1480 de
609 1441 734 1480 Pallio
743 1457 774 1481 c.
785 1447 820 1483 4.
830 1457 866 1495 p.
880 1448 895 1483 1
912 1447 959 1483 17

88 1499 135 1539 B.
153 1500 395 1551 possit-ita
406 1513 422 1538 s
437 1502 555 1553 offert
568 1499 778 1538 libertinos
791 1501 832 1537 in
847 1513 960 1552 eque-

90 1556 253 1602 stribus3
280 1555 434 1594 advers,
448 1555 684 1605 Hei-ningen.
702 1559 802 1596 c.46.
822 1556 961 1608 p-248.

89 1613 138 1652 A.
166 1612 284 1651 Haec
307 1613 467 1664 inquies
490 1626 571 1651 non
598 1617 670 1657 est,
702 1612 801 1652 haec
827 1613 963 1652 tarbu-

92 1669 219 1708 lentz'a
250 1674 289 1707 et
311 1670 584 1721 passivitas
607 1682 689 1707 non
718 1674 789 1713 est,
821 1669 885 1707 ubi
912 1671 964 1708 in-

91 1725 367 1773 ordinationem
398 1730 437 1763 et
473 1725 757 1763 oscillationem
792 1726 964 1765 denotat.

91 1781 242 1820 advers.
269 1780 427 1820 Valent.-
453 1795 483 1821 c.
511 1786 574 1823 30.
601 1795 637 1833 p.
655 1785 747 1823 261.
775 1782 846 1821 Illi
872 1797 964 1821 vero

94 1839 147 1877 de
166 1839 471 1890 passivitate
495 1840 599 1878 ritae
713 1841 965 1890 ‘qenerosita-

91 1899 167 1933 tem
180 1909 292 1934 suam
307 1895 524 1933 vindicent.
535 1895 687 1933 advers.
697 1895 885 1934 Marcion.
899 1895 965 1934 JV.

94 1965 126 1990 c.
155 1954 217 1991 16.
243 1964 279 2002 p.
307 1954 400 1991 429.
425 1950 474 1989 D.
498 1952 835 2002 passivitatem
860 1965 969 1990 meae

92 2008 315 2046 sententiae
335 2007 557 2060 permisit]

148 2063 398 2115 approbato.
420 2062 502 2114 [De
515 2077 621 2101 more
635 2065 969 2108 mercenariorum,

94 2132 195 2171 opus
220 2119 462 2171 approbandi
482 2119 647 2157 dominis
673 2118 721 2157 cf.
737 2119 862 2158 Ptaut.
880 2120 962 2158 Mil.

95 2174 287 2214 Glor.IV.
303 2180 337 2215 4.
354 2178 419 2215 37.
445 2177 549 2214 satin
584 2181 656 2221 est,
682 2178 716 2214 si
740 2177 814 2215 tibi
829 2177 964 2216 Meum

95 2247 201 2285 opus
224 2233 282 2270 ita
309 2231 419 2270 dabo
445 2232 691 2283 expolitum,
719 2237 761 2271 nt
786 2234 963 2285 impro-

95 2289 212 2328 bare
231 2301 312 2326 non
329 2301 462 2340 queas.
490 2287 652 2327 Taubm.
669 2288 717 2327 ad
735 2289 832 2327 eiud.
853 2290 961 2327 Asin.

93 2345 143 2383 V.
153 2349 188 2385 2.
201 2349 264 2384 57.
276 2344 352 2382 Gro
359 2358 393 2382 n.
404 2344 452 2381 ad
463 2344 602 2383 senec.
615 2344 961 2390 Quaest.Nat.VIt.

97 2404 159 2442 16.
185 2400 253 2439 Dr.
279 2400 329 2438 ad
352 2399 438 2438 Liv.
454 2399 521 2439 lv.
542 2401 624 2453 22]
652 2400 711 2439 Ex
731 2399 860 2440 Plauti
881 2401 966 2440 loco

96 2457 310 2509 Sopingius
325 2471 399 2494 non
419 2458 545 2495 minus
559 2461 707 2495 temere.
722 2461 760 2495 et
772 2458 833 2497 bic
845 2458 966 2497 voluit

95 2513 323 2566 expolitum
337 2527 406 2564 pro
422 2515 671 2565 eapeda‘tam,
687 2514 964 2553 E1n1.fidecod.

94 2569 180 2610 Pal.
191 2570 323 2608 delere
338 2583 472 2608 vocem
487 2571 630 2609 maluit.
669 2569 905 2609 Prudentius
919 2585 966 2609 se

95 2640 181 2666 cum
195 2625 224 2665 I.
241 2625 438 2665 Gulielmo
454 2625 823 2667 Lib.11.veris.c.8.
840 2629 966 2679 gessit

96 2682 266 2722 Colvius.
317 2683 570 2734 Expeditum
594 2688 655 2722 est
676 2683 912 2734 explicatum
927 2688 966 2723 et

93 2740 196 2778 bene
210 2739 457 2790 dispositum.
473 2739 539 2778 Sic
554 2741 753 2791 expedire
766 2742 965 2780 rationem

94 2795 193 2835 Met.
223 2795 287 2834 111.
320 2809 356 2847 p.
393 2799 488 2843 1903
527 2801 784 2843 commentas,
817 2798 963 2843 aditus,

95 2854 177 2891 rem
202 2856 241 2890 et
264 2853 466 2891 innumera
490 2853 651 2903 passim.
702 2853 749 2890 cf.
781 2851 882 2891 Oud.
914 2854 965 2893 ad

99 2907 211 2947 Caes.
237 2908 283 2947 B.
310 2908 356 2947 G.
384 2907 468 2946 VH.
497 2913 562 2948 78.
587 2907 674 2948 Liv.
699 2908 768 2948 IX.
798 2913 858 2949 17.

155 2965 404 3004 inconditae.
487 2964 657 3003 Nimium
698 2966 828 3003 tribuit
863 2965 966 3006 oud.

98 3019 255 3060 lectioni
289 3022 451 3061 duorum
489 3021 602 3060 codd.
640 3022 867 3061 increditae
904 3023 968 3061 vel

100 3077 322 3123 incredita,
348 3090 462 3130 quam
478 3077 687 3129 Scioppius
712 3079 746 3116 in
763 3077 966 3129 Symbolis

103 3133 323 3173 emendavit
370 3135 406 3173 in
448 3136 630 3174 incretae
676 3135 789 3185 quasi
838 3135 966 3175 indis-

1017 1111 1168 1151 cretae,
1207 1120 1439 1157 quamquam
1476 1107 1563 1158 ipse
1599 1111 1721 1158 putat,
1757 1109 1890 1145 contra

1015 1162 1117 1200 Mss.
1149 1163 1212 1201 hic
1240 1167 1388 1200 temere
1414 1163 1504 1201 nibil
1530 1163 1753 1202 mutandum
1779 1176 1887 1201 esse.

1016 1219 1277 1258 Inconditam
1326 1219 1427 1257 enim
1468 1219 1609 1258 molem
1662 1224 1767 1258 recte
1815 1219 1889 1256 dici

1016 1275 1247 1325 indigestam
1292 1279 1330 1312 et
1377 1279 1526 1313 temere
1571 1275 1793 1321 confusam,
1848 1278 1890 1313 ut

1018 1332 1178 1382 saepius
1223 1330 1373 1381 legatur
1416 1332 1630 1371 incondita
1671 1332 1889 1371 *multitudo

1020 1387 1107 1426 coll.
1141 1386 1191 1426 N.
1218 1387 1355 1426 Heius,
1386 1387 1435 1425 ad
1462 1387 1568 1426 Veli.
1594 1387 1637 1426 11.
1668 1393 1728 1428 14.
1779 1387 1892 1440 [Hoc

1018 1443 1210 1482 vocabulo
1224 1444 1417 1494 Apuleius
1443 1443 1650 1494 aliquoties
1677 1444 1816 1482 eadem
1841 1445 1891 1481 si-

1019 1500 1262 1552 gnificatione
1276 1514 1372 1538 usus
1389 1505 1452 1538 est
1477 1501 1525 1539 cf.
1539 1499 1606 1538 IV.
1622 1514 1659 1552 p.
1677 1505 1768 1541 252.
1785 1505 1893 1539 estur

1023 1572 1073 1596 ac
1094 1562 1269 1608 potatur
1295 1557 1560 1596 incondite.
1589 1556 1735 1595 Florid.
1761 1571 1798 1608 p.
1826 1559 1892 1597 29.

1024 1614 1114 1666 quis
1128 1615 1173 1651 in
1185 1628 1207 1652 c
1218 1627 1273 1652 on
1283 1614 1312 1652 d
1322 1615 1388 1652 ita
1408 1619 1446 1652 et
1460 1615 1601 1652 vitiosa
1619 1614 1736 1652 rerba
1750 1619 1894 1653 temere

1088 1671 1320 1722 permiserit
1333 1670 1545 1709 blaterare.
1562 1684 1597 1721 p.
1620 1671 1706 1710 104.
1727 1670 1894 1709 schedio

1023 1728 1284 1765 incondito
1310 1727 1565 1778 e.rperimine‘.
1593 1726 1641 1765 al.
1670 1726 1774 1772 Quid
1800 1739 1892 1764 vero

1024 1785 1170 1822 incrcti
1198 1786 1389 1836 furfures
1427 1782 1645 1833 significent
1683 1783 1778 1820 Met.
1804 1781 1893 1820 Vll.

1024 1853 1061 1891 p.
1096 1844 1212 1884 475„
1243 1853 1314 1877 suo
1349 1839 1434 1876 loco
1465 1839 1695 1877 videbimus.
1745 1838 1896 1877 Eadem

1025 1897 1173 1934 ratione
1199 1895 1294 1933 dixit
1318 1895 1419 1934 Dict.
1447 1894 1547 1933 Cret.
1564 1894 1641 1935 [8.
1669 1895 1896 1934 inconditis

1027 1952 1214 1996 moribus,
1225 1952 1327 2002 quod
1342 1955 1488 1989 temere
1503 1950 1847 1990 mutavitPerizon.
1858 1951 1894 1988 in

1029 2009 1276 2047 clamoribus
1289 2012 1327 2045 et
1340 2007 1513 2046 Orellius
1527 2010 1561 2046 in
1577 2008 1786 2046 collatione
1800 2007 1894 2045 Cod.

1029 2064 1177 2102 S.Galt.
1188 2063 1338 2102 secJX.
1350 2065 1384 2102 in
1395 2065 1627 2110 z·o(·ibns‚ad
1643 2078 1756 2114 quem
1770 2065 1896 2102 locum

1022 2120 1279 2166 conferantur,
1290 2134 1390 2171 quae
1400 2120 1545 2160 Deder.
1559 2121 1595 2159 in
1605 2121 1741 2160 Gloss.
1755 2134 1791 2172 p.
1801 2125 1894 2161 250.

1021 2177 1170 2215 adtulit.
1226 2177 1269 2214 Si
1301 2177 1391 2227 quid
1424 2178 1647 2216 mutandum
1679 2181 1760 2222 est,
1792 2177 1897 2227 quod

1020 2233 1224 2285 probabile
1261 2234 1352 2271 mihi
1391 2233 1554 2278 videtur,
1592 2234 1708 2272 vestm
1747 2234 1897 2273 oribus.

1022 2289 1176 2329 Eodem
1201 2290 1317 2328 modo
1333 2290 1468 2339 virgil.
1483 2291 1584 2330 Aen.
1599 2290 1642 2328 Il.
1664 2294 1757 2330 4⁶23.
1785 2291 1895 2328 dixit:

1026 2360 1099 2385 ora
1122 2360 1222 2385 sono
1237 2347 1451 2386 (Itscordia
1466 2349 1637 2400 signant
1657 2360 1727 2399 pro
1754 2347 1897 2385 discre-

1025 2403 1155 2456 pantia
1170 2403 1372 2441 sermonis.
1410 2402 1465 2441 Ita
1481 2408 1570 2442 sunt
1591 2418 1664 2442 ora
1680 2404 1896 2442 incondita

1025 2472 1145 2497 voces
1177 2459 1364 2498 dissonae
1394 2472 1466 2498 nec
1496 2460 1668 2498 ordinem
1702 2460 1897 2511 quendam

1023 2515 1264 2568 servantes]

1082 2573 1256 2612 cordata
1285 2573 1563 2626 difficultatis.
1615 2571 1744 2626 [Hanc
1771 2585 1896 2610 meam

1024 2628 1334 2680 qualemcunque
1359 2631 1615 2668 coniecturam
1642 2643 1689 2667 eo
1709 2629 1833 2667 minus
1859 2630 1895 2666 in

1022 2690 1131 2724 textu
1167 2699 1312 2737 ponere
1349 2686 1537 2729 dubitavi,
1575 2686 1679 2736 quod
1717 2698 1817 2736 quae
1847 2686 1895 2723 ab

1022 2742 1108 2780 aliis
1130 2743 1376 2780 substituitur
1396 2742 1509 2780 lectio
1530 2746 1688 2793 propter
1706 2742 1896 2780 rationem

1022 2799 1395 2851 palaeographicam
1427 2799 1581 2836 mininie
1613 2799 1897 2848 comprobatur.

1023 2855 1169 2906 Optimi
1184 2854 1286 2893 enim
1300 2855 1411 2893 codd.
1424 2854 1632 2894 Florent.3.
1643 2853 1896 2893 etPithoean.

1024 2912 1215 2963 praebent
1240 2916 1412 2955 certata,
1440 2924 1515 2961 qua
1540 2911 1574 2948 in
1600 2911 1789 2962 scriptura
1814 2911 1896 2949 fere

1026 2969 1219 3006 consentit
1240 2967 1403 3006 Bertin..
1425 2972 1537 3006 certa
1558 2972 1595 3006 te
1621 2967 1770 3017 legens,
1796 2967 1897 3007 Hinc

1024 3025 1126 3063 bene
1152 3023 1475 3075 potestiuteiligi,
1503 3023 1698 3074 quomodo
1712 3026 1897 3063 certatim

1025 3085 1201 3119 exortum
1221 3081 1289 3124 sit.
1316 3080 1420 3131 quod
1439 3079 1603 3118 librariis
1629 3079 1782 3118 facilius
1803 3094 1896 3118 esse

1023 3137 1236 3176 videbatur.
1264 3136 1511 3176 Stewecbius
1537 3149 1560 3174 e
1583 3135 1744 3188 vulgata
1767 3151 1896 3176 emen·
