2155 3590
698 175 884 218 LIBER
908 173 1004 216 VII.

1065 172 1190 216 CAP.
1222 173 1270 214 X.
1803 173 1889 216 555

687 358 1124 406 CAPUT
1226 357 1292 405 X.

208 465 275 508 Sic
298 466 364 507 ille
394 466 590 507 latronum
620 466 706 507 fisci
737 468 950 507 advocatus
982 474 1158 508 nostram
1183 480 1361 508 caussam
1387 466 1622 520 pertulerat,
1655 467 1821 520 virginis
1846 474 1885 507 et

95 522 197 563 asini
220 523 434 577 sospitator
457 523 656 577 egregius.

173 647 260 686 fisci
276 649 479 679 conci‘lmtor
496 653 534 680 R.
554 651 575 680 s.
612 650 814 679 consi‘leator
833 653 869 680 G.
890 652 919 680 ·.1

704 522 783 563 Sed
806 523 848 563 in
874 523 1023 563 diutina
1048 524 1329 564 deliberatione
1355 523 1498 573 ceteri,
1527 523 1748 563 cruciantes
1773 537 1883 563 mora

964 653 1026 680 ..Ρ
1046 653 1084 680 D.
1096 653 1212 691 ‚quod
1229 654 1342 686 putam
1356 659 1398 680 ex
1409 653 1606 687 glossemate
1620 650 1796 685 profectum
1810 658 1885 678 esse

92 694 190 731 frugi
200 704 236 723 co
239 695 400 723 nsi'lzator
413 697 447 725 Ο.
461 705 497 725 π.
517 704 573 730 pro
582 692 668 732 fisci
678 694 876 724 advocatus.
919 695 1143 733 praetulerat
1160 698 1196 726 G.
1212 698 1241 725 1.
1274 695 1472 733 protulerat
1485 695 1529 723 u
1533 703 1598 725 ow.
1619 699 1648 724 et
1665 695 1750 724 Prie.
1787 695 1883 722 asino

93 739 247 775 spirator·
259 743 294 769 G.
308 743 339 769 2.
353 743 389 770 P.
402 743 440 770 D.
488 742 632 769 ecceteri
642 743 681 770 D.

93 850 163 895 vit,
189 850 279 900 quia
303 863 440 888 omnes
465 851 554 889 edd.
579 855 807 890 nostrorum
831 850 961 901 legere

92 905 246 951 videns,
277 920 301 944 a
324 905 532 945 litterarum
555 908 730 956 vestigiis
756 920 869 957 quam
895 909 961 946 mi-

92 962 193 999 nime
218 963 392 1000 aberrare
410 962 540 1001 voluit.
588 962 690 1001 Oud.
710 963 774 1014 qui
801 962 962 1002 meliora

91 1017 279 1063 habebat,
305 1031 354 1057 ea
376 1032 418 1057 re
443 1019 569 1070 decipi
593 1033 668 1057 non
694 1019 890 1072 debebat]

148 1073 237 1112 CAP.
249 1073 300 1112 X.
338 1076 428 1127 fisci
449 1076 683 1115 advocatus.
730 1075 886 1114 Allnsio
900 1082 963 1114 est

90 1129 142 1167 ad
171 1129 254 1168 fisci
285 1131 469 1182 principis
494 1132 737 1170 advocatum.
790 1131 854 1170 De
878 1132 960 1170 iure

88 1185 170 1224 fisci
195 1185 328 1224 titulus
354 1191 415 1226 est
427 1187 531 1238 apud
548 1184 667 1227 ICtos
685 1191 725 1225 et
743 1187 848 1238 apud
868 1201 959 1226 eos-

87 1241 179 1279 dem
213 1242 264 1280 de
298 1243 489 1281 advocato
525 1243 606 1281 fisci
636 1243 769 1293 fragm.
795 1243 845 1281 de
875 1244 957 1282 iure

88 1298 169 1336 fisci
193 1298 223 1349 §.
239 1302 274 1338 7.
300 1299 395 1337 titul.
413 1298 452 1338 C.
469 1299 518 1337 (le
543 1299 679 1338 advoc.
702 1298 784 1337 fisci
810 1302 865 1348 (2.
880 1302 956 1348 9.):

87 1352 229 1392 Fiscus
265 1353 379 1392 alicui
413 1359 540 1393 status
570 1356 874 1393 controversiam
904 1355 959 1392 sa-

86 1410 179 1455 ciat,
216 1409 321 1460 quod
355 1409 438 1449 fisci
469 1411 683 1449 advocatus
713 1424 808 1448 esse
838 1411 959 1450 debet

87 1469 127 1504 et
151 1466 184 1504 si
214 1466 300 1504 sine
330 1466 412 1504 fisci
443 1467 634 1505 advocato
665 1467 956 1518 pronunciatum

86 1523 150 1560 sit.
185 1521 310 1560 Divus
323 1522 482 1561 Marcus
506 1523 718 1573 rescripsit,
744 1523 837 1561 nihil
862 1537 956 1561 esse

83 1581 224 1616 actum.
280 1578 338 1630 [ln
363 1580 569 1630 provinciis
591 1579 693 1617 enim
719 1593 855 1618 omnes
879 1594 956 1627 res,

85 1647 186 1684 quae
209 1634 261 1672 ad
284 1635 524 1686 imperatoris
549 1635 682 1674 liscum
702 1637 956 1686 pertinebant,

84 1704 109 1728 a
131 1694 378 1741 procuratore
398 1692 661 1742 exigebantur,
687 1692 749 1742 qui
769 1693 956 1743 pecunias

81 1746 135 1785 ad
147 1746 299 1785 Romae
312 1751 600 1798 procuratorem
612 1747 818 1787 referebat.
854 1748 956 1787 Hinc

82 1803 366 1842 consectarium
398 1807 477 1851 est,
515 1803 628 1850 lites,
659 1817 761 1856 quae
792 1818 842 1842 ex
870 1805 954 1843 fisci

84 1859 201 1897 rebus
238 1860 525 1907 exoriebantur,
557 1874 692 1899 omnes
723 1873 747 1898 a
775 1874 955 1912 procura-

82 1915 230 1954 toribus
254 1916 483 1955 diiudieatas
509 1930 614 1956 esse.
672 1916 768 1954 Inde
798 1918 847 1955 ab
877 1917 955 1955 Ha-

83 1971 216 2009 driano
236 1972 461 2011 advocatus
475 1974 566 2025 fisci
584 1973 865 2019 instituebatur,
891 1974 955 2023 qui

82 2040 147 2065 res
177 2027 259 2065 fisci
283 2028 592 2075 administrabat,
624 2033 816 2079 quatenus
840 2030 877 2066 in
901 2030 954 2066 iu-

84 2083 223 2121 dicium
247 2084 485 2122 vocabantur
509 2084 557 2123 cf.
584 2083 747 2136 Capitol.
772 2097 806 2123 v.
832 2084 954 2124 Hadr.

83 2153 116 2178 c.
142 2142 206 2179 26.
265 2139 375 2178 Fisci
399 2140 642 2179 advocatum
663 2142 821 2192 primus
844 2142 953 2180 insti-

82 2196 172 2234 tuit.
222 2195 415 2246 Spartian.
432 2196 574 2235 Anton.
589 2196 677 2235 Get.
693 2210 724 2235 e.
740 2200 778 2236 2.
803 2201 843 2235 et
866 2198 954 2249 qui-

83 2251 176 2289 dem
214 2251 263 2290 ob
302 2252 392 2297 hoc,
431 2253 545 2304 quod
575 2252 765 2292 Severum
795 2252 866 2292 ille
896 2253 954 2291 act

77 2308 170 2359 fisci
204 2308 513 2347 advocationem
543 2309 753 2360 delegerat
784 2322 837 2348 ex
863 2311 952 2360 for-

80 2363 257 2402 mulario
267 2365 437 2415 forensi,
451 2365 515 2402 ubi
531 2364 578 2402 cf.
595 2363 814 2404 Casaubon.
829 2364 951 2404 Salm.

79 2418 132 2457 ad
156 2420 297 2458 Anton.
323 2418 473 2458 Philos
500 2434 531 2459 c.
547 2424 626 2466 24.,
651 2421 715 2470 qui
740 2433 789 2458 ex
815 2421 950 2460 Gloss.

79 2474 179 2513 haec
191 2474 366 2527 protulit:
388 2479 520 2530 fiscus,
535 2473 753 2528 ‹planco-mr}
744 2504 753 2528 Ι
757 2491 850 2529 ορος
862 2478 953 2515 item

77 2530 179 2569 aliae
210 2531 385 2570 Glossae
415 2534 550 2583 φίσκος
580 2531 600 2572 ὁ
633 2529 833 2585 σιᾚιὴφορος
860 2534 953 2585 fisci

77 2588 315 2634 advocatus,
333 2589 397 2627 ubi
413 2603 574 2640 φισκοσυ
579 2605 617 2640 νη
623 2604 730 2641 γορος
744 2588 951 2640 legendum

77 2656 172 2682 esse
185 2645 401 2684 arbitratur.
449 2645 497 2684 cf.
513 2646 648 2684 Gloss.
664 2644 795 2696 Cyrill.
808 2659 844 2696 p.
856 2649 949 2685 654.

76 2697 197 2739 Plura
231 2700 281 2738 de
313 2703 414 2753 fisco
445 2702 609 2753 eiusque
637 2701 951 2753 procuratoribus

77 2755 128 2795 cf.
151 2757 255 2807 apud
280 2757 473 2796 walther.
499 2759 536 2796 in
563 2758 676 2796 libro:
711 2757 952 2798 Gesclzicltte

77 2811 119 2850 d.
144 2812 265 2852 Ro'm.
292 2814 445 2854 Rechts
468 2828 506 2865 p.
532 2818 614 2855 346
640 2827 699 2864 sq.
726 2817 765 2851 et
795 2814 847 2852 cle
877 2814 950 2852 ad-

76 2873 222 2907 vocato
241 2871 333 2922 fisci
357 2883 394 2921 p.
416 2874 508 2911 351.
570 2871 680 2909 Sicut
712 2883 804 2920 ergo
827 2872 950 2922 fiscus

74 2924 279 2976 principis
308 2929 347 2964 et
376 2927 602 2967 advocatus
615 2927 706 2979 fisci
724 2925 870 2971 dicitur,
895 2926 949 2963 ita

75 2992 176 3018 nunc
205 2981 450 3022 advocatum
471 2984 562 3036 fisci
587 2982 776 3021 latronum
806 2981 948 3020 festive

74 3047 149 3073 nec
194 3036 402 3077 inscienter
449 3038 636 3091 appellat.
708 3038 764 3077 At
809 3038 945 3077 mirum

75 3093 156 3138 est,
182 3093 285 3143 quod
308 3094 345 3132 in
371 3096 527 3147 optimis
553 3095 686 3140 codd..
710 3098 752 3132 ut
777 3094 826 3134 G.
843 3099 877 3134 1.
893 3098 945 3139 2.,

75 3151 395 3203 constanterfiscz'
408 3151 826 3202 consiliariuslegitur,
841 3150 945 3202 quod

1020 851 1251 889 vocabulum
1277 864 1393 901 quum
1415 851 1537 889 rarius
1560 851 1628 895 sit,
1664 850 1811 893 statim,
1847 850 1882 887 in

1019 911 1129 946 textu
1165 907 1409 958 posuissem,
1439 907 1512 945 nisi
1549 905 1734 944 Florentii
1771 905 1884 943 codd.

1018 963 1324 1002 adversarentur.
1371 963 1471 1001 Hinc
1495 962 1756 1002 consiliarius
1779 961 1884 1012 glos-

1018 1033 1130 1058 sema
1158 1024 1251 1071 puto
1283 1033 1394 1066 esse,
1427 1020 1490 1070 qui
1517 1020 1607 1071 sisci
1631 1019 1885 1063 advocatum,

1021 1077 1086 1126 qui
1110 1076 1264 1126 proprie
1287 1076 1341 1114 ita
1368 1076 1653 1120 nominabatur,
1690 1072 1888 1124 explicare

1019 1132 1151 1177 voluit,
1188 1144 1420 1182 quamquam
1453 1145 1530 1170 non
1565 1130 1783 1181 negandum
1813 1133 1887 1175 est,

1018 1187 1120 1226 hanc
1156 1187 1331 1238 glossam
1367 1201 1436 1238 pro
1467 1187 1703 1226 librariorum
1733 1186 1887 1237 ingenio

1017 1243 1229 1282 doctiorem
1259 1256 1371 1287 esse,
1403 1244 1494 1294 quia
1525 1242 1788 1281 consiliarius
1811 1254 1889 1280 vox

1017 1304 1080 1337 est
1114 1313 1189 1337 non
1225 1299 1433 1337 admodum
1468 1300 1557 1337 trita
1585 1298 1689 1349 apud
1718 1301 1888 1342 veteres,

1019 1355 1069 1393 de
1093 1369 1168 1407 quo
1195 1354 1242 1393 cf.
1260 1355 1396 1393 Venet.
1423 1356 1472 1394 ad
1498 1355 1648 1393 Auson.
1675 1353 1780 1392 Grat.
1799 1354 1888 1392 Aet.

1016 1424 1055 1462 p.
1079 1425 1131 1449 m.
1157 1415 1249 1451 ¹712.
1283 1411 1419 1450 Gloss.
1452 1410 1584 1462 cyrill.
1608 1423 1647 1460 p.
1673 1412 1764 1449 619.
1795 1407 1889 1460 σύμ-

1014 1470 1149 1519 βουλος
1174 1468 1445 1513 consiliarius,
1472 1466 1691 1506 consultor.
1717 1469 1756 1504 et
1774 1464 1889 1504 Vulc.

1015 1538 1052 1576 p.
1080 1527 1144 1563 30.
1172 1524 1432 1562 consiliarius
1455 1519 1664 1575 βουλευτής,
1690 1522 1741 1559 ‹lu
1767 1521 1887 1572 Cang.

1019 1580 1154 1618 Gloss.
1184 1579 1285 1617 med.
1318 1584 1357 1618 et
1387 1579 1453 1618 ins.
1482 1579 1569 1617 Lat.
1602 1578 1637 1616 in
1663 1578 1712 1615 V.
1738 1577 1806 1616 Dr.
1837 1578 1888 1616 ad

1016 1635 1102 1674 Liv.
1124 1635 1226 1686 Epit.
1245 1639 1334 1675 125.
1384 1635 1501 1681 Quod
1524 1648 1616 1672 vcro
1639 1633 1740 1672 Oud.
1765 1632 1887 1672 voluit

1015 1696 1218 1742 utramque
1238 1692 1440 1730 lectionem
1451 1693 1542 1744 fisci
1553 1691 1777 1729 advocatus
1791 1704 1889 1728 con-

1015 1749 1195 1787 siliarius
1216 1747 1383 1793 conflari,
1401 1748 1492 1786 mihi
1507 1748 1659 1797 quidem
1676 1746 1886 1798 displicet]

1072 1817 1253 1844 caussam
1273 1803 1514 1856 pertulerat.
1565 1802 1605 1855 [i.
1632 1816 1665 1839 e.
1691 1806 1812 1840 totam
1836 1801 1888 1840 ad

1015 1861 1128 1899 finem
1152 1862 1405 1904 sustinuerat,
1437 1863 1582 1910 egerat.
1629 1858 1729 1896 Hinc
1758 1857 1888 1896 viden·

1016 1916 1107 1954 dum
1137 1919 1217 1962 est,
1255 1929 1327 1954 nec
1354 1916 1591 1967 protulerat
1624 1927 1696 1952 nec
1722 1919 1888 1966 praeta-

1017 1973 1132 2019 Ierat,
1159 1973 1265 2022 quod
1290 1971 1437 2022 aliquot
1456 1971 1567 2009 codd.
1593 1971 1800 2022 praebent,
1826 1969 1889 2008 hic

1015 2028 1116 2066 serre
1146 2041 1278 2079 posse.
1338 2027 1495 2079 Optime
1527 2027 1576 2064 de
1606 2026 1680 2065 hac
1707 2026 1888 2065 vocabuli

1015 2085 1294 2131 significatione
1308 2082 1689 2135 exposuitHeinrich.
1700 2082 1747 2121 ad
1757 2082 1887 2120 Iuven.

1015 2141 1098 2180 Sat.
1123 2139 1209 2179 Vll.
1241 2145 1329 2181 152.
1354 2154 1394 2192 p.
1420 2144 1515 2181 302.
1551 2139 1597 2178 cf.
1623 2138 1673 2177 ad
1697 2138 1794 2177 Met.
1819 2137 1886 2176 lv.

1013 2211 1051 2249 p.
1079 2200 1173 2237 305.
1204 2202 1243 2236 et
1272 2202 1360 2236 tota
1390 2197 1465 2235 illa
1490 2196 1692 2248 perlata
1725 2196 1777 2234 de
1798 2197 1887 2247 for-

1012 2254 1212 2292 mositatis
1223 2253 1493 2292 aemulatione
1503 2251 1664 2304 fabula.
1706 2250 1804 2290 Met.
1818 2250 1887 2289 Vl.

1011 2322 1050 2360 p.
1066 2313 1158 2349 398.
1184 2314 1354 2360 partum
1373 2311 1604 2361 perferre
1629 2308 1790 2346 omniuo
1809 2320 1887 2359 pa·

1011 2367 1167 2411 tiemur,
1191 2366 1257 2403 ubi
1282 2365 1329 2404 cf.
1355 2369 1395 2403 et
1418 2364 1608 2417 saepius]

1067 2423 1241 2474 virginis
1278 2426 1317 2460 et
1351 2422 1457 2461 asini
1490 2421 1727 2472 sospitator.
1800 2419 1887 2471 [Vir

1013 2477 1153 2516 doctus
1167 2477 1217 2515 ad
1230 2490 1348 2529 marg.
1360 2477 1420 2516 ed.
1435 2490 1546 2515 meae
1557 2476 1664 2515 (Jolv.
1680 2476 1886 2514 lectionem

1013 2533 1143 2573 Guelf.
1170 2538 1208 2574 2.
1240 2534 1481 2585 aliorumque
1511 2533 1738 2583 comprobat
1769 2532 1884 2570 asino

1011 2603 1086 2628 non
1123 2590 1377 2628 considerans
1414 2603 1499 2627 eam
1534 2602 1609 2627 non
1646 2587 1885 2639 respondere

1009 2659 1244 2698 praegresso
1268 2644 1458 2685 vocabulo
1478 2646 1642 2697 vir-airzi,
1669 2657 1784 2695 quum
1803 2656 1884 2681 mo-

1011 2702 1153 2740 lestum
1177 2702 1352 2740 videatur
1373 2715 1478 2747 esse,
1499 2702 1561 2739 hic
1574 2700 1780 2752 enallagen
1796 2712 1884 2737 con-

1010 2759 1230 2797 structionis
1267 2771 1482 2796 assumere.
1541 2756 1695 2795 Deinde
1731 2769 1781 2793 ex
1815 2755 1884 2793 ho-

1008 2827 1089 2852 rum
1126 2815 1239 2853 codd.
1273 2814 1440 2852 lectione
1470 2815 1585 2852 asino
1615 2814 1800 2864 spirator
1828 2812 1883 2848 in-

1008 2870 1133 2921 telligi
1169 2874 1320 2922 potest,
1357 2870 1616 2920 corruptelam
1651 2868 1751 2907 hanc
1787 2879 1884 2906 esse

1006 2927 1223 2977 scripturae
1247 2927 1352 2965 asini
1375 2927 1610 2976 sospitator,
1634 2928 1676 2962 ut
1699 2922 1882 2975 syllabae

1005 2984 1207 3033 utriusque
1242 2981 1422 3020 vocabuli
1459 2983 1502 3019 ni
1538 2985 1577 3019 et
1612 2994 1656 3019 so
1692 2980 1730 3018 in
1764 2992 1880 3018 unam

1006 3037 1219 3077 coaluerint
1253 3038 1352 3076 satis
1385 3037 1577 3076 vitiosam.
1648 3036 1713 3076 De
1748 3035 1880 3074 dativo

1004 3095 1259 3133 substantivis
1279 3092 1479 3144 eleganter
1491 3095 1617 3132 iuncto
1632 3093 1744 3145 plura
1756 3091 1879 3132 dicam

1003 3151 1053 3189 ad
1077 3150 1197 3203 Apol.
1222 3164 1259 3202 p.
1286 3150 1398 3202 594]
