<?xml version="1.0" encoding="UTF-8"?>
<!DOCTYPE html PUBLIC "-//W3C//DTD XHTML 1.0 Transitional//EN"
    "http://www.w3.org/TR/xhtml1/DTD/xhtml1-transitional.dtd">
<html xmlns="http://www.w3.org/1999/xhtml" xml:lang="en" lang="en">
 <head>
  <title>
</title>
<meta http-equiv="Content-Type" content="text/html;charset=utf-8" />
  <meta name='ocr-system' content='tesseract 3.04.00' />
  <meta name='ocr-capabilities' content='ocr_page ocr_carea ocr_par ocr_line ocrx_word'/>
</head>
<body>
  <div class='ocr_page' id='page_1' title='image "./operaomnia01apuluoft/operaomnia01apuluoft_0679.png"; bbox 0 0 2155 3590; ppageno 0'>
   <div class='ocr_carea' id='block_1_1' title="bbox 563 150 849 192">
    <p class='ocr_par' dir='ltr' id='par_1_1' title="bbox 563 150 849 192">
     <span class='ocr_line' id='line_1_1' title="bbox 563 150 849 192; baseline 0 -1"><span class='ocrx_word' id='word_1_1' title='bbox 563 151 752 191; x_wconf 90' lang='lat' dir='ltr'><strong>LIBER</strong></span> <span class='ocrx_word' id='word_1_2' title='bbox 774 150 849 192; x_wconf 73' lang='lat' dir='ltr'><strong>Vl.</strong></span> 
     </span>
    </p>
   </div>
   <div class='ocr_carea' id='block_1_2' title="bbox 909 147 1448 191">
    <p class='ocr_par' dir='ltr' id='par_1_2' title="bbox 909 147 1448 191">
     <span class='ocr_line' id='line_1_2' title="bbox 909 147 1448 191; baseline -0.007 -1"><span class='ocrx_word' id='word_1_3' title='bbox 909 150 1034 191; x_wconf 88' lang='lat' dir='ltr'><strong>CAP.</strong></span> <span class='ocrx_word' id='word_1_4' title='bbox 1059 149 1228 190; x_wconf 82' lang='lat' dir='ltr'><strong>XXVI.</strong></span> <span class='ocrx_word' id='word_1_5' title='bbox 1255 147 1448 187; x_wconf 88' lang='lat' dir='ltr'><strong>XXVII.</strong></span> 
     </span>
    </p>
   </div>
   <div class='ocr_carea' id='block_1_3' title="bbox 1815 146 1898 189">
    <p class='ocr_par' dir='ltr' id='par_1_3' title="bbox 1815 146 1898 189">
     <span class='ocr_line' id='line_1_3' title="bbox 1815 146 1898 189; baseline -0.012 0"><span class='ocrx_word' id='word_1_6' title='bbox 1815 146 1898 189; x_wconf 80' lang='lat'><strong>493</strong></span> 
     </span>
    </p>
   </div>
   <div class='ocr_carea' id='block_1_4' title="bbox 109 259 1899 318">
    <p class='ocr_par' dir='ltr' id='par_1_4' title="bbox 109 259 1899 318">
     <span class='ocr_line' id='line_1_4' title="bbox 109 259 1899 318; baseline -0.004 -14"><span class='ocrx_word' id='word_1_7' title='bbox 109 263 218 305; x_wconf 84' lang='lat' dir='ltr'><strong>Haec</strong></span> <span class='ocrx_word' id='word_1_8' title='bbox 242 263 394 318; x_wconf 82' lang='lat' dir='ltr'><strong>quidem</strong></span> <span class='ocrx_word' id='word_1_9' title='bbox 419 264 550 318; x_wconf 84' lang='lat' dir='ltr'><strong>inepta</strong></span> <span class='ocrx_word' id='word_1_10' title='bbox 575 271 615 304; x_wconf 87' lang='lat' dir='ltr'><strong>et</strong></span> <span class='ocrx_word' id='word_1_11' title='bbox 637 278 799 318; x_wconf 88' lang='lat' dir='ltr'><strong>prorsus</strong></span> <span class='ocrx_word' id='word_1_12' title='bbox 825 264 980 304; x_wconf 77' lang='lat' dir='ltr'><strong>asinina</strong></span> <span class='ocrx_word' id='word_1_13' title='bbox 1006 262 1208 318; x_wconf 82' lang='lat' dir='ltr'><strong>cogitatio.</strong></span> <span class='ocrx_word' id='word_1_14' title='bbox 1242 260 1341 316; x_wconf 78' lang='lat' dir='ltr'><strong>Quis</strong></span> <span class='ocrx_word' id='word_1_15' title='bbox 1367 260 1469 300; x_wconf 86' lang='lat' dir='ltr'><strong>enim</strong></span> <span class='ocrx_word' id='word_1_16' title='bbox 1488 259 1679 300; x_wconf 80' lang='lat' dir='ltr'><strong>viantium</strong></span> <span class='ocrx_word' id='word_1_17' title='bbox 1699 266 1899 299; x_wconf 80' lang='lat' dir='ltr'><strong>vectorem</strong></span> 
     </span>
    </p>
   </div>
   <div class='ocr_carea' id='block_1_5' title="bbox 107 320 880 362">
    <p class='ocr_par' dir='ltr' id='par_1_5' title="bbox 107 320 880 362">
     <span class='ocr_line' id='line_1_5' title="bbox 107 320 880 362; baseline -0.001 0"><span class='ocrx_word' id='word_1_18' title='bbox 107 334 220 362; x_wconf 89' lang='lat' dir='ltr'><strong>suum</strong></span> <span class='ocrx_word' id='word_1_19' title='bbox 245 334 324 360; x_wconf 93' lang='lat' dir='ltr'><strong>non</strong></span> <span class='ocrx_word' id='word_1_20' title='bbox 351 320 519 361; x_wconf 73' lang='lat' dir='ltr'><strong>libenter</strong></span> <span class='ocrx_word' id='word_1_21' title='bbox 542 321 698 361; x_wconf 83' lang='lat' dir='ltr'><strong>auferat</strong></span> <span class='ocrx_word' id='word_1_22' title='bbox 722 322 880 361; x_wconf 80' lang='lat' dir='ltr'><strong>secum?</strong></span> 
     </span>
    </p>
   </div>
   <div class='ocr_carea' id='block_1_6' title="bbox 591 493 1030 540">
    <p class='ocr_par' dir='ltr' id='par_1_6' title="bbox 591 493 1030 540">
     <span class='ocr_line' id='line_1_6' title="bbox 591 493 1030 540; baseline -0.002 0"><span class='ocrx_word' id='word_1_23' title='bbox 591 493 1030 540; x_wconf 85' lang='lat' dir='ltr'>CAPUT</span> 
     </span>
    </p>
   </div>
   <div class='ocr_carea' id='block_1_7' title="bbox 1145 490 1409 541">
    <p class='ocr_par' dir='ltr' id='par_1_7' title="bbox 1145 490 1409 541">
     <span class='ocr_line' id='line_1_7' title="bbox 1145 490 1409 541; baseline 0.004 -2"><span class='ocrx_word' id='word_1_24' title='bbox 1145 490 1409 541; x_wconf 89' lang='lat' dir='ltr'><strong>XXVII.</strong></span> 
     </span>
    </p>
   </div>
   <div class='ocr_carea' id='block_1_8' title="bbox 108 621 1904 737">
    <p class='ocr_par' dir='ltr' id='par_1_8' title="bbox 108 621 1904 737">
     <span class='ocr_line' id='line_1_8' title="bbox 221 621 1903 678; baseline -0.005 -12"><span class='ocrx_word' id='word_1_25' title='bbox 221 625 273 666; x_wconf 81' lang='lat' dir='ltr'><strong>Et</strong></span> <span class='ocrx_word' id='word_1_26' title='bbox 298 625 421 675; x_wconf 78' lang='lat' dir='ltr'><strong>alacri</strong></span> <span class='ocrx_word' id='word_1_27' title='bbox 445 625 576 666; x_wconf 85' lang='lat' dir='ltr'><strong>statim</strong></span> <span class='ocrx_word' id='word_1_28' title='bbox 602 625 691 665; x_wconf 86' lang='lat' dir='ltr'><strong>nisu</strong></span> <span class='ocrx_word' id='word_1_29' title='bbox 716 625 858 675; x_wconf 85' lang='lat' dir='ltr'><strong>lorum,</strong></span> <span class='ocrx_word' id='word_1_30' title='bbox 889 639 963 678; x_wconf 85' lang='lat' dir='ltr'><strong>quo</strong></span> <span class='ocrx_word' id='word_1_31' title='bbox 984 626 1134 665; x_wconf 87' lang='lat' dir='ltr'><strong>fueram</strong></span> <span class='ocrx_word' id='word_1_32' title='bbox 1156 624 1390 674; x_wconf 82' lang='lat' dir='ltr'><strong>destinatus,</strong></span> <span class='ocrx_word' id='word_1_33' title='bbox 1419 621 1622 675; x_wconf 78' lang='lat' dir='ltr'><strong>abrumpe,</strong></span> <span class='ocrx_word' id='word_1_34' title='bbox 1651 633 1787 673; x_wconf 89' lang='lat' dir='ltr'><strong>meque</strong></span> <span class='ocrx_word' id='word_1_35' title='bbox 1809 632 1903 672; x_wconf 87' lang='lat' dir='ltr'><strong>qua-</strong></span> 
     </span>
     <span class='ocr_line' id='line_1_9' title="bbox 108 675 1904 737; baseline -0.004 -15"><span class='ocrx_word' id='word_1_36' title='bbox 108 682 270 737; x_wconf 82' lang='lat' dir='ltr'><strong>drupedi</strong></span> <span class='ocrx_word' id='word_1_37' title='bbox 309 697 427 723; x_wconf 85' lang='lat' dir='ltr'><strong>cursu</strong></span> <span class='ocrx_word' id='word_1_38' title='bbox 463 681 651 736; x_wconf 83' lang='lat' dir='ltr'>proripio.</span> <span class='ocrx_word' id='word_1_39' title='bbox 702 680 788 722; x_wconf 62' lang='lat' dir='ltr'><strong>Nee</strong></span> <span class='ocrx_word' id='word_1_40' title='bbox 826 689 956 722; x_wconf 78' lang='lat' dir='ltr'><strong>tamen</strong></span> <span class='ocrx_word' id='word_1_41' title='bbox 994 681 1174 721; x_wconf 82' lang='lat' dir='ltr'><strong>acutulae</strong></span> <span class='ocrx_word' id='word_1_42' title='bbox 1205 695 1306 721; x_wconf 81' lang='lat' dir='ltr'><strong>anus</strong></span> <span class='ocrx_word' id='word_1_43' title='bbox 1342 679 1526 720; x_wconf 72' lang='lat' dir='ltr'>milvinos</span> <span class='ocrx_word' id='word_1_44' title='bbox 1558 676 1692 717; x_wconf 88' lang='lat' dir='ltr'><strong>oculos</strong></span> <span class='ocrx_word' id='word_1_45' title='bbox 1730 675 1904 729; x_wconf 84' lang='lat' dir='ltr'><strong>effugere</strong></span> 
     </span>
    </p>
   </div>
   <div class='ocr_carea' id='block_1_9' title="bbox 106 803 1908 936">
    <p class='ocr_par' dir='ltr' id='par_1_9' title="bbox 106 803 1908 936">
     <span class='ocr_line' id='line_1_10' title="bbox 107 803 1908 846; baseline -0.003 -9"><span class='ocrx_word' id='word_1_46' title='bbox 107 807 193 838; x_wconf 76' lang='lat' dir='ltr'><strong>haec</strong></span> <span class='ocrx_word' id='word_1_47' title='bbox 205 811 241 840; x_wconf 82' lang='lat' dir='ltr'><strong>F.</strong></span> <span class='ocrx_word' id='word_1_48' title='bbox 255 812 286 840; x_wconf 80' lang='lat'><strong>3.</strong></span> <span class='ocrx_word' id='word_1_49' title='bbox 301 812 338 839; x_wconf 82' lang='lat' dir='ltr'><strong>G.</strong></span> <span class='ocrx_word' id='word_1_50' title='bbox 350 812 387 840; x_wconf 90' lang='lat' dir='ltr'><strong>P.</strong></span> <span class='ocrx_word' id='word_1_51' title='bbox 400 813 440 840; x_wconf 88' lang='lat' dir='ltr'><strong>D.</strong></span> <span class='ocrx_word' id='word_1_52' title='bbox 455 820 484 846; x_wconf 89' lang='lat' dir='ltr'><strong>p.</strong></span> <span class='ocrx_word' id='word_1_53' title='bbox 499 811 521 839; x_wconf 83' lang='lat' dir='ltr'><strong>f.</strong></span> <span class='ocrx_word' id='word_1_54' title='bbox 535 807 564 839; x_wconf 86' lang='grc' dir='ltr'>δ.</span> <span class='ocrx_word' id='word_1_55' title='bbox 579 811 637 840; x_wconf 85' lang='lat' dir='ltr'><strong>alii</strong></span> <span class='ocrx_word' id='word_1_56' title='bbox 651 815 680 839; x_wconf 84' lang='lat' dir='ltr'><strong>et</strong></span> <span class='ocrx_word' id='word_1_57' title='bbox 694 811 768 840; x_wconf 69' lang='lat' dir='ltr'><strong>Ald.</strong></span> <span class='ocrx_word' id='word_1_58' title='bbox 788 812 872 840; x_wconf 80' lang='lat' dir='ltr'><strong>lunt.</strong></span> <span class='ocrx_word' id='word_1_59' title='bbox 886 812 917 839; x_wconf 81' lang='lat'><strong>2.</strong></span> <span class='ocrx_word' id='word_1_60' title='bbox 937 812 1048 839; x_wconf 61' lang='lat' dir='ltr'><strong>U’ow.</strong></span> <span class='ocrx_word' id='word_1_61' title='bbox 1063 814 1092 839; x_wconf 81' lang='lat' dir='ltr'><strong>et</strong></span> <span class='ocrx_word' id='word_1_62' title='bbox 1112 818 1200 844; x_wconf 81' lang='lat' dir='ltr'><strong>seqq.</strong></span> <span class='ocrx_word' id='word_1_63' title='bbox 1235 811 1273 838; x_wconf 91' lang='lat' dir='ltr'><strong>In</strong></span> <span class='ocrx_word' id='word_1_64' title='bbox 1293 808 1409 838; x_wconf 79' lang='lat' dir='ltr'><strong>ceteris</strong></span> <span class='ocrx_word' id='word_1_65' title='bbox 1427 805 1492 837; x_wconf 80' lang='lat' dir='ltr'><strong>Iu‘c.</strong></span> <span class='ocrx_word' id='word_1_66' title='bbox 1529 805 1704 841; x_wconf 83' lang='lat' dir='ltr'>Scioppius</span> <span class='ocrx_word' id='word_1_67' title='bbox 1717 803 1908 833; x_wconf 74' lang='lat' dir='ltr'>observavit</span> 
     </span>
     <span class='ocr_line' id='line_1_11' title="bbox 107 849 1907 890; baseline -0.004 -6"><span class='ocrx_word' id='word_1_68' title='bbox 107 858 182 890; x_wconf 80' lang='lat' dir='ltr'><strong>plus</strong></span> <span class='ocrx_word' id='word_1_69' title='bbox 195 857 296 885; x_wconf 79' lang='lat' dir='ltr'><strong>octies</strong></span> <span class='ocrx_word' id='word_1_70' title='bbox 310 857 362 885; x_wconf 83' lang='lat' dir='ltr'><strong>his</strong></span> <span class='ocrx_word' id='word_1_71' title='bbox 376 858 500 885; x_wconf 84' lang='lat' dir='ltr'><strong>duobus</strong></span> <span class='ocrx_word' id='word_1_72' title='bbox 514 856 607 885; x_wconf 69' lang='lat' dir='ltr'><strong>libris</strong></span> <span class='ocrx_word' id='word_1_73' title='bbox 621 860 639 884; x_wconf 86' lang='lat'>5</span> <span class='ocrx_word' id='word_1_74' title='bbox 655 860 684 884; x_wconf 82' lang='lat' dir='ltr'><strong>et</strong></span> <span class='ocrx_word' id='word_1_75' title='bbox 699 858 728 883; x_wconf 86' lang='grc'>6.</span> <span class='ocrx_word' id='word_1_76' title='bbox 743 857 776 883; x_wconf 87' lang='lat' dir='ltr'><strong>in</strong></span> <span class='ocrx_word' id='word_1_77' title='bbox 790 858 850 884; x_wconf 86' lang='lat' dir='ltr'><strong>hac</strong></span> <span class='ocrx_word' id='word_1_78' title='bbox 864 856 1026 890; x_wconf 80' lang='lat' dir='ltr'><strong>particula</strong></span> <span class='ocrx_word' id='word_1_79' title='bbox 1040 862 1059 884; x_wconf 85' lang='lat' dir='ltr'><strong>a</strong></span> <span class='ocrx_word' id='word_1_80' title='bbox 1071 855 1218 884; x_wconf 83' lang='lat' dir='ltr'><strong>librariis</strong></span> <span class='ocrx_word' id='word_1_81' title='bbox 1230 858 1399 889; x_wconf 77' lang='lat' dir='ltr'><strong>peccatum</strong></span> <span class='ocrx_word' id='word_1_82' title='bbox 1411 861 1502 888; x_wconf 87' lang='lat' dir='ltr'><strong>esse,</strong></span> <span class='ocrx_word' id='word_1_83' title='bbox 1528 851 1609 887; x_wconf 87' lang='lat' dir='ltr'><strong>[qua</strong></span> <span class='ocrx_word' id='word_1_84' title='bbox 1620 850 1812 880; x_wconf 78' lang='lat' dir='ltr'><strong>confusione</strong></span> <span class='ocrx_word' id='word_1_85' title='bbox 1824 849 1907 877; x_wconf 81' lang='lat' dir='ltr'><strong>nihil</strong></span> 
     </span>
     <span class='ocr_line' id='line_1_12' title="bbox 106 892 1907 936; baseline -0.003 -8"><span class='ocrx_word' id='word_1_86' title='bbox 106 901 328 936; x_wconf 76' lang='lat' dir='ltr'><strong>frequentius,</strong></span> <span class='ocrx_word' id='word_1_87' title='bbox 357 903 439 936; x_wconf 86' lang='lat' dir='ltr'><strong>quod</strong></span> <span class='ocrx_word' id='word_1_88' title='bbox 455 903 645 935; x_wconf 83' lang='lat' dir='ltr'><strong>compendia</strong></span> <span class='ocrx_word' id='word_1_89' title='bbox 659 909 723 929; x_wconf 85' lang='lat' dir='ltr'><strong>non</strong></span> <span class='ocrx_word' id='word_1_90' title='bbox 739 905 872 935; x_wconf 77' lang='lat' dir='ltr'><strong>possunt</strong></span> <span class='ocrx_word' id='word_1_91' title='bbox 886 901 1050 933; x_wconf 63' lang='lat' dir='ltr'><strong>dignosci:</strong></span> <span class='ocrx_word' id='word_1_92' title='bbox 1075 898 1107 927; x_wconf 68' lang='lat' dir='ltr'><strong>la’</strong></span> <span class='ocrx_word' id='word_1_93' title='bbox 1120 901 1207 929; x_wconf 87' lang='lat' dir='ltr'><strong>euim</strong></span> <span class='ocrx_word' id='word_1_94' title='bbox 1219 903 1309 928; x_wconf 80' lang='lat' dir='ltr'><strong>notat</strong></span> <span class='ocrx_word' id='word_1_95' title='bbox 1327 897 1398 935; x_wconf 72' lang='lat' dir='ltr'><strong>hie,</strong></span> <span class='ocrx_word' id='word_1_96' title='bbox 1424 896 1526 935; x_wconf 78' lang='lat' dir='ltr'><strong>haec,</strong></span> <span class='ocrx_word' id='word_1_97' title='bbox 1551 894 1624 924; x_wconf 71' lang='lat' dir='ltr'><strong>hoc.</strong></span> <span class='ocrx_word' id='word_1_98' title='bbox 1671 892 1807 933; x_wconf 78' lang='lat' dir='ltr'><strong>afferat</strong></span> <span class='ocrx_word' id='word_1_99' title='bbox 1818 895 1855 923; x_wconf 85' lang='grc' dir='ltr'>Ρ.</span> <span class='ocrx_word' id='word_1_100' title='bbox 1868 895 1907 922; x_wconf 90' lang='lat' dir='ltr'><strong>D.</strong></span> 
     </span>
    </p>
   </div>
   <div class='ocr_carea' id='block_1_10' title="bbox 107 944 955 983">
    <p class='ocr_par' dir='ltr' id='par_1_10' title="bbox 107 944 955 983">
     <span class='ocr_line' id='line_1_13' title="bbox 107 944 955 983; baseline -0.002 -9"><span class='ocrx_word' id='word_1_101' title='bbox 107 946 130 974; x_wconf 81' lang='lat' dir='ltr'><strong>f.</strong></span> <span class='ocrx_word' id='word_1_102' title='bbox 145 944 174 975; x_wconf 76' lang='grc' dir='ltr'>δ.</span> <span class='ocrx_word' id='word_1_103' title='bbox 191 954 219 981; x_wconf 90' lang='lat' dir='ltr'><strong>p.</strong></span> <span class='ocrx_word' id='word_1_104' title='bbox 234 948 271 975; x_wconf 80' lang='lat' dir='ltr'><strong>G.</strong></span> <span class='ocrx_word' id='word_1_105' title='bbox 285 953 305 975; x_wconf 86' lang='lat' dir='ltr'><strong>a</strong></span> <span class='ocrx_word' id='word_1_106' title='bbox 317 955 357 975; x_wconf 89' lang='lat' dir='ltr'><strong>m.</strong></span> <span class='ocrx_word' id='word_1_107' title='bbox 373 955 400 976; x_wconf 89' lang='lat' dir='ltr'><strong>s.</strong></span> <span class='ocrx_word' id='word_1_108' title='bbox 425 945 479 980; x_wconf 86' lang='lat' dir='ltr'><strong>(iu</strong></span> <span class='ocrx_word' id='word_1_109' title='bbox 491 955 553 981; x_wconf 90' lang='lat' dir='ltr'><strong>quo</strong></span> <span class='ocrx_word' id='word_1_110' title='bbox 567 954 586 974; x_wconf 87' lang='lat' dir='ltr'><strong>a</strong></span> <span class='ocrx_word' id='word_1_111' title='bbox 599 954 639 975; x_wconf 90' lang='lat' dir='ltr'><strong>m.</strong></span> <span class='ocrx_word' id='word_1_112' title='bbox 655 954 684 980; x_wconf 91' lang='lat' dir='ltr'><strong>p.</strong></span> <span class='ocrx_word' id='word_1_113' title='bbox 700 950 788 975; x_wconf 78' lang='lat' dir='ltr'><strong>extat</strong></span> <span class='ocrx_word' id='word_1_114' title='bbox 801 944 955 983; x_wconf 66' lang='lat' dir='ltr'><strong>afferet.)</strong></span> 
     </span>
    </p>
   </div>
   <div class='ocr_carea' id='block_1_11' title="bbox 107 985 1910 1161">
    <p class='ocr_par' dir='ltr' id='par_1_11' title="bbox 107 985 1910 1161">
     <span class='ocr_line' id='line_1_14' title="bbox 198 985 1910 1026; baseline -0.004 -8"><span class='ocrx_word' id='word_1_115' title='bbox 198 991 284 1019; x_wconf 68' lang='lat' dir='ltr'><strong>nia-u</strong></span> <span class='ocrx_word' id='word_1_116' title='bbox 298 993 544 1020; x_wconf 82' lang='lat' dir='ltr'><strong>Beroald.1um.</strong></span> <span class='ocrx_word' id='word_1_117' title='bbox 558 993 585 1019; x_wconf 88' lang='lat'><strong>1.</strong></span> <span class='ocrx_word' id='word_1_118' title='bbox 598 992 675 1020; x_wconf 78' lang='lat' dir='ltr'><strong>Ald.</strong></span> <span class='ocrx_word' id='word_1_119' title='bbox 685 991 788 1020; x_wconf 73' lang='lat' dir='ltr'><strong>Colin.</strong></span> <span class='ocrx_word' id='word_1_120' title='bbox 802 996 834 1019; x_wconf 88' lang='lat' dir='ltr'><strong>ut</strong></span> <span class='ocrx_word' id='word_1_121' title='bbox 850 996 898 1020; x_wconf 82' lang='lat' dir='ltr'><strong>est</strong></span> <span class='ocrx_word' id='word_1_122' title='bbox 911 991 946 1020; x_wconf 91' lang='lat' dir='ltr'><strong>in</strong></span> <span class='ocrx_word' id='word_1_123' title='bbox 954 991 987 1020; x_wconf 89' lang='grc' dir='ltr'>Ο.</span> <span class='ocrx_word' id='word_1_124' title='bbox 1003 994 1159 1026; x_wconf 80' lang='lat' dir='ltr'><strong>perpetua</strong></span> <span class='ocrx_word' id='word_1_125' title='bbox 1173 990 1373 1018; x_wconf 80' lang='lat' dir='ltr'><strong>confusione.</strong></span> <span class='ocrx_word' id='word_1_126' title='bbox 1397 985 1483 1016; x_wconf 75' lang='lat' dir='ltr'><strong>Nt&#39;su</strong></span> <span class='ocrx_word' id='word_1_127' title='bbox 1497 989 1573 1017; x_wconf 83' lang='lat' dir='ltr'><strong>dant</strong></span> <span class='ocrx_word' id='word_1_128' title='bbox 1586 986 1738 1016; x_wconf 84' lang='lat' dir='ltr'><strong>meliores</strong></span> <span class='ocrx_word' id='word_1_129' title='bbox 1749 985 1826 1015; x_wconf 85' lang='lat' dir='ltr'>libri</span> <span class='ocrx_word' id='word_1_130' title='bbox 1837 991 1910 1013; x_wconf 87' lang='lat' dir='ltr'><strong>cum</strong></span> 
     </span>
     <span class='ocr_line' id='line_1_15' title="bbox 107 1029 1909 1071; baseline -0.004 -7"><span class='ocrx_word' id='word_1_131' title='bbox 107 1037 225 1065; x_wconf 86' lang='lat' dir='ltr'><strong>ceteris</strong></span> <span class='ocrx_word' id='word_1_132' title='bbox 237 1037 319 1065; x_wconf 83' lang='lat' dir='ltr'><strong>Edd.</strong></span> <span class='ocrx_word' id='word_1_133' title='bbox 332 1036 414 1071; x_wconf 75' lang='lat' dir='ltr'><strong>nisi,</strong></span> <span class='ocrx_word' id='word_1_134' title='bbox 442 1037 524 1070; x_wconf 81' lang='lat' dir='ltr'><strong>quod</strong></span> <span class='ocrx_word' id='word_1_135' title='bbox 538 1038 571 1065; x_wconf 90' lang='lat' dir='ltr'><strong>in</strong></span> <span class='ocrx_word' id='word_1_136' title='bbox 583 1037 712 1065; x_wconf 73' lang='lat' dir='ltr'><strong>Vicent.</strong></span> <span class='ocrx_word' id='word_1_137' title='bbox 726 1037 840 1065; x_wconf 75' lang='lat' dir='ltr'><strong>Venet.</strong></span> <span class='ocrx_word' id='word_1_138' title='bbox 854 1038 884 1064; x_wconf 76' lang='lat'><strong>2.</strong></span> <span class='ocrx_word' id='word_1_139' title='bbox 900 1039 928 1064; x_wconf 82' lang='lat' dir='ltr'><strong>et</strong></span> <span class='ocrx_word' id='word_1_140' title='bbox 943 1040 1078 1070; x_wconf 80' lang='lat' dir='ltr'><strong>utraque</strong></span> <span class='ocrx_word' id='word_1_141' title='bbox 1090 1036 1194 1064; x_wconf 67' lang='lat' dir='ltr'><strong>Bas-il.</strong></span> <span class='ocrx_word' id='word_1_142' title='bbox 1214 1035 1351 1071; x_wconf 77' lang='lat' dir='ltr'><strong>legitur,</strong></span> <span class='ocrx_word' id='word_1_143' title='bbox 1378 1035 1615 1068; x_wconf 72' lang='lat' dir='ltr'>typothetarum</span> <span class='ocrx_word' id='word_1_144' title='bbox 1635 1039 1723 1061; x_wconf 91' lang='lat' dir='ltr'><strong>error</strong></span> <span class='ocrx_word' id='word_1_145' title='bbox 1741 1034 1800 1060; x_wconf 80' lang='lat' dir='ltr'><strong>est.</strong></span> <span class='ocrx_word' id='word_1_146' title='bbox 1848 1029 1909 1057; x_wconf 78' lang='lat' dir='ltr'><strong>ab·</strong></span> 
     </span>
     <span class='ocr_line' id='line_1_16' title="bbox 108 1077 1910 1118; baseline -0.004 -10"><span class='ocrx_word' id='word_1_147' title='bbox 108 1084 241 1118; x_wconf 81' lang='lat' dir='ltr'><strong>rumpto</strong></span> <span class='ocrx_word' id='word_1_148' title='bbox 258 1083 375 1110; x_wconf 75' lang='lat' dir='ltr'><strong>Venet.</strong></span> <span class='ocrx_word' id='word_1_149' title='bbox 389 1083 420 1110; x_wconf 72' lang='lat'><strong>4.</strong></span> <span class='ocrx_word' id='word_1_150' title='bbox 441 1082 548 1110; x_wconf 86' lang='lat' dir='ltr'><strong>Paris.</strong></span> <span class='ocrx_word' id='word_1_151' title='bbox 585 1089 746 1117; x_wconf 79' lang='lat' dir='ltr'><strong>arrumpo</strong></span> <span class='ocrx_word' id='word_1_152' title='bbox 761 1078 791 1109; x_wconf 79' lang='grc' dir='ltr'><strong>δ.</strong></span> <span class='ocrx_word' id='word_1_153' title='bbox 839 1079 1042 1118; x_wconf 62' lang='lat' dir='ltr'><strong>quadr-specie·</strong></span> <span class='ocrx_word' id='word_1_154' title='bbox 1058 1089 1088 1115; x_wconf 89' lang='lat' dir='ltr'><strong>p.</strong></span> <span class='ocrx_word' id='word_1_155' title='bbox 1104 1080 1125 1110; x_wconf 80' lang='lat' dir='ltr'><strong>f.</strong></span> <span class='ocrx_word' id='word_1_156' title='bbox 1174 1088 1276 1108; x_wconf 78' lang='lat' dir='ltr'><strong>eursu</strong></span> <span class='ocrx_word' id='word_1_157' title='bbox 1285 1078 1426 1116; x_wconf 70' lang='lat' dir='ltr'><strong>proprio</strong></span> <span class='ocrx_word' id='word_1_158' title='bbox 1440 1079 1555 1107; x_wconf 76' lang='lat' dir='ltr'><strong>Venet.</strong></span> <span class='ocrx_word' id='word_1_159' title='bbox 1569 1079 1600 1105; x_wconf 77' lang='lat'><strong>4.</strong></span> <span class='ocrx_word' id='word_1_160' title='bbox 1613 1077 1720 1106; x_wconf 82' lang='lat' dir='ltr'><strong>Paris.</strong></span> <span class='ocrx_word' id='word_1_161' title='bbox 1770 1078 1839 1103; x_wconf 80' lang='lat' dir='ltr'><strong>tam</strong></span> <span class='ocrx_word' id='word_1_162' title='bbox 1853 1082 1910 1110; x_wconf 89' lang='lat' dir='ltr'><strong>pro</strong></span> 
     </span>
     <span class='ocr_line' id='line_1_17' title="bbox 110 1121 1910 1161; baseline -0.003 -7"><span class='ocrx_word' id='word_1_163' title='bbox 110 1129 222 1154; x_wconf 70' lang='lat' dir='ltr'><strong>tamen</strong></span> <span class='ocrx_word' id='word_1_164' title='bbox 235 1127 270 1156; x_wconf 91' lang='grc'>0.</span> <span class='ocrx_word' id='word_1_165' title='bbox 318 1125 481 1154; x_wconf 76' lang='lat' dir='ltr'><strong>acutulae</strong></span> <span class='ocrx_word' id='word_1_166' title='bbox 492 1128 528 1155; x_wconf 86' lang='lat' dir='ltr'><strong>F.</strong></span> <span class='ocrx_word' id='word_1_167' title='bbox 543 1127 573 1154; x_wconf 85' lang='lat'><strong>3.</strong></span> <span class='ocrx_word' id='word_1_168' title='bbox 588 1134 607 1155; x_wconf 93' lang='lat' dir='ltr'><strong>a</strong></span> <span class='ocrx_word' id='word_1_169' title='bbox 620 1134 660 1155; x_wconf 87' lang='lat' dir='ltr'><strong>m.</strong></span> <span class='ocrx_word' id='word_1_170' title='bbox 675 1134 703 1160; x_wconf 88' lang='lat' dir='ltr'><strong>p.</strong></span> <span class='ocrx_word' id='word_1_171' title='bbox 722 1126 798 1161; x_wconf 77' lang='lat' dir='ltr'><strong>(sed</strong></span> <span class='ocrx_word' id='word_1_172' title='bbox 812 1126 846 1154; x_wconf 90' lang='lat' dir='ltr'><strong>in</strong></span> <span class='ocrx_word' id='word_1_173' title='bbox 859 1126 1006 1161; x_wconf 82' lang='lat' dir='ltr'>margine</span> <span class='ocrx_word' id='word_1_174' title='bbox 1020 1128 1060 1154; x_wconf 87' lang='lat' dir='ltr'><strong>ab</strong></span> <span class='ocrx_word' id='word_1_175' title='bbox 1076 1127 1187 1154; x_wconf 78' lang='lat' dir='ltr'><strong>eadem</strong></span> <span class='ocrx_word' id='word_1_176' title='bbox 1200 1133 1298 1154; x_wconf 86' lang='lat' dir='ltr'><strong>manu</strong></span> <span class='ocrx_word' id='word_1_177' title='bbox 1312 1123 1521 1158; x_wconf 72' lang='lat' dir='ltr'><strong>ascutulae.)</strong></span> <span class='ocrx_word' id='word_1_178' title='bbox 1537 1124 1574 1152; x_wconf 83' lang='lat' dir='ltr'><strong>G.</strong></span> <span class='ocrx_word' id='word_1_179' title='bbox 1587 1124 1627 1151; x_wconf 90' lang='lat' dir='ltr'><strong>D.</strong></span> <span class='ocrx_word' id='word_1_180' title='bbox 1641 1123 1721 1151; x_wconf 72' lang='lat' dir='ltr'><strong>Ro.</strong></span> <span class='ocrx_word' id='word_1_181' title='bbox 1735 1129 1773 1150; x_wconf 84' lang='grc' dir='ltr'><strong>π.</strong></span> <span class='ocrx_word' id='word_1_182' title='bbox 1786 1121 1910 1150; x_wconf 62' lang='lat' dir='ltr'><strong>lanne.</strong></span> 
     </span>
    </p>
   </div>
   <div class='ocr_carea' id='block_1_12' title="bbox 105 1170 840 1206">
    <p class='ocr_par' dir='ltr' id='par_1_12' title="bbox 105 1170 840 1206">
     <span class='ocr_line' id='line_1_18' title="bbox 105 1170 840 1206; baseline -0.003 -5"><span class='ocrx_word' id='word_1_183' title='bbox 105 1173 143 1201; x_wconf 84' lang='lat' dir='ltr'><strong>ln</strong></span> <span class='ocrx_word' id='word_1_184' title='bbox 157 1172 274 1201; x_wconf 79' lang='lat' dir='ltr'><strong>ceteris</strong></span> <span class='ocrx_word' id='word_1_185' title='bbox 290 1171 474 1200; x_wconf 75' lang='lat' dir='ltr'><strong>ascutulae.</strong></span> <span class='ocrx_word' id='word_1_186' title='bbox 524 1170 637 1199; x_wconf 77' lang='lat' dir='ltr'><strong>oculos</strong></span> <span class='ocrx_word' id='word_1_187' title='bbox 649 1173 764 1200; x_wconf 78' lang='lat' dir='ltr'><strong>exulat</strong></span> <span class='ocrx_word' id='word_1_188' title='bbox 775 1178 794 1200; x_wconf 88' lang='lat' dir='ltr'><strong>a</strong></span> <span class='ocrx_word' id='word_1_189' title='bbox 809 1179 840 1206; x_wconf 87' lang='lat' dir='ltr'><strong>p.</strong></span> 
     </span>
    </p>
   </div>
   <div class='ocr_carea' id='block_1_13' title="bbox 106 1279 995 3192">
    <p class='ocr_par' dir='ltr' id='par_1_13' title="bbox 106 1279 980 1502">
     <span class='ocr_line' id='line_1_19' title="bbox 109 1279 978 1333; baseline 0 -15"><span class='ocrx_word' id='word_1_190' title='bbox 109 1279 225 1321; x_wconf 88' lang='lat' dir='ltr'><strong>Treb.</strong></span> <span class='ocrx_word' id='word_1_191' title='bbox 249 1280 351 1320; x_wconf 91' lang='lat' dir='ltr'><strong>Poll.</strong></span> <span class='ocrx_word' id='word_1_192' title='bbox 379 1281 428 1318; x_wconf 90' lang='lat' dir='ltr'><strong>de</strong></span> <span class='ocrx_word' id='word_1_193' title='bbox 453 1282 538 1331; x_wconf 83' lang='lat' dir='ltr'><strong>trig.</strong></span> <span class='ocrx_word' id='word_1_194' title='bbox 565 1279 657 1331; x_wconf 76' lang='lat' dir='ltr'><strong>Tyr.</strong></span> <span class='ocrx_word' id='word_1_195' title='bbox 683 1295 715 1319; x_wconf 93' lang='lat' dir='ltr'><strong>c.</strong></span> <span class='ocrx_word' id='word_1_196' title='bbox 742 1285 777 1321; x_wconf 91' lang='lat'><strong>8.</strong></span> <span class='ocrx_word' id='word_1_197' title='bbox 817 1279 978 1333; x_wconf 88' lang='lat' dir='ltr'><strong>[Tacito</strong></span> 
     </span>
     <span class='ocr_line' id='line_1_20' title="bbox 106 1336 978 1388; baseline -0.002 -12"><span class='ocrx_word' id='word_1_198' title='bbox 106 1337 185 1376; x_wconf 87' lang='lat' dir='ltr'><strong>hoc</strong></span> <span class='ocrx_word' id='word_1_199' title='bbox 208 1338 367 1376; x_wconf 80' lang='lat' dir='ltr'><strong>verbum</strong></span> <span class='ocrx_word' id='word_1_200' title='bbox 391 1350 486 1388; x_wconf 89' lang='lat' dir='ltr'><strong>prae</strong></span> <span class='ocrx_word' id='word_1_201' title='bbox 513 1338 654 1375; x_wconf 84' lang='lat' dir='ltr'><strong>ceteris</strong></span> <span class='ocrx_word' id='word_1_202' title='bbox 679 1337 716 1374; x_wconf 93' lang='lat' dir='ltr'><strong>in</strong></span> <span class='ocrx_word' id='word_1_203' title='bbox 741 1350 816 1374; x_wconf 91' lang='lat' dir='ltr'><strong>usu</strong></span> <span class='ocrx_word' id='word_1_204' title='bbox 840 1342 904 1374; x_wconf 90' lang='lat' dir='ltr'><strong>est</strong></span> <span class='ocrx_word' id='word_1_205' title='bbox 929 1336 978 1375; x_wconf 87' lang='lat' dir='ltr'><strong>cf.</strong></span> 
     </span>
     <span class='ocr_line' id='line_1_21' title="bbox 107 1392 980 1444; baseline -0.002 -12"><span class='ocrx_word' id='word_1_206' title='bbox 107 1393 288 1432; x_wconf 88' lang='lat' dir='ltr'><strong>Boettch.</strong></span> <span class='ocrx_word' id='word_1_207' title='bbox 314 1393 413 1432; x_wconf 88' lang='lat' dir='ltr'><strong>Lex.</strong></span> <span class='ocrx_word' id='word_1_208' title='bbox 441 1392 533 1431; x_wconf 90' lang='lat' dir='ltr'><strong>Tac.</strong></span> <span class='ocrx_word' id='word_1_209' title='bbox 559 1407 597 1444; x_wconf 86' lang='lat' dir='ltr'><strong>p.</strong></span> <span class='ocrx_word' id='word_1_210' title='bbox 626 1396 715 1433; x_wconf 84' lang='lat'><strong>199.</strong></span> <span class='ocrx_word' id='word_1_211' title='bbox 746 1392 902 1432; x_wconf 86' lang='lat' dir='ltr'><strong>Ruhnk.</strong></span> <span class='ocrx_word' id='word_1_212' title='bbox 929 1392 980 1430; x_wconf 90' lang='lat' dir='ltr'><strong>ad</strong></span> 
     </span>
     <span class='ocr_line' id='line_1_22' title="bbox 108 1449 341 1502; baseline 0 -14"><span class='ocrx_word' id='word_1_213' title='bbox 108 1449 216 1489; x_wconf 87' lang='lat' dir='ltr'><strong>Vell.</strong></span> <span class='ocrx_word' id='word_1_214' title='bbox 241 1450 265 1488; x_wconf 93' lang='lat' dir='ltr'><strong>l.</strong></span> <span class='ocrx_word' id='word_1_215' title='bbox 292 1450 341 1502; x_wconf 91' lang='lat' dir='ltr'><strong>c.]</strong></span> 
     </span>
    </p>

    <p class='ocr_par' dir='ltr' id='par_1_14' title="bbox 109 1504 984 2121">
     <span class='ocr_line' id='line_1_23' title="bbox 166 1504 978 1559; baseline -0.004 -13"><span class='ocrx_word' id='word_1_216' title='bbox 166 1507 327 1546; x_wconf 79' lang='lat' dir='ltr'><strong>asinina</strong></span> <span class='ocrx_word' id='word_1_217' title='bbox 352 1507 572 1559; x_wconf 67' lang='lat' dir='ltr'><strong>coyfiatio.</strong></span> <span class='ocrx_word' id='word_1_218' title='bbox 605 1505 738 1559; x_wconf 85' lang='lat' dir='ltr'><strong>[Hunc</strong></span> <span class='ocrx_word' id='word_1_219' title='bbox 763 1504 891 1544; x_wconf 92' lang='lat' dir='ltr'><strong>locum</strong></span> <span class='ocrx_word' id='word_1_220' title='bbox 917 1518 978 1544; x_wconf 87' lang='lat' dir='ltr'><strong>ac-</strong></span> 
     </span>
     <span class='ocr_line' id='line_1_24' title="bbox 110 1560 980 1614; baseline -0.001 -14"><span class='ocrx_word' id='word_1_221' title='bbox 110 1563 278 1602; x_wconf 85' lang='lat' dir='ltr'><strong>curatius</strong></span> <span class='ocrx_word' id='word_1_222' title='bbox 327 1564 452 1614; x_wconf 78' lang='lat' dir='ltr'><strong>attigit</strong></span> <span class='ocrx_word' id='word_1_223' title='bbox 498 1563 630 1601; x_wconf 83' lang='lat' dir='ltr'><strong>Barth.</strong></span> <span class='ocrx_word' id='word_1_224' title='bbox 676 1563 843 1601; x_wconf 81' lang='lat' dir='ltr'><strong>Advers.</strong></span> <span class='ocrx_word' id='word_1_225' title='bbox 876 1560 980 1599; x_wconf 74' lang='lat' dir='ltr'><strong>Vlll.</strong></span> 
     </span>
     <span class='ocr_line' id='line_1_25' title="bbox 112 1618 983 1671; baseline -0.005 -11"><span class='ocrx_word' id='word_1_226' title='bbox 112 1623 175 1659; x_wconf 77' lang='grc'><strong>14.</strong></span> <span class='ocrx_word' id='word_1_227' title='bbox 211 1633 251 1671; x_wconf 83' lang='lat' dir='ltr'><strong>p.</strong></span> <span class='ocrx_word' id='word_1_228' title='bbox 282 1622 377 1660; x_wconf 82' lang='lat'><strong>393.</strong></span> <span class='ocrx_word' id='word_1_229' title='bbox 415 1620 477 1657; x_wconf 89' lang='lat' dir='ltr'><strong>ubi</strong></span> <span class='ocrx_word' id='word_1_230' title='bbox 508 1633 597 1657; x_wconf 89' lang='lat' dir='ltr'><strong>eum</strong></span> <span class='ocrx_word' id='word_1_231' title='bbox 622 1621 719 1657; x_wconf 89' lang='lat' dir='ltr'><strong>inter</strong></span> <span class='ocrx_word' id='word_1_232' title='bbox 744 1619 864 1657; x_wconf 85' lang='lat' dir='ltr'><strong>multa</strong></span> <span class='ocrx_word' id='word_1_233' title='bbox 905 1618 983 1656; x_wconf 87' lang='lat' dir='ltr'><strong>alia</strong></span> 
     </span>
     <span class='ocr_line' id='line_1_26' title="bbox 109 1675 982 1727; baseline -0.002 -14"><span class='ocrx_word' id='word_1_234' title='bbox 109 1675 293 1727; x_wconf 85' lang='lat' dir='ltr'><strong>exempla</strong></span> <span class='ocrx_word' id='word_1_235' title='bbox 334 1680 550 1721; x_wconf 78' lang='lat' dir='ltr'>enumerat,</span> <span class='ocrx_word' id='word_1_236' title='bbox 589 1677 730 1727; x_wconf 89' lang='lat' dir='ltr'><strong>quibus</strong></span> <span class='ocrx_word' id='word_1_237' title='bbox 766 1675 982 1713; x_wconf 79' lang='lat' dir='ltr'><strong>convicium</strong></span> 
     </span>
     <span class='ocr_line' id='line_1_27' title="bbox 110 1732 983 1777; baseline -0.002 -7"><span class='ocrx_word' id='word_1_238' title='bbox 110 1732 236 1770; x_wconf 82' lang='lat' dir='ltr'><strong>fuisse</strong></span> <span class='ocrx_word' id='word_1_239' title='bbox 271 1734 396 1770; x_wconf 89' lang='lat' dir='ltr'><strong>omnis</strong></span> <span class='ocrx_word' id='word_1_240' title='bbox 432 1733 517 1770; x_wconf 75' lang='lat' dir='ltr'><strong>aevi</strong></span> <span class='ocrx_word' id='word_1_241' title='bbox 549 1733 699 1770; x_wconf 87' lang='lat' dir='ltr'><strong>asinum</strong></span> <span class='ocrx_word' id='word_1_242' title='bbox 730 1732 983 1777; x_wconf 85' lang='lat' dir='ltr'>demonstret,</span> 
     </span>
     <span class='ocr_line' id='line_1_28' title="bbox 110 1788 983 1840; baseline 0 -14"><span class='ocrx_word' id='word_1_243' title='bbox 110 1788 304 1827; x_wconf 86' lang='lat' dir='ltr'><strong>hominem</strong></span> <span class='ocrx_word' id='word_1_244' title='bbox 341 1790 469 1827; x_wconf 86' lang='lat' dir='ltr'><strong>obtusi</strong></span> <span class='ocrx_word' id='word_1_245' title='bbox 506 1790 647 1840; x_wconf 82' lang='lat' dir='ltr'><strong>ingenii</strong></span> <span class='ocrx_word' id='word_1_246' title='bbox 689 1788 983 1839; x_wconf 76' lang='lat' dir='ltr'><strong>significantem.</strong></span> 
     </span>
     <span class='ocr_line' id='line_1_29' title="bbox 109 1845 984 1896; baseline -0.002 -14"><span class='ocrx_word' id='word_1_247' title='bbox 109 1845 273 1883; x_wconf 86' lang='lat' dir='ltr'><strong>bardum</strong></span> <span class='ocrx_word' id='word_1_248' title='bbox 285 1849 325 1883; x_wconf 82' lang='lat' dir='ltr'><strong>et</strong></span> <span class='ocrx_word' id='word_1_249' title='bbox 337 1845 547 1896; x_wconf 77' lang='lat' dir='ltr'><strong>stupidum,</strong></span> <span class='ocrx_word' id='word_1_250' title='bbox 563 1859 640 1896; x_wconf 88' lang='lat' dir='ltr'><strong>qua</strong></span> <span class='ocrx_word' id='word_1_251' title='bbox 654 1845 853 1883; x_wconf 85' lang='lat' dir='ltr'><strong>obscurior</strong></span> <span class='ocrx_word' id='word_1_252' title='bbox 866 1848 984 1894; x_wconf 88' lang='lat' dir='ltr'><strong>atque</strong></span> 
     </span>
     <span class='ocr_line' id='line_1_30' title="bbox 109 1901 982 1953; baseline -0.001 -14"><span class='ocrx_word' id='word_1_253' title='bbox 109 1902 243 1939; x_wconf 84' lang='lat' dir='ltr'><strong>tetrior</strong></span> <span class='ocrx_word' id='word_1_254' title='bbox 273 1901 482 1953; x_wconf 72' lang='lat' dir='ltr'><strong>stupiditas</strong></span> <span class='ocrx_word' id='word_1_255' title='bbox 515 1901 568 1939; x_wconf 90' lang='lat' dir='ltr'><strong>illi</strong></span> <span class='ocrx_word' id='word_1_256' title='bbox 595 1902 709 1939; x_wconf 84' lang='lat' dir='ltr'><strong>obiici</strong></span> <span class='ocrx_word' id='word_1_257' title='bbox 736 1914 810 1939; x_wconf 90' lang='lat' dir='ltr'><strong>non</strong></span> <span class='ocrx_word' id='word_1_258' title='bbox 842 1901 982 1951; x_wconf 78' lang='lat' dir='ltr'><strong>possit.</strong></span> 
     </span>
     <span class='ocr_line' id='line_1_31' title="bbox 111 1956 982 2008; baseline 0 -12"><span class='ocrx_word' id='word_1_259' title='bbox 111 1957 159 1996; x_wconf 81' lang='lat' dir='ltr'><strong>cf.</strong></span> <span class='ocrx_word' id='word_1_260' title='bbox 186 1957 301 1996; x_wconf 89' lang='lat' dir='ltr'><strong>eund.</strong></span> <span class='ocrx_word' id='word_1_261' title='bbox 315 1959 351 1996; x_wconf 88' lang='lat' dir='ltr'><strong>in</strong></span> <span class='ocrx_word' id='word_1_262' title='bbox 367 1956 742 1995; x_wconf 75' lang='lat' dir='ltr'><strong>Advers.XXX1V.</strong></span> <span class='ocrx_word' id='word_1_263' title='bbox 756 1961 792 1998; x_wconf 86' lang='lat'><strong>6.</strong></span> <span class='ocrx_word' id='word_1_264' title='bbox 808 1970 843 2008; x_wconf 87' lang='lat' dir='ltr'><strong>p.</strong></span> <span class='ocrx_word' id='word_1_265' title='bbox 864 1962 982 1997; x_wconf 85' lang='lat'><strong>1555.</strong></span> 
     </span>
     <span class='ocr_line' id='line_1_32' title="bbox 113 2012 984 2064; baseline 0 -13"><span class='ocrx_word' id='word_1_266' title='bbox 113 2012 280 2052; x_wconf 86' lang='lat' dir='ltr'><strong>Turneb.</strong></span> <span class='ocrx_word' id='word_1_267' title='bbox 306 2014 475 2052; x_wconf 78' lang='lat' dir='ltr'><strong>Advers.</strong></span> <span class='ocrx_word' id='word_1_268' title='bbox 500 2012 687 2051; x_wconf 73' lang='lat' dir='ltr'><strong>XXVIH.</strong></span> <span class='ocrx_word' id='word_1_269' title='bbox 714 2017 778 2053; x_wconf 86' lang='lat'><strong>35.</strong></span> <span class='ocrx_word' id='word_1_270' title='bbox 805 2027 840 2064; x_wconf 89' lang='lat' dir='ltr'><strong>p.</strong></span> <span class='ocrx_word' id='word_1_271' title='bbox 865 2017 984 2054; x_wconf 87' lang='lat'><strong>1081.</strong></span> 
     </span>
     <span class='ocr_line' id='line_1_33' title="bbox 114 2068 619 2121; baseline -0.002 -14"><span class='ocrx_word' id='word_1_272' title='bbox 114 2069 242 2108; x_wconf 88' lang='lat' dir='ltr'><strong>Plaut.</strong></span> <span class='ocrx_word' id='word_1_273' title='bbox 267 2068 415 2108; x_wconf 89' lang='lat' dir='ltr'><strong>Pseud.</strong></span> <span class='ocrx_word' id='word_1_274' title='bbox 442 2070 469 2108; x_wconf 88' lang='lat' dir='ltr'><strong>l.</strong></span> <span class='ocrx_word' id='word_1_275' title='bbox 495 2071 532 2110; x_wconf 74' lang='lat'><strong>2.</strong></span> <span class='ocrx_word' id='word_1_276' title='bbox 559 2069 619 2121; x_wconf 82' lang='grc'>4.]</span> 
     </span>
    </p>

    <p class='ocr_par' dir='ltr' id='par_1_15' title="bbox 112 2123 995 3192">
     <span class='ocr_line' id='line_1_34' title="bbox 171 2123 987 2177; baseline -0.001 -13"><span class='ocrx_word' id='word_1_277' title='bbox 171 2123 440 2164; x_wconf 49' lang='grc' dir='ltr'>ΕΛΕΧΧΥΙΙ.</span> <span class='ocrx_word' id='word_1_278' title='bbox 465 2126 667 2165; x_wconf 74' lang='lat' dir='ltr'><strong>acutulae.</strong></span> <span class='ocrx_word' id='word_1_279' title='bbox 701 2124 832 2177; x_wconf 85' lang='lat' dir='ltr'><strong>[Mera</strong></span> <span class='ocrx_word' id='word_1_280' title='bbox 847 2124 987 2176; x_wconf 80' lang='lat' dir='ltr'><strong>glossa</strong></span> 
     </span>
     <span class='ocr_line' id='line_1_35' title="bbox 114 2181 985 2220; baseline -0.001 0"><span class='ocrx_word' id='word_1_281' title='bbox 114 2181 229 2220; x_wconf 85' lang='lat' dir='ltr'><strong>huius</strong></span> <span class='ocrx_word' id='word_1_282' title='bbox 255 2182 435 2220; x_wconf 79' lang='lat' dir='ltr'><strong>vocabuli</strong></span> <span class='ocrx_word' id='word_1_283' title='bbox 459 2182 612 2220; x_wconf 77' lang='lat' dir='ltr'><strong>videtur</strong></span> <span class='ocrx_word' id='word_1_284' title='bbox 636 2181 713 2219; x_wconf 87' lang='lat' dir='ltr'><strong>alia</strong></span> <span class='ocrx_word' id='word_1_285' title='bbox 746 2182 858 2220; x_wconf 84' lang='lat' dir='ltr'><strong>lectio</strong></span> <span class='ocrx_word' id='word_1_286' title='bbox 891 2195 985 2219; x_wconf 88' lang='lat' dir='ltr'><strong>esse</strong></span> 
     </span>
     <span class='ocr_line' id='line_1_36' title="bbox 115 2235 984 2289; baseline -0.001 -12"><span class='ocrx_word' id='word_1_287' title='bbox 115 2238 334 2283; x_wconf 74' lang='lat' dir='ltr'><strong>astettnlae,</strong></span> <span class='ocrx_word' id='word_1_288' title='bbox 360 2251 476 2289; x_wconf 86' lang='lat' dir='ltr'><strong>quam</strong></span> <span class='ocrx_word' id='word_1_289' title='bbox 490 2237 592 2276; x_wconf 89' lang='lat' dir='ltr'><strong>Oud.</strong></span> <span class='ocrx_word' id='word_1_290' title='bbox 620 2237 795 2276; x_wconf 79' lang='lat' dir='ltr'><strong>defendit</strong></span> <span class='ocrx_word' id='word_1_291' title='bbox 813 2251 863 2275; x_wconf 82' lang='lat' dir='ltr'><strong>ex</strong></span> <span class='ocrx_word' id='word_1_292' title='bbox 887 2235 984 2276; x_wconf 83' lang='lat' dir='ltr'><strong>Met.</strong></span> 
     </span>
     <span class='ocr_line' id='line_1_37' title="bbox 114 2293 984 2347; baseline 0.001 -15"><span class='ocrx_word' id='word_1_293' title='bbox 114 2293 182 2332; x_wconf 86' lang='lat' dir='ltr'><strong>IX.</strong></span> <span class='ocrx_word' id='word_1_294' title='bbox 209 2307 248 2345; x_wconf 87' lang='lat' dir='ltr'><strong>p.</strong></span> <span class='ocrx_word' id='word_1_295' title='bbox 273 2298 368 2335; x_wconf 88' lang='grc'>600.</span> <span class='ocrx_word' id='word_1_296' title='bbox 406 2299 445 2333; x_wconf 78' lang='lat' dir='ltr'><strong>et</strong></span> <span class='ocrx_word' id='word_1_297' title='bbox 473 2295 531 2333; x_wconf 79' lang='lat' dir='ltr'><strong>cul</strong></span> <span class='ocrx_word' id='word_1_298' title='bbox 564 2294 796 2333; x_wconf 73' lang='lat' dir='ltr'><strong>huiusmodi</strong></span> <span class='ocrx_word' id='word_1_299' title='bbox 818 2296 984 2347; x_wconf 73' lang='lat' dir='ltr'><strong>flayitia</strong></span> 
     </span>
     <span class='ocr_line' id='line_1_38' title="bbox 112 2350 984 2402; baseline 0.001 -14"><span class='ocrx_word' id='word_1_300' title='bbox 112 2351 453 2402; x_wconf 74' lang='lat' dir='ltr'><strong>perastutula,</strong></span> <span class='ocrx_word' id='word_1_301' title='bbox 495 2351 597 2388; x_wconf 90' lang='lat' dir='ltr'><strong>idem</strong></span> <span class='ocrx_word' id='word_1_302' title='bbox 633 2350 848 2388; x_wconf 86' lang='lat' dir='ltr'><strong>emendans</strong></span> <span class='ocrx_word' id='word_1_303' title='bbox 886 2350 984 2389; x_wconf 84' lang='lat' dir='ltr'><strong>Met.</strong></span> 
     </span>
     <span class='ocr_line' id='line_1_39' title="bbox 114 2405 985 2459; baseline 0 -15"><span class='ocrx_word' id='word_1_304' title='bbox 114 2405 183 2444; x_wconf 88' lang='lat' dir='ltr'><strong>lX.</strong></span> <span class='ocrx_word' id='word_1_305' title='bbox 197 2410 337 2458; x_wconf 83' lang='lat' dir='ltr'><strong>p.593.</strong></span> <span class='ocrx_word' id='word_1_306' title='bbox 354 2407 450 2446; x_wconf 86' lang='lat' dir='ltr'><strong>Hoc</strong></span> <span class='ocrx_word' id='word_1_307' title='bbox 469 2406 691 2459; x_wconf 70' lang='lat' dir='ltr'><strong>astutulo</strong></span> <span class='ocrx_word' id='word_1_308' title='bbox 712 2412 931 2446; x_wconf 82' lang='lat' dir='ltr'><strong>commento</strong></span> <span class='ocrx_word' id='word_1_309' title='bbox 945 2411 985 2444; x_wconf 89' lang='lat' dir='ltr'><strong>et</strong></span> 
     </span>
     <span class='ocr_line' id='line_1_40' title="bbox 114 2462 983 2515; baseline 0 -14"><span class='ocrx_word' id='word_1_310' title='bbox 114 2477 152 2515; x_wconf 84' lang='lat' dir='ltr'><strong>p.</strong></span> <span class='ocrx_word' id='word_1_311' title='bbox 168 2466 262 2504; x_wconf 84' lang='lat'><strong>651.</strong></span> <span class='ocrx_word' id='word_1_312' title='bbox 288 2463 505 2503; x_wconf 73' lang='lat' dir='ltr'><strong>astutule</strong></span> <span class='ocrx_word' id='word_1_313' title='bbox 529 2464 653 2502; x_wconf 79' lang='lat' dir='ltr'><strong>asine.</strong></span> <span class='ocrx_word' id='word_1_314' title='bbox 684 2462 757 2500; x_wconf 87' lang='lat' dir='ltr'><strong>Hic</strong></span> <span class='ocrx_word' id='word_1_315' title='bbox 770 2476 861 2501; x_wconf 83' lang='lat' dir='ltr'><strong>vero</strong></span> <span class='ocrx_word' id='word_1_316' title='bbox 880 2477 983 2501; x_wconf 88' lang='lat' dir='ltr'><strong>com·</strong></span> 
     </span>
     <span class='ocr_line' id='line_1_41' title="bbox 115 2519 990 2572; baseline 0.001 -15"><span class='ocrx_word' id='word_1_317' title='bbox 115 2519 272 2572; x_wconf 89' lang='lat' dir='ltr'><strong>probari</strong></span> <span class='ocrx_word' id='word_1_318' title='bbox 285 2521 431 2571; x_wconf 83' lang='lat' dir='ltr'><strong>nequit,</strong></span> <span class='ocrx_word' id='word_1_319' title='bbox 446 2520 536 2570; x_wconf 83' lang='lat' dir='ltr'><strong>quia</strong></span> <span class='ocrx_word' id='word_1_320' title='bbox 553 2533 624 2557; x_wconf 90' lang='lat' dir='ltr'><strong>non</strong></span> <span class='ocrx_word' id='word_1_321' title='bbox 641 2519 690 2556; x_wconf 89' lang='lat' dir='ltr'><strong>ad</strong></span> <span class='ocrx_word' id='word_1_322' title='bbox 705 2519 820 2557; x_wconf 87' lang='lat' dir='ltr'><strong>dolos</strong></span> <span class='ocrx_word' id='word_1_323' title='bbox 834 2524 874 2557; x_wconf 91' lang='lat' dir='ltr'><strong>et</strong></span> <span class='ocrx_word' id='word_1_324' title='bbox 886 2524 990 2558; x_wconf 86' lang='lat' dir='ltr'><strong>astu-</strong></span> 
     </span>
     <span class='ocr_line' id='line_1_42' title="bbox 116 2575 992 2627; baseline 0 -13"><span class='ocrx_word' id='word_1_325' title='bbox 116 2577 208 2614; x_wconf 88' lang='lat' dir='ltr'><strong>tiam</strong></span> <span class='ocrx_word' id='word_1_326' title='bbox 221 2589 320 2615; x_wconf 86' lang='lat' dir='ltr'><strong>anus</strong></span> <span class='ocrx_word' id='word_1_327' title='bbox 333 2576 505 2614; x_wconf 87' lang='lat' dir='ltr'><strong>mulieris</strong></span> <span class='ocrx_word' id='word_1_328' title='bbox 519 2575 804 2627; x_wconf 86' lang='lat' dir='ltr'><strong>respiciendum</strong></span> <span class='ocrx_word' id='word_1_329' title='bbox 820 2579 892 2622; x_wconf 75' lang='lat' dir='ltr'><strong>est,</strong></span> <span class='ocrx_word' id='word_1_330' title='bbox 917 2576 992 2615; x_wconf 91' lang='lat' dir='ltr'><strong>sed</strong></span> 
     </span>
     <span class='ocr_line' id='line_1_43' title="bbox 117 2631 992 2678; baseline 0 -7"><span class='ocrx_word' id='word_1_331' title='bbox 117 2632 168 2671; x_wconf 88' lang='lat' dir='ltr'><strong>ad</strong></span> <span class='ocrx_word' id='word_1_332' title='bbox 181 2645 374 2671; x_wconf 87' lang='lat' dir='ltr'><strong>summam</strong></span> <span class='ocrx_word' id='word_1_333' title='bbox 394 2634 478 2671; x_wconf 87' lang='lat' dir='ltr'><strong>eius</strong></span> <span class='ocrx_word' id='word_1_334' title='bbox 498 2633 620 2670; x_wconf 85' lang='lat' dir='ltr'><strong>aciem</strong></span> <span class='ocrx_word' id='word_1_335' title='bbox 641 2632 853 2670; x_wconf 85' lang='lat' dir='ltr'><strong>oculorum.</strong></span> <span class='ocrx_word' id='word_1_336' title='bbox 879 2631 992 2678; x_wconf 84' lang='lat' dir='ltr'><strong>Quae</strong></span> 
     </span>
     <span class='ocr_line' id='line_1_44' title="bbox 117 2689 991 2738; baseline 0 -11"><span class='ocrx_word' id='word_1_337' title='bbox 117 2690 219 2727; x_wconf 83' lang='lat' dir='ltr'><strong>enim</strong></span> <span class='ocrx_word' id='word_1_338' title='bbox 249 2690 326 2728; x_wconf 83' lang='lat' dir='ltr'><strong>ista</strong></span> <span class='ocrx_word' id='word_1_339' title='bbox 356 2693 418 2728; x_wconf 86' lang='lat' dir='ltr'><strong>est</strong></span> <span class='ocrx_word' id='word_1_340' title='bbox 449 2689 660 2733; x_wconf 67' lang='lat' dir='ltr'><strong>calliditas,</strong></span> <span class='ocrx_word' id='word_1_341' title='bbox 693 2701 809 2738; x_wconf 81' lang='lat' dir='ltr'><strong>quum</strong></span> <span class='ocrx_word' id='word_1_342' title='bbox 840 2689 991 2727; x_wconf 87' lang='lat' dir='ltr'><strong>asinum</strong></span> 
     </span>
     <span class='ocr_line' id='line_1_45' title="bbox 117 2743 992 2796; baseline 0.001 -13"><span class='ocrx_word' id='word_1_343' title='bbox 117 2743 202 2783; x_wconf 79' lang='lat' dir='ltr'><strong>loro</strong></span> <span class='ocrx_word' id='word_1_344' title='bbox 231 2758 309 2796; x_wconf 88' lang='lat' dir='ltr'><strong>quo</strong></span> <span class='ocrx_word' id='word_1_345' title='bbox 342 2745 468 2784; x_wconf 83' lang='lat' dir='ltr'><strong>suerat</strong></span> <span class='ocrx_word' id='word_1_346' title='bbox 498 2745 716 2783; x_wconf 89' lang='lat' dir='ltr'><strong>destinatus</strong></span> <span class='ocrx_word' id='word_1_347' title='bbox 747 2745 911 2796; x_wconf 80' lang='lat' dir='ltr'><strong>abrupto</strong></span> <span class='ocrx_word' id='word_1_348' title='bbox 938 2745 992 2784; x_wconf 86' lang='lat' dir='ltr'><strong>su-</strong></span> 
     </span>
     <span class='ocr_line' id='line_1_46' title="bbox 120 2801 993 2854; baseline 0.002 -15"><span class='ocrx_word' id='word_1_349' title='bbox 120 2801 288 2851; x_wconf 85' lang='lat' dir='ltr'><strong>gientem</strong></span> <span class='ocrx_word' id='word_1_350' title='bbox 312 2801 525 2854; x_wconf 73' lang='lat' dir='ltr'><strong>prospicit?</strong></span> <span class='ocrx_word' id='word_1_351' title='bbox 558 2801 759 2840; x_wconf 74' lang='lat' dir='ltr'><strong>Acntzdns</strong></span> <span class='ocrx_word' id='word_1_352' title='bbox 783 2805 824 2839; x_wconf 89' lang='lat' dir='ltr'><strong>ut</strong></span> <span class='ocrx_word' id='word_1_353' title='bbox 848 2807 993 2841; x_wconf 77' lang='lat' dir='ltr'><strong>acutus</strong></span> 
     </span>
     <span class='ocr_line' id='line_1_47' title="bbox 118 2856 995 2903; baseline 0.002 -9"><span class='ocrx_word' id='word_1_354' title='bbox 118 2856 159 2894; x_wconf 85' lang='lat' dir='ltr'><strong>b.</strong></span> <span class='ocrx_word' id='word_1_355' title='bbox 185 2856 210 2896; x_wconf 90' lang='lat' dir='ltr'><strong>l.</strong></span> <span class='ocrx_word' id='word_1_356' title='bbox 241 2858 292 2896; x_wconf 84' lang='lat' dir='ltr'><strong>de</strong></span> <span class='ocrx_word' id='word_1_357' title='bbox 316 2858 514 2897; x_wconf 88' lang='lat' dir='ltr'><strong>oculorum</strong></span> <span class='ocrx_word' id='word_1_358' title='bbox 550 2858 635 2896; x_wconf 91' lang='lat' dir='ltr'><strong>acie</strong></span> <span class='ocrx_word' id='word_1_359' title='bbox 671 2857 812 2895; x_wconf 85' lang='lat' dir='ltr'><strong>dictum</strong></span> <span class='ocrx_word' id='word_1_360' title='bbox 837 2862 916 2903; x_wconf 88' lang='lat' dir='ltr'><strong>est,</strong></span> <span class='ocrx_word' id='word_1_361' title='bbox 952 2863 995 2896; x_wconf 90' lang='lat' dir='ltr'><strong>ut</strong></span> 
     </span>
     <span class='ocr_line' id='line_1_48' title="bbox 123 2911 993 2959; baseline 0.002 -9"><span class='ocrx_word' id='word_1_362' title='bbox 123 2911 215 2952; x_wconf 83' lang='lat' dir='ltr'><strong>Hor.</strong></span> <span class='ocrx_word' id='word_1_363' title='bbox 230 2913 395 2953; x_wconf 84' lang='lat' dir='ltr'><strong>Serm.1.</strong></span> <span class='ocrx_word' id='word_1_364' title='bbox 411 2918 449 2955; x_wconf 89' lang='grc'>3.</span> <span class='ocrx_word' id='word_1_365' title='bbox 465 2918 549 2959; x_wconf 65' lang='lat'><strong>26„</strong></span> <span class='ocrx_word' id='word_1_366' title='bbox 573 2915 638 2951; x_wconf 89' lang='lat' dir='ltr'><strong>ubi</strong></span> <span class='ocrx_word' id='word_1_367' title='bbox 663 2914 765 2951; x_wconf 84' lang='lat' dir='ltr'><strong>acuti</strong></span> <span class='ocrx_word' id='word_1_368' title='bbox 778 2914 879 2952; x_wconf 90' lang='lat' dir='ltr'><strong>oculi</strong></span> <span class='ocrx_word' id='word_1_369' title='bbox 907 2927 993 2952; x_wconf 86' lang='lat' dir='ltr'><strong>curn</strong></span> 
     </span>
     <span class='ocr_line' id='line_1_49' title="bbox 123 2969 994 3023; baseline 0.002 -17"><span class='ocrx_word' id='word_1_370' title='bbox 123 2969 339 3020; x_wconf 83' lang='lat' dir='ltr'><strong>aquilarum</strong></span> <span class='ocrx_word' id='word_1_371' title='bbox 364 2975 406 3009; x_wconf 86' lang='lat' dir='ltr'><strong>et</strong></span> <span class='ocrx_word' id='word_1_372' title='bbox 428 2971 665 3023; x_wconf 83' lang='lat' dir='ltr'><strong>serpentium</strong></span> <span class='ocrx_word' id='word_1_373' title='bbox 692 2970 816 3008; x_wconf 88' lang='lat' dir='ltr'><strong>oculis</strong></span> <span class='ocrx_word' id='word_1_374' title='bbox 841 2983 994 3021; x_wconf 82' lang='lat' dir='ltr'><strong>compa-</strong></span> 
     </span>
     <span class='ocr_line' id='line_1_50' title="bbox 122 3027 995 3067; baseline 0.003 -5"><span class='ocrx_word' id='word_1_375' title='bbox 122 3027 267 3064; x_wconf 80' lang='lat' dir='ltr'><strong>rantur:</strong></span> <span class='ocrx_word' id='word_1_376' title='bbox 296 3027 379 3067; x_wconf 83' lang='lat' dir='ltr'><strong>Cm·</strong></span> <span class='ocrx_word' id='word_1_377' title='bbox 391 3030 433 3066; x_wconf 83' lang='lat' dir='ltr'><strong>in</strong></span> <span class='ocrx_word' id='word_1_378' title='bbox 449 3029 670 3067; x_wconf 81' lang='lat' dir='ltr'><strong>amicorum</strong></span> <span class='ocrx_word' id='word_1_379' title='bbox 684 3027 791 3065; x_wconf 74' lang='lat' dir='ltr'><strong>vitiis</strong></span> <span class='ocrx_word' id='word_1_380' title='bbox 808 3031 892 3066; x_wconf 78' lang='lat' dir='ltr'><strong>tam</strong></span> <span class='ocrx_word' id='word_1_381' title='bbox 912 3040 995 3066; x_wconf 84' lang='lat' dir='ltr'><strong>cer-</strong></span> 
     </span>
     <span class='ocr_line' id='line_1_51' title="bbox 123 3081 995 3135; baseline 0.003 -16"><span class='ocrx_word' id='word_1_382' title='bbox 123 3081 187 3119; x_wconf 79' lang='lat' dir='ltr'><strong>nis</strong></span> <span class='ocrx_word' id='word_1_383' title='bbox 206 3087 385 3129; x_wconf 76' lang='lat' dir='ltr'><strong>acutum,</strong></span> <span class='ocrx_word' id='word_1_384' title='bbox 411 3084 544 3130; x_wconf 81' lang='lat' dir='ltr'><strong>Quam</strong></span> <span class='ocrx_word' id='word_1_385' title='bbox 571 3087 645 3123; x_wconf 77' lang='lat' dir='ltr'><strong>aut</strong></span> <span class='ocrx_word' id='word_1_386' title='bbox 661 3082 807 3135; x_wconf 82' lang='lat' dir='ltr'><strong>aquila</strong></span> <span class='ocrx_word' id='word_1_387' title='bbox 826 3087 900 3122; x_wconf 80' lang='lat' dir='ltr'><strong>aut</strong></span> <span class='ocrx_word' id='word_1_388' title='bbox 917 3096 995 3122; x_wconf 79' lang='lat' dir='ltr'><strong>ser-</strong></span> 
     </span>
     <span class='ocr_line' id='line_1_52' title="bbox 119 3138 995 3192; baseline 0.003 -16"><span class='ocrx_word' id='word_1_389' title='bbox 119 3149 225 3189; x_wconf 80' lang='lat' dir='ltr'><strong>pens</strong></span> <span class='ocrx_word' id='word_1_390' title='bbox 250 3139 533 3192; x_wconf 73' lang='lat' dir='ltr'><strong>Epidaurius?</strong></span> <span class='ocrx_word' id='word_1_391' title='bbox 558 3139 687 3178; x_wconf 86' lang='lat' dir='ltr'><strong>Plaut.</strong></span> <span class='ocrx_word' id='word_1_392' title='bbox 713 3138 901 3178; x_wconf 83' lang='lat' dir='ltr'><strong>Pseudol.</strong></span> <span class='ocrx_word' id='word_1_393' title='bbox 928 3139 995 3179; x_wconf 74' lang='lat' dir='ltr'><strong>lv.</strong></span> 
     </span>
    </p>
   </div>
   <div class='ocr_carea' id='block_1_14' title="bbox 1039 1276 1930 3133">
    <p class='ocr_par' dir='ltr' id='par_1_16' title="bbox 1039 1276 1919 1949">
     <span class='ocr_line' id='line_1_53' title="bbox 1039 1276 1911 1332; baseline -0.007 -12"><span class='ocrx_word' id='word_1_394' title='bbox 1039 1284 1076 1320; x_wconf 96' lang='grc'>7.</span> <span class='ocrx_word' id='word_1_395' title='bbox 1105 1284 1195 1320; x_wconf 83' lang='grc'>121.</span> <span class='ocrx_word' id='word_1_396' title='bbox 1221 1294 1374 1332; x_wconf 71' lang='lat' dir='ltr'><strong>mayno</strong></span> <span class='ocrx_word' id='word_1_397' title='bbox 1400 1279 1554 1331; x_wconf 80' lang='lat' dir='ltr'><strong>capite,</strong></span> <span class='ocrx_word' id='word_1_398' title='bbox 1587 1278 1746 1317; x_wconf 74' lang='lat' dir='ltr'><strong>acutis</strong></span> <span class='ocrx_word' id='word_1_399' title='bbox 1771 1276 1911 1320; x_wconf 76' lang='lat' dir='ltr'><strong>oculis,</strong></span> 
     </span>
     <span class='ocr_line' id='line_1_54' title="bbox 1039 1332 1912 1382; baseline -0.006 -7"><span class='ocrx_word' id='word_1_400' title='bbox 1039 1351 1109 1375; x_wconf 87' lang='lat' dir='ltr'><strong>ore</strong></span> <span class='ocrx_word' id='word_1_401' title='bbox 1143 1336 1404 1382; x_wconf 71' lang='lat' dir='ltr'><strong>rubeczmdo,</strong></span> <span class='ocrx_word' id='word_1_402' title='bbox 1446 1335 1511 1372; x_wconf 88' lang='lat' dir='ltr'><strong>ubi</strong></span> <span class='ocrx_word' id='word_1_403' title='bbox 1549 1347 1625 1372; x_wconf 93' lang='lat' dir='ltr'><strong>non</strong></span> <span class='ocrx_word' id='word_1_404' title='bbox 1662 1333 1714 1372; x_wconf 87' lang='lat' dir='ltr'><strong>ad</strong></span> <span class='ocrx_word' id='word_1_405' title='bbox 1751 1332 1912 1371; x_wconf 80' lang='lat' dir='ltr'><strong>formam</strong></span> 
     </span>
     <span class='ocr_line' id='line_1_55' title="bbox 1039 1390 1912 1440; baseline -0.006 -9"><span class='ocrx_word' id='word_1_406' title='bbox 1039 1392 1238 1431; x_wconf 90' lang='lat' dir='ltr'><strong>oculorum</strong></span> <span class='ocrx_word' id='word_1_407' title='bbox 1266 1397 1412 1431; x_wconf 78' lang='lat' dir='ltr'><strong>acutus</strong></span> <span class='ocrx_word' id='word_1_408' title='bbox 1437 1390 1572 1428; x_wconf 80' lang='lat' dir='ltr'><strong>referri</strong></span> <span class='ocrx_word' id='word_1_409' title='bbox 1603 1393 1753 1440; x_wconf 85' lang='lat' dir='ltr'><strong>potest,</strong></span> <span class='ocrx_word' id='word_1_410' title='bbox 1785 1401 1912 1439; x_wconf 88' lang='lat' dir='ltr'><strong>neque</strong></span> 
     </span>
     <span class='ocr_line' id='line_1_56' title="bbox 1039 1445 1915 1501; baseline -0.007 -13"><span class='ocrx_word' id='word_1_411' title='bbox 1039 1450 1202 1501; x_wconf 72' lang='lat' dir='ltr'><strong>aryntt&#39;s</strong></span> <span class='ocrx_word' id='word_1_412' title='bbox 1216 1448 1436 1499; x_wconf 82' lang='lat' dir='ltr'><strong>legendum.</strong></span> <span class='ocrx_word' id='word_1_413' title='bbox 1457 1447 1582 1487; x_wconf 79' lang='lat' dir='ltr'><strong>Acuti</strong></span> <span class='ocrx_word' id='word_1_414' title='bbox 1595 1447 1695 1484; x_wconf 84' lang='lat' dir='ltr'><strong>enim</strong></span> <span class='ocrx_word' id='word_1_415' title='bbox 1709 1445 1809 1484; x_wconf 89' lang='lat' dir='ltr'><strong>oculi</strong></span> <span class='ocrx_word' id='word_1_416' title='bbox 1823 1448 1915 1483; x_wconf 85' lang='lat' dir='ltr'><strong>sunt</strong></span> 
     </span>
     <span class='ocr_line' id='line_1_57' title="bbox 1040 1505 1914 1556; baseline -0.006 -13"><span class='ocrx_word' id='word_1_417' title='bbox 1040 1505 1154 1556; x_wconf 85' lang='lat' dir='ltr'><strong>quasi</strong></span> <span class='ocrx_word' id='word_1_418' title='bbox 1190 1507 1443 1556; x_wconf 83' lang='lat' dir='ltr'><strong>penetrantes</strong></span> <span class='ocrx_word' id='word_1_419' title='bbox 1479 1507 1518 1541; x_wconf 88' lang='lat' dir='ltr'><strong>et</strong></span> <span class='ocrx_word' id='word_1_420' title='bbox 1541 1506 1777 1554; x_wconf 80' lang='lat' dir='ltr'><strong>pungentes,</strong></span> <span class='ocrx_word' id='word_1_421' title='bbox 1814 1514 1914 1552; x_wconf 86' lang='lat' dir='ltr'><strong>quos</strong></span> 
     </span>
     <span class='ocr_line' id='line_1_58' title="bbox 1041 1558 1915 1613; baseline -0.007 -13"><span class='ocrx_word' id='word_1_422' title='bbox 1041 1575 1115 1600; x_wconf 89' lang='lat' dir='ltr'><strong>nos</strong></span> <span class='ocrx_word' id='word_1_423' title='bbox 1127 1562 1343 1601; x_wconf 79' lang='lat' dir='ltr'><strong>stechemle</strong></span> <span class='ocrx_word' id='word_1_424' title='bbox 1359 1561 1504 1613; x_wconf 74' lang='lat' dir='ltr'><strong>Auyen</strong></span> <span class='ocrx_word' id='word_1_425' title='bbox 1519 1559 1697 1597; x_wconf 84' lang='lat' dir='ltr'><strong>dicimus:</strong></span> <span class='ocrx_word' id='word_1_426' title='bbox 1722 1558 1915 1608; x_wconf 87' lang='lat' dir='ltr'><strong>iidemque</strong></span> 
     </span>
     <span class='ocr_line' id='line_1_59' title="bbox 1042 1613 1916 1669; baseline -0.005 -14"><span class='ocrx_word' id='word_1_427' title='bbox 1042 1622 1150 1663; x_wconf 89' lang='lat' dir='ltr'><strong>sunt,</strong></span> <span class='ocrx_word' id='word_1_428' title='bbox 1177 1619 1243 1668; x_wconf 92' lang='lat' dir='ltr'><strong>qui</strong></span> <span class='ocrx_word' id='word_1_429' title='bbox 1258 1617 1358 1656; x_wconf 86' lang='lat' dir='ltr'><strong>alias</strong></span> <span class='ocrx_word' id='word_1_430' title='bbox 1373 1617 1517 1669; x_wconf 76' lang='lat' dir='ltr'><strong>aryuii</strong></span> <span class='ocrx_word' id='word_1_431' title='bbox 1531 1616 1784 1660; x_wconf 74' lang='lat' dir='ltr'><strong>nominantur,</strong></span> <span class='ocrx_word' id='word_1_432' title='bbox 1811 1613 1916 1664; x_wconf 88' lang='lat' dir='ltr'><strong>quod</strong></span> 
     </span>
     <span class='ocr_line' id='line_1_60' title="bbox 1042 1669 1917 1721; baseline -0.003 -10"><span class='ocrx_word' id='word_1_433' title='bbox 1042 1675 1275 1713; x_wconf 79' lang='lat' dir='ltr'><strong>vocabulum</strong></span> <span class='ocrx_word' id='word_1_434' title='bbox 1289 1674 1339 1712; x_wconf 90' lang='lat' dir='ltr'><strong>ad</strong></span> <span class='ocrx_word' id='word_1_435' title='bbox 1353 1686 1497 1712; x_wconf 86' lang='lat' dir='ltr'><strong>sensus</strong></span> <span class='ocrx_word' id='word_1_436' title='bbox 1512 1672 1675 1711; x_wconf 86' lang='lat' dir='ltr'><strong>relatum</strong></span> <span class='ocrx_word' id='word_1_437' title='bbox 1689 1672 1791 1710; x_wconf 89' lang='lat' dir='ltr'><strong>idem</strong></span> <span class='ocrx_word' id='word_1_438' title='bbox 1812 1669 1917 1721; x_wconf 92' lang='lat' dir='ltr'><strong>quod</strong></span> 
     </span>
     <span class='ocr_line' id='line_1_61' title="bbox 1043 1727 1916 1781; baseline -0.008 -10"><span class='ocrx_word' id='word_1_439' title='bbox 1043 1736 1188 1771; x_wconf 77' lang='lat' dir='ltr'><strong>acutus</strong></span> <span class='ocrx_word' id='word_1_440' title='bbox 1213 1730 1404 1781; x_wconf 80' lang='lat' dir='ltr'><strong>significat</strong></span> <span class='ocrx_word' id='word_1_441' title='bbox 1429 1729 1478 1768; x_wconf 83' lang='lat' dir='ltr'><strong>cf.</strong></span> <span class='ocrx_word' id='word_1_442' title='bbox 1492 1728 1607 1767; x_wconf 80' lang='lat' dir='ltr'><strong>Ovid.</strong></span> <span class='ocrx_word' id='word_1_443' title='bbox 1617 1729 1706 1766; x_wconf 83' lang='lat' dir='ltr'><strong>Am.</strong></span> <span class='ocrx_word' id='word_1_444' title='bbox 1720 1727 1785 1767; x_wconf 91' lang='lat' dir='ltr'><strong>Ill.</strong></span> <span class='ocrx_word' id='word_1_445' title='bbox 1799 1731 1835 1767; x_wconf 82' lang='lat'><strong>2.</strong></span> <span class='ocrx_word' id='word_1_446' title='bbox 1851 1729 1916 1766; x_wconf 88' lang='grc'>79.</span> 
     </span>
     <span class='ocr_line' id='line_1_62' title="bbox 1043 1783 1919 1839; baseline -0.006 -13"><span class='ocrx_word' id='word_1_447' title='bbox 1043 1788 1157 1827; x_wconf 75' lang='lat' dir='ltr'><strong>Risit</strong></span> <span class='ocrx_word' id='word_1_448' title='bbox 1185 1792 1225 1826; x_wconf 83' lang='lat' dir='ltr'><strong>et</strong></span> <span class='ocrx_word' id='word_1_449' title='bbox 1252 1787 1453 1839; x_wconf 60' lang='lat' dir='ltr'><strong>argutis</strong></span> <span class='ocrx_word' id='word_1_450' title='bbox 1491 1785 1692 1837; x_wconf 78' lang='lat' dir='ltr'><strong>quiddam</strong></span> <span class='ocrx_word' id='word_1_451' title='bbox 1724 1783 1919 1836; x_wconf 79' lang='lat' dir='ltr'><strong>promisit</strong></span> 
     </span>
     <span class='ocr_line' id='line_1_63' title="bbox 1045 1840 1916 1894; baseline -0.003 -13"><span class='ocrx_word' id='word_1_452' title='bbox 1045 1844 1184 1883; x_wconf 83' lang='lat' dir='ltr'><strong>ocellis</strong></span> <span class='ocrx_word' id='word_1_453' title='bbox 1208 1843 1298 1881; x_wconf 89' lang='lat' dir='ltr'><strong>ibid.</strong></span> <span class='ocrx_word' id='word_1_454' title='bbox 1313 1847 1351 1883; x_wconf 90' lang='lat'><strong>3.</strong></span> <span class='ocrx_word' id='word_1_455' title='bbox 1367 1846 1404 1883; x_wconf 90' lang='lat'><strong>9.</strong></span> <span class='ocrx_word' id='word_1_456' title='bbox 1431 1841 1652 1894; x_wconf 76' lang='lat' dir='ltr'><strong>Aryutos</strong></span> <span class='ocrx_word' id='word_1_457' title='bbox 1676 1840 1826 1879; x_wconf 75' lang='lat' dir='ltr'><strong>habeut</strong></span> <span class='ocrx_word' id='word_1_458' title='bbox 1848 1853 1916 1878; x_wconf 86' lang='lat' dir='ltr'><strong>ra·</strong></span> 
     </span>
     <span class='ocr_line' id='line_1_64' title="bbox 1043 1897 1608 1949; baseline -0.005 -11"><span class='ocrx_word' id='word_1_459' title='bbox 1043 1899 1365 1945; x_wconf 54' lang='lat' dir='ltr'><strong>diantntsidusk</strong></span> <span class='ocrx_word' id='word_1_460' title='bbox 1395 1897 1608 1949; x_wconf 68' lang='lat' dir='ltr'><strong>ocellos]</strong></span> 
     </span>
    </p>

    <p class='ocr_par' dir='ltr' id='par_1_17' title="bbox 1042 1952 1930 3133">
     <span class='ocr_line' id='line_1_65' title="bbox 1098 1952 1919 2006; baseline -0.005 -12"><span class='ocrx_word' id='word_1_461' title='bbox 1098 1956 1286 1994; x_wconf 76' lang='lat' dir='ltr'><strong>milvinos</strong></span> <span class='ocrx_word' id='word_1_462' title='bbox 1318 1955 1469 1995; x_wconf 83' lang='lat' dir='ltr'><strong>oculos.</strong></span> <span class='ocrx_word' id='word_1_463' title='bbox 1520 1952 1792 2006; x_wconf 74' lang='lat' dir='ltr'><strong>[Observandi</strong></span> <span class='ocrx_word' id='word_1_464' title='bbox 1828 1955 1919 1991; x_wconf 87' lang='lat' dir='ltr'><strong>sunt</strong></span> 
     </span>
     <span class='ocr_line' id='line_1_66' title="bbox 1047 2008 1919 2062; baseline -0.005 -11"><span class='ocrx_word' id='word_1_465' title='bbox 1047 2013 1158 2051; x_wconf 75' lang='lat' dir='ltr'><strong>oculi</strong></span> <span class='ocrx_word' id='word_1_466' title='bbox 1183 2012 1354 2057; x_wconf 73' lang='lat' dir='ltr'><strong>milcini,</strong></span> <span class='ocrx_word' id='word_1_467' title='bbox 1392 2023 1493 2062; x_wconf 89' lang='lat' dir='ltr'><strong>quos</strong></span> <span class='ocrx_word' id='word_1_468' title='bbox 1529 2024 1598 2062; x_wconf 90' lang='lat' dir='ltr'><strong>pro</strong></span> <span class='ocrx_word' id='word_1_469' title='bbox 1629 2010 1828 2062; x_wconf 73' lang='lat' dir='ltr'><strong>aquilinis</strong></span> <span class='ocrx_word' id='word_1_470' title='bbox 1857 2008 1919 2047; x_wconf 88' lang='lat' dir='ltr'><strong>bic</strong></span> 
     </span>
     <span class='ocr_line' id='line_1_67' title="bbox 1045 2065 1917 2119; baseline -0.003 -13"><span class='ocrx_word' id='word_1_471' title='bbox 1045 2068 1172 2106; x_wconf 79' lang='lat' dir='ltr'><strong>dictos</strong></span> <span class='ocrx_word' id='word_1_472' title='bbox 1199 2081 1294 2106; x_wconf 85' lang='lat' dir='ltr'><strong>esse</strong></span> <span class='ocrx_word' id='word_1_473' title='bbox 1325 2071 1490 2119; x_wconf 88' lang='lat' dir='ltr'><strong>apparet</strong></span> <span class='ocrx_word' id='word_1_474' title='bbox 1515 2066 1566 2104; x_wconf 91' lang='lat' dir='ltr'><strong>de</strong></span> <span class='ocrx_word' id='word_1_475' title='bbox 1595 2067 1682 2104; x_wconf 89' lang='lat' dir='ltr'><strong>acie</strong></span> <span class='ocrx_word' id='word_1_476' title='bbox 1707 2065 1917 2104; x_wconf 86' lang='lat' dir='ltr'><strong>oculorum.</strong></span> 
     </span>
     <span class='ocr_line' id='line_1_68' title="bbox 1044 2122 1917 2164; baseline -0.003 -1"><span class='ocrx_word' id='word_1_477' title='bbox 1044 2125 1197 2164; x_wconf 68' lang='lat' dir='ltr'><strong>Blilcus</strong></span> <span class='ocrx_word' id='word_1_478' title='bbox 1223 2126 1324 2162; x_wconf 89' lang='lat' dir='ltr'><strong>enim</strong></span> <span class='ocrx_word' id='word_1_479' title='bbox 1348 2124 1411 2162; x_wconf 91' lang='lat' dir='ltr'><strong>hic</strong></span> <span class='ocrx_word' id='word_1_480' title='bbox 1435 2137 1510 2161; x_wconf 91' lang='lat' dir='ltr'><strong>non</strong></span> <span class='ocrx_word' id='word_1_481' title='bbox 1538 2136 1625 2162; x_wconf 88' lang='lat' dir='ltr'><strong>eam</strong></span> <span class='ocrx_word' id='word_1_482' title='bbox 1650 2122 1917 2161; x_wconf 87' lang='lat' dir='ltr'><strong>tantummodo</strong></span> 
     </span>
     <span class='ocr_line' id='line_1_69' title="bbox 1044 2179 1919 2232; baseline -0.001 -14"><span class='ocrx_word' id='word_1_483' title='bbox 1044 2194 1159 2219; x_wconf 81' lang='lat' dir='ltr'><strong>avem</strong></span> <span class='ocrx_word' id='word_1_484' title='bbox 1184 2181 1379 2232; x_wconf 72' lang='lat' dir='ltr'><strong>exprimit,</strong></span> <span class='ocrx_word' id='word_1_485' title='bbox 1406 2193 1523 2230; x_wconf 90' lang='lat' dir='ltr'><strong>quam</strong></span> <span class='ocrx_word' id='word_1_486' title='bbox 1542 2179 1760 2217; x_wconf 82' lang='lat' dir='ltr'><strong>accuratius</strong></span> <span class='ocrx_word' id='word_1_487' title='bbox 1775 2179 1919 2217; x_wconf 88' lang='lat' dir='ltr'><strong>descri-</strong></span> 
     </span>
     <span class='ocr_line' id='line_1_70' title="bbox 1043 2235 1919 2286; baseline -0.002 -11"><span class='ocrx_word' id='word_1_488' title='bbox 1043 2237 1099 2275; x_wconf 88' lang='lat' dir='ltr'><strong>bit</strong></span> <span class='ocrx_word' id='word_1_489' title='bbox 1122 2236 1224 2275; x_wconf 87' lang='lat' dir='ltr'><strong>Plin.</strong></span> <span class='ocrx_word' id='word_1_490' title='bbox 1238 2236 1338 2276; x_wconf 87' lang='lat' dir='ltr'><strong>Hist.</strong></span> <span class='ocrx_word' id='word_1_491' title='bbox 1352 2235 1405 2283; x_wconf 86' lang='lat' dir='ltr'><strong>X,</strong></span> <span class='ocrx_word' id='word_1_492' title='bbox 1424 2240 1485 2277; x_wconf 85' lang='lat'><strong>12.</strong></span> <span class='ocrx_word' id='word_1_493' title='bbox 1506 2235 1580 2274; x_wconf 90' lang='lat' dir='ltr'><strong>sed</strong></span> <span class='ocrx_word' id='word_1_494' title='bbox 1594 2235 1644 2274; x_wconf 89' lang='lat' dir='ltr'><strong>ad</strong></span> <span class='ocrx_word' id='word_1_495' title='bbox 1657 2248 1782 2286; x_wconf 82' lang='lat' dir='ltr'><strong>genus</strong></span> <span class='ocrx_word' id='word_1_496' title='bbox 1797 2239 1919 2274; x_wconf 88' lang='lat' dir='ltr'><strong>totum</strong></span> 
     </span>
     <span class='ocr_line' id='line_1_71' title="bbox 1042 2293 1920 2344; baseline -0.003 -12"><span class='ocrx_word' id='word_1_497' title='bbox 1042 2293 1205 2332; x_wconf 89' lang='lat' dir='ltr'><strong>refertur</strong></span> <span class='ocrx_word' id='word_1_498' title='bbox 1224 2293 1459 2344; x_wconf 88' lang='lat' dir='ltr'><strong>aquilarum,</strong></span> <span class='ocrx_word' id='word_1_499' title='bbox 1486 2305 1586 2343; x_wconf 86' lang='lat' dir='ltr'><strong>quas</strong></span> <span class='ocrx_word' id='word_1_500' title='bbox 1605 2296 1737 2331; x_wconf 89' lang='lat' dir='ltr'><strong>notum</strong></span> <span class='ocrx_word' id='word_1_501' title='bbox 1758 2295 1821 2330; x_wconf 88' lang='lat' dir='ltr'><strong>est</strong></span> <span class='ocrx_word' id='word_1_502' title='bbox 1834 2305 1920 2330; x_wconf 92' lang='lat' dir='ltr'><strong>acu-</strong></span> 
     </span>
     <span class='ocr_line' id='line_1_72' title="bbox 1042 2347 1920 2402; baseline -0.002 -14"><span class='ocrx_word' id='word_1_503' title='bbox 1042 2349 1196 2388; x_wconf 87' lang='lat' dir='ltr'><strong>tissimo</strong></span> <span class='ocrx_word' id='word_1_504' title='bbox 1222 2350 1415 2402; x_wconf 86' lang='lat' dir='ltr'><strong>adspectu</strong></span> <span class='ocrx_word' id='word_1_505' title='bbox 1440 2349 1575 2388; x_wconf 83' lang='lat' dir='ltr'><strong>fuisse.</strong></span> <span class='ocrx_word' id='word_1_506' title='bbox 1625 2348 1672 2387; x_wconf 84' lang='lat' dir='ltr'><strong>cs.</strong></span> <span class='ocrx_word' id='word_1_507' title='bbox 1702 2347 1804 2386; x_wconf 90' lang='lat' dir='ltr'><strong>Plin.</strong></span> <span class='ocrx_word' id='word_1_508' title='bbox 1832 2347 1868 2386; x_wconf 91' lang='lat' dir='ltr'><strong>d.</strong></span> <span class='ocrx_word' id='word_1_509' title='bbox 1897 2347 1920 2386; x_wconf 92' lang='grc' dir='ltr'>Ι.</span> 
     </span>
     <span class='ocr_line' id='line_1_73' title="bbox 1042 2405 1921 2459; baseline -0.002 -15"><span class='ocrx_word' id='word_1_510' title='bbox 1042 2420 1075 2445; x_wconf 92' lang='lat' dir='ltr'><strong>c.</strong></span> <span class='ocrx_word' id='word_1_511' title='bbox 1100 2410 1137 2447; x_wconf 90' lang='lat'><strong>3.</strong></span> <span class='ocrx_word' id='word_1_512' title='bbox 1166 2407 1362 2459; x_wconf 77' lang='lat' dir='ltr'><strong>Superest</strong></span> <span class='ocrx_word' id='word_1_513' title='bbox 1384 2406 1609 2446; x_wconf 77' lang='lat' dir='ltr'><strong>haliaeetos</strong></span> <span class='ocrx_word' id='word_1_514' title='bbox 1645 2405 1921 2444; x_wconf 79' lang='lat' dir='ltr'><strong>clarissima</strong></span> 
     </span>
     <span class='ocr_line' id='line_1_74' title="bbox 1043 2460 1921 2513; baseline -0.005 -11"><span class='ocrx_word' id='word_1_515' title='bbox 1043 2462 1299 2503; x_wconf 81' lang='lat' dir='ltr'><strong>oculorum</strong></span> <span class='ocrx_word' id='word_1_516' title='bbox 1322 2464 1445 2509; x_wconf 86' lang='lat' dir='ltr'><strong>acie,</strong></span> <span class='ocrx_word' id='word_1_517' title='bbox 1545 2463 1663 2513; x_wconf 73' lang='lat' dir='ltr'><strong>coyit</strong></span> <span class='ocrx_word' id='word_1_518' title='bbox 1683 2461 1823 2513; x_wconf 81' lang='lat' dir='ltr'><strong>pullos</strong></span> <span class='ocrx_word' id='word_1_519' title='bbox 1848 2460 1921 2499; x_wconf 81' lang='lat' dir='ltr'><strong>ad-</strong></span> 
     </span>
     <span class='ocr_line' id='line_1_75' title="bbox 1049 2518 1921 2564; baseline -0.005 -6"><span class='ocrx_word' id='word_1_520' title='bbox 1049 2533 1184 2559; x_wconf 79' lang='lat' dir='ltr'><strong>versos</strong></span> <span class='ocrx_word' id='word_1_521' title='bbox 1213 2521 1363 2559; x_wconf 79' lang='lat' dir='ltr'><strong>intueri</strong></span> <span class='ocrx_word' id='word_1_522' title='bbox 1392 2519 1490 2559; x_wconf 81' lang='lat' dir='ltr'><strong>solis</strong></span> <span class='ocrx_word' id='word_1_523' title='bbox 1515 2519 1675 2564; x_wconf 79' lang='lat' dir='ltr'><strong>radios,</strong></span> <span class='ocrx_word' id='word_1_524' title='bbox 1707 2522 1746 2556; x_wconf 85' lang='lat' dir='ltr'><strong>et</strong></span> <span class='ocrx_word' id='word_1_525' title='bbox 1768 2518 1803 2556; x_wconf 82' lang='lat' dir='ltr'><strong>si</strong></span> <span class='ocrx_word' id='word_1_526' title='bbox 1827 2530 1921 2556; x_wconf 86' lang='lat' dir='ltr'><strong>con-</strong></span> 
     </span>
     <span class='ocr_line' id='line_1_76' title="bbox 1049 2573 1922 2627; baseline -0.005 -13"><span class='ocrx_word' id='word_1_527' title='bbox 1049 2577 1247 2615; x_wconf 76' lang='lat' dir='ltr'><strong>niventem</strong></span> <span class='ocrx_word' id='word_1_528' title='bbox 1270 2576 1644 2627; x_wconf 80' lang='lat' dir='ltr'><strong>lznmectantemque</strong></span> <span class='ocrx_word' id='word_1_529' title='bbox 1668 2573 1922 2613; x_wconf 72' lang='lat' dir='ltr'><strong>animadver-</strong></span> 
     </span>
     <span class='ocr_line' id='line_1_77' title="bbox 1050 2628 1922 2684; baseline -0.005 -13"><span class='ocrx_word' id='word_1_530' title='bbox 1050 2634 1117 2678; x_wconf 79' lang='lat' dir='ltr'><strong>tit,</strong></span> <span class='ocrx_word' id='word_1_531' title='bbox 1140 2632 1568 2684; x_wconf 72' lang='lat' dir='ltr'><strong>praecipitatem&#39;do⁵</strong></span> <span class='ocrx_word' id='word_1_532' title='bbox 1593 2630 1704 2669; x_wconf 74' lang='lat' dir='ltr'><strong>velat</strong></span> <span class='ocrx_word' id='word_1_533' title='bbox 1726 2628 1922 2668; x_wconf 75' lang='lat' dir='ltr'><strong>adulteri-</strong></span> 
     </span>
     <span class='ocr_line' id='line_1_78' title="bbox 1050 2686 1924 2741; baseline -0.003 -14"><span class='ocrx_word' id='word_1_534' title='bbox 1050 2702 1146 2727; x_wconf 78' lang='lat' dir='ltr'><strong>num</strong></span> <span class='ocrx_word' id='word_1_535' title='bbox 1177 2693 1302 2741; x_wconf 81' lang='lat' dir='ltr'><strong>atque</strong></span> <span class='ocrx_word' id='word_1_536' title='bbox 1326 2689 1568 2741; x_wconf 76' lang='lat' dir='ltr'><strong>‹Ieyeuerem</strong></span> <span class='ocrx_word' id='word_1_537' title='bbox 1594 2717 1602 2724; x_wconf 94' lang='lat'><strong>.</strong></span> <span class='ocrx_word' id='word_1_538' title='bbox 1619 2715 1628 2724; x_wconf 93' lang='lat'><strong>.</strong></span> <span class='ocrx_word' id='word_1_539' title='bbox 1655 2686 1783 2731; x_wconf 80' lang='lat' dir='ltr'><strong>illum.</strong></span> <span class='ocrx_word' id='word_1_540' title='bbox 1810 2686 1924 2724; x_wconf 79' lang='lat' dir='ltr'><strong>cuius</strong></span> 
     </span>
     <span class='ocr_line' id='line_1_79' title="bbox 1050 2741 1926 2798; baseline -0.005 -15"><span class='ocrx_word' id='word_1_541' title='bbox 1050 2746 1158 2784; x_wconf 74' lang='lat' dir='ltr'><strong>acies</strong></span> <span class='ocrx_word' id='word_1_542' title='bbox 1175 2747 1293 2798; x_wconf 83' lang='lat' dir='ltr'><strong>firma</strong></span> <span class='ocrx_word' id='word_1_543' title='bbox 1308 2749 1455 2784; x_wconf 72' lang='lat' dir='ltr'><strong>contra</strong></span> <span class='ocrx_word' id='word_1_544' title='bbox 1480 2745 1601 2787; x_wconf 77' lang='lat' dir='ltr'><strong>stetit,</strong></span> <span class='ocrx_word' id='word_1_545' title='bbox 1627 2742 1787 2781; x_wconf 78' lang='lat' dir='ltr'><strong>educat.</strong></span> <span class='ocrx_word' id='word_1_546' title='bbox 1813 2741 1926 2780; x_wconf 87' lang='lat' dir='ltr'><strong>Hanc</strong></span> 
     </span>
     <span class='ocr_line' id='line_1_80' title="bbox 1049 2797 1925 2848; baseline -0.005 -9"><span class='ocrx_word' id='word_1_547' title='bbox 1049 2800 1223 2839; x_wconf 78' lang='lat' dir='ltr'><strong>fabulam</strong></span> <span class='ocrx_word' id='word_1_548' title='bbox 1247 2801 1395 2840; x_wconf 86' lang='lat' dir='ltr'><strong>Lucan.</strong></span> <span class='ocrx_word' id='word_1_549' title='bbox 1421 2799 1489 2838; x_wconf 85' lang='lat' dir='ltr'><strong>lX.</strong></span> <span class='ocrx_word' id='word_1_550' title='bbox 1516 2803 1598 2840; x_wconf 82' lang='grc'><strong>902</strong></span> <span class='ocrx_word' id='word_1_551' title='bbox 1622 2811 1741 2848; x_wconf 75' lang='lat' dir='ltr'><strong>seqq.</strong></span> <span class='ocrx_word' id='word_1_552' title='bbox 1768 2797 1818 2835; x_wconf 88' lang='lat' dir='ltr'><strong>de</strong></span> <span class='ocrx_word' id='word_1_553' title='bbox 1843 2801 1925 2836; x_wconf 89' lang='lat' dir='ltr'><strong>toto</strong></span> 
     </span>
     <span class='ocr_line' id='line_1_81' title="bbox 1050 2852 1927 2908; baseline -0.002 -13"><span class='ocrx_word' id='word_1_554' title='bbox 1050 2857 1268 2908; x_wconf 87' lang='lat' dir='ltr'><strong>aquilarum</strong></span> <span class='ocrx_word' id='word_1_555' title='bbox 1303 2870 1448 2908; x_wconf 82' lang='lat' dir='ltr'><strong>genere</strong></span> <span class='ocrx_word' id='word_1_556' title='bbox 1483 2854 1639 2907; x_wconf 87' lang='lat' dir='ltr'><strong>repetiit</strong></span> <span class='ocrx_word' id='word_1_557' title='bbox 1671 2868 1758 2893; x_wconf 86' lang='lat' dir='ltr'><strong>cum</strong></span> <span class='ocrx_word' id='word_1_558' title='bbox 1789 2852 1927 2893; x_wconf 88' lang='lat' dir='ltr'><strong>Claud.</strong></span> 
     </span>
     <span class='ocr_line' id='line_1_82' title="bbox 1053 2909 1927 2962; baseline -0.002 -10"><span class='ocrx_word' id='word_1_559' title='bbox 1053 2913 1210 2952; x_wconf 87' lang='lat' dir='ltr'><strong>Consul.</strong></span> <span class='ocrx_word' id='word_1_560' title='bbox 1236 2913 1301 2953; x_wconf 88' lang='lat' dir='ltr'><strong>Ill.</strong></span> <span class='ocrx_word' id='word_1_561' title='bbox 1326 2913 1472 2952; x_wconf 92' lang='lat' dir='ltr'><strong>Honor.</strong></span> <span class='ocrx_word' id='word_1_562' title='bbox 1498 2910 1630 2950; x_wconf 86' lang='lat' dir='ltr'><strong>Praef.</strong></span> <span class='ocrx_word' id='word_1_563' title='bbox 1653 2916 1672 2951; x_wconf 90' lang='lat'><strong>1</strong></span> <span class='ocrx_word' id='word_1_564' title='bbox 1700 2923 1788 2962; x_wconf 90' lang='lat' dir='ltr'><strong>sqq.</strong></span> <span class='ocrx_word' id='word_1_565' title='bbox 1812 2909 1927 2950; x_wconf 87' lang='lat' dir='ltr'><strong>Hanc</strong></span> 
     </span>
     <span class='ocr_line' id='line_1_83' title="bbox 1050 2967 1928 3019; baseline -0.003 -11"><span class='ocrx_word' id='word_1_566' title='bbox 1050 2974 1181 3009; x_wconf 85' lang='lat' dir='ltr'><strong>tamen</strong></span> <span class='ocrx_word' id='word_1_567' title='bbox 1196 2969 1309 3008; x_wconf 90' lang='lat' dir='ltr'><strong>huius</strong></span> <span class='ocrx_word' id='word_1_568' title='bbox 1325 2969 1504 3008; x_wconf 86' lang='lat' dir='ltr'><strong>adiectivi</strong></span> <span class='ocrx_word' id='word_1_569' title='bbox 1519 2967 1840 3019; x_wconf 82' lang='lat' dir='ltr'><strong>significationem</strong></span> <span class='ocrx_word' id='word_1_570' title='bbox 1854 2967 1928 3005; x_wconf 83' lang='lat' dir='ltr'><strong>sru-</strong></span> 
     </span>
     <span class='ocr_line' id='line_1_84' title="bbox 1051 3023 1929 3076; baseline -0.003 -11"><span class='ocrx_word' id='word_1_571' title='bbox 1051 3030 1135 3065; x_wconf 87' lang='lat' dir='ltr'><strong>stra</strong></span> <span class='ocrx_word' id='word_1_572' title='bbox 1158 3028 1194 3064; x_wconf 86' lang='lat' dir='ltr'><strong>in</strong></span> <span class='ocrx_word' id='word_1_573' title='bbox 1219 3026 1357 3064; x_wconf 85' lang='lat' dir='ltr'><strong>lexicis</strong></span> <span class='ocrx_word' id='word_1_574' title='bbox 1383 3025 1573 3076; x_wconf 82' lang='lat' dir='ltr'><strong>quaesivi,</strong></span> <span class='ocrx_word' id='word_1_575' title='bbox 1598 3037 1701 3074; x_wconf 86' lang='lat' dir='ltr'><strong>quae</strong></span> <span class='ocrx_word' id='word_1_576' title='bbox 1724 3023 1929 3062; x_wconf 81' lang='lat' dir='ltr'><strong>milvorum</strong></span> 
     </span>
     <span class='ocr_line' id='line_1_85' title="bbox 1050 3082 1930 3133; baseline -0.005 -12"><span class='ocrx_word' id='word_1_577' title='bbox 1050 3082 1320 3121; x_wconf 83' lang='lat' dir='ltr'><strong>tantummodo</strong></span> <span class='ocrx_word' id='word_1_578' title='bbox 1345 3082 1597 3133; x_wconf 83' lang='lat' dir='ltr'><strong>rapacitatem</strong></span> <span class='ocrx_word' id='word_1_579' title='bbox 1628 3084 1930 3118; x_wconf 85' lang='lat' dir='ltr'><strong>commemorant</strong></span> 
     </span>
    </p>
   </div>
   <div class='ocr_carea' id='block_1_15' title="bbox 1055 3135 1930 3179">
    <p class='ocr_par' dir='ltr' id='par_1_18' title="bbox 1055 3135 1930 3179">
     <span class='ocr_line' id='line_1_86' title="bbox 1055 3135 1930 3179; baseline -0.002 -1"><span class='ocrx_word' id='word_1_580' title='bbox 1055 3139 1104 3178; x_wconf 78' lang='lat' dir='ltr'><strong>cs.</strong></span> <span class='ocrx_word' id='word_1_581' title='bbox 1120 3138 1283 3178; x_wconf 89' lang='lat' dir='ltr'><strong>Taubm.</strong></span> <span class='ocrx_word' id='word_1_582' title='bbox 1298 3137 1350 3179; x_wconf 89' lang='lat' dir='ltr'><strong>ad</strong></span> <span class='ocrx_word' id='word_1_583' title='bbox 1363 3137 1490 3178; x_wconf 83' lang='lat' dir='ltr'><strong>Plaut.</strong></span> <span class='ocrx_word' id='word_1_584' title='bbox 1510 3135 1720 3176; x_wconf 85' lang='lat' dir='ltr'><strong>Menaech.</strong></span> <span class='ocrx_word' id='word_1_585' title='bbox 1745 3135 1773 3178; x_wconf 77' lang='grc' dir='ltr'>Ι.</span> <span class='ocrx_word' id='word_1_586' title='bbox 1799 3140 1836 3179; x_wconf 89' lang='grc'>3.</span> <span class='ocrx_word' id='word_1_587' title='bbox 1863 3139 1930 3178; x_wconf 87' lang='grc'>29.</span> 
     </span>
    </p>
   </div>
  </div>
 </body>
</html>
