2155 3590
681 92 865 132 LIBER
890 92 961 132 IX.
1023 93 1148 133 CAP.
1175 92 1312 132 XXX.
1804 92 1880 133 331

107 206 216 257 quasi
240 203 435 256 quippiam
461 211 614 244 secreto
639 204 893 255 collocutura,
922 205 961 244 in
985 219 1096 246 suum
1123 204 1340 246 cubiculum
1360 203 1514 244 deducit
1533 216 1636 254 eum,
1662 209 1702 244 et
1720 203 1885 243 adducta

106 261 191 300 fore
215 272 328 312 quam
354 259 569 300 diutissime
594 261 831 302 demoratur.
887 258 966 302 Sed
990 275 1075 300 cum
1100 267 1205 301 esset
1228 260 1302 300 iam
1330 260 1548 300 confectum
1573 272 1686 299 omne
1711 259 1884 299 frumen-

104 323 207 366 tum,
235 315 337 369 quod
360 315 464 356 iuter
487 329 625 356 manus
651 316 807 370 opifices
832 323 1122 368 tractaverant,
1149 315 1451 368 necessarioque
1475 315 1553 369 peti
1578 315 1737 355 deberet
1761 315 1880 364 aliud,

103 371 253 412 servuli
283 370 500 412 cubiculum
526 380 683 426 propter
707 379 881 412 astantes
907 373 1102 412 dominum
1126 372 1342 421 vocabant,
1370 372 1553 424 operique
1577 371 1883 425 supplementum

102 427 365 482 postulabant.
424 429 556 481 Atque
588 435 629 468 ut
658 428 735 468 illis
759 428 956 480 saepicule
986 435 1026 469 et
1053 427 1343 469 intervocaliter
1378 426 1633 467 clamantibus
1663 427 1792 468 nullus
1821 440 1883 467 re-

103 483 260 536 spondit
296 483 494 535 dominus,
533 484 610 523 iam
647 485 771 525 forem
806 485 962 539 pulsare
998 483 1186 534 validius,
1224 490 1263 524 et
1298 483 1398 536 quod
1428 482 1725 533 diligentissime
1756 484 1885 523 fuerat

102 643 301 672 collocutum
320 646 356 673 G.
377 646 406 674 2.
427 645 462 673 P.
482 646 521 674 D.
558 643 761 672 collocutura
779 645 800 674 f.
836 643 1044 672 collecatum
1062 646 1099 673 Ι..
1146 642 1620 672 seducitElm.scriv.F10rid.
1635 643 1720 671 Prie.
1745 645 1782 671 In
1800 644 1881 672 meis

102 691 189 718 codd.
209 690 322 718 inveni
339 687 481 718 deducit.
520 688 656 718 Seducit
668 691 763 719 etiam
782 691 815 718 iu
833 691 869 718 F.
886 691 914 718 1.
934 690 997 725 legi
1009 712 1016 726 ,
1042 691 1171 718 adnotat
1186 690 1264 717 Oud.
1289 690 1349 717 Sed
1364 688 1594 722 Lindenbrogii
1612 688 1807 721 excerptam
1821 696 1880 717 non

101 737 268 763 testantur.
294 736 374 763 Nam
393 736 497 770 linea,
524 742 588 769 qua.
605 736 700 764 varia
718 735 813 763 lectio
832 734 866 762 in
885 742 984 769 marg.
1005 735 1172 768 adscripta
1190 734 1371 769 indicatur,
1396 733 1514 761 litteris
1533 741 1573 760 cu
1593 733 1683 760 vocis
1698 731 1880 760 cubiculum

100 780 271 814 supposita
299 783 364 816 est,
397 784 425 808 et
457 781 497 808 ad
517 788 616 816 marg.
648 781 754 814 posita
784 781 915 813 syllaba
945 779 990 817 εἰ,
1029 783 1061 807 ut
1089 780 1259 813 legendum
1286 779 1329 807 sit
1354 777 1536 806 sz'hiculum.
1585 778 1782 812 Quamquam
1808 781 1882 811 nuto

97 824 373 859 Lindenbrogium
402 831 545 859 errasse,
577 825 631 858 qui
656 824 793 853 forsitan
816 825 985 853 emendare
1008 825 1109 852 voluit
1138 822 1271 851 deducit
1293 824 1326 851 in
1345 821 1482 850 seducit.
1529 820 1624 850 illum
1646 830 1702 856 pro
1722 829 1794 850 eum
1809 823 1829 851 f.
1851 820 1879 850 δ’.

89 868 304 908 sarmentum
328 871 364 898 G.
390 871 419 898 1.
468 867 598 905 opificis
622 870 658 898 F.
684 871 713 898 1.
738 871 775 898 L.
801 865 830 898 δ.
858 870 892 897 0.
917 871 954 897 ln
978 872 1049 897 cett.
1076 866 1222 905 opifices.
1271 870 1491 895 tractaverat
1508 864 1536 896 ὃ.
1558 868 1592 896 G.
1611 869 1639 895 1.
1666 865 1712 901 (a
1730 875 1770 896 m.
1791 876 1817 896 s.
1847 872 1881 896 ut

97 913 255 950 videtur.)
302 912 389 942 adiit
413 922 468 949 pro
493 912 588 942 aliud
610 923 641 949 p.
681 916 824 951 propter
847 914 1049 942 desideratur
1072 914 1105 942 in
1130 916 1165 942 G.
1185 916 1215 942 2.
1236 914 1272 941 Ρ.
1296 915 1334 942 D.
1359 913 1380 941 f.
1412 913 1492 942 con.
1510 914 1606 941 Voss.
1655 915 1826 939 astantem
1850 921 1880 947 p.

91 957 346 995 postulantibus
371 960 407 988 B.
433 962 463 988 et
487 961 557 988 edd.
582 962 659 989 vett.
689 967 792 992 usque
822 960 861 987 ad
888 959 1036 987 Con-ium
1061 962 1185 993 praeter
1209 961 1293 987 lunt.
1317 960 1366 995 2.,
1397 965 1480 991 quae
1504 956 1729 984 clamantibus
1754 958 1879 986 retinet.

97 1005 160 1033 Sed
173 1005 350 1039 praecessit
369 1005 434 1033 iam
445 1002 681 1040 postulabant.
728 1002 840 1031 nullus
858 1002 1046 1039 respondit,
1071 1002 1196 1030 dmm'm·
1214 1006 1250 1032 L.
1264 1004 1300 1032 B.
1316 1011 1345 1037 p.
1360 1005 1388 1030 et
1402 1004 1471 1031 edd.
1492 1005 1570 1031 aule
1590 1003 1747 1031 Colvium.
1775 1003 1879 1042 fores

96 1051 132 1076 G.
147 1051 175 1077 1,
190 1051 220 1077 2.
235 1049 269 1077 0.
284 1050 319 1078 Ρ.
332 1050 370 1078 D.
385 1058 413 1084 p.
462 1047 551 1086 quod
561 1053 635 1078 ante
647 1048 898 1086 diligentissime
910 1056 973 1077 non
987 1052 1145 1082 comparet
1160 1048 1193 1076 in
1212 1050 1250 1077 D.
1295 1047 1419 1084 fuerat
1436 1047 1551 1077 omittit
1570 1044 1600 1075 δ.

98 1197 188 1242 epte
207 1191 357 1243 plurimi
377 1191 489 1230 codd.
509 1196 548 1230 et
566 1192 654 1231 edd.
675 1195 762 1230 ante
776 1190 960 1232 Beroald.

98 1248 229 1298 legunt
252 1263 372 1288 mauu
390 1249 602 1299 pistoris
627 1248 836 1286 clementer
859 1249 959 1285 inic-

96 1310 180 1350 cta,
213 1305 391 1355 quoniam
421 1317 495 1341 non
527 1305 650 1355 pistor
681 1316 779 1341 anus
804 1316 959 1341 manum

93 1359 308 1411 prehendit,
333 1360 406 1398 sed
420 1360 699 1410 anuspistoris,
725 1358 838 1409 quasi
853 1360 959 1410 quip-

93 1417 196 1467 piam
220 1420 371 1454 secreto
392 1415 639 1454 collocutura.
665 1415 834 1454 Manum
858 1417 958 1453 enim

95 1472 207 1512 alicui
225 1473 408 1517 iniicere,
434 1484 533 1523 quae
553 1471 735 1522 loquendi
755 1472 849 1509 ratio
868 1485 954 1523 pro-

94 1529 175 1579 pria
204 1529 296 1567 iuris
332 1532 411 1573 est,
453 1528 588 1567 dicitur
620 1529 670 1574 is,
707 1527 770 1577 qui
801 1541 954 1565 manum

94 1584 250 1623 alterius
274 1584 477 1635 prehendit
500 1583 672 1637 ἐμβάλλει
700 1588 819 1636 χεῖρα,
851 1584 956 1634 quod

96 1653 210 1691 quum
243 1642 323 1678 sere
354 1654 510 1692 semper
538 1641 726 1679 violenter
760 1641 842 1686 fiat,
880 1640 955 1679 cle-

95 1702 245 1736 menter
278 1697 471 1748 Apuleius
508 1697 625 1736 addit.
679 1696 711 1735 S
747 1695 871 1734 littera
906 1709 956 1734 ex

91 1753 268 1803 sequenti
302 1752 492 1791 vocabulo
528 1753 705 1791 adhaesit
741 1752 787 1791 cf.
824 1765 954 1803 supra.

93 1808 156 1846 De
181 1810 347 1848 dictione
372 1813 613 1859 comparetur
636 1807 793 1847 Petron.
814 1822 845 1846 c.
864 1812 954 1848 115.

92 1866 268 1904 iniicio
294 1865 537 1917 phrenett'co
571 1879 750 1903 manum
786 1868 824 1902 et
853 1863 951 1902 Prie.

92 1921 141 1958 ad
171 1921 208 1960 h.
234 1921 276 1966 l.‚
312 1922 376 1971 qui
407 1922 547 1959 excitat
576 1920 673 1958 Met.
698 1919 765 1958 XI.
797 1933 832 1971 p.
858 1924 951 1960 803.

92 1982 297 2028 arrepta
320 1991 472 2022 manu,
496 1977 688 2015 sacerdos
706 1976 878 2015 deducit
896 1977 952 2014 ad

92 2034 220 2084 ipsius
242 2033 417 2072 sacravit
444 2031 678 2084 penetralia
707 2031 792 2071 Act.
810 2030 957 2071 XXIII.

94 2092 154 2128 1.9
181 2086 448 2153 ἐπιλαβόμειος
470 2103 536 2139 της
558 2103 678 2140 χειρος
708 2085 827 2127 αὐτοῦ
857 2085 876 2126 5
907 2104 957 2140 χι-

90 2146 239 2197 λίαρχος
263 2146 325 2183 καὶ
349 2141 594 2197 ἀιαχωρὴσας
616 2142 700 2183 κατ’
718 2143 829 2191 ι’ὃιιιν,
854 2147 956 2183 ἐπω-

90 2199 242 2240 θάιετο.
250 2201 265 2253 ]

147 2268 328 2308 deducit.
372 2267 633 2318 Frequentem
658 2267 757 2306 hanc
780 2280 873 2306 esse
898 2267 950 2305 lo-

91 2325 280 2363 cutionem
306 2324 355 2362 de
375 2324 591 2363 amantibus
611 2328 648 2361 et
663 2337 825 2362 venereo
851 2324 949 2362 furto

90 2380 151 2418 vel
182 2381 323 2431 nuptiiS
356 2394 513 2431 operam
540 2380 685 2418 daturis
711 2393 760 2418 ex
785 2380 873 2419 dict.
900 2379 951 2418 ad

88 2436 184 2475 Met.
210 2436 253 2474 11.
278 2451 318 2488 p.
346 2441 436 2477 101.
473 2441 512 2474 et
545 2437 587 2475 z‘n
619 2437 889 2476 cubiculum
914 2441 951 2475 te

91 2493 301 2533 deduxit
325 2496 502 2538 comiter,
529 2492 665 2543 probat
678 2490 780 2530 Oud.
805 2491 842 2530 Is
856 2505 949 2532 vero

89 2562 231 2588 sensus
263 2562 379 2599 quum
409 2548 498 2587 huic
523 2548 610 2586 loco
635 2549 789 2586 minime
813 2562 950 2586 conve-

88 2605 185 2652 niat,
216 2605 306 2644 lieet
329 2618 520 2656 nusquam
545 2605 734 2644 seducere
756 2604 950 2657 Apuleius

89 2662 346 2713 usurpaverit,
374 2661 437 2700 hic
459 2665 587 2700 tamen
613 2658 759 2698 mavult
781 2661 952 2707 seducit,

89 2718 290 2769 probatum
326 2722 414 2756 ante
450 2731 537 2755 eum
567 2717 643 2754 iam
671 2715 846 2762 Pricaeo,
870 2717 894 2756 i.
918 2730 952 2755 e.

89 2774 215 2812 solum
238 2778 277 2813 et
299 2787 478 2812 seorsum
509 2774 623 2812 ducit.
693 2772 953 2824 Frequentem

90 2829 127 2867 in
156 2828 218 2868 his
247 2844 341 2869 esse
370 2832 594 2869 varietatem
627 2829 868 2868 demonstrat
902 2842 953 2868 ex

91 2884 179 2925 dict.
204 2885 254 2925 ad
277 2885 391 2926 Caes.
414 2886 461 2925 Β.
487 2885 529 2926 C.
554 2885 584 2926 I.
609 2890 644 2926 7.
683 2884 767 2936 [Dr.
793 2885 842 2925 ad
864 2885 950 2924 Liv.

89 2939 156 2981 VI.
183 2946 247 2983 15.
271 2943 302 2994 ᾗ.
327 2947 363 2984 9.
395 2942 504 2982 Errat
527 2942 630 2981 Oud.
661 2941 827 2982 Deducz'
851 2943 951 2980 enim

90 3010 224 3037 omnes
261 2999 444 3047 dicuntur,
482 3000 544 3051 qui
581 2999 630 3038 ab
667 2998 770 3044 loco,
808 2998 843 3036 in
874 3012 950 3049 quo

89 3055 359 3102 consederant,
395 3056 431 3094 in
463 3056 577 3095 alium
610 3055 800 3105 quendam
834 3054 951 3093 abdu-

1017 1195 1165 1236 cuntur,
1190 1196 1230 1229 ut
1245 1190 1356 1229 Caes.
1370 1190 1417 1228 B.
1438 1190 1486 1230 G.
1500 1189 1565 1228 IV.
1581 1194 1644 1231 30.
1664 1191 1756 1230 suos
1775 1192 1879 1230 clam

1017 1248 1192 1299 escayrz's
1206 1247 1235 1285 d
1243 1247 1332 1286 edu
1342 1260 1447 1285 cere
1460 1252 1693 1297 coeperunt.
1707 1247 1877 1286 Broukh.

1016 1303 1067 1342 ad
1080 1302 1194 1354 Prop.
1210 1301 1253 1340 11.
1272 1306 1332 1343 19.
1352 1307 1416 1342 45.
1433 1302 1489 1340 Ita
1503 1302 1693 1352 Apuleius
1706 1303 1876 1341 Metxl.

1015 1372 1052 1410 p.
1072 1362 1165 1399 803.
1193 1363 1360 1409 arrepta
1378 1372 1498 1397 manu
1516 1361 1710 1397 sacerdos
1734 1360 1829 1398 ded
1837 1373 1876 1398 u-

1017 1416 1085 1455 cc‘t
1107 1415 1165 1454 ad
1187 1415 1317 1465 ipsius
1340 1415 1514 1453 sacrarii
1533 1415 1786 1465 penetralia,
1810 1415 1876 1454 ubi

1013 1470 1099 1509 cod.
1131 1469 1261 1509 d'Orv.
1293 1470 1479 1520 depravat
1509 1469 1699 1516 adducit,
1737 1475 1777 1510 et
1812 1472 1876 1522 qui

1012 1526 1114 1565 Oud.
1138 1530 1306 1565 mentem
1330 1526 1563 1578 probaverit,
1588 1527 1747 1566 seducit
1768 1540 1878 1578 prae-

1012 1582 1124 1622 seret.
1172 1582 1253 1621 Sed
1279 1582 1359 1620 fere
1372 1583 1514 1633 ubique
1534 1584 1586 1620 ita
1606 1583 1810 1623 deducere
1828 1585 1877 1622 ab

1013 1639 1183 1689 Apuleio
1224 1643 1448 1690 usurpatur,
1490 1642 1531 1677 ut
1571 1640 1648 1677 vim
1687 1640 1875 1692 simplicis

1013 1696 1119 1734 verbi
1129 1696 1278 1734 ducere
1287 1695 1346 1733 vel
1358 1694 1706 1734 comitarihabeat.
1720 1695 1876 1734 Deinde

1010 1753 1167 1791 seducit
1201 1765 1250 1789 ne
1286 1765 1354 1803 per
1384 1765 1499 1790 unum
1524 1751 1678 1801 quidem
1704 1752 1876 1792 codicem

1011 1807 1251 1859 comprobari
1266 1807 1425 1853 videtur,
1451 1820 1683 1858 quamquam
1697 1808 1730 1846 si
1745 1809 1875 1860 optimi

1010 1863 1222 1909 haberent,
1264 1877 1339 1915 ego
1387 1862 1562 1901 lubenter
1607 1864 1875 1916 amplecterer.

1011 1920 1164 1959 Seduci
1200 1921 1298 1957 enim
1331 1920 1522 1966 dicuntur,
1559 1933 1657 1970 quos
1698 1934 1876 1960 seorsum

1010 1976 1202 2020 ducimus,
1239 1976 1349 2026 quasi
1386 1976 1435 2014 de
1471 1976 1600 2026 aliqua
1629 1989 1670 2014 re
1702 1975 1877 2016 locuturi.

1016 2032 1062 2070 cs.
1078 2031 1203 2070 Plaut.
1220 2030 1326 2070 Cure.
1342 2030 1387 2071 11.
1404 2035 1440 2072 3.
1457 2035 1520 2072 60.
1536 2032 1759 2083 prehendit
1776 2033 1875 2073 dex-

1014 2093 1158 2133 terum,
1182 2089 1392 2134 seducit,
1422 2093 1564 2141 repat,
1598 2089 1700 2140 quid
1722 2091 1876 2129 veniam

1017 2144 1193 2183 Curiam.
1223 2144 1334 2183 Asin.
1365 2143 1411 2184 II.
1441 2149 1477 2185 2.
1511 2147 1575 2184 95.
1602 2144 1800 2184 VVesterh.
1826 2146 1875 2184 ad

1013 2199 1167 2239 Terent.
1181 2199 1406 2251 Hecyr.1.2.
1423 2204 1486 2242 69.
1500 2200 1631 2240 Burm.
1645 2201 1694 2240 ad
1708 2200 1875 2241 Phaedr.

1011 2255 1073 2294 111.
1102 2260 1163 2298 10.
1192 2261 1255 2297 11.
1285 2255 1368 2295 Intt.
1394 2256 1444 2295 ad
1469 2256 1616 2297 Lucan.
1640 2256 1688 2297 ll.
1713 2261 1805 2299 294.
1837 2263 1876 2296 et

1009 2312 1059 2352 V.
1103 2317 1168 2353 77.
1217 2312 1317 2352 Cort.
1353 2313 1405 2352 ad
1441 2312 1517 2352 Cic.
1555 2314 1605 2352 ad
1640 2313 1793 2353 Divers.
1822 2312 1873 2352 X.

1009 2372 1076 2410 28.
1112 2369 1171 2421 2.]

1064 2435 1199 2476 nullus
1222 2436 1437 2488 respondit
1459 2437 1657 2478 dontinus.
1695 2437 1780 2476 Soli
1797 2452 1873 2478 rur-

1007 2506 1079 2531 sus
1098 2492 1204 2531 Bert.
1225 2497 1264 2531 et
1287 2491 1387 2531 Pith.
1414 2497 1613 2532 ostentant
1636 2494 1744 2539 illud,
1771 2495 1873 2545 quod

1009 2550 1121 2586 estin
1136 2549 1306 2600 vulgatis
1325 2552 1415 2587 ante
1429 2548 1458 2587 C
1462 2549 1622 2603 olyium:
1647 2551 1872 2602 respondit,

1010 2606 1165 2644 domini
1178 2606 1269 2644 iam.
1306 2604 1389 2643 Sed
1402 2607 1872 2653 vocaverantdominum,

1009 2661 1097 2700 ideo
1113 2661 1179 2699 ille
1193 2661 1363 2700 debebat
1380 2662 1630 2712 respondere.
1667 2661 1718 2700 Et
1737 2663 1873 2703 nullus

1009 2719 1225 2769 respondit
1247 2731 1315 2768 pro
1340 2731 1423 2756 non
1448 2718 1494 2755 cf.
1508 2717 1607 2758 Met.
1617 2717 1699 2757 Vll.
1719 2732 1756 2769 p.
1778 2723 1871 2759 480.

1010 2773 1174 2813 nullus
1192 2779 1322 2813 tumen
1336 2774 1547 2812 desinebat
1560 2788 1681 2826 puer.
1709 2774 1773 2826 [cf.
1788 2774 1871 2813 Intt.

1011 2829 1061 2868 ad
1095 2830 1202 2881 Virg.
1238 2830 1339 2868 Aen.
1382 2828 1451 2869 IV.
1482 2834 1576 2870 232.
1617 2831 1682 2869 ubi
1718 2831 1873 2871 nullum

1009 2899 1089 2925 esse
1111 2899 1180 2938 pro
1206 2900 1287 2924 non
1312 2899 1391 2924 csse
1410 2889 1534 2932 extat,-
1556 2885 1704 2925 Moser.
1723 2887 1774 2926 ad
1794 2886 1871 2926 Cic.

1009 2940 1168 2981 Tuscul.
1193 2941 1223 2980 I.
1248 2946 1312 2983 22.
1339 2941 1368 2991 ξ.
1384 2946 1449 2982 51.
1476 2941 1521 2981 Τ.
1545 2941 1573 2981 I.
1598 2956 1636 2995 p.
1665 2946 1756 2985 169.
1782 2944 1872 2983 ibid.

1010 3001 1081 3043 36,
1117 2997 1147 3047 §-
1180 3002 1244 3038 87.
1279 3012 1316 3049 p.
1355 3001 1446 3038 298.
1494 2998 1613 3049 Apul.
1649 2996 1747 3039 Met.
1766 2999 1870 3039 VIII.

1009 3067 1044 3104 p.
1072 3058 1163 3094 560.
1188 3069 1240 3093 an
1265 3054 1388 3093 nulli
1411 3054 1555 3107 scitis]
