2221 3667
193 360 254 392 567

286 126 368 168 714
550 123 597 164 L.
630 122 847 163 APULEH
879 122 1278 161 MADAURENSIS
1311 123 1853 165 METAMORPHOSEON

283 238 445 279 sceleris
470 236 588 278 uxori
614 249 708 276 suae
735 236 1007 290 praestiterat,
1043 235 1187 275 nudum
1219 249 1263 275 ac
1296 243 1417 276 totum
1450 237 1563 277 melle
1594 238 1772 291 perlitum
1805 240 1969 280 firmiter
1994 239 2075 280 alli-

284 295 393 347 gavit
416 294 549 334 arbori
581 293 791 343 ficulneae,
826 293 936 333 cuius
967 292 1006 331 in
1038 292 1121 345 ipsa
1156 292 1310 332 cariosa
1341 293 1472 347 stipite
1496 293 1795 335 inhabitantium
1823 297 2074 337 formicarum

284 350 451 391 nidificia
477 349 722 401 borriehant,
746 349 752 405 1
773 357 812 390 et
838 350 938 389 ultro
965 349 1064 388 citro
1090 349 1360 388 commeabant
1393 350 1595 403 multiiuga
1622 352 1899 406 scaturrigine.
1963 353 2075 406 Quae

279 480 417 508 luz-urie
431 486 513 507 suae
529 478 611 513 (non
626 478 763 507 luxurie
777 478 859 514 saa]
874 479 908 506 B.
923 480 951 506 et
966 485 995 512 p.
1012 485 1066 513 pro
1081 477 1188 505 uror-1·
1199 485 1291 508 suae.
1318 477 1479 506 luxuriae
1494 486 1576 507 suae
1589 481 1659 509 edd.
1674 484 1749 508 vett.
1797 479 1921 508 illitum
1932 482 1968 510 1..
1985 483 2074 510 Colv,

279 528 375 555 Vulc.
391 528 419 554 ¹2.
435 528 534 554 Merc.
550 527 660 554 VVow.
675 526 759 554 Prie.
781 523 978 561 perlr'nilnm
995 523 1015 551 s.
1062 522 1188 551 mallem
1204 525 1239 552 G.
1254 526 1285 553 2.
1328 523 1515 561 perle'gacit
1529 527 1564 554 B.
1591 526 1683 553 I'nde
1696 526 1880 554 Scriverius
1894 528 1977 555 haud
1992 530 2075 556 male

279 570 615 608 ediditpraeh‘garil,
643 578 735 605 quein
749 570 946 604 sequendum
962 569 1066 597 fuisse
1082 570 1204 603 putavit
1221 570 1318 603 Oud..
1345 569 1374 597 si
1385 578 1447 606 per
1462 571 1494 598 in
1510 571 1658 604 pluribus
1673 572 1762 599 codd.
1779 571 1906 599 fuisset.
1933 570 2074 608 colliga-

279 617 329 644 rit
347 618 382 645 F.
406 619 434 645 1.
482 617 585 644 etiam
607 616 676 652 ipso
698 624 725 649 p.
774 615 849 651 fiosrt
869 616 903 643 G.
923 616 949 643 1.
965 616 994 643 ¹2.
1015 615 1052 642 1).
1072 616 1107 642 1..
1128 615 1163 644 P.
1184 616 1218 643 0.
1239 612 1267 643 ὃ.
1291 615 1310 644 f.
1331 616 1440 644 U‘ow.
1462 616 1546 644 Prie.
1571 618 1607 644 In
1622 620 1693 645 cett.
1713 617 1795 652 ipso.
1845 615 1982 644 cariosa
1995 618 2030 645 F.
2045 619 2075 646 3.

279 664 314 691 G.
337 664 364 691 1.
385 664 414 691 2.
435 663 470 690 P.
490 664 524 691 Ο.
544 663 579 690 L.
603 663 637 690 P.
661 658 690 688 δ.
713 661 732 689 f.
753 668 783 694 p.
805 661 950 689 W'ower.
972 660 1055 688 Prie.
1082 662 1116 688 In
1138 664 1209 689 ceu.
1230 661 1376 688 carioso.
1425 661 1511 697 stipe
1533 663 1568 690 G.
1589 663 1619 690 ¹2.
1637 663 1674 690 D.
1696 662 1731 690 0.
1754 671 1782 696 p.
1807 663 1843 690 ln
1863 665 1933 690 ceu.
1949 662 2076 698 stipite.

277 705 691 746 inhabitantesformicae
706 707 741 734 G.
757 707 785 734 1.
800 706 837 733 Ι).
853 706 888 734 P.
903 714 939 734 π.
950 728 957 740 ,
983 705 1104 733 omisso
1117 703 1279 741 nidificia.
1315 703 1686 744 inhabitatesformiee
1702 707 1736 735 G.
1752 709 1780 735 2.
1830 704 1961 743 nidifici
1974 706 2076 734 ahor-

276 752 410 781 riebcml
426 752 460 781 F.
477 755 506 781 3.
533 750 765 779 abhorrebant
779 753 813 779 G.
829 753 858 779 ⁸2.
874 752 910 779 D.
925 752 960 779 P.
977 749 1078 784 [leste
1091 750 1161 779 viro
1175 752 1265 779 docto
1281 751 1312 779 in
1328 759 1429 785 marg.
1445 753 1494 780 ed.
1509 751 1621 787 Cultu)
1658 751 1844 780 ahur-ebant
1859 754 1894 781 G.
1912 754 1939 781 1.
1976 751 2074 780 aber-

277 798 402 826 rabant
418 799 452 827 Ο.
467 806 503 826 π.
551 797 668 826 barrio
683 805 712 831 p.
737 795 935 824 burrv'ehane
950 795 984 825 F.
1004 797 1031 825 1.
1059 794 1112 830 (in
1126 803 1226 831 marg.
1241 795 1423 824 bulliebant
1437 798 1652 833 Lindenbrog.
1674 798 1827 834 coniecit,
1855 805 1950 832 quam
1964 799 2077 827 lectio-

275 852 348 873 nem
367 854 383 873 ε
403 846 471 872 cod.
492 844 526 872 1⁴².
550 842 719 871 adnotavit
738 842 791 870 vir
809 843 922 870 doctus
942 842 975 870 in
996 835 1287 877 niarg.‘ed.C01v.)
1308 846 1336 870 et
1354 843 1423 871 edd.
1445 846 1572 877 praeter
1584 844 1666 872 lunt.
1683 844 2074 880 1.‘2.Ald.conn.13as.‚

274 897 358 924 quae
371 891 489 918 habent
503 887 704 923 bulliebant,
731 888 812 922 quod
829 888 910 916 idem
926 887 990 923 legi
1003 887 1119 916 maluit
1135 887 1184 915 vir
1199 889 1313 916 doctus
1326 887 1359 916 in
1372 895 1473 924 marg.
1489 888 1536 916 ed.
1551 896 1642 917 meae
1655 889 1781 917 Vicent.
1818 887 2027 916 commeabat
2039 890 2076 917 B.

276 939 358 964 teste
371 936 472 971 l·]lm.‚
497 938 527 962 a!
543 934 577 962 in
591 936 665 962 coll.
681 935 765 962 Mod.
781 933 859 961 nihil
875 934 1011 961 adinum
1026 936 1084 961 est.
1121 931 1213 960 ultro
1229 933 1314 960 citro
1330 934 1365 962 1³.
1384 935 1411 962 1.
1426 935 1456 961 3.
1472 935 1508 962 G.
1525 935 1553 962 1.
1567 935 1596 962 2.
1612 935 1646 964 Ο.
1660 936 1699 963 D.
1724 936 1760 962 ln
1776 938 1848 963 ceu.
1863 933 1954 962 ultro
1969 934 2074 962 citro-

276 989 348 1018 que.
374 980 416 1009 cf.
433 981 474 1008 ad
487 983 564 1008 Met.
575 981 600 1008 1.
614 987 643 1014 p.
658 980 712 1008 26.
760 977 949 1016 maleit-agn
963 988 996 1012 φ.
1010 975 1039 1006 ὃ.

331 1092 489 1143 inipso
524 1091 686 1129 cariosa
724 1090 872 1142 stipite.
924 1088 1017 1126 (Tum
1054 1089 1145 1127 viris

280 1148 408 1187 doctis
434 1148 534 1186 hanc
559 1147 767 1186 lectionem
793 1146 1024 1197 comprobo,
1057 1146 1147 1185 licet

274 1204 498 1257 exemplum
535 1205 698 1243 alterum
737 1218 762 1242 a
796 1203 951 1242 nemine
979 1217 1147 1254 usquam

272 1266 465 1314 repertum
481 1262 544 1302 sit.
571 1275 647 1312 quo
661 1262 786 1313 stipes
806 1260 989 1298 feminino
1003 1273 1148 1311 genere

273 1319 424 1370 legitur.
468 1318 593 1365 Oud.‚
620 1318 683 1369 qui
699 1316 870 1368 alioquin
886 1317 920 1355 in
939 1317 1148 1367 Apuleium

272 1390 347 1415 non
375 1389 421 1415 ea
446 1388 522 1426 qua
540 1389 611 1427 par
630 1379 713 1413 erat
731 1375 918 1425 religione
940 1374 1146 1419 consuluit,

273 1433 497 1471 femininum
524 1432 772 1470 nihilominus
796 1431 987 1475 retinens,
1016 1431 1145 1482 legen-

272 1490 363 1528 dum
390 1503 484 1527 esse
505 1490 633 1541 stirpe
654 1489 881 1529 autumavit.
909 1488 1012 1539 qnod
1033 1502 1145 1526 voca-

272 1546 408 1585 bulum
435 1546 484 1584 de
510 1546 647 1584 arbore
673 1559 758 1584 cum
784 1545 991 1589 diceretur,
1017 1558 1145 1596 aeque

271 1604 487 1642 masculino
502 1616 548 1641 ac
561 1603 746 1653 sequiore
759 1615 905 1653 genere
920 1606 1145 1653 usurpatum

273 1674 368 1698 esse
394 1658 679 1698 demonstravit
710 1673 759 1697 ex
793 1659 898 1709 Yirg.
926 1659 1027 1697 Aen.
1059 1657 1144 1697 XII.

273 1721 367 1757 208.
405 1721 445 1755 et
483 1717 693 1755 Grammat.
731 1717 766 1754 in
805 1717 907 1754 notis
934 1715 1069 1754 Heius.
1096 1716 1146 1753 ad

270 1773 454 1812 Prudent.
476 1772 745 1824 Psychom.V.
767 1776 860 1813 879.
881 1771 965 1810 Intt.
981 1772 1029 1810 ad
1046 1770 1143 1810 Ptin.

269 1829 529 1870 v111.26.4o.
556 1830 620 1882 [cf.
637 1829 737 1868 Non.
752 1844 788 1881 p.
805 1833 896 1870 227.
924 1827 1079 1867 Peerlk.
1094 1828 1142 1866 ad

268 1886 401 1926 Horat.
417 1886 543 1926 (Tarni.
556 1886 617 1925 III.
634 1890 698 1928 29.
715 1890 778 1926 37.
788 1899 822 1938 p.
841 1889 936 1926 359.
949 1885 1143 1936 Equidem

268 1943 491 1982 femininum
507 1943 764 1995 retinui‚quod
776 1943 838 1981 hic
852 1944 984 1994 optimi
999 1943 1143 1994 quique

273 2001 389 2040 codd.
420 2004 649 2051 agnoscunt.
675 2010 677 2013 '
699 2000 762 2038 Ne
794 2000 885 2050 quid
910 2004 1038 2037 tamen
1066 2000 1141 2038 dis-

267 2058 467 2100 simulem,
492 2058 628 2096 mirum
644 2062 718 2101 est,
746 2057 850 2108 quod
866 2056 1086 2095 inFlorent.
1103 2061 1139 2097 3.

267 2119 305 2153 et
329 2113 432 2153 Pith.
458 2115 551 2166 ipso
577 2116 741 2154 cariosa
767 2114 925 2165 legitur,
950 2127 1052 2164 quae
1078 2127 1143 2152 res

267 2185 330 2210 mc
345 2172 488 2210 diutius
503 2172 538 2209 in
562 2171 720 2210 dubium
734 2172 918 2217 vocabat,
945 2175 1068 2209 utrum
1091 2170 1140 2208 le-

265 2229 435 2279 gendum
452 2233 573 2267 esset.
607 2228 671 2267 Ob
689 2232 904 2266 ceterorum
921 2241 1011 2265 vero
1027 2228 1139 2265 codd.

265 2286 522 2324 constantiam
549 2285 599 2324 ad
626 2285 848 2323 femininum
874 2285 1081 2337 inclinavi]

323 2343 570 2381 borriebrmt.
619 2341 662 2380 Id
684 2342 933 2386 vocabulum,
961 2342 1063 2392 qnod
1089 2343 1139 2379 vi-

264 2400 441 2438 dendum«
455 2403 518 2437 est
537 2400 585 2437 ab
601 2399 770 2451 Apuleio
786 2413 856 2437 not·
867 2413 886 2436 e
900 2412 994 2436 csse
1011 2399 1136 2436 lictum

263 2457 313 2494 ad
339 2456 633 2508 exprimendam
659 2456 1008 2499 concursationem,
1035 2469 1136 2505 quae

264 2517 427 2566 apparet
452 2513 488 2551 in
510 2512 753 2552 formicarum
774 2513 968 2557 nidificiis,
994 2516 1033 2550 et
1052 2526 1137 2551 sca.-

262 2571 486 2621 turiginem,
525 2582 602 2620 qua
636 2583 711 2609 una
749 2583 867 2620 super
903 2570 1018 2608 aliam
1050 2571 1134 2614 ruit,

263 2640 426 2678 magnas
450 2627 656 2665 molestias
682 2628 828 2665 creavit
848 2627 1133 2677 interpretibus.

263 2684 484 2723 Beroaldus
533 2684 755 2722 emendavit
802 2684 1021 2729 bulliebat,
1076 2685 1133 2721 cui

265 2741 369 2779 favet
381 2754 457 2778 vox
471 2754 646 2791 sequens
661 2742 939 2793 seaturriyiue
962 2744 1002 2777 et
1023 2740 1134 2778 locus

266 2798 312 2835 (ἔ.
339 2798 509 2837 Britonis
536 2799 571 2836 in
587 2796 688 2835 Phil.
706 2796 731 2834 l.
749 2801 842 2838 637.
868 2797 918 2835 dc
945 2796 1132 2834 formicis:

265 2854 388 2894 Nunc
420 2855 500 2894 leuc
530 2869 640 2894 nunc
669 2855 772 2894 illuc
803 2855 1042 2894 discurrunt
1071 2868 1132 2891 or-

265 2911 361 2949 dine
374 2912 506 2956 nullo,
538 2912 763 2963 Fraymiua
784 2911 979 2950 cellarum
993 2912 1133 2951 studio

263 2981 460 3018 reparare
494 2969 707 3021 frequenti
741 2967 964 3013 Geram-tes,
1001 2969 1133 3007 caveis

263 3024 384 3062 sirau(
406 3024 616 3063 ebullire
643 3025 808 3064 videres.
858 3024 899 3062 In
926 3038 975 3062 eo
1000 3030 1129 3063 tamen

264 3081 401 3117 erravit
420 3079 661 3125 Beroaldus,
687 3081 791 3131 quod
813 3081 863 3119 de
881 3095 978 3120 sono
1006 3081 1131 3120 formi-

264 3149 391 3174 carum
407 3137 605 3183 intellexit,
623 3151 737 3188 quem
754 3139 886 3176 nescio
901 3153 947 3177 an
962 3151 1130 3191 unquam

1205 1090 1292 1140 quis
1318 1090 1514 1129 audiverit.
1564 1089 1714 1129 Pricaei
1736 1104 1827 1128 vero
1855 1091 2076 1130 coniectura

1206 1147 1452 1187 oberrabant
1482 1148 1624 1199 duplici
1645 1148 1694 1186 de
1716 1161 1860 1186 caussa
1880 1147 2074 1199 displicet.

1206 1204 1249 1241 Si
1276 1205 1377 1242 enim
1404 1205 1591 1257 nidificia
1617 1205 1653 1243 in
1670 1198 1805 1255 quarto
1820 1217 1914 1243 casu
1927 1218 2074 1250 sumas,

1206 1261 1366 1299 verbum
1387 1265 1494 1300 caret
1512 1265 1620 1300 recto
1634 1275 1746 1307 casu,
1773 1261 1875 1300 unde
1890 1262 2072 1312 pendeat.

1206 1317 1349 1368 Neque
1376 1319 1463 1369 ipsa
1489 1319 1680 1371 nidificia
1703 1320 1974 1369 formicarum
1999 1319 2072 1357 dici

1206 1379 1353 1425 queunt
1369 1376 1561 1414 oberrare
1576 1379 1614 1413 et
1628 1389 1863 1414 commeare.
1886 1374 1946 1413 Ex
1959 1375 2073 1414 codd.

1205 1433 1316 1481 igitur
1341 1430 1425 1470 Pal.
1453 1431 1583 1470 Guelf.
1599 1436 1639 1470 et
1654 1430 1740 1470 Par.
1757 1432 1956 1482 scripturis
1971 1430 2072 1470 Oud.

1206 1489 1410 1526 lectionem
1444 1489 1639 1527 conflavit:
1678 1491 1792 1528 cuius
1824 1490 1863 1527 in
1891 1490 1981 1540 ipso
2007 1504 2074 1529 ca-

1204 1547 1316 1583 rioso
1341 1547 1471 1598 stirpe
1495 1546 1766 1585 inhabitantes
1787 1547 1991 1597 formicae
2015 1547 2073 1584 ηἰ-

1207 1602 1347 1654 difioia
1380 1602 1442 1639 vel
1474 1604 1578 1642 mira
1610 1604 1797 1656 nidificia
1827 1603 2075 1642 oberrabant

1205 1664 1245 1697 et
1328 1660 1603 1698 cmnmeahcmt
1617 1659 1676 1696 vel
1693 1660 1822 1704 etiam,
1843 1659 2072 1698 iwlmbitau-

1206 1717 1301 1754 tium
1331 1717 1603 1766 formicarum
1633 1717 1752 1755 turba
1783 1716 1972 1768 nidificia
2006 1716 2071 1754 ob-

1206 1773 1409 1811 errabant.
1461 1772 1779 1811 coniunctionem
1817 1773 1918 1811 enim
1949 1772 2071 1824 sylla·

1204 1829 1336 1866 barum
1362 1830 1465 1868 urba
1491 1830 1637 1869 oberro
1663 1834 1702 1868 et
1726 1829 1915 1881 pluralem
1941 1843 2071 1868 nume-

1203 1899 1284 1923 rum
1304 1885 1489 1937 singulari
1503 1887 1747 1925 subiunctum
1764 1887 1994 1937 corruptioni
2010 1901 2070 1925 oc-

1201 1943 1401 1980 casionem
1422 1944 1600 1994 potuisse
1621 1944 1922 1981 subministrare.
1970 1943 2071 1995 [Me-

1202 1999 1276 2037 lius
1301 2005 1429 2037 tamen
1456 2001 1477 2037 ii
1505 1999 1652 2038 fecisse
1676 2000 1768 2038 mihi
1793 2000 1981 2047 videntur,
2007 2002 2071 2051 qui

1202 2057 1439 2096 burriebant
1468 2058 1844 2108 onomatopoeticum
1876 2070 1969 2095 esse
2006 2071 2070 2094 vo-

1203 2114 1300 2155 lunt..
1338 2118 1379 2152 ut
1415 2113 1547 2152 Barth.
1585 2114 1749 2152 Advers.
1776 2112 1965 2153 XXXVI.
2008 2117 2068 2154 13.

1199 2186 1235 2223 p.
1268 2174 1384 2211 3654.
1412 2175 1453 2209 et
1481 2169 1664 2222 Soping„
1699 2171 1761 2221 qui
1789 2170 1952 2221 glossas
1977 2171 2067 2208 inde

1200 2228 1398 2266 emendat:
1426 2228 1566 2267 burdit
1585 2229 1738 2279 ψηρτιᾶ,
1759 2231 1907 2280 yut-916..
1930 2228 2067 2280 legens

1199 2286 1347 2331 barrit,
1373 2285 1479 2335 quod
1506 2298 1709 2337 perperam
1735 2284 1842 2329 fecit,
1869 2286 1958 2336 quia
1982 2301 2067 2337 γαυ-

1197 2342 1281 2394 ριᾶν
1319 2341 1464 2380 nullum
1504 2341 1629 2381 locum
1669 2341 1788 2380 habet
1823 2342 1859 2379 in
1891 2342 2064 2382 burrire.

1199 2399 1318 2436 voss.
1341 2400 1376 2436 in
1394 2397 1562 2450 Etymol.
1585 2403 1716 2437 monet
1735 2399 1863 2449 graeci
1884 2399 2065 2437 vocabuli

1194 2453 1358 2508 βύρμαξ,
1387 2455 1489 2506 quod
1509 2455 1684 2506 Hesyeh.
1704 2454 1853 2507 μύρμηξ
1879 2455 2063 2506 explicat,

1195 2517 1235 2551 et
1270 2513 1360 2551 inde
1398 2513 1539 2551 factum
1577 2526 1670 2550 esse
1703 2512 1858 2550 latinum
1891 2513 2062 2552 burrire.

1194 2569 1432 2607 Novissimis
1447 2570 1687 2620 temporibus
1704 2568 1831 2607 Doed.
1845 2568 2062 2620 Synonym.

1196 2625 1312 2666 TXI.
1328 2641 1363 2678 p.
1380 2630 1446 2667 43.
1467 2627 1624 2665 burrt're
1645 2625 1819 2663 defendit
1839 2626 1899 2663 his
1914 2626 2061 2664 verbis:

1195 2684 1355 2722 burrire
1380 2683 1574 2721 wimmeln
1601 2696 1674 2721 von
1699 2680 1804 2735 βρύω
1829 2682 1903 2720 wie
1931 2682 2061 2723 bullio

1193 2754 1268 2778 von
1294 2736 1410 2793 βλὺω.
1459 2739 1543 2790 Ego
1575 2740 1805 2778 vocabulum
1838 2741 1928 2777 item
1960 2753 2061 2777 com-

1193 2798 1365 2848 probans
1391 2810 1441 2835 ex
1465 2797 1578 2835 codd.
1615 2797 1771 2848 reposui
1810 2796 2060 2839 borriebant,

1192 2854 1241 2892 ad
1268 2867 1383 2904 quam
1409 2854 1637 2904 scripturam
1665 2853 1778 2891 codd.
1804 2853 1932 2903 magis
1958 2852 2060 2890 incli-

1192 2916 1299 2955 nant,
1327 2924 1441 2962 quam
1468 2911 1518 2949 ad
1545 2908 1810 2961 buri-iebant]

1247 2968 1466 3019 nvaltiiuqa
1480 2968 1767 3019 scaturriyine.
1796 2964 2058 3004 ContraFuIv.

1192 3024 1306 3064 codd.
1337 3026 1605 3063 auctoritatem
1638 3022 1823 3061 Pricaeus
1862 3021 2059 3073 vulgatam

1191 3082 1400 3120 lectionem
1426 3082 1570 3132 optime
1596 3079 1780 3118 defendit.
1818 3078 1905 3117 Non
1927 3080 1978 3117 ita
1997 3092 2059 3116 va-

1193 3142 1329 3189 gantur
1363 3137 1548 3175 formicae
1581 3138 1680 3175 circa
1712 3136 1860 3182 nidum,
1886 3135 1960 3174 sed
1983 3149 2059 3174 uno
