2221 3667
297 113 378 159 148
549 118 596 160 L.

791 270 1027 318 CAP

629 119 845 159 APULEII
876 117 1280 160 MADACRENSIS
1310 116 1859 159 METAMORPHOSEON

1087 268 1130 314 U
1190 267 1233 312 T
1338 269 1609 315 XXXII.

409 375 487 418 Sed
513 392 600 418 cum
626 380 790 433 primam
817 380 983 432 plateam
1010 392 1033 416 v
1038 377 1210 427 adimus,
1245 385 1364 418 vento
1391 378 1598 432 repentino
1623 378 1755 418 lumen
1780 393 1857 432 quo
1883 378 2105 418 nitebamur

296 432 566 487 extinguitur,
595 442 638 474 ut
662 436 733 475 vix
758 434 997 489 improvidae
1031 432 1157 473 noctis
1189 433 1359 488 caligine
1390 435 1546 475 liberati
1571 435 1705 498 digitis
1731 440 1868 498 pedum
1895 433 2101 498 detunsis}

209 488 270 520 159
296 489 345 528 ob
378 489 525 544 lapides
562 491 772 545 hospitium
812 490 955 530 defessi
993 488 1227 530 rediremus.

170 540 270 590 [129]
297 559 388 586 ecce
419 553 500 588 tres
532 548 686 601 quidam
715 552 917 601 voventes
954 552 993 585 et
1022 545 1189 586 vastulis
1222 547 1454 601 corporibus
1482 546 1489 603 Ι
1515 548 1621 588 fores
1660 555 1818 588 nostras
1855 559 1909 589 ex
1944 546 2107 588 summis

1267 465 1471 544 ”Dumque
1503 491 1581 531 iam
1618 491 1779 532 iunctim
1816 491 2104 545 proximamus,

386 640 461 669 dum
482 651 537 677 pro
557 650 630 670 cum
654 642 769 670 maluit
795 640 951 669 Pricaeus
978 643 1010 668 ut
1035 641 1145 669 statim
1171 638 1246 669 dum
1273 650 1341 669 mm
1361 642 1611 678 proximamus.
1650 644 1690 672 At
1711 645 1791 672 Mss.
1816 643 1899 671 nihil
1923 641 2055 672 varlant
2078 643 2109 670 et

295 695 409 721 parum
441 688 548 716 refert.
595 689 645 716 Ac
664 687 793 714 videtur
818 685 1007 719 significare
1033 685 1135 713 simul
1154 695 1196 713 ac
1214 685 1249 714 ia
1276 686 1398 723 platea
1418 686 1623 716 incedimus.-
1659 689 1745 717 unde
1769 692 1801 717 et
1832 688 1956 717 frustra
1980 687 2015 716 0.
2045 689 2109 716 ha-

296 735 347 761 bet
361 732 518 768 primum.
568 732 717 768 capimus
731 728 761 758 δ’.
808 729 930 757 librati
943 740 976 763 φ.

295 782 326 806 et
355 779 492 806 coniecit
518 780 614 804 vento
646 775 684 803 de
714 775 900 812 repentino.
961 774 1108 804 detusse's
1138 778 1174 806 0.

296 824 332 851 G.
360 824 387 851 1.
414 825 449 852 0,
497 820 572 853 victi
596 819 661 850 «5512
687 820 795 848 vicum
822 822 846 849 B
879 825 911 849 ut
936 823 1032 850 habet
1058 823 1156 850 etiam
1182 823 1210 850 D
1236 823 1269 851 in
1294 823 1452 859 margine.
1489 824 1572 852 Elin.
1598 824 1684 852 Prie.
1712 822 1833 852 Florid.

294 870 331 896 B.
353 865 381 896 δ.

295 912 337 940 lis
355 912 389 950 β.

430 871 525 895 utres
544 868 580 894 B.

294 990 440 1027 moveri
484 990 653 1039 possunt
692 987 740 1025 cf.
774 1001 876 1039 quae
907 988 1017 1040 larga
1054 1002 1169 1027 mauu

294 1045 455 1083 adnotat
484 1044 692 1082 Burmann.
724 1044 775 1082 ad
808 1043 987 1096 Propert.
1014 1044 1042 1082 l.
1070 1050 1106 1085 3.
1134 1049 1170 1086 9.

296 1100 437 1139 Tibull.
466 1099 509 1138 ll.
539 1105 572 1140 1.
600 1101 684 1153 30.]

352 1155 618 1195 CARXXXH.
640 1158 826 1210 plateam
840 1160 1035 1198 vadimus.
1062 1158 1173 1196 Male

295 1213 490 1252 Stewech.
506 1213 622 1251 scribi
638 1214 796 1253 volebat
817 1216 1063 1262 irzcmlc'mus,
1084 1216 1176 1266 quia

292 1271 443 1309 vadere
470 1271 655 1322 plateam
681 1271 729 1310 ab
755 1271 926 1322 Apuleio
953 1273 1092 1311 eadem
1117 1286 1173 1310 ra-

293 1326 400 1365 tione
425 1327 569 1365 dictum
595 1331 725 1373 esset,
753 1332 793 1366 ut
819 1330 921 1368 cisun,
946 1331 1015 1368 irc.
1049 1329 1096 1367 cs.
1124 1329 1174 1367 de

294 1382 436 1435 Dogm.
462 1382 565 1422 Plat.
592 1387 686 1425 247.
713 1383 816 1436 [lntt.
837 1385 887 1423 ad
913 1385 1057 1436 Hygin.
1074 1385 1172 1424 Fab.

295 1443 361 1480 38.
386 1454 425 1491 p.
440 1443 492 1481 99
507 1453 594 1491 sqq.
611 1440 738 1493 Stav]
767 1442 808 1479 Si
835 1442 925 1492 quid
954 1443 1176 1480 mutandum

295 1501 375 1543 est,
419 1497 636 1548 elegantior
683 1495 836 1536 videtur
892 1498 1176 1551 Oudendorpio

294 1555 485 1605 scriptura
516 1554 601 1592 cod.
635 1554 812 1592 d'OrviH.
847 1557 1032 1606 capimus
1058 1570 1089 1593 5.
1119 1558 1174 1594 ἰη-

294 1611 530 1662 9reclimur:
557 1624 590 1649 ν.
608 1624 638 1649 c.
661 1625 812 1663 capere
827 1616 1015 1663 portum,
1041 1613 1175 1665 reqio-

295 1681 401 1715 nem3
428 1667 476 1705 cf.
502 1667 617 1705 Auct.
644 1667 747 1706 Hist.
774 1668 819 1706 B.
846 1668 965 1707 Alexa
991 1684 1022 1707 (z.
1050 1673 1114 1709 47.

355 1724 486 1762 lumen
497 1738 577 1776 quo
587 1725 826 1764 nitebamur.
849 1723 983 1777 [Pueri
1000 1726 1095 1763 hero
1109 1725 1175 1763 do-

296 1794 399 1818 mum
419 1780 594 1818 redeunti
620 1780 731 1819 faces
757 1781 955 1833 praeferre
981 1782 1175 1820 solebant.

297 1836 428 1875 Burni.
444 1837 493 1875 ad
506 1835 685 1889 Propert.
700 1837 734 1882 Ι,
756 1841 792 1878 3.
811 1842 873 1879 10.
900 1842 938 1876 et
952 1838 999 1877 ad
1016 1838 1175 1877 Anthol.

301 1891 679 1944 hat.T0m.I.p.620.
694 1894 757 1932 De
771 1894 832 1932 his
850 1894 1171 1947 lampadophoris

296 1951 514 1988 accuratius
533 1951 613 2001 agit
624 1949 781 2002 Pignor.
797 1951 847 1989 de
862 1951 1010 1990 Servis.
1036 1953 1070 1989 in
1094 1950 1172 1989 Po-

300 2007 372 2045 leu.
395 2006 605 2059 Suppl.ad
627 2007 747 2046 Thes.
770 2006 1172 2061 'r0n1.111.p.1211.]

357 2065 512 2115 improz
516 2064 623 2103 idae.
646 2064 926 2117 [Improviclas
938 2065 1072 2116 passiv
1077 2078 1099 2102 e
1111 2065 1174 2103 hic

301 2120 472 2172 positum
506 2125 585 2167 est,
626 2122 690 2172 qui
722 2136 819 2160 usus
852 2122 938 2160 aliis
970 2122 1174 2160 adiectivis

300 2181 434 2230 potest
457 2178 718 2228 comprobar13
745 2178 792 2216 cf.
821 2177 922 2217 Cort.
949 2178 999 2216 ad
1024 2178 1172 2217 Lucan.

301 2234 350 2273 V.
377 2237 470 2274 500.
497 2234 561 2285 qui
588 2234 699 2286 plura
722 2234 1028 2288 suppeditabit]

358 2291 552 2329 Detzmsis
567 2292 616 2329 ob
632 2292 810 2344 lapides.
836 2290 931 2329 Ideo
946 2293 1048 2330 servi
1067 2296 1175 2331 erant

303 2345 523 2392 ditioribus,
550 2361 573 2385 a
587 2348 729 2399 quibus
743 2353 991 2387 monerentur
1005 2363 1076 2400 per
1089 2350 1175 2387 vias

302 2405 353 2442 de
384 2404 601 2456 lapidibus,
633 2405 684 2443 ad
716 2419 818 2455 quos
848 2404 1052 2443 offendere
1083 2420 1175 2458 pos-

305 2465 404 2500 sent.
456 2459 567 2498 Colv.
602 2466 802 2513 comparat
837 2461 998 2500 Lucian.
1033 2462 1177 2513 Nigrin.

304 2518 355 2570 [c.
380 2522 445 2558 34.
477 2514 680 2570 προϊόντας
709 2534 780 2570 γαρ
804 2533 907 2565 τινας
930 2523 1004 2557 τῶι
1029 2519 1180 2558 οἰκετῶν

305 2578 365 2614 δεῖ
371 2577 466 2627 βοᾶν
479 2576 542 2614 καὶ
555 2590 706 2628 παυαγ)
698 2577 747 2614 ἑ).
750 2577 826 2614 λειν
822 2579 1089 2641 προορᾶσθαι
1101 2584 1180 2615 τοῖν

306 2635 454 2679 ποδοῖι,
488 2629 534 2683 ἣν
564 2629 713 2684 ὑψηλόν
744 2647 779 2671 τι
807 2627 828 2682 ἢ
861 2634 989 2671 κοῖλον
1012 2634 1178 2683 ‚uellem-1.

308 2687 548 2741 ὑπερβαιιειι.
609 2688 750 2741 Popm.
782 2688 833 2727 de
863 2690 989 2727 seriis
1021 2688 1043 2727 l.
1071 2689 1106 2727 d.
1140 2693 1178 2727 et

307 2743 393 2782 lntt.
420 2745 469 2783 ad
494 2744 651 2784 Petron.
682 2760 713 2785 c.
742 2748 808 2786 79.
837 2760 874 2798 p.
901 2749 994 2786 505.
1021 2745 1175 2798 Burin]

367 2804 547 2841 iunctim.
606 2803 744 2843 Vicum
775 2802 837 2841 vel
868 2803 911 2841 in
940 2803 1072 2841 *ct'cmn
1102 2817 1176 2841 non

311 2857 484 2896 VVower.
507 2864 545 2897 et
566 2859 743 2912 Sopingii
769 2863 833 2898 est
858 2860 1080 2897 coniectura
1104 2859 1179 2897 sed

311 2914 555 2954 emtssortin.
572 2917 701 2955 lectio.
728 2930 829 2967 quae
854 2919 982 2954 tamen
1009 2915 1097 2952 ideo
1111 2917 1180 2953 im-

311 2972 511 3022 probatur,
544 2975 633 3024 quia
662 2973 875 3024 hospitium
906 2986 978 3011 eos
1010 2973 1084 3010 iani
1116 2986 1181 3023 pe-

310 3027 423 3065 tiisse
447 3027 593 3068 Lucius
618 3033 757 3068 narrat.
795 3029 957 3068 Veritati
976 3028 1102 3080 magis
1122 3043 1182 3067 ac-

313 3083 414 3121 cedit
429 3085 606 3123 Scriverii
638 3085 859 3125 emendatio
881 3087 1055 3130 immam,
1077 3085 1179 3135 quod

314 3144 490 3191 quartum
522 3156 656 3182 casum
686 3140 883 3196 Apuleius
913 3156 1037 3194 saepe
1062 3142 1180 3181 verbo

1027 734 1124 758 vento
1141 739 1216 759 cere
1230 732 1416 768 repent-ino.
1448 734 1531 761 Hinc
1545 734 1671 768 putavit
1686 735 1854 762 was-sens
1866 735 1970 762 latere
1983 733 2110 766 aliquid

1233 775 1378 814 hospitis
1403 779 1439 806 P.
2001 777 2113 805 iuncti

1883 826 1953 851 tres
1979 821 2110 860 quidem

1499 776 1706 806 reddit-emus
1730 780 1768 807 1).
1795 786 1816 807 a
1838 787 1880 808 m.
1910 787 1940 813 p.

629 868 761 903 vegetes
782 867 818 894 F.
839 866 870 894 3.
890 868 927 894 G.
952 867 979 894 1.
999 868 1030 895 2.
1050 868 1088 896 D.
1108 869 1147 896 R.
1169 868 1190 895 s.
1210 869 1245 896 0.
1264 865 1294 896 δ.
1343 871 1376 895 et
1391 872 1467 897 ante
1486 868 1597 896 vastis
1622 871 1713 897 abest
1733 876 1753 897 a
1767 870 1804 897 l).
1819 875 1840 897 a
1853 877 1881 903 p.
1895 877 1936 898 m.
1983 871 2108 897 nastu-

438 910 585 940 rasculis
599 913 634 939 G.
653 913 680 939 1.
696 911 716 939 f.
765 913 797 938 ce
813 911 949 939 summis
963 912 999 940 F.
1014 914 1044 941 3.
1061 914 1097 942 G.
1114 914 1142 940 1.
1155 915 1187 942 2.
1200 914 1238 942 D.
1255 917 1286 941 el.
1297 921 1410 942 omnes
1423 915 1493 942 edd.
1509 917 1585 943 vett.
1604 920 1650 941 ea·
1663 916 1756 943 abest
1769 915 1805 942 F.
1822 915 1851 942 1.
1870 916 1906 942 ln
1920 917 1994 943 cett.
2006 914 2111 943 omni-

1229 991 1473 1041 prooeimarc
1485 990 1681 1028 adsciscit.
1702 989 1749 1028 cs.
1765 988 1861 1028 Met.
1875 988 1912 1027 X
1918 989 1944 1028 l.
1959 1004 1997 1041 p.
2014 994 2109 1030 785.

1233 1045 1305 1097 [cf.
1339 1046 1510 1085 Miscell.
1549 1046 1717 1084 observ.
1756 1046 1847 1084 Vol.
1885 1045 1952 1084 IV.
1998 1045 2044 1085 T.
2080 1045 2110 1084 Ι.

1232 1115 1269 1153 p.
1296 1106 1386 1143 135.
1407 1102 1510 1142 Oud.
1531 1104 1581 1142 ad
1603 1102 1798 1142 Caes.1V.
1818 1102 1864 1142 B.
1880 1101 1931 1142 G.
1947 1100 2114 1144 10.V11.

1233 1160 1318 1212 82]
1346 1158 1410 1197 De
1425 1161 1544 1197 verbo
1568 1161 1738 1199 iunctim
1763 1159 1869 1211 quod
1892 1159 2035 1198 bonum
2051 1162 2115 1197 est

1235 1215 1284 1255 cf.
1301 1216 1500 1255 Schwarz.
1523 1217 1573 1254 ad
1599 1216 1780 1254 Mamert.
1798 1215 1980 1255 Genethl.
1996 1230 2028 1254 c.
2042 1214 2112 1253 XI.

1291 1277 1490 1325 veyentcs.
1539 1272 1676 1311 Lectio
1708 1272 1855 1312 Bertin.
1888 1272 1972 1312 cod.
2004 1277 2113 1312 utres

1234 1328 1340 1367 nullo
1366 1329 1484 1367 modo
1511 1331 1652 1381 poterit
1672 1329 1841 1368 defendi.
1868 1329 2015 1368 Verum
2037 1342 2112 1367 non

1232 1386 1356 1437 potuit
1370 1385 1517 1424 Lucius
1533 1386 1624 1424 illos
1640 1386 1812 1424 latrones
1825 1386 1888 1424 hic
1907 1386 1982 1424 iam
2005 1389 2114 1424 utres

1237 1442 1449 1481 nominare.
1474 1442 1579 1481 Nam
1600 1456 1671 1481 nec
1691 1443 1777 1494 ipse
1797 1443 1875 1481 iam
1890 1446 1968 1480 tum
1983 1443 2114 1480 scisse

1238 1499 1360 1537 voluit
1383 1499 1500 1537 videri
1526 1500 1626 1537 alios
1641 1513 1756 1550 quam
1776 1497 1949 1538 latrones
1976 1498 2113 1537 fuisse.

1238 1555 1349 1594 Tunc
1386 1557 1486 1593 euim
1523 1555 1757 1594 stultissime
1795 1569 1866 1594 eos
1899 1556 2115 1593 invasisset

1237 1626 1309 1650 nec
1329 1612 1367 1649 id
1385 1613 1468 1650 vult
1487 1613 1589 1651 scire
1609 1614 1683 1652 iam
1707 1612 1895 1658 lectores,
1920 1616 1962 1651 ut
1981 1621 2115 1651 eorum

1236 1670 1574 1720 exspectationem
1606 1669 1837 1721 suspendat.
1867 1670 2037 1708 Gronov.
2063 1667 2115 1706 de

1237 1724 1328 1764 Pec.
1350 1729 1441 1764 vett.
1461 1725 1524 1764 Ill.
1551 1731 1611 1766 17.
1639 1727 1799 1777 egregie
1824 1726 2048 1765 emendavit
2071 1729 2115 1764 ut

1235 1797 1300 1821 res
1313 1787 1383 1828 est,
1409 1782 1513 1833 quod
1534 1782 1636 1822 Oud.
1658 1783 1851 1821 confirmat
1875 1796 1925 1820 ex
1950 1782 2114 1833 Septim.

1237 1840 1288 1878 de
1324 1836 1426 1877 Bell.
1466 1838 1619 1877 Troian.
1653 1838 1698 1877 il.
1739 1843 1803 1880 25.
1844 1838 2007 1878 Eumen.
2043 1851 2114 1890 pro

1230 1896 1345 1934 Rest.
1367 1895 1503 1935 Schol.
1525 1910 1555 1934 c.
1577 1901 1613 1936 7.
1640 1896 1689 1934 cs.
1712 1896 1926 1934 Schwartz.
1953 1895 2005 1935 ad
2029 1893 2114 1933 Ma-

1232 1956 1343 1990 mert.
1376 1952 1559 1991 Genethl.
1592 1967 1626 1992 c.
1646 1956 1693 1993 ¹9.
1724 1953 1872 1992 Aerod.
1904 1952 1955 1991 ad
1986 1950 2116 1999 Quint.

1233 2008 1347 2047 Deel.
1364 2007 1607 2048 CCXCVHL
1623 2008 1689 2061 [cf.
1704 2010 1755 2048 ad
1768 2009 1888 2061 Apul.
1903 2009 1953 2047 de
1966 2007 2117 2047 Mundo

1234 2081 1271 2118 p.
1288 2068 1382 2106 333.
1408 2069 1447 2104 et
1472 2066 1590 2118 Apol.
1615 2080 1652 2118 p.
1667 2069 1762 2106 418.
1810 2065 1898 2117 Ego
1922 2069 2053 2105 tamen
2078 2065 2115 2102 in

1234 2123 1402 2161 lectione
1447 2128 1610 2175 τορείας
1653 2124 1907 2174 acquiescere
1948 2135 2116 2173 nequeo,

1234 2193 1351 2230 quum
1378 2180 1472 2217 mira
1496 2180 1547 2217 sit
1573 2179 1753 2218 librorum
1779 2180 2017 2224 constantia,
2050 2178 2116 2230 qui

1235 2236 1316 2274 fere
1330 2249 1466 2274 omnes
1476 2241 1634 2289 veyetcs
1642 2235 1840 2274 exhibent.
1876 2235 2115 2274 Hincemen-

1234 2293 1328 2332 dare
1346 2293 1450 2331 malo
1465 2297 1650 2345 veyentes
1676 2293 1780 2345 quod
1808 2297 1972 2346 reye'tcs
1996 2293 2116 2343 scrip-

1234 2354 1313 2388 tum
1328 2350 1362 2387 in
1379 2349 1491 2387 codd.
1507 2348 1621 2387 facile
1636 2350 1840 2401 depravari
1854 2351 2020 2400 poterat.
2047 2347 2116 2388 Ve-

1235 2421 1336 2460 [μετα
1349 2407 1499 2459 proprie
1513 2407 1699 2445 excitare
1713 2406 1949 2456 significans.
1964 2407 2115 2443 neutro-

1236 2477 1319 2502 rum
1331 2476 1438 2501 more
1452 2462 1565 2501 etiam
1580 2465 1798 2514 usurpatur.
1813 2461 1860 2500 cs.
1870 2461 1970 2500 Non.
1979 2464 2117 2513 p.183.

1236 2516 1362 2559 Mero.
1385 2524 1498 2572 τεμεῖ
1598 2523 1779 2571 veye'tum
1800 2523 1858 2557 est
1877 2518 2010 2558 Varro
2025 2518 2116 2557 Ma·

1237 2578 1323 2616 mo.-
1350 2577 1438 2615 Nec
1458 2580 1576 2615 ‘natus
1590 2580 1658 2621 est,
1678 2589 1752 2614 uec
1771 2576 1979 2620 morietur,
1994 2575 2115 2627 clyet,

1236 2638 1364 2686 resset.
1379 2637 1521 2685 utpote
1531 2632 1814 2683 plurimmmut
1829 2636 1988 2684 ccyetos
2002 2632 2114 2669 inter-

1237 2693 1518 2742 pretamentum
1527 2688 1701 2726 videatur
1708 2701 1801 2726 esse
1812 2687 2114 2741 mat-mentes]

1294 2747 1458 2786 vastulis
1491 2745 1745 2797 corporibus.
1808 2744 1975 2783 Temere
2005 2742 2116 2783 Grut.

1237 2818 1270 2843 c.
1295 2801 1472 2841 Pontian.
1504 2801 1725 2840 emendavit
1751 2802 1956 2847 masculis,
1988 2801 2024 2840 in
2051 2801 2115 2840 ed.

1242 2858 1351 2898 Vulc.
1365 2874 1399 2898 5.
1414 2858 1559 2909 Scalig.
1574 2858 1713 2909 legitur
1727 2857 1896 2898 basszdt's
1910 2870 1960 2896 ex
1974 2856 2114 2897 Gloss.

1240 2914 1376 2955 lsidor.
1387 2917 1524 2955 bassus
1534 2929 1541 2953 :
1552 2916 1725 2967 piu‘quis
1739 2915 1890 2960 obesus,
1899 2913 2038 2953 Heius.
2047 2913 2114 2953 ba-

1240 2973 1367 3011 silicis
1382 2987 1413 3011 5.
1430 2971 1546 3023 regiis
1561 2976 1599 3010 et
1612 2972 1789 3010 maximis
1804 2969 2114 3022 exl'laut.Epid.

1241 3027 1265 3066 Ι.
1284 3029 1307 3068 l.
1323 3033 1388 3069 54.
1408 3028 1556 3067 Pseud.
1573 3027 1598 3066 Ι.
1613 3031 1649 3068 5.
1665 3030 1732 3068 43.
1759 3027 1921 3066 Taubm.
1936 3042 1974 3080 p.
1992 3030 2115 3068 1119.

1240 3087 1416 3124 coniecit.
1476 3084 1686 3136 [Equidem
1710 3082 1908 3135 vulgatam
1933 3083 2112 3135 retineo]

1297 3157 1349 3183 ea:
1367 3144 1523 3183 summis
1545 3142 1704 3181 viribus.
1743 3139 1824 3194 [De
1850 3155 1924 3181 usu
1948 3153 2112 3193 praepo-
