2155 3590
676 136 865 187 Lmen
893 147 985 192 111.¹
1028 147 1155 188 CAP.
1187 137 1260 189 lx.
1792 136 1875 191 16'7

77 259 311 301 Luctantem
336 274 396 300 me
421 274 467 300 ac
491 260 555 300 diu
579 268 808 301 renuentem
835 262 1071 315 praecedens
1097 261 1248 301 facinus
1273 261 1497 302 instaurare
1523 275 1625 302 nova
1645 263 1872 302 ostensione

76 317 235 357 lictores
267 316 377 356 iussu
413 317 713 370 magistratuum
751 331 865 370 quam
901 318 1184 358 instantissime
1221 318 1473 371 compellunt:
1511 332 1667 358 manum
1705 319 1870 372 denique

74 373 214 426 ipsam,
242 385 262 412 e
282 373 444 426 regione
464 372 599 412 lateris
620 372 842 423 tundentes,
867 373 872 430 Ι
894 374 933 413 in
954 374 1118 414 exitium
1139 388 1250 414 suum
1273 388 1390 427 super
1408 374 1493 427 ipsa
1525 375 1718 414 cadavera
1745 375 1868 428 porri·
1895 379 1959 413 190

75 435 185 483 gunt.
214 427 377 468 Evictus
399 429 552 468 tandem
574 429 808 469 necessitate
822 431 1047 481 succumbo,
1066 430 1283 483 etingratis
1297 430 1403 480 licet,
1427 437 1584 484 arrepto
1600 430 1714 484 pallio
1737 431 1869 471 retexi

74 486 255 538 corpora.
299 483 365 524 Dii
388 485 501 535 boni,
527 499 624 538 quae
651 485 771 526 facies
796 486 879 526 rei?
904 488 1003 539 quod
1029 488 1271 527 monstrum?
1295 499 1394 539 quae
1419 488 1666 526 fortunarum
1693 500 1866 528 mearum

71 540 277 595 repentina
306 541 494 581 mutatio?
526 540 770 594 Quamquam
802 543 904 582 enim
936 543 1012 582 iam
1037 543 1077 583 in
1102 543 1253 597 peculio
1283 541 1546 596 Proserpinae
1572 549 1612 583 et
1637 541 1731 583 Orci
1758 544 1866 583 fami-

69 596 122 637 lia
141 604 385 647 numeratus,
408 597 535 637 subito
550 598 590 637 in
610 599 847 638 contrariam
863 599 1001 639 faciem
1024 600 1314 654 obstupefactus
1328 599 1452 649 haesi,
1476 613 1547 639 nec
1566 612 1723 653 possum
1739 613 1865 640 novae

67 653 172 694 illius
202 653 385 707 imaginis
416 653 608 695 rationem
639 654 789 695 idoneis'
819 656 952 695 verbis
977 656 1180 709 expedire.
1228 655 1333 696 Nam
1358 656 1553 696 cadavera
1577 655 1643 695 illa
1668 655 1863 709 iugulato-

66 724 153 750 rum
173 709 370 750 hominum
391 718 505 750 erant
527 718 606 751 tres
627 713 735 751 utres
761 711 899 761 inflati,
927 712 1123 765 variisque
1148 713 1246 753 secti
1271 712 1545 762 foraminibus,
1574 718 1613 752 et
1636 718 1679 752 ut
1702 724 1863 766 vesper-

65 765 188 806 tinum
214 779 340 806 meum
366 767 553 821 proelium
578 767 838 818 recordabar,
867 768 925 808 his
957 768 1054 809 locis
1087 769 1263 819 hiantes,
1297 768 1436 822 quibus
1462 768 1636 809 latrones
1661 767 1750 808 illos
1775 768 1861 809 vul-

63 835 295 863 neraverflm
303 854 311 863 .

61 943 253 968 renuentem
268 941 302 970 F.
317 942 347 970 3.
362 943 397 970 L.
423 945 620 969 renuentem
635 950 663 976 p.
678 939 707 970 ὁ.
732 942 926 970 reticentem
942 944 1021 972 Colt.
1036 944 1132 972 voss.
1156 944 1192 971 In
1212 947 1285 971 cett.
1306 946 1392 972 extat
1414 943 1622 970 reun'tentem
1646 944 1722 972 Bas.
1739 945 1767 971 1.
1805 950 1860 970 re-

60 984 225 1014 nv'deneem
238 1000 284 1005 —-·
296 987 493 1014 renitentem
508 985 564 1014 din
579 989 614 1015 G.
629 989 666 1016 D.
710 986 894 1024 procedens
909 988 1031 1022 (neque
1041 987 1244 1024 procedens,
1272 992 1303 1016 ut
1324 989 1358 1016 in
1378 989 1457 1017 Oud.
1478 992 1545 1017 erat
1565 988 1745 1023 excerptis)
1771 989 1806 1017 G.
1820 990 1859 1017 D.

60 1029 246 1068 offensione
265 1032 300 1060 P.
314 1033 389 1060 Bas.
404 1034 433 1060 2.
455 1036 482 1061 et
504 1033 632 1067 Sciopp.
653 1033 810 1066 probavit.
834 1034 990 1070 Intelligit
1012 1034 1247 1062 revelationem
1266 1037 1293 1061 et
1309 1034 1612 1062 demonstrationem
1626 1040 1744 1062 novam
1758 1035 1859 1062 cada-

60 1075 182 1105 verum.
230 1074 387 1104 l't'terores
400 1074 428 1105 δ.
478 1076 753 1113 nmgt’slrunlt‘nm
767 1079 805 1106 D.
820 1085 839 1106 a
853 1086 880 1111 p.
895 1087 935 1106 m.
983 1070 1057 1105 rl'eia
1073 1086 1127 1112 pro
1141 1076 1280 1115 densque
1293 1080 1332 1107 D.
1348 1085 1367 1106 a
1382 1087 1409 1113 p.
1425 1086 1464 1106 m.
1500 1080 1672 1114 Perperam
1687 1079 1813 1107 Gruter·
1828 1083 1859 1107 et

58 1120 184 1150 Elm.i:t'
198 1120 263 1150 ind.
278 1120 399 1149 lateris
412 1121 726 1160 explicant-feretri.
759 1121 939 1150 candentes
954 1131 982 1157 p.
999 1121 1171 1150 tendentes
1179 1125 1333 1152 Venet.4.
1349 1125 1437 1151 Grut.
1451 1124 1647 1158 Susp.VI.8.
1662 1123 1744 1157 quod
1759 1123 1857 1152 etiam

57 1169 248 1201 expressum
262 1167 651 1196 estascriver.etl··1oriu.
677 1167 1109 1202 e.2·1‘eumVicent.perpetua
1120 1168 1336 1197 aberratione.
1363 1175 1457 1196 snum
1471 1171 1561 1197 abest
1576 1176 1595 1197 a
1605 1177 1633 1203 p.
1643 1165 1671 1196 δ.
1697 1166 1857 1205 οήςντιιιϊέ

55 1213 90 1240 Β.
104 1213 188 1240 lunt.
203 1213 232 1239 2.
258 1213 391 1241 Ceterae
405 1213 474 1241 edd.
490 1216 564 1241 vett.
579 1214 695 1240 nabent
709 1211 877 1249 ingratus.
925 1212 1055 1239 abiectu
1066 1211 1173 1249 pallia
1188 1215 1223 1241 0.
1238 1220 1274 1241 π.
1294 1212 1376 1247 quod
1391 1215 1527 1247 probare
1547 1214 1673 1242 videtur
1686 1213 1855 1242 Pricaeus.

55 1255 194 1294 abrepto
210 1258 245 1284 G.
258 1259 296 1286 D.
344 1264 490 1293 corpora
503 1257 619 1284 retexi
630 1258 665 1286 G.
678 1258 716 1285 D.
731 1258 766 1286 P.
814 1255 932 1285 detexi
944 1258 978 1285 B.
994 1259 1030 1286 R.
1046 1257 1068 1286 t'.
1082 1259 1116 1286 0.
1131 1259 1168 1286 1).
1183 1265 1201 1286 a
1216 1265 1256 1286 m.
1272 1266 1298 1285 S.
1335 1254 1397 1286 Sed
1420 1259 1643 1292 praecesserat
1668 1259 1733 1287 iam
1753 1258 1854 1286 mmm

54 1309 200 1338 carpor-a
213 1300 375 1338 detegere.
401 1302 442 1330 cf.
458 1303 536 1331 Oud.
551 1302 590 1330 ad
605 1303 693 1330 Suet.
709 1302 794 1336 Aug.
810 1310 836 1330 c.
851 1304 903 1331 78.
932 1301 1075 1343 faciens
1087 1303 1201 1331 Venet.
1217 1305 1247 1331 2.

1297 1301 1387 1339 qnod
1397 1304 1488 1331 abest
1504 1310 1524 1330 a
1538 1303 1558 1331 f.
1607 1302 1674 1330 r’am
1689 1311 1753 1332 non
1767 1311 1854 1332 com-

53 1344 143 1381 paret
157 1346 190 1375 in
202 1348 239 1375 11.
255 1348 290 1375 G.
303 1348 342 1375 Ι).
355 1348 393 1375 R.
409 1346 430 1375 f.
444 1348 478 1375 P.
526 1348 559 1373 ee
577 1343 753 1376 Orctmate
767 1347 854 1376 deest
868 1348 901 1375 in
915 1349 952 1376 R.
969 1346 990 1376 f.
1039 1344 1138 1374 orchi
1149 1348 1184 1375 G.
1199 1348 1237 1376 D.
1287 1345 1512 1384 Perserprnae
1530 1349 1645 1377 Venet.
1664 1351 1695 1377 2.
1726 1349 1852 1377 Vicent.

49 1395 251 1419 numeratur·
263 1393 376 1420 Venet.
391 1394 420 1420 2.

49 1438 89 1465 ut
99 1439 192 1466 abest
205 1444 225 1466 a
243 1437 278 1466 F.
295 1438 323 1465 1.
337 1438 373 1465 G.
386 1438 424 1466 I).
472 1444 577 1464 meum
585 1435 751 1474 proelium
766 1437 788 1466 f.

48 1549 150 1586 tione
174 1549 361 1600 arriyere
385 1547 519 1586 dicitur
544 1547 648 1599 apud
674 1546 762 1586 val.
785 1546 914 1586 Flacc.

101 1666 339 1701 renuentem.
365 1660 421 1700 lta
442 1674 491 1699 ex
506 1660 592 1700 cod.
607 1662 753 1712 optimo
774 1662 914 1712 scripsi

46 1716 177 1756 contra
195 1716 298 1757 Oud.
321 1718 565 1763 sententiam,
591 1717 656 1768 qui
681 1719 915 1757 renitentem

45 1773 216 1812 defendit
245 1787 296 1812 ex
323 1771 419 1814 Met.
452 1773 515 1812 ΙΙΙ.
548 1787 584 1825 p.
620 1778 709 1814 174.
747 1787 783 1826 p.
818 1777 908 1815 191.

44 1829 109 1869 VI.
135 1843 174 1882 p.
205 1833 297 1871 396.
347 1830 428 1883 [ubi
464 1844 622 1882 semper
657 1829 908 1870 detrahente

43 1886 205 1926 atterum
217 1900 346 1926 sermo
362 1891 433 1926 est.
451 1886 556 1926 Trill.
567 1885 736 1925 Observ.
747 1885 791 1925 ll.
802 1901 833 1925 c.
843 1891 907 1927 23.

41 1942 109 1983 Dr.
134 1943 184 1982 ad
208 1943 293 1982 Liv.
319 1943 367 1982 V.
394 1947 459 1984 49.
485 1943 516 1993 ᾧ.
543 1948 578 1984 2.
628 1943 821 1983 Renitere
844 1957 908 1981 au-

40 2003 118 2038 tem
144 2013 376 2051 quamquam
400 2013 472 2052 per
494 2013 541 2038 se
561 2001 713 2038 omuino
733 2012 907 2051 compro-

38 2056 168 2101 batur,
198 2059 327 2094 tamen
353 2055 417 2094 hic
441 2056 566 2095 locum
592 2069 734 2108 capere
759 2057 902 2106 nequit,

40 2125 156 2163 quum
170 2113 379 2164 praecedat
391 2113 466 2152 iam
476 2113 694 2152 luctantem
703 2128 716 2150 .·
729 2125 807 2163 quo
817 2125 901 2150 voc.

38 2168 272 2219 significatur
301 2167 463 2207 Lucium
499 2169 536 2206 vi
562 2168 761 2207 lictoribus
790 2181 901 2219 repu-

37 2237 194 2276 gnasse.
223 2225 469 2265 Rennentem
487 2225 598 2275 igitur
623 2228 663 2262 et
683 2225 901 2263 luctantem

36 2281 221 2320 denotant
245 2295 349 2327 eum,
375 2282 438 2332 qui
463 2280 571 2319 vultu
591 2284 630 2319 et
647 2280 824 2319 manibus
843 2293 900 2318 re-

35 2338 282 2390 pugnantiam
312 2337 486 2390 indicat]

92 2407 113 2434 e
142 2395 312 2446 regione
348 2395 491 2433 lateris
521 2394 744 2433 tundentes.
800 2391 902 2431 Oud.

35 2452 223 2502 vituperat
260 2449 514 2496 Beroaldum,
553 2450 615 2501 qui
656 2449 755 2488 haec
784 2450 903 2488 verba

36 2507 222 2558 explicat:
249 2506 407 2545 lictores
422 2519 470 2544 ex
484 2511 594 2558 parte
609 2505 757 2544 laterali
771 2507 899 2558 ipsum

34 2563 294 2616 percutientes
326 2563 572 2614 impulerunt,
609 2566 651 2600 ut
688 2563 898 2613 porrigeret

32 2631 202 2665 manum,
229 2632 344 2670 quum
368 2621 510 2658 rectius
540 2623 673 2658 auctor
691 2622 770 2656 tum
791 2631 899 2670 prae-

33 2676 264 2727 positionem
289 2677 500 2714 omisisset.
548 2674 624 2714 Ubi
655 2675 755 2713 enim
781 2675 897 2725 signi-

32 2733 144 2771 ficare
169 2732 289 2770 velint
312 2731 475 2770 Romani
501 2732 690 2770 actionem
716 2731 777 2769 vel
803 2744 895 2778 rem,

33 2789 132 2840 quae
146 2788 210 2827 fiat
224 2788 283 2826 vel
299 2789 349 2827 sit
361 2788 491 2839 aliquo
511 2788 611 2833 loco,
632 2787 705 2826 dici
726 2789 896 2840 reyione

33 2845 151 2884 leuius
174 2846 303 2884 eiusce
332 2845 433 2890 loci,
464 2845 527 2883 nbi
561 2857 650 2882 vero
675 2848 819 2882 motum
845 2857 894 2883 ex

32 2901 99 2939 illo
130 2901 215 2940 loco
245 2901 308 2938 vel
341 2902 625 2953 oppositionem
658 2913 707 2938 ex
730 2901 895 2940 adverso

33 2956 253 3009 designent,
279 2971 299 2996 e
322 2959 490 3010 reyione
513 2958 706 3008 usurpari:
731 2961 774 3010 ut
797 2956 894 2995 Met.

32 3011 100 3051 lx.
125 3027 162 3065 p.
189 3017 280 3054 641.
311 3014 362 3052 de
392 3013 534 3065 Dogm.
559 3012 658 3052 Ptat.
684 3012 710 3051 I.
736 3026 773 3064 p.
799 3017 892 3054 215.

32 3067 132 3108 Ourl.
163 3073 202 3108 et
229 3069 358 3109 Burm.
389 3071 439 3109 ad
470 3070 577 3109 Suet.
611 3069 724 3108 Caes
762 3083 793 3108 c.
826 3073 890 3111 39.

30 3123 171 3177 Hygin.
195 3126 352 3166 Astron.
378 3125 408 3167 I.
426 3141 457 3166 c.
478 3131 514 3167 8.
540 3126 580 3165 ln
607 3139 654 3165 eo
678 3130 806 3166 tamen
825 3126 889 3166 ob-

468 1391 502 1419 in
516 1391 898 1430 contrariumfacieiR.
914 1392 935 1421 f.
986 1395 1055 1420 tres
1069 1394 1160 1422 abest
1175 1395 1215 1422 ab
1238 1393 1286 1422 ed.
1300 1391 1405 1421 Scriv.

1453 1391 1542 1428 septi
1553 1393 1588 1421 G.
1602 1392 1641 1422 D.
1689 1390 1806 1432 scgptz‘
1816 1393 1850 1423 0.

973 1549 1087 1599 sequi
1110 1548 1200 1586 nolo
1220 1547 1343 1594 ond„
1370 1548 1432 1599 qui
1461 1549 1668 1588 tendentes
1686 1549 1707 1587 i.
1723 1562 1756 1586 e.
1783 1562 1849 1587 ex-

973 1605 1197 1643 tendentem
1221 1617 1374 1643 manum
1400 1618 1526 1644 meam
1552 1617 1575 1643 a
1595 1605 1717 1644 latere
1736 1605 1772 1643 in
1794 1604 1846 1643 fe-

973 1666 1116 1700 retrum
1148 1665 1187 1700 et
1215 1674 1335 1713 super
1361 1661 1552 1701 cadavera
1588 1662 1844 1713 porrigentes,

973 1718 1060 1756 ideo
1076 1718 1263 1769 praefert,
1290 1718 1470 1769 quoniani
1491 1718 1645 1756 minime
1659 1717 1843 1757 credibile

968 1776 1030 1820 sit,
1045 1774 1120 1813 hos
1134 1774 1391 1826 Magistratus
1405 1774 1569 1814 Lucium
1582 1775 1712 1826 aliquo
1725 1778 1841 1826 pacto

968 1831 1126 1870 laedere
1142 1831 1335 1877 voluisse,
1351 1844 1469 1882 quum
1489 1831 1614 1869 omnis
1628 1829 1728 1869 haec
1740 1830 1839 1868 actio

968 1889 1072 1928 risus
1102 1889 1225 1939 gratia
1254 1888 1307 1925 sit
1330 1888 1515 1926 instituta.
1566 1885 1669 1939 [Sed
1693 1891 1841 1926 caussa

967 1944 1113 1996 duplex
1149 1944 1304 1990 obstat,
1346 1944 1508 1994 primum
1534 1944 1623 1994 qnia
1647 1943 1838 1982 ambabus

967 2002 1145 2040 manibus
1165 1999 1311 2038 Lucius
1337 1998 1536 2038 lictoribus
1562 1998 1836 2047 reluctabatur,

963 2056 1027 2107 qui
1058 2070 1147 2094 eum
1177 2055 1397 2094 omnimodo
1428 2056 1478 2094 ad
1509 2053 1708 2095 cadavera'
1727 2061 1835 2095 reve·

963 2113 1078 2152 landa
1113 2112 1416 2163 compellerent,
1460 2111 1549 2150 dein
1592 2112 1774 2163 quoniam
1811 2125 1835 2151 e

959 2170 1151 2220 prioribus
1165 2173 1341 2220 apparet,
1361 2182 1435 2207 non
1461 2169 1691 2220 pepercisse
1704 2170 1738 2207 ei
1751 2182 1832 2208 ma.-

960 2227 1161 2276 gistratus,
1188 2226 1251 2276 qui
1276 2224 1343 2264 tati
1367 2226 1502 2263 timore
1527 2238 1615 2264 eum
1640 2224 1742 2264 affici
1766 2238 1818 2278 pa

959 2281 1166 2328 tiebantur,
1192 2286 1233 2320 ut
1257 2282 1353 2320 actio
1380 2281 1468 2320 ficta
1488 2281 1688 2320 veritatem
1715 2294 1831 2332 quam

964 2339 1131 2377 maxime
1144 2338 1392 2389 adaequaret.
1440 2337 1655 2377 Praeterea
1668 2338 1828 2389 intelligi

964 2395 1053 2434 licet
1076 2394 1178 2434 hanc
1199 2395 1467 2433 contusionem
1494 2408 1567 2433 non
1593 2395 1646 2432 ita
1669 2399 1828 2446 gravem

960 2451 1105 2497 fuisse,
1129 2456 1176 2490 ut·
1194 2450 1260 2489 ille
1284 2451 1560 2490 vulneraretur.
1609 2449 1714 2502 Ergo
1740 2456 1825 2490 tnn-

959 2508 1097 2548 dentes
1120 2508 1285 2560 retinui]

1011 2579 1171 2605 manum
1195 2578 1320 2617 super
1344 2566 1436 2616 ipsa
1461 2564 1666 2603 cadavera
1687 2564 1823 2615 porri-

955 2626 1071 2671 ynnt.
1120 2619 1183 2660 De
1216 2620 1290 2659 boc
1314 2620 1498 2671 tangendi
1524 2619 1727 2657 cadaveris
1752 2621 1823 2658 ritu

955 2675 1054 2715 Elrn.
1091 2679 1233 2717 excitat
1270 2676 1414 2715 Simon.
1447 2675 1597 2714 Maiota
1633 2676 1668 2714 in
1705 2674 1822 2717 Dieb.

956 2732 1122 2772 Canicul.
1149 2733 1216 2772 sol.
1248 2733 1307 2774 18.
1339 2732 1496 2772 Hieron.
1527 2731 1701 2783 Magium
1727 2731 1822 2772 Mis·

953 2788 1039 2828 cell.
1066 2789 1110 2829 11.
1137 2805 1168 2830 c.
1195 2795 1230 2830 5.

1011 2846 1114 2886 Orci
1135 2847 1312 2899 familia.
1347 2844 1518 2897 [Orcum
1530 2842 1739 2884 Plutonem
1753 2859 1819 2897 ap·

954 2901 1092 2954 pellari
1129 2906 1300 2950 constat3
1344 2901 1391 2941 cs.
1422 2900 1519 2939 Met.
1552 2900 1617 2939 Vl.
1655 2914 1692 2953 p.
1723 2905 1818 2943 396.

952 2972 989 3010 p.
1022 2964 1115 3000 411.
1147 2963 1187 2998 et
1216 2973 1254 3011 p.
1284 2963 1379 2999 414.
1410 2956 1494 2997 tntt.
1524 2956 1574 2995 ad
1604 2957 1709 3010 Hyg.
1739 2957 1818 3001 sab.

953 3013 1175 3054 CXXXIX.
1201 3029 1238 3067 p.
1266 3019 1357 3056 244.
1385 3013 1494 3054 Stav.
1511 3012 1641 3053 Burm.
1667 3014 1715 3053 ad
1736 3015 1817 3055 An·

950 3071 1046 3111 thol.
1067 3071 1157 3112 Lat.
1178 3071 1288 3110 Tom.
1310 3070 1335 3109 l.
1362 3084 1397 3121 p.
1419 3074 1514 3111 410.
1533 3075 1572 3109 et
1591 3074 1683 3113 579.
1703 3071 1815 3111 Serv.

948 3127 999 3168 ad
1023 3129 1130 3182 Virg.
1155 3129 1251 3168 Aen.
1277 3127 1343 3167 Vl.
1370 3126 1486 3180 273.]
