2221 3667
270 354 311 386 56

336 124 392 168 52
591 127 638 168 L.
669 130 889 172 APULEll
918 134 1319 175 MADAURENSIS
1349 137 1895 180 METAMORPHOSEON

338 236 568 290 grabatulo,
607 241 656 282 ad
692 243 859 285 exitium
890 246 1121 287 sublimatus
1155 247 1329 287 immisso
1361 249 1487 302 eapite
1518 250 1699 304 laqueum
1736 253 1870 293 induo.
1939 252 2017 294 Sed
2054 254 2143 294 dum

337 294 433 346 pede
464 295 589 337 altero
621 298 890 341 fulcimentum
925 317 1000 355 quo
1026 303 1253 343 sustinebar
1276 304 1444 357 repello,
1479 313 1521 345 ut
1539 308 1736 360 ,ponderis
1762 310 1928 349 deductu
1952 309 2070 350 restis
2096 311 2145 351 ad

337 349 567 409 ingluviem}
600 354 792 396 adstricta
817 357 977 412 spiritus
1004 359 1134 398 officia
1159 359 1410 410 discluderet,
1438 369 1600 414 repente
1626 363 1750 416 putris
1776 365 1948 418 alioquin
1974 373 2013 405 et
2031 373 2144 407 vetus

337 405 443 447 funis
469 408 737 465 disrumpitur.
766 413 899 466 Atque
925 428 999 467 ego
1026 415 1071 454 de
1098 415 1177 453 alto
1204 415 1384 456 recidens
1400 415 1595 458 Socraten
1620 420 1729 473 (nam
1756 420 1869 461 iuxta
1895 436 1955 462 me
1974 422 2147 476 iacebat)

337 476 531 517 superruo
557 481 722 522 eumque
748 483 794 510 eo
819 470 860 509 in
886 476 1033 510 terram
1060 470 1264 511 devolvor.

877 663 1321 713 CAPUT
1412 669 1612 716 XVII.

451 813 505 854 Et
523 828 614 854 eece
633 814 674 854 in
694 815 778 869 ipso
799 824 997 858 momento
1020 818 1169 860 ianitor
1193 821 1447 878 introrumpit
1472 832 1611 866 exerte
1638 826 1865 867 clamitans:
1905 827 1982 869 Ubi
2015 843 2056 870 es
2091 838 2147 881 tu,

339 869 402 922 qui
437 870 515 909 alta
547 878 661 910 nocte
694 871 901 914 immodice
934 875 1152 916 festinabas
1185 884 1226 917 et
1255 892 1359 918 nunc-
1384 881 1520 921 stertis
1546 882 1773 923 involutus?
1805 885 1867 924 Ad
1893 885 1989 926 haec
2015 888 2150 927 nescio

337 940 387 964 an
415 940 508 965 casu
534 933 673 966 nostro
699 941 750 967 an
775 929 880 969 illius
907 931 1057 971 absono
1078 932 1250 974 elamore
1271 944 1529 989 experrectus
1545 937 1732 979 Socrates
1754 941 1937 994 exsurgit
1957 942 2085 995 prior:
2112 951 2153 984 et

336 980 446 1029 Nae,
483 982 628 1035 inquit,
663 984 859 1026 immerito
892 987 1132 1029 stabularios
1165 989 1235 1030 hos
1263 1005 1398 1032 omnes
1426 993 1598 1047 hospites
1624 996 1885 1037 detestantur.
1946 997 2052 1039 Nam
2077 999 2151 1040 iste

337 1037 516 1077 curiosus
544 1040 632 1079 dum
660 1041 882 1095 importune
908 1044 1113 1099 irrumpit,
1143 1047 1260 1087 eredo
1286 1049 1415 1088 studio
1442 1050 1619 1104 rapiendi
1645 1052 1812 1106 aliquid,
1842 1054 2012 1095 clamore
2038 1063 2151 1096 vasto

336 1168 371 1193 et
395 1164 442 1193 ad
464 1168 548 1195 erit.
569 1169 603 1197 P.
630 1169 762 1197 exitum
783 1174 961 1201 nonnullae
982 1175 1052 1202 edd.
1101 1177 1136 1202 et
1154 1179 1230 1204 ante
1249 1176 1397 1205 immissu
1417 1181 1529 1208 exulat
1551 1187 1571 1208 a
1589 1182 1624 1209 F.
1650 1183 1674 1210 l.
1696 1186 1724 1209 el
1746 1183 1815 1210 edd.
1836 1186 1912 1211 velt.
1960 1186 1992 1211 et
2012 1182 2151 1212 demisso

337 1211 449 1247 cupite
469 1213 559 1242 Colv.
574 1215 733 1244 emendat.
748 1216 868 1244 enn'ssu
888 1226 952 1246 non
974 1226 1170 1255 praegressa
1189 1222 1352 1255 particula
1372 1225 1407 1252 B.
1428 1227 1463 1251 ec
1480 1225 1582 1253 misso
1602 1227 1637 1254 F.
1653 1229 1683 1255 3.
1704 1229 1738 1255 G.
1755 1229 1792 1255 D.
1808 1229 1877 1256 edd.
1897 1232 1974 1257 velt.
1989 1228 2152 1266 punderz’s

335 1257 451 1285 Vener.
466 1260 496 1286 4.
547 1261 655 1287 test-ns
669 1259 716 1287 ml
726 1262 767 1291 D.
782 1269 803 1290 a
816 1270 856 1290 1n.
873 1270 901 1296 p.
949 1263 996 1290 ad
1016 1263 1131 1301 gulam
1152 1267 1188 1294 G.
1203 1267 1239 1295 P.
1259 1267 1292 1295 in
1317 1270 1463 1303 exerptis
1483 1271 1632 1299 Pulsrliii
1647 1273 1684 1300 1).
1699 1274 1737 1301 R.
1760 1273 1780 1300 f.
1797 1274 1881 1302 Petr.
1896 1275 1986 1303 Colv.
2007 1278 2037 1303 et
2057 1276 2152 1304 Vulc.

335 1303 422 1330 unde
436 1304 567 1332 modius
586 1305 889 1344 coniecitiugnlam
909 1311 992 1342 qnod
1015 1310 1091 1343 qnid
1112 1311 1176 1339 sibi
1195 1313 1273 1340 velit
1295 1321 1357 1342 non
1371 1315 1520 1351 intelligo
1534 1317 1598 1344 nisi
1613 1318 1731 1349 legitur
1743 1317 1902 1355 iugulum.
1951 1320 2102 1348 astricta
2116 1322 2152 1350 G.

336 1348 375 1375 D.
390 1345 559 1376 adstricee
573 1349 594 1378 f.
644 1349 759 1386 qffim'n
772 1354 808 1380 F.
823 1354 853 1381 3.
869 1361 896 1387 p.
940 1355 1118 1391 putria-1..
1132 1357 1170 1384 D.

338 1435 449 1471 [Certe
469 1439 501 1467 in
522 1442 596 1468 coll.
610 1441 767 1470 Lindenb.
789 1443 871 1471 nillil
892 1448 940 1472 est
960 1446 1167 1482 correctum]
1183 1447 1333 1477 residens
1347 1451 1385 1478 D.
1435 1450 1602 1479 Socraten
1617 1454 1651 1481 F.
1667 1455 1697 1481 3.
1713 1456 1749 1482 G.
1763 1455 1800 1482 D.
1828 1457 1862 1482 In
1878 1459 1952 1484 cett.
1967 1453 2152 1484 Socratem.

337 1483 455 1519 supino
469 1492 525 1518 pro
538 1492 704 1521 superruo
719 1489 754 1516 0.
769 1496 809 1516 ex
823 1491 1012 1522 compendio
1026 1498 1152 1527 snpruu
1166 1496 1245 1521 nala
1259 1498 1306 1522 est
1321 1495 1429 1524 lectio.
1477 1504 1606 1533 cunque
1620 1506 1678 1534 ego
1693 1507 1729 1527 π.
1776 1499 1949 1527 ints-,ream
1963 1502 1998 1529 ¹1.

427 1529 660 1567 introrumpit.
674 1533 711 1561 F.
725 1534 755 1560 3.
770 1532 956 1570 interrupit
970 1537 1009 1563 D.
1034 1538 1071 1564 In
1085 1541 1158 1565 cell.
1172 1536 1372 1575 Μίνω-πρῖε.
1422 1542 1585 1570 sterte'sF.
1598 1544 1624 1571 l.
1640 1545 1670 1572 3.
1691 1545 1772 1572 G.D.
1783 1546 1818 1572 R.
1834 1553 1869 1572 π.
1882 1548 1966 1574 lunt.
1976 1548 2005 1575 2.
2020 1547 2152 1576 Beeicu.

335 1573 440 1607 Epist.
461 1576 501 1603 62
525 1580 553 1604 et
574 1577 625 1605 73.
656 1579 694 1606 In
715 1579 833 1607 ceteris
853 1583 900 1607 est
921 1580 1056 1609 stratis.

334 1661 485 1700 hospites
498 1667 534 1694 P.
554 1666 587 1694 in
606 1670 681 1696 coll.
696 1670 855 1698 putschii.

336 1711 372 1737 0.
386 1711 423 1738 D.
473 1709 547 1738 dum
566 1715 659 1741 abest
678 1721 698 1742 a
716 1715 753 1743 D.
774 1721 795 1743 a
807 1723 848 1744 m.
863 1724 892 1750 p.
942 1715 1068 1753 irrupit
1081 1719 1118 1746 L.
1132 1719 1168 1747 P.

335 1821 435 1858 enim
458 1835 540 1860 voe.
562 1837 716 1875 anyere
737 1829 776 1863 et
793 1841 950 1878 aussere
964 1831 1213 1878 permutatio-

335 1891 384 1915 ne
409 1877 650 1929 frequentius
669 1880 717 1920 cf.
737 1881 859 1921 Drak.
880 1884 930 1921 ad
950 1884 1038 1923 Liv.
1060 1885 1125 1924 lv.
1147 1891 1214 1926 51.

335 1935 367 1985 ξ.
394 1938 431 1973 6.
474 1934 530 1973 lta
555 1938 727 1988 corrigas
753 1939 857 1989 apud
888 1939 1036 1980 Arnob.
1069 1941 1113 1980 11.
1145 1948 1214 1984 40.

334 2004 384 2028 ex
408 1990 488 2030 Ms.
519 1997 558 2031 et
587 1995 819 2034 miserorum
845 2010 866 2035 e
889 1999 1091 2050 sanquine
1120 2014 1212 2051 sup-

328 2048 532 2100 putandis
567 2057 768 2103 aztyerent
802 2054 1002 2093 insomnia
1039 2056 1060 2094 i.
1092 2069 1127 2094 e.
1165 2057 1211 2094 iis

334 2118 435 2155 quae
466 2118 515 2143 ex
545 2106 739 2158 sanguine
778 2109 1004 2149 miserorum
1042 2112 1214 2152 lucratae

332 2165 441 2199 erant
473 2163 624 2201 animae
656 2167 938 2217 computandis.
1007 2169 1210 2209 lnsonmz'a

332 2230 423 2256 vero
437 2223 527 2257 sunt
541 2221 762 2261 ἱηεοηιηίαε
781 2222 829 2262 cf.
844 2222 945 2263 Plin.
959 2223 1056 2271 XX,
1072 2229 1110 2270 9,
1127 2227 1209 2278 23]

390 2274 488 2314 Car.
507 2275 634 2315 XVII.
674 2278 840 2319 absono.
874 2280 966 2332 [Hie
991 2286 1053 2319 est
1083 2283 1210 2321 incon-

332 2331 436 2369 ditus
456 2336 495 2370 et
508 2333 695 2372 barbarus
717 2333 878 2384 clamor3
893 2337 940 2376 ef.
955 2337 1089 2377 Barth.
1105 2339 1208 2379 Adv.

330 2385 453 2435 XIX„
482 2393 544 2428 15.
572 2403 608 2440 p.
629 2394 724 2432 492.
756 2391 937 2432 Fronton.
971 2395 1021 2433 de
1053 2400 1144 2435 orat.
1172 2410 1208 2447 p.

332 2448 424 2485 247.
456 2460 537 2484 vox
567 2448 785 2499 impedita,
825 2464 905 2489 voa:
937 2453 1090 2498 vincta,
1129 2467 1210 2492 vost·

331 2501 533 2554 difficilis,
571 2517 654 2542 voce
686 2503 872 2559 [fracta]
908 2522 988 2547 voa:
1020 2510 1207 2562 imperfe-

331 2562 410 2603 cta,
438 2572 517 2597 voa:
542 2559 708 2599 absona.
752 2562 831 2601 His
850 2566 1064 2604 contrat-la
1087 2580 1205 2618 qaae-

329 2616 436 2652 rentt'
460 2616 533 2653 tibi
557 2617 782 2658 subvenisse
801 2625 953 2659 certam
972 2621 1102 2661 habeo
1124 2637 1205 2662 vox

329 2672 548 2723 expedita,
582 2687 663 2712 voa:
695 2675 904 2722 absoluta,
936 2692 1018 2717 voa:
1045 2680 1204 2730 facilis,

328 2726 428 2779 [vox
448 2730 567 2780 firma
593 2729 641 2768 cs.
669 2729 797 2777 Quint.
810 2730 879 2771 XI.
905 2737 941 2774 3.
968 2735 998 2786 ᾗ.
1015 2735 1097 2788 40.]
1126 2750 1207 2775 υο.τ

329 2783 563 2836 [perfecta]
600 2801 680 2826 vox
712 2787 952 2843 [consona]
1009 2790 1067 2830 lta
1103 2793 1204 2831 enim

327 2840 490 2880 lacunae
514 2842 693 2881 videntur
717 2859 813 2883 esse
838 2846 1116 2901 supplendae]

381 2911 458 2936 nae
495 2899 702 2940 immerito.
754 2902 874 2954 [Oud.
912 2903 1114 2960 perplacet
1150 2905 1201 2943 le-

325 2954 399 2991 ctio
433 2954 545 2994 codd.
576 2955 622 2994 L.
656 2961 693 2994 et
724 2957 772 2997 R.
804 2973 881 2998 nae
912 2962 1073 3006 merito,
1100 2975 1201 3012 quae

322 3009 413 3046 mihi
445 3011 601 3060 quidem
638 3014 1019 3065 interpretamentum
1050 3018 1200 3056 videtur

322 3078 418 3103 esse
443 3066 539 3113 eius,
572 3069 635 3119 qui
662 3070 858 3122 vulgatam
890 3087 964 3112 non
997 3073 1197 3112 intellexe-

320 3127 387 3161 rat.
449 3122 517 3161 Sic
548 3126 649 3163 enim
673 3127 806 3167 solent
831 3129 915 3168 Afri
942 3131 1104 3182 saepius
1130 3145 1194 3170 vo-

1107 1582 1243 1610 assv'mzo
1258 1585 1296 1613 D.
1317 1593 1335 1613 a
1356 1593 1395 1613 m.
1416 1594 1444 1620 p.
1493 1586 1662 1615 immerito
1683 1589 1719 1616 F.
1739 1591 1765 1618 1.
1788 1591 1818 1618 3.
1833 1593 1869 1619 G.
1883 1592 1921 1619 D.
1935 1592 1969 1620 Ο.
1984 1593 2019 1620 Ρ.
2036 1600 2064 1626 p.
2080 1592 2100 1620 f.
2116 1594 2151 1621 B.
2207 1573 2212 1619 l

335 1619 466 1648 Vicent.
486 1621 562 1649 Bas.
581 1623 608 1650 1.
624 1622 665 1651 ef.
687 1623 775 1652 infra
796 1632 824 1658 p.
846 1626 898 1653 58.
919 1632 985 1652 nae
998 1627 1120 1654 merim
1134 1628 1271 1661 primum
1285 1632 1325 1658 ab
1339 1632 1425 1659 Aldo
1439 1631 1540 1660 fluxit.
1554 1634 1638 1661 lunt.
1652 1635 1683 1662 2,
1699 1635 1819 1662 merito
1834 1637 1869 1664 L.
1883 1637 1920 1664 R.

1275 1831 1499 1871 cabalorum
1536 1835 1612 1871 vim
1648 1849 1719 1886 per
1749 1838 1791 1875 in
1821 1839 2149 1890 praepositionem
2207 1839 2210 1851 ¹

1541 1889 1599 1929 Ita
1635 1893 1739 1942 apud
1770 1893 1901 1934 Front.
1941 1894 2067 1946 Epist.
2099 1897 2148 1935 ad
2205 1920 2210 1934 .

1275 1944 1388 1983 Caes.
1416 1945 1461 1985 ll.
1492 1950 1525 1987 1.
1558 1961 1594 1998 p.
1623 1951 1686 1988 34.
1721 1949 1860 1999 legitur
1885 1953 2146 1992 instructura.
2205 1958 2209 1983 1

1271 1999 1323 2038 Et
1353 2000 1453 2041 Elm.
1493 2004 1528 2041 in
1568 2004 1693 2042 indice
1731 2012 1929 2045 enumerat
1967 2008 2148 2061 infibulo,
2204 2043 2209 2057 ⁴,

1271 2059 1426 2104 inacus,
1448 2061 1637 2106 incastus,
1659 2063 1844 2103 incursus
1862 2065 1967 2115 apud
1988 2064 2147 2105 Tertull.

1540 2116 1597 2156 Ita
1634 2119 1669 2156 in
1703 2119 1748 2157 G.
1777 2123 1813 2160 2.
1846 2125 1884 2159 et
1915 2120 2002 2159 aliis
2034 2122 2146 2161 codd.
2205 2146 2208 2173 5

1271 2170 1367 2210 Met.
1400 2186 1436 2223 p.
1463 2176 1556 2214 493.
1597 2174 1735 2225 legitur
1767 2177 2035 2224 z'nmmturz‘ns,
2079 2192 2146 2230 pro
2205 2186 2207 2193 ’

1273 1888 1480 1939 adaugere.

1272 2115 1479 2155 inaltatus.

1271 2230 1485 2275 quaten-ius,
1524 2232 1824 2271 ‘immedicatmn
1867 2248 1910 2273 os
1957 2234 2074 2286 Apol.
2107 2249 2143 2287 p.

1271 2289 1364 2325 558.
1391 2287 1599 2337 infractus
1625 2289 1730 2338 quod
1755 2293 1795 2327 et
1814 2290 1960 2328 fractus
1981 2295 2021 2329 et
2041 2292 2144 2330 inde-

1273 2340 1406 2379 fessus
1425 2343 1634 2394 significat;
1660 2345 1707 2384 cf.
1723 2345 1884 2385 Lexiea.
1903 2347 2145 2387 inhabitam·
2204 2331 2208 2379 l

1271 2398 1322 2437 lis
1370 2411 1439 2449 pro
1495 2400 1734 2441 habitabilis
1780 2403 1884 2455 apud
1932 2404 2078 2444 Arnob.
2116 2404 2143 2445 l.

1270 2468 1301 2493 C.
1325 2454 1562 2552 &aiv-ciclum
1597 2514 1677 2566 [De
1704 2516 1750 2553 iis
1775 2516 1910 2555 dicitur
1933 2518 2142 2558 marcidus

1267 2569 1331 2618 qui
1369 2568 1553 2620 languent
1589 2575 1629 2610 et
1664 2572 1814 2611 tlaccidi
1844 2578 1935 2612 sunt
1973 2575 2059 2612 vino
2097 2579 2137 2614 et

1266 2623 1436 2664 libidine.
1499 2625 1555 2665 Cf.
1587 2627 1701 2667 Mart.
1740 2628 1832 2680 Cap.
1865 2629 1949 2669 Vll.
1982 2631 2014 2682 ᾖ.
2049 2635 2140 2672 727.

1266 2679 1399 2732 Kopp.
1426 2681 1555 2722 Burin.
1582 2685 1632 2722 ad
1656 2684 1811 2724 Petron.
1828 2690 1891 2727 22.
1919 2700 1955 2737 p.
1974 2691 2065 2728 102.
2091 2687 2141 2726 ad

1265 2736 1429 2776 Anthol.
1455 2738 1544 2778 Lat.
1577 2739 1687 2781 Tom.
1716 2740 1760 2780 ll.
1793 2756 1829 2793 p.
1851 2747 1944 2790 669.
1981 2743 2137 2783 Ruhnk.

1264 2794 1314 2832 ad
1329 2793 1418 2833 Rut.
1432 2794 1589 2846 Lup.ll.
1608 2802 1643 2838 7.
1659 2811 1694 2849 p.
1708 2803 1797 2840 156.
1823 2798 1856 2836 F
1859 2799 2002 2839 rotsch.
2026 2797 2139 2840 Bene

1263 2850 1363 2888 haec
1388 2851 1475 2890 ferri
1501 2858 1670 2903 possunt
1693 2855 1742 2893 de
1757 2856 1931 2902 Socrate,
1957 2857 2136 2908 quiinso-

1263 2905 1330 2945 lita
1368 2907 1580 2948 vinolentia
1617 2910 1688 2962 [cf.
1720 2926 1757 2963 p.
1788 2912 1877 2965 44]
1916 2919 1955 2952 et
1990 2913 2136 2953 diutina

1261 2963 1491 3015 fatigatione
1522 2971 1762 3016 pertentatus
1787 2970 1977 3008 stertebat
2007 2969 2133 3009 altius.

1260 3019 1299 3057 In
1333 3035 1449 3059 noun.
1482 3022 1587 3061 editt.
1614 3022 1753 3074 legitur
1777 3026 1997 3074 marcidus,
2030 3026 2133 3078 quod

1257 3076 1387 3115 referri
1414 3078 1557 3117 debeat
1581 3079 1631 3118 ad
1656 3081 1776 3119 verba
1796 3095 1832 3133 p.
1848 3085 1912 3124 54.
1939 3082 2007 3121 ille
2030 3097 2132 3123 mar—

1256 3134 1375 3173 cidus
1401 3138 1440 3173 et
1463 3136 1750 3190 semisopitus]

1220 1356 1351 1394 aliqum
1363 1361 1401 1387 D.
1416 1367 1433 1388 a
1450 1368 1490 1388 in.
1505 1369 1533 1395 p.
1549 1360 1681 1398 alioqui
1690 1364 1765 1391 Ald.
1781 1365 1900 1392 lunt.2.
1916 1365 2020 1394 Colin.
2034 1367 2111 1394 Bas.
2123 1368 2151 1395 1.
2208 1368 2210 1374 '

336 1389 545 1429 dirmnpe’tur
557 1396 593 1423 F.
612 1397 639 1424 l.
653 1397 690 1424 R.
708 1397 727 1425 f.
743 1399 776 1425 0.
788 1399 868 1426 P.1..
885 1400 934 1426 ed.
949 1408 994 1434 pr.
1020 1402 1055 1428 In
1071 1406 1143 1430 ren.
1157 1400 1394 1439 disrumpitur.
1444 1413 1523 1442 ergo
1537 1408 1575 1434 D.
1591 1414 1609 1435 a
1624 1415 1663 1435 m.
1679 1417 1707 1442 p.
1757 1406 1910 1437 decidens
1923 1412 1959 1438 L.
1974 1412 2009 1438 B.
2025 1412 2061 1439 R.
2076 1412 2112 1439 F.
2123 1413 2134 1439 1
2145 1433 2151 1440 .
2208 1431 2212 1455 -Σ

1969 1634 2084 1665 hostes
2096 1645 2152 1672 pro
2207 1658 2212 1664 ·

905 1668 963 1697 ille
977 1679 1033 1705 pro
1053 1671 1118 1699 iste
1138 1681 1166 1707 p.
1182 1674 1203 1702 f.
1214 1674 1379 1714 furiosus
1398 1676 1579 1706 Seliikerad
1600 1683 1628 1707 el
1644 1681 1749 1708 Grosl.
1765 1681 1796 1709 in
1811 1688 1912 1717 marg.
1933 1682 2100 1711 curiosius
2115 1684 2151 1712 G.
2208 1712 2210 1714 ,
