2155 3590
590 112 776 151 LtBER
804 111 879 152 tx,
938 111 1062 151 CAP.
1088 110 1255 152 XXIX.
1285 109 1426 149 XXX.
1818 107 1900 150 829

127 235 222 275 saga
246 222 312 262 illa
335 229 375 263 et
398 222 517 262 divini
545 230 681 276 potens
706 224 840 278 primis
864 223 988 264 adhuc
1013 223 1131 263 armis
1159 222 1407 262 facinorosae
1431 219 1657 274 disciplinae
1687 232 1781 260 suae
1804 219 1901 261 veli-

127 286 252 328 tatur,
279 286 319 318 et
335 279 587 319 vehementer
606 280 795 319 offensum
814 280 944 319 mariti
963 280 1120 320 flectere
1139 285 1255 331 atque
1271 277 1313 316 in
1331 291 1502 317 amorem
1521 275 1719 330 impellere
1738 283 1903 315 conatur

126 334 312 373 animum.
364 334 475 387 Quae
499 348 564 375 res
590 350 674 375 cum
701 336 736 376 ei
760 336 917 388 sequius
943 350 988 375 ac
1011 342 1099 375 rata
1124 335 1254 374 fuerat
1276 334 1523 386 proveniret,
1550 332 1754 385 indignata
1777 331 1902 372 numi-

126 389 262 439 nibus,
289 397 329 430 et
351 397 507 444 praeter
525 392 686 444 praemii
707 392 940 432 destinatum
962 391 1227 445 compendium
1247 388 1532 441 contemptione
1551 388 1668 427 etiam
1687 387 1901 437 stimulata,

125 445 198 497 ipsi
222 445 299 486 iam
323 446 532 486 miserrimi
558 448 685 487 mariti
712 447 846 501 incipit
869 447 1072 487 imminere
1097 445 1233 500 capiti,
1260 444 1512 497 umbramque
1535 444 1730 484 violenter
1755 457 1904 497 perem-

128 509 189 541 tae
213 501 388 543 mulieris
414 503 462 542 ad
486 502 671 558 exiltium
698 504 781 544 eius
805 504 1010 557 instigare.
1930 508 1993 540 6:3⁰

651 651 1084 698 CAPUT
1187 650 1378 696 XXX.

240 781 318 823 Sed
351 784 516 824 forsitan
546 783 670 823 lector
700 782 950 836 scrupulosus
981 781 1270 835 reprehendens
1299 787 1502 821 narratum
1537 793 1665 821 meum
1700 779 1758 820 sic
1792 793 1908 830 argu—

130 839 388 879 mentaberis:
415 839 527 880 Unde
552 846 682 880 autem
706 846 769 888 tu,
802 839 971 879 astutule
1001 839 1132 888 asine,
1164 837 1270 877 intra
1292 837 1481 877 terminos
1506 837 1660 891 pistrini
1685 843 1907 879 contentus,

125 965 203 1003 plns
223 965 334 994 callam:
351 969 387 996 L.
436 965 566 994 adhaec
586 968 622 996 G.
644 969 673 996 1.
721 965 873 1003 dist‘pb'ne
892 968 928 995 G.
945 968 973 995 1.
1020 964 1204 993 relicimur
1223 967 1258 994 G.
1275 967 1303 994 1.
1350 965 1510 992 maritum
1520 961 1666 1001 flectere
1685 966 1721 993 G.
1735 965 1765 993 1.
1779 965 1811 993 2.
1824 965 1859 993 O.
1873 965 1909 992 P.

129 1012 240 1042 (etiam
253 1013 287 1040 in
300 1013 462 1047 excerptis
476 1014 516 1041 ad
530 1013 707 1047 marginem
721 1013 796 1041 edit.
811 1011 921 1045 cotv.)
941 1013 979 1040 D.
1000 1008 1029 1039 δ.
1050 1011 1071 1040 f.
1091 1013 1128 1039 11.
1151 1012 1231 1039 [⁴011.
1244 1012 1340 1039 Voss.
1389 1008 1582 1046 compellere
1596 1011 1630 1038 G.
1650 1011 1675 1038 1.
1690 1011 1720 1038 2.
1735 1010 1768 1037 Ο.
1783 1010 1819 1038 Ρ.
1833 1006 1862 1037 δ.
1875 1010 1911 1037 P.

131 1057 247 1091 (etiam
266 1058 299 1085 in
319 1058 480 1091 excerptis
494 1059 535 1086 atl
548 1065 648 1092 marg.
668 1058 717 1086 ed.
737 1057 846 1093 coln]
893 1057 940 1083 eis
957 1057 995 1084 D.
1042 1056 1176 1093 sequius
1195 1057 1230 1084 F.
1248 1057 1273 1083 l.
1288 1057 1319 1083 3.
1336 1057 1371 1084 G.
1387 1057 1415 1083 2.
1435 1056 1473 1084 D.
1492 1062 1521 1089 p.
1537 1051 1564 1083 ὃ.
1577 1056 1661 1083 Elm.
1674 1055 1778 1083 Scriv.
1791 1054 1912 1083 Floria.

131 1103 240 1137 sepius
255 1104 290 1130 G.
306 1104 334 1131 1.
360 1109 498 1138 sequens
513 1102 535 1130 f.
560 1104 597 1131 In
610 1105 682 1130 cett.
697 1101 815 1129 secius.
842 1100 883 1129 cf.
899 1102 937 1129 ad
950 1101 1046 1135 Apol.
1061 1109 1090 1135 p.
1105 1101 1182 1128 574.
1232 1109 1273 1127 ac
1288 1103 1371 1127 raca
1384 1099 1548 1138 ez’fuerat
1560 1096 1589 1128 δ.
1637 1102 1760 1136 etpost
1769 1097 1916 1135 praemii

127 1145 420 1182 maecleseinatum
439 1146 662 1182 compendium
682 1148 720 1175 L.
766 1147 869 1173 etiam
888 1149 962 1174 ante
977 1148 1119 1181 praeter
1138 1153 1194 1179 pro
1213 1148 1247 1172 ec
1266 1147 1301 1173 G.
1318 1147 1345 1174 1.
1361 1147 1390 1174 2.
1411 1146 1444 1173 Ο.
1464 1147 1500 1174 Ρ.
1519 1146 1558 1173 D.
1578 1144 1600 1173 f.
1620 1141 1649 1173 δ.
1691 1143 1838 1181 primum
1858 1152 1913 1178 pro

126 1191 275 1228 praemii
286 1193 321 1220 G.
336 1193 365 1220 2.
380 1193 415 1220 Ρ.
429 1193 467 1220 D.
481 1192 597 1228 (neque
608 1191 792 1227 praemium
802 1213 810 1227 ‚
835 1194 867 1218 ut
882 1194 1036 1224 excerpta
1049 1191 1126 1218 Oud.
1141 1192 1176 1219 G.
1192 1192 1221 1218 2.
1237 1190 1463 1225 praebebant.)
1486 1188 1591 1226 prelii
1601 1189 1699 1218 solita
1711 1189 1916 1218 aberratione

132 1238 167 1264 Β.
215 1237 426 1263 contentione
439 1238 474 1265 G.
491 1238 519 1264 1.
534 1238 563 1263 2.
577 1238 615 1265 D.
663 1235 826 1263 simulam
845 1236 880 1263 0.
927 1235 1033 1270 ipsius
1054 1236 1090 1263 B.
1109 1236 1192 1263 Etm.
1213 1235 1315 1264 Scriv.
1335 1235 1453 1264 Florid.
1479 1235 1590 1263 Minus
1609 1237 1699 1263 bene.
1724 1236 1805 1263 Nam
1819 1234 1915 1262 etiam

132 1284 207 1310 ante
220 1282 258 1309 de
271 1281 341 1316 ipso
356 1280 481 1308 marito
495 1284 621 1315 agebat.
667 1280 734 1316 ipse*
747 1283 815 1307 tam
829 1279 889 1306 mz‘s
896 1280 1014 1306 terium
1033 1279 1153 1306 mariti
1170 1281 1205 1307 G.
1220 1281 1251 1307 2.
1298 1279 1365 1315 ipsi
1378 1282 1446 1306 tom
1460 1279 1681 1307 ministerium
1695 1278 1816 1309 mariti
1830 1280 1870 1307 D.

221 1324 415 1361 scopulosus
430 1327 465 1354 G.
482 1327 510 1354 1.
525 1324 647 1359 [neque
660 1326 693 1353 in
708 1327 742 1353 G.
758 1327 787 1353 ⁸2.
802 1328 835 1353 ut
849 1325 927 1353 Oud.
941 1332 982 1352 ex
995 1324 1066 1352 suis
1080 1324 1243 1357 excerptis
1259 1324 1406 1362 protulit,
1433 1326 1516 1352 unite
1529 1324 1708 1352 verisimile
1727 1328 1793 1361 est,
1818 1324 1916 1352 etiam

132 1372 166 1400 in
179 1371 215 1399 P.
229 1378 322 1404 quem
335 1371 418 1399 idem
431 1372 551 1399 habere
564 1371 642 1398 Oud.
660 1372 811 1405 testatur,
837 1377 901 1397 non
915 1365 1053 1401 extare.)
1104 1367 1304 1404 repr-eredens
1320 1371 1355 1397 G.
1374 1371 1400 1396 l.
1450 1368 1744 1405 argumentacerz‘s
1759 1377 1788 1403 p.
1803 1372 1833 1397 et
1846 1369 1916 1396 edd.

131 1417 208 1443 vett.
224 1423 325 1449 usque
339 1416 376 1443 ad
393 1416 481 1444 Colv.
530 1413 671 1442 stultule
683 1416 720 1443 L.
736 1415 824 1443 Cotv.
839 1417 867 1441 et
881 1421 969 1447 seqq.
986 1416 1113 1447 praeter
1125 1415 1224 1448 Elm.,
1240 1414 1293 1447 qui
1307 1412 1458 1440 astutule
1473 1416 1557 1442 recte
1570 1413 1734 1441 revocavit
1750 1421 1790 1442 ex
1802 1414 1838 1442 F.
1849 1414 1916 1441 1.:t.

133 1461 168 1488 Β.
179 1482 187 1497 ,
213 1461 268 1494 qui
288 1464 393 1488 tamen
412 1462 524 1487 autem
544 1459 669 1488 omittit.
700 1457 844 1486 astutile
857 1458 879 1487 f.
910 1460 1065 1485 astumte
1080 1466 1108 1492 p.
1140 1453 1304 1486 asni-'mle
1318 1467 1334 1486 e
1348 1459 1383 1487 P.
1397 1462 1425 1487 et
1441 1460 1476 1487 G.
1492 1459 1523 1487 2².
1537 1458 1676 1486 enotavit
1691 1459 1787 1494 Oud.,
1813 1459 1869 1486 sed
1884 1458 1918 1485 in

135 1508 172 1533 G.
192 1506 222 1533 2.
241 1506 361 1540 legitur
381 1507 440 1532 lua
464 1503 622 1541 stuHule,
647 1506 730 1538 quod
753 1504 837 1532 idem
857 1503 953 1532 etiam
972 1504 1009 1531 D.
1031 1505 1161 1537 praebet
1182 1507 1210 1531 et
1232 1507 1385 1538 excerpta
1398 1505 1433 1532 P.
1455 1505 1488 1531 in
1503 1510 1602 1538 marg.
1617 1504 1665 1532 ed.
1681 1503 1769 1532 Colv.
1783 1505 1918 1531 liabent:

138 1549 200 1577 ιιιιῖ
222 1548 370 1578 stultule.
405 1551 492 1578 Idem
511 1551 589 1578 Oud.
611 1553 711 1586 errat,
737 1549 849 1577 dicens
869 1548 902 1576 in
921 1550 957 1577 G.
982 1549 1010 1575 1.
1030 1551 1061 1576 et
1081 1549 1116 1576 Ο.
1137 1556 1210 1576 esse
1229 1547 1368 1585 asenne,
1394 1556 1491 1582 quum
1510 1551 1594 1576 certe
1613 1548 1699 1583 prior
1723 1551 1833 1582 aperte
1859 1550 1920 1574 tua

136 1593 239 1622 stulte
252 1597 337 1629 legat
347 1617 355 1631 ,
380 1596 464 1623 unde
478 1596 513 1624 Ο.
529 1594 612 1622 idem
625 1597 744 1623 habere
758 1593 922 1628 probabile
935 1596 994 1621 est.
1040 1593 1149 1621 Etiam
1162 1594 1198 1621 R.
1214 1594 1345 1621 lectioni
1359 1592 1500 1621 stuleule
1514 1593 1622 1622 favere
1635 1592 1739 1621 videri
1757 1593 1921 1621 sententia

134 1643 180 1667 est
196 1641 289 1676 Oud.,
315 1646 508 1674 quamquam
522 1648 562 1668 ex
575 1647 612 1668 eo
626 1640 708 1667 nihil
720 1640 906 1667 adnotatum
918 1638 971 1666 sit.
1009 1636 1168 1665 astutelle
1182 1634 1210 1666 ὃ.
1231 1639 1465 1667 deminutivum
1484 1637 1686 1666 deminutivi.
1709 1639 1747 1666 In
1761 1641 1833 1666 cett.
1847 1638 1921 1667 sine

135 1686 230 1713 dubio
244 1683 405 1713 astutule.
453 1687 625 1711 contet-cus
639 1685 675 1712 F.
685 1685 714 1712 3.
729 1686 764 1712 G.
775 1685 843 1712 1.2.
857 1684 893 1712 P.
908 1682 1026 1718 (etiam
1038 1682 1073 1711 in
1087 1683 1248 1717 excerptis
1261 1684 1301 1712 att
1314 1691 1416 1719 marg.
1431 1684 1479 1712 ed.
1493 1683 1604 1719 cmv.)
1617 1684 1655 1712 D.
1669 1683 1705 1711 L.
1719 1690 1749 1717 p.
1764 1682 1786 1711 f.
1801 1683 1835 1712 0.
1848 1683 1919 1711 edd.

133 1733 210 1757 ante
223 1730 312 1759 Colv.
338 1732 445 1757 tectus
459 1726 488 1758 d.
510 1731 548 1758 In
561 1732 633 1758 cett.
647 1731 834 1757 contentus.

190 1852 316 1878 arma.
377 1839 499 1879 Arma
535 1839 693 1889 exponit
726 1837 912 1877 Pricaeus
949 1851 999 1876 ex

136 1896 245 1934 Serv.
258 1895 359 1934 Aen.
373 1894 459 1934 th.
474 1900 509 1936 6.
536 1909 647 1934 arma
673 1900 765 1934 sunt
785 1896 998 1934 uniuscun-

138 1964 212 2002 que
236 1952 295 1989 rei
314 1951 583 2002 possibilitas,
609 1954 648 1988 et
673 1950 722 1988 ad
747 1949 846 1989 Aen.
867 1949 911 1988 ll.
933 1953 998 1990 99.

135 2020 250 2045 arma
284 2007 407 2045 modo
439 2008 611 2057 fraudes
642 2006 704 2045 cel
731 2007 872 2050 dolos,¹
907 2021 1000 2045 nam

136 2076 265 2102 arma
294 2067 387 2101 snut
408 2063 666 2102 instrumenta
693 2063 903 2102 cuiuslibet
925 2063 997 2108 rei,

135 2118 244 2157 unde
267 2123 304 2157 el
327 2119 559 2156 insidianti}
579 2119 752 2169 fraudes
775 2132 906 2158 arma
930 2132 999 2157 ηο-

136 2175 309 2213 minavit.
336 2174 437 2225 [Sed
451 2174 513 2211 hic
527 2187 600 2212 sua
619 2175 656 2212 vi
670 2187 753 2212 voc.
775 2174 848 2212 dici
867 2177 1000 2225 potest

136 2231 185 2267 de
210 2230 317 2275 telis,
349 2244 449 2280 quae
480 2230 592 2280 quasi
616 2230 732 2268 iniicit
757 2231 791 2268 ei
817 2230 998 2277 venefica,

135 2287 351 2337 quibusque
377 2300 463 2323 eum
487 2286 690 2324 vulnerare
715 2286 857 2333 studet,
883 2300 1000 2337 quum

136 2343 363 2394 praesertim
399 2342 560 2382 velitari
594 2342 644 2380 ad
679 2355 760 2381 rem
793 2343 996 2381 militarem

134 2399 324 2451 spectet]

189 2457 326 2494 mariti
337 2456 510 2508 flectere.
541 2453 742 2506 [Nonnulli
762 2455 873 2493 codd.
886 2469 996 2506 prae-

134 2512 225 2550 bent
247 2513 450 2557 nimitum,
474 2512 558 2548 sine
583 2511 698 2549 (lubio
724 2513 812 2562 quia
835 2526 908 2550 non
933 2512 998 2550 ad-

132 2567 334 2606 tenderunt
365 2567 502 2606 librarii
532 2568 738 2618 genitivum
773 2567 944 2618 pendere
972 2581 995 2605 e

134 2636 218 2675 seq.
243 2625 427 2663 animum.
476 2622 577 2661 Oud.
603 2623 754 2662 coniicit
777 2625 914 2663 mariti
938 2625 994 2663 in-

132 2681 291 2732 flectere
314 2680 400 2718 coll.
415 2679 518 2719 Dict.
538 2678 638 2717 Cret.
653 2679 679 2718 Ι.
697 2683 758 2719 19.
774 2680 880 2731 Virg.
894 2680 993 2718 Aen.

135 2733 201 2775 lV.
215 2740 278 2776 22.
304 2736 368 2775 De
380 2736 655 2787 superstitione
667 2739 852 2782 veterum,
871 2749 993 2788 sagas

133 2804 286 2830 amores
310 2793 428 2831 artius
452 2792 593 2830 vincire
617 2805 757 2843 posse,
782 2791 844 2829 vel
870 2805 994 2831 emor-

133 2851 238 2885 tuum
250 2849 385 2886 iterum
398 2848 604 2886 incendere
628 2848 676 2886 cs.
688 2847 774 2886 Intt.
788 2848 837 2886 ad
852 2848 995 2888 Tibull.

134 2901 161 2941 1.
179 2908 213 2943 1.
232 2908 296 2944 21.
322 2906 557 2955 praece-teris
570 2904 699 2943 Burm.
713 2903 880 2944 Becker.
897 2903 994 2943 Cha-

133 2959 212 2997 ricl.
238 2959 282 2999 T.
307 2959 352 2999 ll.
377 2974 413 3012 p.
435 2960 544 3012 296]

191 3015 415 3055 (JAP.XXX.
441 3018 799 3070 aryunwnlabere's.
825 3016 993 3068 [Lectio-

136 3083 221 3109 nem
251 3074 594 3124 aryumeulaveris
624 3073 818 3123 explicare
856 3072 992 3110 frustra

1056 1842 1217 1876 conatus
1242 1841 1303 1876 est
1326 1836 1566 1883 Beroaldus,
1595 1835 1718 1876 multa
1747 1841 1920 1875 veterum

1056 1892 1238 1944 exempla
1249 1893 1465 1946 proferens,
1478 1894 1541 1932 ubi
1553 1894 1674 1931 verba
1687 1893 1919 1945 deponentis

1058 1950 1204 1988 formae
1228 1951 1354 1989 activa
1378 1963 1534 2001 quoque
1566 1950 1831 1988 terminatione
1856 1962 1919 1987 ex-

1056 2006 1244 2045 hibentur.
1291 2006 1405 2044 Licet
1430 2005 1679 2051 concedatur,
1706 2006 1728 2045 ὂ
1754 2009 1793 2044 et
1815 2020 1837 2045 v
1862 2004 1918 2043 lit-

1054 2067 1219 2101 terarum
1245 2062 1510 2101 confusionem
1536 2063 1571 2100 in
1597 2061 1700 2101 Mss.
1731 2074 1825 2100 esse
1848 2061 1920 2100 fre-

1057 2119 1366 2169 quentissimam,
1390 2122 1520 2157 tamen
1546 2131 1630 2156 cum
1655 2118 1785 2157 nullus
1811 2118 1920 2157 locus

1056 2178 1180 2220 extet,
1205 2188 1280 2226 quo
1296 2180 1537 2228 armamento
1551 2175 1749 2226 probetur,
1775 2187 1824 2212 ex
1836 2188 1920 2226 per-

1055 2244 1172 2270 verso
1201 2232 1398 2282 antiquata
1422 2231 1670 2283 amplexandi
1695 2231 1826 2269 studio
1852 2245 1918 2270 ar-

1055 2288 1349 2341 yumentaveris
1373 2301 1448 2325 non
1472 2286 1732 2338 praetulerim.
1786 2287 1919 2339 Arqu-

1052 2349 1248 2383 mentatus
1282 2344 1442 2394 passive
1477 2343 1688 2394 protulisse
1711 2343 1917 2381 Aususium

1054 2401 1168 2438 testis
1194 2405 1258 2438 est
1279 2398 1513 2439 Prisc.vtll.
1529 2404 1565 2440 4.
1590 2413 1627 2451 p.
1643 2403 1735 2440 371.
1761 2398 1917 2438 Krehl.:

1057 2457 1189 2495 omnia
1208 2461 1493 2507 aryumenlata
1511 2457 1695 2501 nomina,
1720 2469 1916 2506 argumen-

1054 2515 1135 2551 tata
1159 2513 1318 2563 passive
1342 2511 1618 2563 πιστευθέντα]

1108 2569 1295 2608 astutule.
1329 2567 1422 2620 [Qui
1441 2569 1598 2606 ironiam
1613 2568 1725 2606 huius
1738 2566 1916 2606 vocabuli

1051 2637 1127 2662 non
1153 2625 1358 2675 capiebant
1381 2626 1611 2676 interpretes
1636 2624 1765 2664 astzcle
1788 2637 1915 2661 emen-

1051 2680 1194 2718 dabant
1218 2681 1254 2718 in
1278 2680 1452 2719 stultule.
1485 2680 1694 2720 Astutulzcs
1719 2680 1916 2718 deminuti-

1050 2749 1139 2773 vum
1152 2737 1290 2788 probat
1302 2735 1404 2775 Oud.
1419 2749 1467 2774 ex
1483 2737 1578 2774 locis
1592 2735 1755 2774 Met.V1.
1769 2750 1805 2787 p.
1821 2740 1913 2776 434.

1050 2793 1296 2832 astutulae
1320 2806 1437 2837 anus,
1462 2793 1526 2830 ubi
1550 2792 1691 2830 ibidem
1716 2791 1826 2830 codd.
1851 2806 1915 2830 va-

1053 2849 1151 2886 riant
1164 2852 1203 2886 et
1214 2849 1402 2888 acutulae
1417 2848 1622 2898 legendum
1636 2852 1709 2894 est,
1734 2847 1830 2886 Met.
1845 2847 1913 2886 lX.

1052 2917 1088 2955 p.
1116 2908 1207 2945 600.
1233 2909 1273 2943 et
1294 2905 1351 2943 acl
1376 2905 1602 2943 huiusmodi
1623 2905 1788 2957 flayitia
1806 2918 1911 2956 per-

1052 2960 1283 2999 astutula.
1343 2960 1385 2998 Si
1417 2960 1514 3010 quid·
1538 2960 1760 2999 mutandum
1790 2965 1911 3007 esset,

1052 3016 1296 3054 emendarem
1333 3016 1533 3056 nasutula.
1597 3016 1777 3057 Nasutus
1811 3019 1910 3055 enim

1053 3076 1113 3110 est
1138 3086 1283 3123 sufflant.
1310 3077 1452 3112 (mutus
1475 3072 1510 3110 in
1536 3072 1694 3110 aliorum
1719 3073 1819 3111 vittis
1845 3074 1909 3112 de-
