2155 3590
556 130 742 173 LIBER
769 130 848 174 XI.

905 131 1034 175 CAP.
1063 130 1205 173 XXV.
1236 131 1400 173 XXVI.

1764 131 1869 175 1081

86 243 170 284 eius
201 243 333 285 multis
357 244 517 286 osculis
551 245 763 288 inhaerens
793 246 949 288 veniam
979 245 1244 301 postulabam,
1277 246 1378 300 quod
1409 259 1496 287 eum
1529 245 1722 300 condigne
1752 244 1872 287 tantis

85 299 285 341 beneficiis
310 301 508 346 munerari
535 302 753 356 nequirem.

603 452 1042 500 CAPUT
1145 453 1370 500 XXVI.

197 569 281 612 Diu
306 572 520 628 denique.³
499 575 712 614 ‹vratiar'um
742 574 1003 628 gerendarum
1034 588 1216 615 sermone
1245 574 1401 628 prolixo
1433 579 1693 616 commoratus
1718 575 1874 615 tandem

87 627 309 682 digredior,
337 637 376 669 et
403 637 512 670 recta
532 630 538 685 Ι
559 630 725 695 patrium
750 631 872 671 larem
897 630 1101 671 revisurus
1127 645 1253 671 meum
1279 637 1367 685 post
1390 630 1558 684 aliquam
1590 631 1750 672 multum
1777 638 1873 671 tem·
1898 641 1962 674 809

87 684 192 747 poris
218 685 433 735 contendo,
468 687 678 740 paucisque
711 694 797 741 post
828 687 961 727 diebus
987 687 1081 727 deae
1108 687 1276 741 potentis
1301 687 1512 737 instinctu,
1539 687 1679 741 raptim
1705 687 1873 727 constri-

87 740 159 780 ctis
191 741 400 782 sarcinulis
432 757 533 783 nave
564 756 800 793 conscensa,
834 742 1000 783 Romam
1031 757 1172 783 versus
1205 744 1485 797 profectionem
1518 743 1665 796 dirigo,
1694 750 1875 797 tutusque

88 797 346 851 prosperitate
370 806 578 840 ventorum
604 775 812 840 ferentium
839 799 1010 853 Augusti
1037 806 1188 853 portum
1215 800 1418 839 celerrime
1450 813 1495 838 ac-
1527 799 1665 839 dehinc
1690 807 1875 853 carpento

87 853 312 907 pervolavi,
342 869 582 910 vesperaque
611 856 749 912 {quam
778 855 858 896 dies
890 855 1170 909 insequebatur
1200 856 1330 896 iduum
1361 854 1637 896 Decembrium
1668 869 1875 896 sacrosan·
1899 860 1964 893 810

87 980 180 1009 deum
200 983 236 1011 F.
257 984 288 1011 3.
309 984 344 1011 G.
365 984 400 1012 Ρ.
421 985 460 1012 D.
479 985 516 1012 L.
537 984 558 1013 f.
574 981 602 1014 ὃ.
618 986 652 1013 0.
673 985 720 1013 ed.
742 993 788 1019 pr.
808 984 934 1013 Vicenr.
954 985 1068 1013 Vener.
1090 986 1121 1014 2.
1143 986 1173 1013 4.
1193 984 1300 1013 Paris.
1319 986 1396 1013 Bas.
1420 987 1447 1013 1.
1469 987 1508 1013 ob
1529 992 1756 1020 praegressum
1781 983 1878 1022 quod.

87 1035 158 1055 eum
173 1028 207 1056 in
215 1029 249 1056 F.
261 1029 289 1056 1.
304 1031 415 1057 exulat
429 1029 565 1058 forsitan
579 1033 616 1058 oh
631 1030 851 1064 compendium
863 1028 1008 1067 ‘qu'uun
1036 1029 1210 1057 munerari
1227 1031 1316 1058 codd.
1331 1038 1440 1058 omnes
1455 1034 1582 1065 praeter
1593 1030 1613 1058 f.
1628 1031 1682 1064 qui
1695 1032 1790 1059 habet
1804 1039 1876 1058 mu-

86 1080 221 1101 nerare.
267 1075 483 1101 remunerari
495 1075 584 1104 Colv.
598 1080 627 1104 et
642 1083 729 1110 seqq.
754 1082 971 1102 remunerare
984 1075 1087 1105 Colin.
1102 1077 1178 1104 Bas.
1194 1076 1222 1104 1.
1259 1072 1426 1111 beneficiis
1440 1083 1540 1103 unam
1555 1074 1724 1112 nequirem
1739 1077 1774 1104 G.
1789 1077 1825 1105 P.
1837 1078 1878 1105 D.

87 1118 264 1146 numerari
274 1119 386 1148 Venet.
400 1121 431 1149 4.
457 1119 497 1148 cf.
510 1121 550 1148 ad
563 1123 639 1149 Met.
653 1122 706 1149 111.
722 1128 750 1155 p.
764 1121 840 1149 200.

134 1167 204 1191 tam
222 1162 391 1201 :ingredior
403 1166 442 1193 D.
489 1167 523 1192 et
542 1168 679 1201 recepta
696 1167 736 1195 D.
783 1168 818 1192 et
835 1167 932 1193 recta
952 1165 1007 1192 ria
1026 1167 1062 1195 B.
1083 1170 1112 1195 et
1133 1167 1202 1194 edd.
1222 1168 1298 1195 vett.
1319 1169 1445 1200 praeter
1463 1167 1547 1194 Iunt.
1561 1167 1592 1194 2.
1618 1165 1659 1194 cf.
1680 1167 1719 1194 ad
1734 1167 1876 1195 menvl.

86 1218 118 1244 p.
132 1211 208 1238 412.
249 1211 391 1246 patrum
407 1211 442 1239 G.
457 1211 493 1239 P.
506 1212 543 1239 L.
590 1209 840 1248 aliquantulum
856 1210 892 1239 Ι..
918 1211 960 1240 cf.
973 1213 1049 1240 Met.
1063 1213 1088 1239 1.
1101 1219 1132 1246 p.
1147 1212 1200 1240 74.
1213 1212 1252 1240 ad
1266 1213 1363 1246 Apol.
1378 1219 1407 1245 p.
1421 1212 1497 1239 593.
1534 1211 1705 1238 instructu
1719 1212 1831 1240 Venet.
1847 1213 1877 1240 4.

88 1256 162 1283 Bas.
179 1256 206 1283 1.
255 1253 436 1282 sarcinolis
452 1256 486 1284 G.
500 1257 538 1284 D.
587 1263 768 1283 conscensu
781 1257 877 1285 Vulc.
892 1258 922 1285 2².
970 1263 1088 1284 versus
1105 1255 1243 1283 Romam
1259 1258 1294 1284 G.
1308 1257 1345 1284 P.
1358 1257 1396 1284 D.
1422 1254 1562 1283 Romam
1579 1263 1681 1293 usque
1695 1264 1736 1284 ex
1749 1259 1876 1291 glosse—

86 1304 171 1329 mate
190 1308 219 1334 p.
238 1296 267 1328 δ.
314 1301 407 1328 intus
426 1300 555 1328 Pricaei
575 1301 830 1330 emendationem
848 1302 997 1335 probavit
1015 1302 1109 1330 Oud.:
1135 1305 1166 1329 at
1186 1304 1224 1330 ab
1246 1302 1375 1330 Ruhnk.
1395 1301 1427 1329 in
1449 1305 1569 1329 textum
1589 1309 1651 1329 non
1672 1306 1800 1336 recepta
1819 1305 1877 1330 est.

87 1343 342 1381 hautiporeum
357 1346 392 1373 B.
428 1343 673 1381 haust‘portum
688 1347 757 1374 edd.
769 1349 846 1374 vett.
861 1353 962 1380 usque
975 1347 1015 1374 ad
1030 1346 1119 1375 Colv.
1156 1346 1296 1383 augusti
1306 1349 1445 1382 portum
1464 1347 1499 1375 F.
1518 1348 1544 1375 1.
1559 1349 1590 1375 3.
1604 1348 1640 1375 G.
1654 1347 1688 1374 O.
1702 1347 1738 1374 P.
1752 1347 1790 1375 D.
1803 1348 1842 1375 R.
1857 1347 1879 1374 f.

83 1392 122 1418 L.
135 1398 166 1424 p.
180 1397 217 1418 π.
263 1387 310 1416 ad
320 1387 438 1417 dehinc
452 1398 481 1424 ρ.
528 1391 636 1419 Verba
648 1391 724 1419 inde
736 1389 946 1426 aprroulam·
958 1398 1059 1425 usque
1072 1392 1111 1420 ad
1129 1400 1228 1428 quam
1243 1400 1306 1421 non
1319 1396 1500 1426 comparent
1514 1392 1546 1420 in
1559 1393 1673 1421 Vener.
1688 1393 1717 1420 ⁴.
1764 1399 1878 1429 vespe-

85 1442 226 1472 ramque
238 1442 338 1462 unam
353 1435 431 1464 Bas.
448 1436 476 1464 1.
523 1433 655 1464 idadum
670 1437 707 1465 D.

87 1557 290 1598 nuqurum
326 1546 498 1589 instituto
533 1546 593 1585 sic
622 1559 710 1584 eum
740 1549 853 1584 vocat
889 1546 952 1597 qui

88 1603 216 1653 ipsum
238 1603 570 1655 inauynraverat.
628 1602 742 1641 Hunc
766 1602 867 1640 enim
892 1616 953 1641 co-

85 1662 242 1709 optatus
255 1658 291 1696 in
307 1658 513 1709 collegium
523 1660 709 1710 parentis
722 1658 809 1698 loco
824 1659 953 1697 colere

87 1715 276 1761 debebat,
300 1719 346 1757 ut>
367 1715 419 1754 ait
445 1714 520 1754 Cic.
549 1716 583 1753 in
608 1713 733 1761 Brut„
759 1715 953 1766 nisiApu-

87 1771 186 1809 leius
222 1771 390 1809 imitatus
421 1772 472 1809 sit
503 1770 763 1817 Christianos,
801 1772 866 1822 qui
896 1773 954 1809 sic

87 1828 313 1879 apostolos,
343 1842 368 1867 a
399 1828 541 1879 quibus
565 1828 617 1866 ad
642 1840 772 1873 ¹veram
795 1841 953 1879 persua·

89 1885 240 1923 sionem
265 1888 373 1923 eraut
397 1886 560 1936 permoti
588 1889 728 1936 patres
751 1885 953 1931 vocabant,

86 1945 129 1979 ut
159 1945 296 1979 censet
327 1940 465 1992 Cuper.
504 1943 538 1980 in
571 1940 695 1992 Epist.
732 1941 782 1981 ad
812 1941 952 1980 Dalen.

89 2011 126 2048 p.
160 2001 252 2038 516.
294 1997 382 2036 Huc
412 1999 527 2036 etiam
563 1998 664 2035 refer
699 1997 954 2049 παλιγγενειάν

89 2058 129 2092 et
140 2059 304 2094 renatos
315 2068 353 2106 p.
368 2058 460 2096 799,
482 2059 522 2092 et
547 2054 722 2094 natalem
745 2067 953 2094 sacrorum

86 2125 124 2163 p.
149 2114 245 2152 806.

145 2166 231 2206 CAP.
245 2166 283 2205 X
289 2166 395 2205 XVI.
425 2169 654 2220 9ratiarum
666 2167 952 2220 yeremlarum.

87 2223 292 2275 Loquendi
318 2223 457 2262 modus
483 2224 707 2262 insolentior
731 2237 803 2262 nec
826 2228 953 2262 tamen

88 2280 151 2319 hic
185 2285 330 2319 tantum
362 2284 557 2332 repertus3
604 2294 693 2318 nam
722 2284 762 2318 et
795 2281 956 2333 qratiam

88 2337 167 2376 deo
178 2351 322 2389 θετον-ε
341 2337 377 2375 in
392 2337 563 2374 oratione
577 2337 749 2388 martyrii
762 2336 893 2375 horam
908 2337 955 2376 Β.

90 2392 268 2444 Cyprian.
295 2393 391 2431 dixit
415 2397 456 2431 et
480 2393 686 2432 desideria
711 2393 953 2445 coniuyalia

89 2450 166 2488 sibi
199 2463 342 2502 yerere
378 2450 399 2487 i.
437 2462 472 2487 e.
508 2449 673 2487 reddere
708 2450 872 2500 scriptor
904 2450 954 2489 de

90 2504 216 2545 cleric.
247 2506 428 2555 singular.
461 2519 545 2543 cum
582 2506 721 2544 eodem
758 2504 952 2572 Cypriane

89 2575 264 2601 exarsus.
310 2547 429 2602 Haec
453 2562 635 2613 exempla
659 2562 806 2613 profert
828 2557 929 2602 Prie.

148 2623 335 2671 tutusque
362 2620 638 2670 prosperitate
662 2624 871 2658 ventorum
892 2621 953 2670 fe·

88 2676 271 2716 rentium.
344 2675 542 2713 wasseus
580 2675 730 2714 coniicit
764 2676 952 2727 intusque

87 2731 191 2771 Oud.
229 2732 343 2770 etiam
379 2732 604 2782 probatum,
641 2744 755 2782 quem
790 2732 953 2782 praeivit

89 2787 294 2833 Pricaeus,
319 2788 485 2828 adiutus
509 2787 733 2827 emendans.
759 2787 861 2826 Oud.
876 2801 952 2827 ma-

90 2844 172 2883 vult
193 2846 428 2897 fruitusque
451 2843 512 2882 vel
539 2858 719 2896 ususque.
780 2843 953 2898 [Nihilo-

90 2901 216 2940 minus
258 2900 416 2952 quidem
456 2905 564 2940 tutus
607 2902 755 2939 retineo
801 2905 958 2953 propter

89 2957 234 2996 locum:
265 2971 304 3009 p.
331 2961 424 2998 784.
459 2971 541 3010 quo
571 2957 645 2996 tibi
675 2962 806 2996 tamen
830 2959 956 2998 tutior

90 3018 215 3066 atque
247 3015 441 3054 munitior
474 3014 545 3059 sis,
588 3013 644 3052 da
679 3027 821 3053 nomen
858 3014 954 3053 lzuic

90 3075 256 3110 sanctae
284 3070 463 3110 militiae.
511 3069 587 3108 Isis
617 3071 717 3108 enim
748 3083 863 3120 quum
888 3083 952 3108 na-

91 3126 180 3176 vigii
205 3126 280 3166 dea
303 3130 343 3165 et
365 3127 592 3178 sospitatrix
615 3127 876 3178 navigantium
899 3128 952 3165 sit

1014 1546 1060 1585 ct.
1087 1560 1124 1599 p.
1159 1549 1254 1587 786.
1286 1546 1338 1585 de
1361 1547 1455 1585 novi
1486 1551 1726 1586 cmnmeatus
1744 1560 1879 1598 pros-

1006 1617 1131 1655 pera
1173 1604 1463 1655 πατῖῃατὶοηε,
1512 1601 1660 1640 Lucius
1709 1616 1754 1641 se
1805 1604 1878 1642 sub

1010 1659 1132 1698 tutela
1161 1658 1278 1697 Isidis
1308 1659 1407 1698 deae
1438 1657 1722 1710 navigationem
1753 1659 1879 1710 perfe-

1010 1716 1117 1754 cisse
1131 1714 1331 1766 gloriatur,
1346 1729 1447 1766 quae
1462 1715 1633 1753 serentes
1646 1716 1720 1768 ipsi
1735 1730 1758 1754 a
1770 1720 1878 1766 tergo

1011 1777 1151 1811 ventos
1165 1773 1322 1810 miserit.
1372 1771 1446 1818 Qui
1461 1776 1576 1810 antea
1589 1775 1690 1812 terra
1703 1785 1878 1810 summas

1011 1842 1227 1881 perpessus
1253 1833 1334 1867 erat
1347 1828 1552 1866 molestias
1565 1841 1610 1866 ac
1624 1828 1877 1872 calamitates,

1011 1898 1111 1924 nunc
1135 1885 1170 1923 in
1195 1885 1354 1924 tutelam
1378 1889 1558 1935 receptus
1574 1888 1655 1922 erat
1668 1884 1877 1929 Fortunae,

1012 1942 1084 1980 sed
1115 1942 1280 1980 videntis
1312 1942 1361 1981 cf.
1391 1955 1428 1993 p.
1454 1945 1546 1981 783.
1579 1941 1643 1978 De
1676 1942 1782 1980 iuius
1829 1940 1878 1979 cf.

1011 1997 1198 2037 Buenem.
1224 1998 1273 2036 ad
1296 1998 1407 2038 Lact.
1433 1998 1482 2036 de
1507 1997 1642 2048 Opific.
1671 1998 1734 2037 10.
1759 1997 1792 2048 ᾧ.
1815 2001 1877 2037 12.

1011 2069 1048 2106 p.
1077 2059 1196 2095 1174.
1224 2054 1287 2093 De
1312 2054 1478 2093 dictione
1500 2057 1676 2106 ferentes
1700 2055 1807 2092 venti
1830 2053 1876 2092 cf.

1012 2111 1095 2150 lntt.
1133 2111 1182 2150 ad
1223 2111 1312 2150 val.
1348 2111 1478 2149 Flacc.
1514 2109 1541 2149 Ι.
1579 2113 1670 2151 226.
1706 2109 1802 2148 Met.
1827 2110 1876 2149 V.

1008 2181 1052 2219 ,Ρ-
1076 2172 1169 2209 346.
1194 2169 1303 2206 venti
1323 2167 1566 2219 ferentia]

1070 2224 1249 2277 Auyustt'
1264 2229 1430 2276 portum
1446 2223 1653 2262 celerrime
1664 2237 1716 2262 ac
1729 2223 1877 2262 dehinc

1014 2285 1212 2333 carpento
1238 2281 1460 2332 pervolant.
1533 2278 1702 2317 Primum
1739 2279 1877 2317 frustra

1013 2337 1251 2376 desudarunt
1276 2335 1562 2381 nonnullilntt.,
1589 2334 1795 2374 lectionem
1814 2349 1875 2374 co-

1012 2394 1109 2432 dicis
1134 2393 1239 2432 Bert.
1272 2393 1388 2433 hausi
1417 2392 1650 2437 defendere,
1681 2405 1796 2443 quam
1827 2405 1877 2429 ex

1011 2450 1193 2501 analogia
1227 2450 1405 2488 dictionis
1442 2449 1570 2488 libare
1607 2448 1741 2494 limen,
1787 2461 1875 2498 pro-

1010 2508 1119 2552 bant,
1146 2519 1339 2557 quamque
1358 2506 1434 2555 legi
1453 2505 1556 2557 apud
1571 2504 1766 2543 petrone
1785 2508 1875 2544 136.

1009 2576 1047 2614 p.
1078 2567 1172 2604 842.
1211 2562 1351 2602 volunt.
1400 2561 1474 2600 Hic
1508 2575 1598 2599 vero
1636 2561 1879 2600 liberaverat

1011 2620 1140 2671 optimi
1155 2618 1237 2658 lntt.
1252 2620 1353 2657 hene
1371 2618 1639 2657 restituebant.
1685 2616 1771 2655 Nec
1789 2630 1876 2654 con·

1010 2678 1111 2714 venit
1134 2676 1239 2728 quod
1257 2689 1307 2714 ex
1326 2688 1466 2726 graeco
1491 2674 1656 2713 afferunt
1673 2673 1874 2724 Aristoph.

1009 2730 1190 2784 γεύεσθαι
1208 2730 1426 2784 τῆςθύρας,
1452 2735 1491 2770 et
1514 2744 1564 2769 ex
1583 2731 1702 2770 latino
1725 2728 1875 2781 yladt'o

1009 2790 1351 2840 haurire-pectas.
1423 2788 1595 2827 Portum
1619 2791 1698 2825 tum
1723 2787 1875 2837 proprie

1010 2846 1135 2884 vocari
1161 2844 1300 2884 Ostiae
1325 2848 1491 2896 portum,
1523 2843 1586 2894 qui
1612 2842 1874 2881 Romanorum

1016 2902 1128 2940 fuerit
1152 2906 1300 2953 portus,
1335 2901 1474 2939 eadem
1502 2900 1648 2939 ratione
1679 2911 1755 2949 qua
1786 2899 1874 2948 ipsa

1013 2957 1143 2996 Roma
1167 2958 1260 2998 urbs
1283 2957 1443 2996 dicatur.
1491 2955 1731 2994 Burmannus
1757 2954 1873 2992 etiam

1013 3015 1170 3066 exponit
1193 3014 1311 3053 hausi
1331 3018 1514 3065 portum,
1544 3012 1662 3056 tenui,
1687 3010 1874 3061 occupavi

1011 3070 1061 3109 ad
1085 3070 1190 3120 Virg.
1205 3069 1363 3120 Georg.
1387 3067 1454 3106 lv.
1480 3072 1572 3109 427.
1599 3068 1714 3108 coelo
1737 3071 1776 3106 et
1797 3079 1873 3106 me-

1010 3128 1121 3167 dium
1157 3126 1221 3165 sol
1251 3127 1396 3179 tyneus
1434 3125 1567 3164 orbem
1607 3124 1872 3169 Hauserat,
