2155 3590
557 113 745 154 LIBER
782 112 853 153 IX.
913 111 1041 152 CAP.
1076 110 1194 152 XIV.
1219 109 1317 152 XV.
1763 104 1845 151 785

64 228 134 268 bus
154 227 282 267 'foedis
306 226 488 281 profusa,
515 226 672 267 inimica
696 225 804 276 fidei,
831 224 954 265 hostis
979 223 1200 278 pudicitiae.
1237 221 1351 262 Tunc
1376 220 1517 275 spretis
1542 226 1658 273 atque
1683 217 1844 259 calcatis

65 284 205 325 divinis
229 283 473 332 numinibus,
500 282 539 322 in
568 282 690 322 vicem
717 288 847 322 certae
877 280 1078 332 religionis
1109 277 1271 319 mentita
1301 278 1496 331 sacrilega
1521 275 1527 333 Ι
1555 275 1843 330 praesumtione
1870 282 1911 317 02

63 339 159 389 Dei,
187 353 299 393 quem
329 339 574 393 praedic-aret
597 339 768 388 unicum,
798 336 973 378 confictis
999 334 1338 376 observationibus
1363 334 1515 383 vacuis,
1542 332 1683 372 fallens
1709 345 1846 371 omnes

64 395 239 436 homines
264 402 304 435 et
327 396 509 435 miserum
536 395 716 435 maritum
743 394 952 448 decipiens,
980 392 1171 432 matutino
1196 403 1305 430 mero
1330 397 1369 430 et
1394 389 1578 430 continuo
1605 395 1739 444 stupro
1760 401 1846 428 cor-

63 466 133 507 pus
158 451 415 506 manciparat.

644 575 1082 626 CAPUT
1172 571 1299 621 XV.

176 688 285 729 Talis
310 689 376 728 illa
402 688 541 728 mulier
564 687 663 727 miro
690 701 749 727 me
774 685 1082 742 persequebatur
1104 684 1206 724 odio.
1243 681 1348 723 Nam
1374 688 1414 722 et
1436 679 1632 721 antelucio
1657 678 1852 721 recubans

67 745 190 786 adhuc·
227 745 409 799 subiungi
446 744 649 785 machinae
686 743 875 783 novitium
911 741 1104 782 clamabat
1139 741 1313 790 asinum,
1353 745 1392 779 et
1427 737 1559 778 statim
1595 743 1640 777 ut
1675 736 1853 776 cubiculo

66 863 222 891 Perverse
238 863 406 897 sequentia
420 864 454 891 G.
472 864 500 891 1.
514 866 542 890 et
556 863 595 890 D.
609 861 655 890 ita
667 863 799 889 habent:
824 859 858 887 iu
871 858 1053 895 sumptibus
1065 861 1168 895 atque
1181 855 1326 884 calcatis
1340 854 1461 883 divinis
1474 852 1660 882 numinibus
1665 851 1760 893 fedr’s
1771 860 1853 889 prn-

57 906 160 946 susa,
185 907 322 935 inimica
325 905 423 943 fidei,
449 905 556 935 hostis
567 905 760 942 pudicitiae.
787 908 866 932 tuuc
878 904 1018 940 sumptis
1032 903 1169 931 ium'cem
1184 905 1299 930 certae
1312 905 1385 930 cett.
1433 899 1552 927 smutis
1566 907 1621 934 pro
1634 898 1757 935 spretis
1772 900 1808 926 G.
1827 900 1856 927 1.

66 952 108 981 cf.
123 954 292 982 Met.V111.
306 961 335 987 p.
350 954 424 980 551.
445 956 508 980 not.
522 953 592 980 crit.
639 950 801 978 mentibus
821 958 876 984 pro
895 948 1081 976 numinibus
1100 949 1135 977 B.
1183 945 1367 984 sacrilegia
1386 947 1421 974 G.
1441 947 1465 974 1.
1481 946 1595 973 Vener.
1611 947 1640 974 2.
1692 943 1856 971 convictis

67 998 136 1026 edd.
151 1001 226 1026 vett.
240 1002 314 1026 ante
329 998 417 1026 Colv.
437 1001 561 1030 praeter
574 999 655 1025 lunt.
671 997 700 1024 2³.
726 993 915 1023 cmu'uuclc's
930 996 1005 1022 Bas.
1019 995 1050 1022 2.
1074 995 1111 1022 In
1126 996 1197 1021 cett.
1213 989 1378 1027 confictis.
1406 989 1541 1030 fallens
1557 987 1854 1028 caeneus-fallens,

69 1043 175 1076 priore
192 1041 320 1078 fallens
340 1043 438 1071 minio
458 1043 593 1070 obducto
607 1044 642 1069 G.
656 1043 686 1069 2.
724 1047 869 1068 vac-neus
883 1041 918 1068 G.
937 1041 964 1068 1.
978 1041 1015 1067 D.
1030 1040 1065 1067 P.
1081 1039 1115 1067 Ο.
1152 1037 1249 1065 vanis
1262 1038 1298 1066 1⁴¹.
1313 1038 1343 1065 3.
1357 1038 1452 1065 Vulc.
1468 1037 1497 1064 2.
1512 1037 1596 1064 Elm.
1616 1035 1701 1063 Prie.
1725 1036 1762 1063 In
1782 1037 1855 1063 cett.

67 1087 196 1116 ἰ-αεῑιῖε.
243 1087 465 1116 uu'serriumm
482 1088 502 1116 f.
550 1089 688 1122 strupra
703 1087 738 1114 G.
753 1087 783 1114 2.
799 1087 836 1114 D.
871 1086 989 1120 strupo
1003 1086 1039 1112 G.
1056 1085 1085 1112 1.
1128 1081 1216 1120 prola
1231 1090 1352 1118 corpus
1367 1092 1399 1115 φ.
1438 1080 1656 1117 mancipabat
1672 1082 1708 1108 G.
1721 1081 1753 1109 2.
1767 1080 1805 1108 Ρ.
1818 1080 1857 1108 D.

67 1132 275 1169 manciparit
294 1135 329 1161 G.
352 1134 380 1161 1.
400 1134 434 1161 Ο.

157 1175 255 1204 hodio
272 1180 305 1206 G.
319 1179 350 1206 2.
364 1180 402 1206 D.
452 1175 615 1204 recubans
629 1178 660 1202 Pl
675 1173 785 1202 adhuc
798 1177 833 1203 G.
848 1177 879 1203 2.
892 1176 929 1202 L.
944 1176 981 1202 D.
993 1196 1001 1210 ‚
1028 1175 1111 1202 unde
1125 1174 1235 1201 Brant.
1249 1171 1457 1206 ineptissime
1476 1179 1517 1199 ex
1536 1171 1672 1204 antiqua
1692 1171 1743 1198 vel
1761 1171 1859 1203 plane

68 1223 217 1251 inaudita
235 1221 436 1251 coniectandi
456 1221 620 1257 prurigine
634 1220 800 1248 divinabat
815 1217 982 1247 wadlmc.
1030 1220 1110 1245 ante
1124 1216 1227 1244 lucem
1243 1226 1272 1251 p.
1320 1216 1452 1253 subiugi
1463 1218 1498 1245 G.
1515 1216 1543 1244 1.
1558 1217 1589 1244 2.
1604 1217 1638 1244 0.
1653 1222 1674 1244 a
1686 1222 1726 1243 m.
1742 1223 1770 1249 p.
1784 1216 1822 1243 D.
1837 1214 1859 1243 s.

68 1268 106 1296 R.
121 1267 201 1296 Coll.
216 1268 313 1296 Voss.
332 1266 503 1303 subiugum
517 1265 550 1303 β.
597 1264 752 1292 dictabat
771 1266 807 1293 G.
828 1266 858 1293 2.
878 1265 915 1292 P.
946 1262 1062 1298 [etiam
1082 1263 1114 1290 in
1135 1262 1296 1297 excerptis
1315 1263 1355 1290 ad
1376 1269 1476 1296 marg.
1497 1262 1544 1289 ed.
1566 1260 1676 1296 cona)
1701 1261 1738 1288 D.
1760 1261 1803 1288 M.
1824 1260 1860 1288 0.

68 1310 205 1339 ditabat
217 1313 252 1340 G.
270 1314 296 1341 1.
345 1310 508 1339 ductabat
524 1311 545 1339 f.
559 1312 596 1339 R.
610 1310 642 1347 ῥ’.
655 1307 684 1338 δ’.
700 1310 780 1339 Con.
794 1310 892 1339 Voss.

69 1414 142 1449 est.
179 1410 226 1448 ef.
252 1410 302 1449 ad
326 1410 485 1448 Met.V.
513 1423 548 1460 p.
575 1413 667 1450 379.
716 1408 778 1446 De
804 1420 934 1445 eorum

69 1467 288 1505 discrimine
313 1466 362 1505 es.
383 1466 508 1504 Doed.
531 1466 625 1516 Syn.
642 1464 706 1502 lv.
726 1478 763 1516 p.
782 1468 858 1504 175
873 1476 934 1514 sq.

69 1522 214 1561 Moser.
237 1523 285 1561 ad
307 1521 596 1561 Cie.'r11sc.lv.
618 1526 676 1561 11.
703 1522 732 1570 ᾧ.
749 1525 812 1562 26.
828 1519 936 1558 Τ.Π.

70 1593 107 1630 p.
133 1579 228 1620 316.
265 1579 321 1618 Ita
345 1580 520 1629 coniungi
547 1583 730 1629 possunt,
762 1581 802 1615 ut
832 1576 936 1628 apud

70 1635 200 1674 Front.
227 1634 352 1687 Epist.
378 1635 424 1673 ad
454 1635 566 1672 Caes.
594 1634 655 1672 ΙΙΙ.
678 1639 714 1674 2.
735 1648 769 1685 p.
791 1636 854 1673 92.
875 1632 935 1670 ed.

71 1691 203 1731 Rom.:
229 1692 294 1730 De
309 1692 494 1736 Herode,
521 1692 636 1743 quod
662 1691 778 1735 (Παίς,
807 1702 937 1740 peryle

74 1762 148 1787 oro
172 1753 226 1794 te,
257 1753 302 1788 ut
327 1749 500 1794 Quintus
530 1752 665 1786 ‘noster
690 1747 814 1789 dicit,
842 1759 936 1796 per-

73 1806 187 1844 vince
206 1805 462 1856 pertinaci
485 1801 810 1854 pervicacia]

131 1861 300 1901 calcatc's
314 1861 460 1899 divinis
475 1860 706 1899 numinibus.
728 1858 937 1909 Pei-peram

75 1917 233 1968 Seiopp.
247 1917 282 1954 in
298 1916 474 1967 Symbol.
496 1921 535 1954 et
549 1917 666 1965 Susp.
682 1916 729 1953 V.
746 1919 808 1954 ⁶23.
831 1927 937 1965 prae-

75 1973 149 2011 fert
196 1973 398 2011 lectionem
453 1972 537 2011 cod.
585 1971 690 2009 Bert.
734 1971 938 2010 utentibus.

74 2028 233 2068 Passim
257 2029 355 2067 enim
383 2029 562 2067 divinum
579 2042 722 2067 numm
741 2032 779 2064 et
799 2027 939 2065 diviua

73 2086 239 2125 numina
263 2089 478 2129 occurrunt,
506 2088 544 2122 ut
569 2084 665 2121 infra
689 2098 724 2134 p.
751 2087 841 2123 626.
875 2083 935 2121 (Ιί-

75 2143 170 2181 νίηα
195 2142 369 2181 ηηηιὶτνα.
394 2139 463 2178 ΧΙ.
490 2153 525 2191 p.
552 2144 642 2180 752.
669 2140 836 2178 divino
860 2153 935 2178 uu-

76 2198 214 2237 mc'uis
237 2202 348 2236 nutu.
396 2196 537 2234 Crebro
569 2197 737 2235 deorum
761 2197 937 2236 ἠιιηιὶηα.

77 2253 126 2293 cs.
151 2253 202 2291 ad
218 2252 284 2291 VI.
316 2267 353 2304 p.
379 2256 471 2293 408.
509 2251 610 2290 VIII.
636 2266 673 2303 p.
700 2256 792 2292 582.
830 2252 938 2302 Yirg.

79 2312 176 2348 Aen.
190 2308 257 2347 lV.
272 2313 364 2350 204.
384 2309 525 2359 Hygin.
541 2308 636 2346 Fal».
653 2307 813 2346 CXXV.
836 2307 937 2346 Chri-

77 2367 242 2405 stianam
254 2365 355 2404 hanc
366 2365 525 2416 pistoris
543 2377 703 2403 uxorem
720 2364 842 2402 suisse-
861 2378 938 2402 ma-

78 2423 139 2473 gis
169 2434 357 2473 apparere
388 2421 478 2459 dicit
501 2420 600 2459 Prie.
625 2434 675 2458 ex
700 2435 797 2459 voce
818 2435 938 2472 prae-

77 2480 325 2529 sumptione,
368 2491 443 2528 quo
485 2477 676 2515 vocabulo
719 2491 853 2516 sanam
895 2491 941 2516 ac

77 2547 206 2573 veram
230 2533 342 2571 [idem
369 2535 506 2585 pagani
521 2533 720 2585 appellare
734 2533 834 2572 soliti
861 2534 938 2571 sne-

77 2591 167 2637 rint3
204 2590 292 2629 coll.
323 2589 482 2628 Tertull.
513 2590 548 2627 in
581 2589 697 2640 Apol.
729 2594 791 2630 22.
827 2591 941 2630 Haec

79 2651 170 2687 sunt
206 2660 310 2699 quae
343 2648 386 2685 in
421 2646 536 2685 nobis
569 2646 665 2684 solis
695 2659 939 2697 praesum-

77 2704 248 2754 ptione
271 2707 482 2742 vocantur.
528 2702 672 2740 Honor.
701 2702 811 2740 Ethn.
838 2702 941 2753 apud

81 2758 303 2809 Symmach.
348 2759 627 2798 obstinationis
672 2771 875 2810 praesu
888 2773 941 2796 m-

79 2815 302 2866 ptionem.
329 2815 394 2868 [cf.
408 2814 503 2853 Las.
525 2814 574 2852 ad
589 2813 749 2852 Tei-tun.
769 2815 819 2852 de
833 2813 942 2853 Test.

81 2870 206 2909 Anim.
231 2883 264 2910 c.
289 2875 328 2912 4.
350 2871 438 2923 Rig.
463 2884 499 2922 p.
527 2874 589 2912 66.
617 2869 657 2908 C.
683 2871 745 2921 qui
770 2874 940 2909 nostrum

83 2924 208 2964 locum
233 2928 407 2979 excitat]

141 2982 490 3023 observationibus.
531 2983 588 3023 Ita
612 2987 724 3022 vocat
748 2983 940 3034 Apuleius

83 3042 237 3077 notante
266 3037 427 3079 Pricaeo
459 3040 687 3079 cerimonias
717 3040 833 3078 cultui
856 3039 941 3078 reli-

84 3094 195 3147 gioso
220 3101 491 3150 congruentes,
515 3100 557 3136 ut
579 3097 615 3134 in
640 3095 759 3152 Apol.
782 3109 820 3154 p.
846 3100 941 3139 514.

993 1406 1269 1458 vulyatissc'um
1291 1420 1314 1443 o
1325 1406 1456 1443 bserv
1466 1419 1488 1443 (ι
1499 1406 1535 1442 tt
1544 1418 1601 1442 on
1611 1419 1680 1443 ηηι
1699 1417 1862 1443 cousue-

994 1463 1133 1502 tudine
1157 1465 1196 1499 et
1220 1460 1316 1499 Met.
1342 1460 1409 1499 XI.
1436 1475 1472 1512 p.
1500 1464 1593 1501 797.
1617 1461 1678 1498 vir
1703 1460 1863 1499 sobriae

993 1518 1206 1569 reliyt‘ouis
1223 1518 1762 1568 obseruationesamosus.
1784 1515 1863 1555 Va-

996 1588 1091 1614 euas
1109 1578 1237 1612 autem
1259 1575 1553 1613 observationes
1573 1572 1743 1623 explieat
1762 1572 1864 1610 idem

995 1631 1179 1681 hymnos,
1206 1644 1344 1682 preces
1366 1633 1405 1667 et
1424 1626 1576 1681 ἀγάπας
1595 1629 1696 1676 illas,
1723 1629 1863 1680 quibus

994 1687 1099 1725 horis
1154 1688 1408 1737 operabantur
1460 1686 1655 1724 matutinis
1708 1689 1862 1723 veteres

996 1743 1218 1788 Christiani,
1250 1750 1288 1782 et
1312 1756 1418 1795 ‚quas
1449 1741 1656 1780 identidem
1688 1740 1864 1780 diffama-

996 1800 1087 1837 bant
1106 1799 1335 1838 idololatrae
1360 1798 1426 1845 illi,
1453 1812 1525 1836 non
1551 1802 1629 1836 tam
1654 1797 1863 1849 religiosos

997 1857 1108 1901 ritus,
1140 1870 1254 1906 quam
1285 1855 1467 1905 crapulae
1498 1854 1666 1893 libidinis
1690 1858 1863 1893 auctora-

995 1916 1142 1955 menta:
1167 1913 1228 1951 eit.
1243 1911 1402 1950 Tertull.
1423 1911 1470 1948 ad
1492 1909 1610 1949 Uxor.
1632 1909 1674 1949 II.
1697 1916 1733 1951 4.
1762 1912 1864 1957 Quc's

997 1969 1209 2020 eoniuqmu
1233 1983 1344 2007 suum
1368 1968 1425 2006 cul
1444 1968 1667 2007 convivium
1691 1968 1863 2006 ‹lomini-

997 2024 1225 2071 cmnilcud,
1254 2025 1366 2077 quod
1379 2024 1600 2075 insumant,
1624 2024 1709 2063 sine-
1720 2037 1865 2064 scaeva

994 2081 1226 2131 suspicione
1256 2081 1409 2119 ‘'tzittet?
1455 2079 1599 2118 Minue.
1637 2079 1722 2119 Fet.
1760 2094 1792 2119 c.
1826 2084 1862 2121 9.

995 2137 1024 2187 §.
1051 2141 1075 2177 8
1100 2150 1160 2188 sq.

1053 2194 1200 2234 vacuis.
1248 2193 1337 2231 Non
1359 2206 1519 2245 possum
1540 2207 1613 2232 non
1631 2193 1692 2232 hic
1707 2205 1864 2244 quoque

996 2264 1019 2288 a
1056 2250 1221 2288 lectione
1257 2250 1342 2288 cod.
1382 2249 1550 2288 Florent.
1589 2253 1626 2290 3.
1664 2249 1862 2295 recedere,

996 2307 1071 2358 qui.
1086 2307 1119 2344 si
1135 2306 1232 2344 sides
1247 2306 1442 2345 collationi
1463 2319 1574 2345 meae
1594 2306 1773 2345 habenda
1787 2311 1861 2352 est,

998 2364 1108 2402 vanis
1132 2377 1217 2401 cum
1240 2363 1299 2401 ed.
1321 2362 1422 2401 Elin.
1443 2362 1579 2409 habet,
1606 2375 1722 2413 quum
1747 2365 1866 2401 ceteri

996 2420 1127 2470 optimi
1158 2419 1194 2457 in
1226 2420 1360 2459 vacuis
1391 2419 1452 2457 vel
1484 2420 1518 2457 ei
1549 2419 1744 2457 simillimo
1776 2432 1865 2456 con—

996 2477 1172 2514 sentiant.
1242 2476 1363 2515 Vam‘s
1403 2476 1502 2514 enim
1544 2477 1674 2526 potius
1714 2474 1865 2512 videtur

997 2546 1090 2571 esse
1106 2532 1241 2570 librarii
1255 2532 1453 2570 cuiusdam
1474 2532 1865 2582 interpretamentum,

999 2590 1061 2639 qui
1079 2590 1214 2628 vacuis
1233 2588 1407 2627 adieetivi
1427 2588 1743 2639 significationem
1762 2589 1866 2638 igno-

997 2647 1118 2684 rabat.
1167 2645 1247 2683 Sed
1273 2644 1321 2682 et'.
1347 2645 1396 2683 ad
1416 2644 1512 2683 Met.
1531 2643 1581 2683 X.
1608 2657 1644 2695 p.
1666 2648 1776 2689 720„
1800 2644 1865 2682 ubi

999 2702 1209 2740 identidem
1236 2701 1335 2739 Mss.
1361 2701 1518 2740 variant.
1550 2699 1634 2738 Intt.
1668 2700 1717 2738 ad
1749 2699 1864 2737 Ovid.

1000 2757 1184 2797 Metxll.
1199 2771 1236 2809 p.
1254 2762 1345 2799 786.
1376 2756 1511 2796 Barth.
1524 2756 1572 2794 ad
1588 2755 1764 2807 Calpurn.
1781 2755 1865 2794 Ecl.

1002 2814 1064 2852 III.
1099 2818 1190 2854 170.
1238 2813 1406 2851 miscell.
1439 2813 1606 2851 Observ.
1643 2812 1734 2850 Vol.
1760 2811 1867 2851 VIII.

1000 2869 1080 2909 T.I.
1095 2885 1132 2922 p.
1147 2874 1240 2910 205.
1256 2874 1348 2911 235.
1375 2869 1526 2921 [Barth.
1540 2868 1707 2907 Advers.
1720 2865 1865 2908 XVIII.

1000 2932 1037 2966 2.
1062 2941 1098 2978 p.
1126 2929 1217 2966 895.
1262 2926 1389 2964 Doed.
1417 2926 1512 2976 Syn.
1539 2924 1584 2963 T.
1610 2924 1638 2963 I.
1663 2938 1702 2975 p.
1727 2927 1779 2965 99
1803 2937 1864 2975 sq.

999 2983 1082 3021 lntt.
1110 2982 1159 3020 ad
1186 2982 1278 3021 'Tau
1305 2982 1402 3020 Ann.
1427 2981 1454 3019 I.
1482 2981 1538 3033 3.]

1056 3038 1144 3077 CA».
1171 3038 1260 3076 XV.
1308 3038 1500 3090 sublim-qi
1524 3037 1732 3076 maelainae
1756 3038 1864 3076 novi-

998 3098 1095 3137 tium
1133 3095 1346 3136 clamabat.
1404 3094 1542 3135 Merae
1571 3092 1865 3137 allucinationes

1497 3149 1550 3193 50

1917 284 1931 316 ¹
1984 284 1997 331 l
