2155 3590
654 160 841 201 LIBER
868 160 944 202 xl.
1002 159 1130 201 CAP.
1159 159 1235 200 111.
1771 155 1856 197 987

63 277 150 316 dum
183 275 279 315 satis
316 274 665 338 Qonnipseram*⁹
693 282 733 315 et
762 288 853 315 ecce
884 274 1021 328 pelago
1051 273 1177 313 medio
1208 271 1454 312 venerandos
1486 270 1546 310 dei
1571 268 1687 309 etiam
1719 268 1850 308 vultus

70 331 280 388 lattollens
305 331 472 385 emergit
496 331 628 371 divina
653 331 788 371 facies.
851 332 912 371 Ac
937 330 1075 370 dehinc
1100 328 1283 383 paulatim
1308 335 1390 368 toto
1416 340 1580 381 corpme
1610 324 1848 379 perlucidum
1877 329 1942 362 756

63 451 99 477 In
118 448 279 483 plerisque
299 449 391 476 codd.
411 451 440 477 et
460 450 530 478 edd.
555 451 604 478 est
628 447 805 484 copseram
823 450 877 477 vel
896 454 1102 484 compseram
1121 448 1175 476 vel
1199 451 1422 482 comp-seram,
1448 448 1480 472 ut
1507 450 1710 479 compserunt
1735 443 1855 471 habent

64 496 100 522 G.
115 495 145 522 2.
161 495 194 523 Ρ.
207 495 245 522 R.
261 493 281 521 s.
300 490 329 521 δ.
344 494 392 522 ed.
407 501 454 528 pr.
468 494 594 523 Vicent.
619 492 672 529 (in
691 494 786 522 cuius
806 500 905 528 marg.
925 493 975 521 vir
993 494 1106 521 doctus
1126 491 1315 519 emendabat
1334 488 1617 525 compresseram)
1643 491 1674 516 et
1693 489 1807 516 venet.
1821 489 1852 515 2.

63 539 98 567 iu
111 545 176 573 qua
188 540 426 572 typothetarum
439 547 544 567 errore
559 542 645 567 extat
660 546 866 575 consperam.
892 537 1123 574 conm'psnrmu
1143 544 1184 564 ex
1196 536 1233 564 F.
1250 536 1277 562 1.
1292 538 1396 562 euolat
1412 536 1493 562 Elm.
1515 534 1609 567 idque
1623 533 1655 561 in
1671 532 1744 560 edit.
1759 538 1855 560 suam

64 583 195 618 recepit.
220 583 302 612 Con.
316 583 472 612 Lindenb.
485 587 515 612 et
527 585 563 612 F.
578 586 607 613 3.
621 586 741 612 habent
754 583 973 619 com‘pseram.
1021 588 1195 609 conseram
1210 581 1245 608 G.
1257 579 1327 607 1.0.
1342 580 1378 607 B.
1404 585 1666 614 compresseram
1680 578 1717 605 P.
1730 579 1813 605 lunt.
1823 578 1853 605 1.

65 629 139 657 Am.
159 629 272 657 Venet.
287 629 317 656 4.
331 629 438 657 Paris.
457 629 561 658 Colin.
580 630 657 658 Bas.
671 630 701 658 2.
723 629 810 657 Colv.
843 627 1055 655 conniveram
1069 627 1197 655 1unt.2.
1212 626 1321 652 Svow.
1335 624 1438 652 Scriv.
1451 624 1535 652 Prie.
1549 623 1669 651 Florid.
1695 628 1855 657 consope-

66 681 139 700 ram
158 680 257 708 marg.
276 674 353 701 Bas.
377 675 404 702 1.
453 674 704 710 consopiveram
724 675 819 703 Vulc.
839 675 869 701 2.
907 672 1046 710 c'ostsam
1059 673 1097 700 D.
1123 676 1358 705 crtrrupseram
1374 677 1402 702 p.
1451 675 1520 695 meo
1536 675 1590 702 pro
1603 665 1756 695 mediat).
1803 664 1859 693 der·

64 719 101 747 F.
115 720 145 746 3.
162 720 197 747 G.
212 719 241 747 1.
256 719 286 746 2.
301 719 335 746 Ο.
349 719 387 747 D.
402 715 430 746 δ’.
446 719 468 747 f.
504 717 633 747 deuel..
648 727 690 747 ex
702 717 974 753 interpretatione
1011 715 1110 745 disP.
1135 714 1190 742 det
1199 722 1271 751 περ
1296 716 1334 742 In
1353 711 1513 742 ceu.di·.1s
1561 714 1594 738 et
1609 710 1856 739 mltnsviiiose

66 767 221 792 exaratur
238 763 273 791 in
291 763 370 791 solis
389 764 460 792 edd.
479 764 597 801 Basii„
622 765 708 792 unde
727 765 812 792 male
830 763 984 797 refingere
997 764 1094 790 tentat
1109 762 1271 789 stewech.
1285 760 1452 793 vulgatam
1466 758 1654 794 lectionem,
1680 763 1763 790 quae
1776 758 1856 784 bene

65 811 226 837 sehabet
273 808 472 845 amcrgrQeD
521 806 568 835 At
584 806 702 836 dehinc
731 809 801 837 edd.
820 811 898 836 velt.
917 810 993 836 ante
1012 807 1104 836 Colx.

1145 802 1415 842 praelucrdumf.
1440 806 1471 832 et
1490 803 1619 831 Ruhuk.
1667 799 1857 838 periculum

68 862 124 889 pro
131 851 342 890 perlucidum
355 854 384 882 V
386 856 468 882 enet.
483 855 513 883 4.
527 855 603 883 Bas.
620 856 649 883 1.
673 851 896 891 perlucz‘ffium
911 852 1017 882 Paris.

125 951 212 990 Cim.
237 950 300 990 ΠΙ.
358 953 655 1004 connipseram.
699 951 826 1004 [Hanc
845 965 932 1003 per-

70 1009 159 1047 lecti
185 1008 346 1047 sormam
372 1008 460 1046 licet
483 1009 605 1046 altero
631 1007 812 1059 exemplo
833 1021 934 1046 com-

71 1065 235 1116 probare
253 1078 456 1116 nequeam,
482 1078 504 1102 e
523 1069 630 1104 textu
647 1068 774 1103 tamen
795 1065 934 1103 eiicere

73 1121 176 1166 nolo,
191 1121 280 1172 quia
293 1134 428 1159 omnes
442 1121 554 1161 codd.
567 1125 632 1159 aut
645 1124 823 1161 accurate
837 1120 937 1159 hanc

73 1178 234 1215 formam
256 1177 449 1216 vindicant
473 1184 538 1216 aut
562 1191 584 1215 e
609 1177 797 1228 corruptis
822 1177 937 1214 vesti·

73 1235 146 1283 giis
169 1237 306 1285 aperte
329 1233 539 1285 indigitant.
575 1233 796 1283 Antiquitas
821 1237 937 1271 testa·

73 1295 131 1328 tur
155 1291 442 1328 terminationes
468 1291 722 1328 conniteram
742 1293 781 1326 et
801 1289 938 1327 comti-

72 1360 235 1391 metant,-
259 1345 307 1383 cs.
332 1345 448 1396 Apul.
473 1344 568 1383 Met.
588 1344 655 1382 lV.
670 1343 938 1395 p.291.x1¹1.

74 1416 111 1453 p.
127 1406 219 1442 535.
249 1401 287 1438 V
290 1414 371 1439 oss.
395 1400 608 1439 Alistarch.
636 1399 681 1438 T.
706 1399 750 1438 ll.
781 1414 817 1452 p.
844 1404 937 1439 830.

74 1459 203 1508 ibique
228 1456 380 1503 Eckst„
418 1470 577 1508 quarum
607 1456 828 1495 alterutram
854 1455 938 1493 lntt.

74 1517 109 1553 in
146 1517 293 1552 textum
328 1518 570 1564 receperunt.
624 1511 829 1551 Posterius
854 1525 940 1563 pro-

76 1571 181 1610 bavit
204 1569 325 1614 Oud.,
351 1571 440 1621 quia
461 1584 512 1622 ps
536 1573 576 1608 et
599 1583 632 1608 sc
655 1569 691 1607 in
718 1568 829 1607 codd.
854 1581 941 1607 sae-

75 1628 164 1680 pius
189 1625 523 1665 confunderentur.
566 1625 620 1664 At
642 1625 786 1663 vellem
812 1637 942 1663 exem-

78 1685 184 1735 plum
207 1681 437 1733 protulisset
459 1682 515 1720 vir
539 1682 691 1727 doctus,
716 1682 778 1733 qui
804 1694 943 1732 perpe·

77 1753 159 1778 ram
188 1739 238 1777 ad
270 1737 387 1789 legati
417 1738 618 1778 cuiusdam
646 1737 754 1776 rudis
787 1741 827 1775 et
862 1739 944 1775 bar-

80 1796 160 1835 bari
176 1794 372 1833 infantiam
388 1795 623 1846 provocavit,
655 1807 768 1845 quem
785 1793 944 1832 sueton.

79 1854 185 1902 Aug.
204 1865 236 1890 c.
256 1855 320 1891 88.
341 1852 404 1890 ixi
428 1864 499 1902 pro
524 1851 605 1902 ipsi
629 1851 839 1902 scripsisse
863 1862 946 1887 nar-

80 1913 150 1948 rat.
187 1907 274 1946 Hoc
298 1908 409 1957 igitur
435 1920 550 1958 quum
576 1906 832 1944 demonstrari
857 1919 948 1943 neu—

81 1966 224 2016 tiquam
249 1964 394 2014 possit,
432 1964 562 2001 obstat
586 1976 744 2014 semper
763 1976 795 2014 p
823 1962 950 2000 littera

81 2022 117 2059 in
143 2020 318 2059 omnibus
344 2019 477 2064 c‹›dd.‚
514 2032 562 2057 ne
593 2032 616 2057 a
646 2019 757 2057 codd.
784 2019 950 2056 lectione

81 2077 292 2116 recedatur.
335 2076 379 2114 Si
403 2076 607 2127 analogiae
632 2076 805 2127 speciem
832 2087 948 2125 quan-

84 2135 172 2172 dam
201 2132 313 2182 sequi
344 2131 533 2178 volueris,
570 2145 656 2170 cum
686 2132 880 2170 conniveo
911 2133 951 2167 et

86 2190 261 2230 connino
286 2189 433 2235 verbis,
470 2188 574 2239 quod
605 2188 801 2238 posterius
830 2190 949 2225 testa-

84 2252 144 2285 tur
162 2245 286 2284 Prisc.
307 2243 377 2282 IX.
399 2258 432 2284 c.
451 2248 488 2285 8.
509 2243 553 2283 T.
575 2243 602 2283 1.
621 2258 658 2295 p.
675 2247 755 2284 459
800 2242 950 2287 Krehl„

86 2302 265 2341 extitisse
291 2301 466 2340 connibo
490 2301 663 2345 coniicio,
687 2300 790 2339 unde
816 2300 952 2338 007ιηί-

82 2360 152 2412 psi
182 2357 320 2395 eadem
351 2358 499 2395 ratione
532 2356 736 2395 formatum
771 2357 840 2402 sit,
877 2369 954 2406 qua

88 2415 236 2467 scripsi
260 2427 284 2452 a
307 2414 459 2458 scribo,
494 2413 637 2465 ylupsi
660 2426 684 2450 a
706 2412 854 2464 ylubO,
883 2426 954 2451 mc-

83 2473 153 2525 psi
177 2485 200 2509 a
223 2470 341 2508 nubO.
383 2470 566 2508 Attamen
591 2482 749 2519 semper
773 2467 956 2506 adversa-

90 2533 162 2572 tur,
187 2525 291 2577 quod
315 2538 520 2576 numquam
539 2526 698 2576 mptum
718 2537 785 2574 pro
805 2525 956 2563 nictum

90 2583 242 2622 dixisse
266 2585 431 2620 constat.
478 2580 592 2620 Hunc
623 2581 736 2632 igitur
768 2579 894 2618 locum
919 2579 955 2617 in

92 2639 219 2679 medio
243 2636 449 2690 relinquo]

149 2696 218 2735 dei
233 2696 421 2746 formam.
449 2693 672 2745 [Revocavi
684 2696 855 2731 veterem
868 2693 961 2731 scri-

93 2756 261 2804 pturam,
301 2763 415 2802 quam
441 2750 545 2788 Oud.
572 2749 660 2787 ideo
685 2747 830 2795 reiecit,
856 2748 960 2799 quod

94 2809 235 2848 divina
255 2807 388 2858 facies
412 2809 452 2844 et
477 2806 538 2845 dii
556 2806 688 2845 vultus
705 2818 821 2844 unum
841 2804 960 2843 idem-

95 2877 171 2915 que
206 2867 326 2902 esset.
379 2862 474 2901 Diis
507 2862 758 2901 venerandos
793 2860 962 2911 explicat

95 2919 198 2958 Oud.
222 2919 273 2958 de
296 2918 461 2965 Hecate,
485 2919 592 2957 cuius
619 2917 758 2956 faciem
777 2930 964 2956 veneren—

96 2980 155 3014 tur
178 2977 253 3027 ipsi
277 2975 342 3014 dii.
380 2974 497 3021 Quod
521 2986 638 3025 quum
662 2974 716 3012 ita
738 2975 806 3020 sit,
831 2987 963 3024 quam-

98 3045 215 3084 quam
255 3045 330 3070 non
372 3031 525 3069 omnino
563 3030 786 3076 consentio,
833 3033 962 3068 tamen

99 3088 275 3139 impedit,
311 3088 417 3139 quod
440 3086 589 3126 Lucius
621 3086 788 3124 nondum
812 3086 964 3124 sciebat

99 3143 228 3196 qualis
250 3143 318 3184 illa
339 3143 564 3183 veneranda
587 3142 710 3182 facies
735 3146 857 3181 esset.
899 3141 963 3180 Li-

992 954 1055 989 cet
1079 950 1179 988 enim
1204 948 1319 987 deum
1343 951 1504 986 matrem
1529 947 1771 991 invocasset,
1803 948 1858 984 ta-

990 1021 1079 1045 men
1114 1005 1218 1044 unde
1260 1004 1425 1044 eandem
1467 1016 1559 1042 esse
1602 1001 1714 1040 deam
1759 1003 1858 1039 scire

991 1063 1168 1114 poterat?
1205 1060 1353 1100 Postea
1383 1060 1567 1110 cognovit
1595 1072 1683 1097 eum
1707 1057 1858 1096 Lunam

993 1133 1086 1157 esse
1132 1118 1196 1158 vel
1237 1119 1355 1156 immo
1403 1120 1682 1168 aryumentum
1729 1115 1860 1154 lunae.

995 1175 1114 1214 Hoc
1105 1187 1190 1226 ipsa
1211 1175 1330 1212 xmha
1349 1176 1539 1212 testantur
1559 1173 1697 1210 dt'vz'na
1715 1171 1860 1221 facies.

997 1245 1097 1282 quae
1145 1234 1250 1268 verto
1298 1232 1384 1268 cine
1435 1228 1643 1280 qo'tlllclze
1694 1227 1862 1267 Gestalt.

999 1289 1160 1326 Faciem
1184 1287 1298 1337 igitur
1322 1286 1373 1323 (le
1403 1289 1563 1323 externa
1592 1284 1727 1335 specie
1753 1281 1862 1320 intel-

997 1343 1092 1393 ligo:
1123 1342 1172 1381 cl'.
1198 1328 1254 1380 ad
1283 1340 1661 1392 Met.11.p.162.,
1699 1339 1748 1377 de
1781 1342 1861 1376 toto

998 1412 1176 1450 corpore
1208 1398 1255 1437 cf.
1288 1398 1338 1436 ad
1368 1397 1463 1435 Met.
1496 1396 1557 1435 lll.
1598 1410 1636 1447 p.
1667 1400 1760 1436 233.
1807 1394 1865 1433 lta

997 1455 1127 1495 vultus
1157 1458 1196 1492 et
1223 1455 1355 1504 facies
1383 1454 1482 1490 bene
1520 1455 1615 1491 inter
1645 1466 1691 1489 se
1722 1452 1866 1489 discre-

997 1515 1107 1564 pant,
1134 1523 1180 1548 ac
1203 1509 1350 1548 Lucius
1375 1509 1535 1553 indicat,
1566 1510 1697 1547 statim
1723 1508 1865 1558 adspe-

999 1572 1062 1606 ctu
1098 1568 1181 1604 eius
1217 1566 1370 1604 divinae
1411 1565 1584 1603 mulieris
1625 1565 1782 1602 horrore
1820 1576 1868 1601 ac

1002 1624 1247 1662 veneratione
1272 1636 1318 1659 se
1343 1621 1542 1673 perfusum
1569 1620 1695 1674 esse]

1054 1680 1324 1733 perlucidum.
1362 1678 1524 1717 Dubitat
1547 1677 1663 1720 Oud.,
1689 1691 1736 1716 an
1761 1681 1868 1716 recte

1002 1750 1047 1775 se
1077 1736 1222 1774 habeat
1252 1735 1527 1787 compositum,
1565 1734 1670 1784 quod
1705 1733 1869 1772 translu-

1003 1792 1114 1832 cendi
1148 1792 1224 1828 vim
1249 1791 1411 1837 habeat,
1443 1804 1528 1829 cum
1554 1790 1749 1829 oculorum
1775 1790 1867 1828 radii

1004 1852 1209 1902 penetrent
1233 1848 1391 1885 interius
1416 1847 1450 1884 in
1483 1860 1642 1898 corpus,
1680 1846 1796 1896 quale
1820 1846 1872 1883 sit

1005 1906 1103 1951 vitri,
1128 1904 1257 1942 fontis.
1305 1904 1448 1942 Dicere
1479 1903 1634 1953 quidem
1668 1902 1788 1941 Cicer.
1821 1902 1871 1940 (le

1006 1962 1133 2001 Divin.
1171 1960 1197 1998 Ι.
1229 1965 1293 2000 57.
1330 1962 1392 1998 sin
1427 1960 1597 1999 illustris
1633 1964 1670 1998 et
1699 1960 1870 2011 perla-

1009 2019 1120 2058 nida
1157 2017 1272 2055 stella
1312 2017 1581 2068 adparaerit,
1628 2016 1870 2068 siffln'ficam',

1007 2073 1162 2114 coelum
1196 2086 1275 2111 esse
1304 2078 1420 2112 tenue
1446 2086 1677 2124 purumque
1706 2077 1743 2111 et
1774 2086 1872 2123 pro-

1002 2135 1148 2183 pterea
1183 2129 1355 2173 salubre,
1392 2142 1523 2167 verum
1560 2142 1646 2167 eam
1682 2128 1874 2167 condicio-

1008 2200 1095 2224 nem
1122 2199 1196 2223 non
1223 2187 1425 2224 convenire
1450 2185 1564 2223 huius
1589 2184 1783 2223 simulacri
1808 2185 1873 2223 ‹le-

1009 2242 1225 2293 scriptioni:
1264 2254 1383 2291 quare
1421 2241 1566 2279 mavult
1599 2241 1714 2292 sequi
1746 2241 1875 2279 lectio-

1010 2312 1099 2337 nem
1142 2298 1226 2337 cod.
1262 2297 1362 2337 Fux.
1402 2298 1713 2350 praelacc'dam,
1761 2311 1875 2348 quam

1010 2354 1216 2394 Ruhnken.
1241 2356 1276 2393 in
1302 2358 1409 2392 textu
1433 2355 1573 2406 posuit.
1623 2353 1701 2406 [At
1725 2353 1878 2392 frustra.

1010 2411 1103 2463 lpse
1139 2411 1241 2449 enim
1273 2410 1352 2450 Cic.
1384 2411 1494 2449 locus
1529 2411 1689 2461 probat,
1727 2411 1877 2448 dixisse

1012 2472 1168 2506 veteres
1190 2467 1435 2519 perlucidus
1459 2481 1528 2518 pro
1554 2467 1678 2505 valde
1702 2467 1876 2509 lucidus,

1014 2524 1118 2575 quod
1147 2528 1214 2562 aut
1242 2524 1292 2562 ad
1321 2524 1564 2561 maiestatem
1590 2523 1690 2561 (leae
1715 2524 1879 2573 eiusque

1014 2580 1275 2618 venerabilem
1302 2579 1442 2618 faciem
1465 2579 1611 2618 referre
1637 2579 1789 2629 possis,
1814 2581 1880 2616 aut

1015 2637 1065 2675 ad
1101 2640 1331 2688 sequentem
1369 2637 1515 2674 externi
1553 2636 1707 2674 habitus
1739 2635 1882 2673 ‹leseri-

1015 2694 1202 2744 ptionem:
1235 2693 1349 2746 bysso
1379 2694 1513 2732 tenui
1534 2696 1746 2743 pertexta,
1771 2704 1880 2730 nzcnc

1017 2750 1115 2789 albo
1145 2750 1360 2788 candore
1396 2749 1565 2788 lacida
1585 2777 1713 2787 ......
1733 2748 1882 2787 rubore

1015 2805 1272 2856 flammida
1287 2804 1478 2856 ...quilla
1489 2805 1714 2856 niyerrt'ma
1728 2818 1781 2855 sp
1791 2803 1881 2842 lon-

1019 2862 1234 2906 clcscens,
1261 2875 1364 2913 quae
1389 2862 1514 2912 Iongyc
1539 2860 1740 2912 lonyequc
1765 2860 1884 2898 eliam

1019 2931 1146 2956 meum
1170 2918 1414 2967 confutabat
1438 2917 1616 2956 obtutam
1629 2945 1730 2955 .....
1745 2915 1885 2955 stellae

1021 2973 1231 3024 dispersae
1266 2972 1597 3012 coruscabant
1623 2999 1730 3010 .....
1763 2971 1886 3011 Luna

1018 3029 1269 3079 flammeos
1303 3028 1489 3080 spirabat
1523 3029 1673 3079 iyncs.
1720 3027 1791 3066 Vir
1819 3027 1886 3065 do-

1021 3088 1106 3123 ctus
1131 3084 1249 3122 refert
1272 3085 1321 3123 ad
1351 3084 1472 3123 verba
1495 3084 1629 3123 tenui
1654 3084 1782 3138 bysso.
1831 3082 1888 3121 lta

1021 3141 1122 3180 enim
1142 3140 1388 3193 perlucidae
1417 3141 1576 3192 saepius
1600 3143 1735 3179 vestes
1759 3139 1888 3179 dicun-
