2155 3590
698 153 885 195 LIBER
907 155 960 194 V.
1018 154 1148 195 CAP.
1170 153 1197 193 1.
1761 147 1843 191 309

58 271 266 326 dispositae
290 269 426 311 domus
451 269 537 310 sine
561 267 687 323 pretio
706 265 715 323 l
736 268 954 321 pretiosae,
980 267 1129 321 totique
1153 265 1323 321 parietes
1355 264 1511 305 solidati
1537 264 1680 304 massis
1710 261 1843 304 aureis
1867 268 1929 302 321

58 328 261 384 splendore
291 325 449 382 proprio
479 331 715 373 coruscant,
749 331 793 364 ut
821 324 921 364 diem
951 338 1063 364 suum
1096 322 1170 363 sibi
1194 322 1329 362 domus
1354 320 1524 370 saciant,
1549 319 1642 360 licet
1665 319 1748 360 sole
1773 333 1844 360 no-

58 386 182 426 lente:
208 384 266 424 sio
291 382 488 433 cubicula,
515 381 572 421 sic.
595 380 791 435 porticus,
819 381 875 420 sic
899 381 1006 434 ipsae
1032 380 1194 420 balneae
1218 378 1436 432 fulgurant.
1484 375 1572 418 Nec
1597 376 1724 416 secius
1751 388 1844 431 opes

52 513 165 552 pretio
179 513 269 541 abest
282 512 316 540 in
329 508 357 540 δ.
390 510 542 548 parietes
554 511 590 539 F.
606 511 636 538 3.
649 511 686 538 G.
703 510 732 538 1.
746 511 776 537 2.
790 510 828 537 D.
843 512 927 537 etex
940 511 1047 538 collat.
1057 510 1097 538 ad
1111 516 1210 543 marg.
1224 507 1369 536 ed.(⁴01v.
1384 506 1481 535 eliam
1494 506 1527 534 in
1540 505 1576 535 F.
1588 506 1616 534 1.
1628 526 1636 541 ‚
1651 512 1845 539 quamquam

59 559 94 588 in
104 559 318 592 Lindenhrog.
333 557 505 584 collatione
523 555 607 584 nihil
626 556 813 583 adnotatum
831 558 889 583 est.
923 556 961 582 In
981 558 1053 582 cett.
1067 553 1223 590 parietis.
1271 552 1380 579 missis
1393 552 1546 581 Venet.‘.’.
1593 549 1844 578 solidal1'ss1‘1m's

57 605 178 639 Iunt.1.
190 610 246 638 pro
260 600 400 630 solidati
410 601 541 628 massis.
577 597 738 636 spendore
750 601 789 628 D.
803 607 870 628 am.
880 607 909 634 p.
948 606 1040 626 suum
1056 598 1290 627 subiVenet.2.
1319 596 1463 636 faciant
1477 595 1846 630 F.3.G.2.D.1².p.n.f.

56 650 94 679 ln
106 646 377 686 reliquisfaci'at.
425 644 553 673 volente
568 647 603 674 G.
621 646 648 675 1.
663 651 683 673 a
696 652 736 673 m.
751 653 781 679 p.
805 646 887 672 Nam
899 652 920 671 n
935 651 954 672 a
966 652 1006 672 m.
1021 652 1046 673 s.
1062 649 1121 673 est.
1168 641 1352 671 cubiculum
1367 643 1402 671 0.
1447 640 1588 669 balneae
1605 641 1642 669 F.
1662 642 1691 669 3.
1712 642 1748 669 G.
1767 637 1798 669 1.
1811 641 1844 668 2.

57 694 97 724 1).
108 694 145 722 P.
159 694 193 722 0.
207 694 245 721 R.
261 692 282 721 f.
295 700 332 720 π.
352 693 435 720 Elm.
455 691 558 719 Scriv.
580 691 698 719 Florid.
724 689 864 717 valneae
884 687 1008 723 [neque
1028 688 1168 716 valceae
1181 692 1216 717 ut
1228 688 1329 716 voluit
1344 686 1444 721 oud.)
1459 687 1491 715 in
1504 687 1541 716 F.
1557 687 1586 714 1.
1600 689 1705 721 extat,
1731 692 1844 719 quam-

58 745 153 773 quam
165 740 270 767 altera
282 744 406 772 quoque
419 735 559 764 balneae
571 736 667 765 lectio
682 737 721 764 ab
735 735 847 764 eadem
859 742 958 764 manu
971 735 1136 768 adscripta
1149 737 1208 764 est.
1231 735 1268 763 In
1283 736 1354 762 ceu.
1370 731 1499 762 mli-ae.
1527 729 1689 770 figurant
1704 728 1845 770 proful-

55 786 184 822 gurant
194 790 224 818 p.

58 895 106 934 V.
130 907 170 946 p.
184 899 277 935 337.
302 895 365 933 ubi
387 900 599 947 praelerea
625 908 693 945 pro
717 908 838 947 snper
861 908 927 945 po-

46 952 174 1006 situm
200 955 271 990 est.
315 951 498 990 Gradatio
525 952 624 989 enim
650 952 685 989 in
711 950 772 988 his
796 951 924 989 verbis

61 1008 153 1048 mihi
185 1007 332 1046 videtur
363 1021 454 1046 esse
480 1022 544 1054 ea,
581 1011 622 1045 ut
650 1008 811 1060 primum
846 1021 921 1045 non

57 1065 186 1103 solum
215 1066 383 1114 parietes
414 1065 508 1102 mire
537 1065 755 1115 variegatos
791 1068 830 1101 et
868 1064 920 1102 la-

58 1120 163 1174 pillis
195 1121 399 1159 distinctos
437 1120 561 1159 fuisse
591 1120 786 1171 Apuleius
825 1134 923 1158 com-

58 1183 264 1222 memoret,
295 1177 367 1215 sed
397 1179 617 1228 pavimenta
648 1189 804 1229 quoqne
827 1190 923 1214 mar-

59 1247 166 1273 more
197 1233 422 1284 splendido,
459 1235 494 1271 in
525 1233 711 1271 tessallas
737 1237 921 1270 consecto

59 1294 192 1330 ornata
227 1289 506 1341 pretiositatem
542 1289 764 1328 adauxisse.
813 1289 922 1327 Sum-

58 1360 160 1386 mam
183 1360 275 1384 vero
306 1346 580 1384 beatitudinem
607 1345 740 1384 herum
766 1359 925 1384 assecu-

58 1408 137 1443 tum
161 1403 284 1442 fuisse
309 1406 417 1453 putat
435 1416 535 1449 eum,
561 1403 624 1452 qui
648 1406 801 1453 praeter
825 1403 924 1441 hanc

59 1461 192 1499 miram
215 1459 533 1510 magnificentiam
557 1459 620 1496 vel
646 1460 681 1497 in
703 1459 799 1509 ipsis
819 1460 924 1509 pavi-

59 1517 198 1556 mentis
217 1529 394 1567 gemmas
415 1520 454 1554 et
472 1516 628 1554 monilia
647 1515 814 1566 pedibus
838 1528 922 1566 pre-

61 1573 140 1612 mit.
187 1572 242 1611 Ita
270 1573 408 1610 Senec.
434 1574 626 1624 epist.86.
653 1572 684 1623 ξ.
701 1575 736 1612 6.
776 1572 840 1611 Eo
856 1573 920 1610 de-

63 1630 251 1670 liciarum
277 1631 547 1680 pert-enimus,
577 1634 623 1668 ut
646 1630 724 1668 m'si
747 1642 923 1681 petamus

62 1685 225 1725 calcare
248 1686 430 1725 nolimus.
467 1685 516 1723 de
548 1684 607 1724 Ira
642 1684 700 1723 lll.
727 1689 791 1726 35.
829 1686 859 1736 ξ.
886 1689 923 1725 4.

61 1743 122 1782 Hi
144 1756 284 1795 nempe
309 1742 435 1789 oculi,
474 1744 543 1795 qui
572 1756 654 1781 non
682 1744 826 1794 ferunt
847 1743 926 1780 πίει·

60 1800 231 1844 varium,
268 1812 318 1838 ac
347 1800 499 1838 recenti
529 1812 628 1837 eura
658 1800 786 1837 ‘nitens
821 1812 928 1838 mar-

60 1869 164 1901 mor,
198 1857 268 1908 qui
296 1869 467 1894 mensam
497 1856 574 1893 m‘sc‘
606 1855 758 1894 crebris
788 1855 926 1894 distin-

63 1917 166 1951 ctam
189 1913 307 1958 venis,
336 1913 408 1964 qui
426 1912 574 1951 nolunt
591 1912 702 1950 donn·
722 1912 801 1950 nisi
821 1925 926 1951 auro

57 1969 283 2021 pretiosa
309 1967 508 2020 calcare]

117 2026 203 2064 siue
222 2026 360 2076 pretio
386 2026 604 2075 pretiosae.
652 2021 925 2076 [Fulgmyth.

62 2079 128 2119 Ill.
142 2084 178 2122 6.
197 2094 237 2132 p.
257 2084 349 2121 716.
375 2081 417 2118 in
443 2081 649 2132 quandam
674 2080 835 2118 domum
859 2093 927 2118 au-

62 2151 171 2176 ream
184 2138 359 2189 rapitur,
371 2150 475 2189 quae
476 2138 589 2189 preti
592 2150 662 2176 osa
671 2137 705 2175 si
708 2149 755 2174 ne
759 2137 868 2187 preti
874 2135 926 2188 0.]

49 2229 52 2231 .
117 2193 289 2232 solidati
311 2193 449 2232 massis
474 2194 618 2231 aureis.
667 2191 821 2243 [Heius.
846 2191 928 2230 Ad-

63 2262 165 2288 vers.
190 2247 252 2287 111.
281 2253 343 2289 17.
369 2262 407 2300 p.
432 2247 544 2301 549]

117 2306 292 2358 faciant.
331 2304 576 2357 [Lectionem
596 2305 696 2344 hanc
709 2305 807 2343 satis
822 2317 928 2355 egre·

64 2363 185 2414 giam,
217 2374 317 2412 quae
348 2361 504 2412 optimis
538 2361 643 2400 libris
675 2360 926 2408 confirmatur,

62 2419 189 2456 minus
219 2419 361 2456 bonam
392 2431 484 2456 esse
515 2418 654 2462 altera,
691 2419 820 2457 causis
852 2432 925 2456 non

64 2474 225 2513 adiectis
250 2475 452 2526 proposuit
477 2473 578 2512 Oud.
627 2473 714 2513 Hoc
737 2475 822 2512 sine
846 2474 927 2512 ullo

65 2531 179 2569 dubio
203 2531 338 2569 mirum
363 2535 442 2576 est,
468 2530 573 2582 qnod
598 2535 822 2569 constanter
846 2531 927 2581 plu-

63 2586 184 2626 ralem
209 2587 319 2626 codd.
335 2586 504 2625 nonnulli
529 2589 708 2633 retinent.
735 2591 774 2625 et
792 2587 929 2638 proba-

63 2642 190 2689 bilius,
214 2643 328 2688 bunc,
353 2657 468 2694 quem
482 2657 556 2682 non
582 2643 852 2694 intelligerent,
877 2644 929 2681 in-

63 2702 254 2750 terpretes
301 2700 336 2738 in
379 2700 612 2751 singularem
654 2704 929 2739 commutasse.

66 2753 139 2794 Hie
165 2769 258 2794 vero
286 2757 446 2808 pluralis
478 2771 551 2795 non
578 2757 688 2796 aliter
711 2761 842 2808 potest
865 2769 929 2794 ex-

65 2809 218 2863 plicari,
253 2813 325 2851 nisi
362 2817 403 2850 ut
439 2812 489 2851 ad
519 2827 632 2851 usum
662 2813 930 2864 respiciamus,

69 2879 145 2917 quo
177 2869 336 2920 saepius
370 2870 615 2908 maiestatem
658 2869 932 2919 dignitatemve

69 2922 261 2963 indicaturi
303 2929 343 2963 et
378 2926 515 2964 Graeci
559 2930 597 2963 et
632 2925 761 2964 Latini
796 2925 849 2963 ita
878 2925 931 2964 lo-

71 2983 248 3029 quuntur3
272 2981 319 3020 cl'.
340 2981 459 3020 Arist.
480 2981 596 3020 Rhet.
610 2981 676 3020 Ill.
692 2985 726 3022 6.
753 2985 801 3028 εἰς
821 2976 932 3033 ὄγκον

70 3037 135 3085 τῆς
144 3035 271 3083 λέξεως
282 3034 535 3090 συμβάλλεται
547 3036 590 3077 τὸ
610 3038 646 3077 ἒν
659 3037 785 3078 πολλὰ
802 3046 931 3086 ποιεῖν,

73 3090 137 3140 qui
164 3104 260 3130 usus
287 3092 448 3144 pluralis
478 3095 725 3146 potissimum
749 3095 788 3133 iu
813 3095 930 3132 nomi-

71 3146 182 3185 nihus
211 3148 438 3196 abstractis,
468 3155 507 3189 et
537 3151 602 3197 iis,
634 3152 698 3202 qui
723 3150 851 3189 locum
875 3152 930 3188 in-

985 895 1130 940 dicant,
1157 894 1323 944 denique
1347 894 1382 930 in
1407 890 1675 930 substantivis:
1696 901 1845 940 paren·

984 956 1056 993 tes.
1084 950 1218 996 liberi,
1240 951 1319 1003 filii
1343 949 1504 988 cernitur
1528 946 1578 986 cf.
1592 945 1692 985 Cort.
1707 944 1754 982 ad
1769 944 1846 982 Lu-

982 1021 1062 1046 can.
1088 1006 1114 1044 l.
1144 1011 1231 1048 140.
1259 1005 1409 1044 Eodem
1436 1004 1602 1042 sortasse
1625 1014 1747 1040 sensu
1764 999 1846 1052 plu-

978 1062 1069 1101 ralis
1091 1063 1226 1113 legitur
1238 1062 1346 1113 Yirg.
1361 1061 1459 1100 Aen.
1472 1059 1524 1099 X.
1539 1064 1603 1100 52.
1629 1059 1692 1109 qui
1705 1062 1847 1101 tamen,

984 1133 1099 1170 quum
1115 1119 1276 1158 Idaliae
1289 1133 1358 1170 pro
1380 1118 1546 1169 genitivo
1561 1116 1694 1154 haberi
1708 1113 1847 1165 possit,

983 1176 1029 1214 cs.
1056 1176 1154 1214 Aen.
1181 1174 1209 1213 I.
1237 1179 1334 1222 681;
1360 1187 1426 1225 pro
1453 1177 1556 1211 certo
1583 1185 1657 1210 non
1682 1171 1735 1208 ita
1759 1170 1849 1208 licet

982 1232 1178 1277 al‘lirmari,
1203 1236 1244 1269 ut
1264 1235 1396 1269 noster
1422 1243 1468 1267 eo
1490 1230 1598 1267 locus
1621 1227 1847 1266 stabiliatur.

981 1289 1034 1326 At
1058 1302 1150 1326 vero
1183 1289 1412 1338 interpretes
1433 1300 1507 1324 non
1521 1288 1680 1336 negant,
1706 1285 1758 1321 ita
1771 1283 1848 1321 dici

982 1358 1118 1396 posse.
1167 1344 1323 1383 Domus
1354 1344 1465 1393 igitur
1496 1340 1671 1391 singulas
1697 1340 1847 1377 aedium

982 1406 1113 1452 partes
1150 1413 1298 1450 easque
1335 1399 1504 1436 omnium
1540 1396 1848 1448 pretiosissimas

981 1457 1221 1508 significabit.
1270 1455 1309 1494 In
1345 1459 1493 1494 textum
1527 1452 1718 1506 pluralem
1753 1451 1849 1489 reci-

981 1527 1074 1566 pere
1100 1527 1173 1552 nou
1200 1512 1398 1565 dubitavi]

1038 1571 1217 1610 balneae.
1264 1569 1375 1608 Hanc
1404 1568 1633 1618 scripturam
1662 1578 1713 1604 ex
1743 1565 1850 1603 dete-

980 1628 1089 1666 rioris
1121 1631 1236 1665 notae
1268 1626 1372 1664 libris
1404 1625 1594 1675 corrigere
1623 1636 1697 1661 non
1729 1634 1850 1660 ausus

982 1698 1086 1729 sum,
1113 1696 1345 1734 quamquam
1365 1683 1528 1732 ingenue
1554 1679 1752 1724 confitens,
1787 1691 1851 1716 me

984 1741 1110 1779 adhuc
1135 1742 1169 1778 in
1196 1753 1244 1777 ea
1274 1740 1446 1777 haerere.
1482 1736 1585 1775 Oud.
1612 1736 1771 1774 alteram
1799 1734 1851 1772 le»

986 1799 1151 1836 ctionem
1183 1796 1321 1835 valvae
1345 1794 1536 1839 defendit,
1569 1794 1657 1844 quia
1683 1805 1758 1831 non
1783 1804 1850 1829 mi-

983 1868 1065 1892 rum
1091 1854 1159 1898 sit,
1184 1853 1346 1890 balneas
1373 1851 1611 1901 fulgur-asse,
1643 1850 1677 1886 in
1710 1847 1851 1899 quilius

984 1916 1138 1948 veteres
1153 1913 1296 1948 tantum
1311 1908 1513 1960 posuerint
1528 1906 1658 1944 luxum
1674 1917 1851 1954 quasque

984 1968 1109 2017 magis
1123 1966 1402 2010 exornaverint,
1419 1976 1534 2014 quam
1555 1959 1758 2001 cubicula.
1772 1960 1850 1998 'Vo-

986 2023 1110 2062 culam
1135 2036 1227 2060 vero
1256 2023 1388 2073 ipsae.
1425 2020 1457 2058 si
1495 2019 1674 2057 idoneam
1710 2015 1854 2055 habeat

985 2080 1232 2124 sententiam.
1262 2076 1406 2128 aliquid
1438 2074 1762 2127 praecedentibus
1785 2072 1853 2111 mi-

985 2150 1057 2175 nus
1071 2134 1287 2186 significare
1302 2134 1447 2171 debere
1461 2132 1667 2175 existimat,
1682 2143 1755 2168 nec
1772 2134 1852 2168 tan-

985 2197 1065 2231 tum
1098 2191 1275 2230 interiora
1305 2190 1442 2228 domus
1473 2187 1649 2227 membra
1678 2186 1730 2226 ab
1762 2188 1854 2238 ipso

985 2263 1110 2302 usque
1146 2248 1318 2286 introita
1353 2247 1454 2285 adeo
1480 2258 1574 2283 esse
1599 2247 1750 2288 ornata,
1782 2241 1853 2281 sed

987 2307 1101 2345 etiam
1126 2305 1370 2343 extrinsecus
1393 2303 1575 2355 porticus,
1600 2300 1716 2338 immo
1741 2300 1854 2351 ipsas

985 2362 1130 2402 valnas.
1157 2360 1246 2399 coll.
1277 2359 1424 2399 Lucan.
1456 2357 1506 2396 X.
1537 2361 1627 2398 120.
1662 2356 1774 2394 Serv.
1803 2355 1853 2393 ad

985 2419 1087 2458 Aen.
1110 2416 1178 2455 Vl.
1205 2420 1298 2458 79¹1.
1338 2415 1467 2467 [Hanc
1492 2415 1719 2464 scripturam
1745 2411 1854 2451 adiu-

985 2488 1076 2514 vare
1107 2474 1258 2512 videtur
1293 2472 1423 2511 Ovidii
1461 2470 1668 2521 descriptio
1711 2468 1855 2520 regiae

985 2532 1100 2575 solis,
1126 2532 1234 2569 cuius
1259 2528 1464 2568 columnae
1483 2528 1599 2565 etiam
1620 2538 1712 2564 auro
1726 2523 1854 2562 solido

987 2587 1190 2626 confectae
1226 2590 1351 2631 erant;
1389 2584 1528 2623 valvae
1564 2582 1765 2621 radiabant
1801 2579 1854 2617 lu-

987 2646 1089 2684 mine
1114 2644 1261 2695 argenti
1310 2642 1358 2681 cf.
1383 2640 1428 2679 ll.
1463 2641 1540 2679 init.
1567 2638 1644 2677 Cic.
1669 2637 1782 2674 Verr.
1809 2634 1854 2675 Π.

990 2705 1028 2741 4.
1057 2704 1122 2741 56.
1181 2700 1245 2739 Ad
1284 2699 1489 2737 lectionem
1525 2695 1692 2734 balneae
1723 2692 1856 2730 desen-

989 2757 1157 2795 dendam
1181 2755 1331 2794 accedit
1345 2756 1524 2793 Senecae
1544 2751 1765 2795 auctoritas,
1791 2749 1855 2800 qui

988 2814 1024 2852 in
1051 2815 1164 2865 epist.
1203 2816 1267 2853 86.
1305 2811 1335 2861 ς’.
1362 2815 1404 2851 5:
1445 2809 1500 2848 At
1528 2820 1635 2847 nuuc
1666 2807 1756 2859 quis
1787 2810 1856 2851 est,

992 2871 1062 2923 qui
1097 2871 1154 2909 sic
1186 2869 1316 2908 lavari
1340 2865 1557 2906 sustineat?
1591 2875 1756 2915 pauper
1780 2862 1857 2901 sibi

988 2927 1149 2966 villelm·
1173 2939 1223 2965 ac
1248 2923 1458 2967 sordidus,
1484 2921 1562 2959 nlsz'
1582 2919 1766 2972 parietes
1777 2931 1858 2958 ma·

988 2984 1082 3035 ynis
1114 2987 1152 3021 et
1179 2981 1371 3034 pretiosis
1404 2977 1566 3018 orbibus
1597 2975 1857 3027 refulserunt,

989 3040 1066 3078 nisi
1092 3037 1382 3079 Alexandrina
1405 3046 1610 3073 marmora
1629 3030 1858 3071 Numidicis

990 3096 1139 3135 crustis·
1163 3094 1360 3133 distincta
1383 3095 1493 3132 szmt.
1518 3092 1608 3127 cett.
1640 3086 1689 3126 cs.
1714 3086 1856 3125 Donat.

989 3151 1040 3189 de
1081 3150 1173 3189 Urb.
1215 3148 1330 3187 Rom.
1373 3147 1402 3187 l.
1446 3159 1478 3185 c.
1514 3149 1580 3187 27.
1629 3144 1666 3183 in
1715 3143 1857 3183 Graev.
