2155 3590
705 145 892 187 LIBER
922 146 972 188 V.
1030 145 1158 187 CAP.
1187 145 1238 186 11.
1786 143 1863 186 311

82 272 155 314 que
179 265 367 313 congesta
392 258 500 312 gazis
527 259 730 313 conspicit.
778 257 865 300 Nec
890 267 950 300 est
974 260 1198 314 quicquam,
1226 257 1327 312 quod
1350 258 1404 298 ihi
1427 272 1506 298 non
1530 264 1605 299 est.
1649 255 1728 299 Sed
1753 270 1866 311 prae-

80 323 142 356 ter
170 322 340 356 ceteram
370 321 567 355 tantarum
593 315 816 355 divitiarum
841 316 1158 366 admirationem,
1192 315 1265 355 hoc
1295 321 1382 355 erat
1410 313 1616 369 praecipue
1640 313 1862 363 mirificum,

80 371 180 426 quod
204 371 310 411 nullo
334 371 512 422 vinculo,
541 371 646 412 nullo
672 372 859 422 claustro,
888 372 994 412 nullo
1020 374 1178 413 custode
1203 371 1322 412 totius
1343 371 1448 411 orbis
1469 371 1678 411 thesaurus
1697 370 1761 410 ille
1781 383 1865 409 mu-

79 427 274 468 niebatur.
323 426 433 468 Haec
459 427 494 468 ei
519 442 668 468 summa
693 442 777 468 cum
804 428 1001 482 voluptate
1025 428 1167 470 visenti
1195 427 1310 468 offert
1333 441 1420 468 sese
1446 441 1528 467 vox
1558 427 1746 481 quaedam
1778 439 1864 466 cor-

78 483 183 538 poris
207 483 269 524 sui
293 485 396 524 nuda
419 490 478 524 et:
517 483 640 537 Quid,
668 484 812 538 inquit,
842 485 1016 536 domina,
1045 486 1163 526 tantis
1190 484 1430 538 obstupescis
1456 483 1617 538 opibus?
1663 482 1749 523 Tua
1774 488 1866 522 sunt

78 540 173 580 haec
197 539 342 580 omnia.
391 538 563 580 Prohinc
583 539 589 596 Ι
612 541 787 581 cubiculo
814 549 851 581 te
876 542 1003 592 refer,
1032 548 1071 582 et
1094 541 1235 582 lectulo
1260 540 1531 581 lassitudinem
1556 540 1714 590 refove,
1750 545 1789 578 et
1812 551 1866 578 ex
1890 542 1989 585 [160]

77 596 240 637 arbitrio
264 596 462 637 lavacrum
489 603 589 651 pete.
639 596 747 648 Nos,
776 612 937 651 quarum
963 611 1080 638 voces
1113 597 1278 652 accipis,
1306 604 1395 637 tuae
1428 596 1595 637 famulae
1628 595 1762 636 sedulo
1795 594 1864 634 tibi

76 652 501 708 praeministrabimus,
530 667 601 694 nec
628 654 803 708 corporis
830 661 987 694 curatae
1016 654 1082 695 tibi
1107 654 1261 709 regales
1287 653 1421 708 epulae
1447 652 1742 710 moirabuntur.

72 769 189 807 gazzz's
204 772 240 799 G.
257 772 284 800 1.
298 773 329 799 2.
342 771 380 800 D.
428 779 488 798 nec
501 769 681 808 quidquam
695 770 784 808 quod
794 772 906 800 Vener.
921 773 1047 801 2.1unt.
1064 774 1092 801 1.
1117 779 1175 799 nec
1191 770 1301 809 quidq.
1323 774 1374 799 est
1388 769 1477 808 quod
1491 771 1566 800 ΑΜ.
1584 771 1668 799 Iunt.
1682 772 1713 799 2.
1756 777 1863 806 prae-

76 817 128 843 ter
141 818 256 843 cetera
270 818 293 845 t.
308 814 336 843 d.
351 813 577 844 admiratione
591 819 626 846 G.
640 819 670 846 2.
685 818 720 846 Ρ.
734 818 773 846 D.
820 815 911 844 nullo
926 816 1077 844 claustro
1093 820 1210 846 absunt
1224 818 1257 845 in
1272 816 1293 846 f.
1340 815 1574 844 inveniebatur
1586 813 1616 845 δ’.
1630 824 1660 850 p.
1685 815 1780 849 quasi
1800 809 1865 855 ἀρ-

71 858 194 897 χαϊκῶς
207 861 360 896 scriptum
374 861 488 890 fuisset
503 861 743 890 moeniebaeur.
778 859 832 889 hic
846 863 923 890 eir.
939 864 967 890 1.
983 864 1018 891 B.
1034 866 1061 891 et
1076 870 1187 891 omnes
1200 866 1277 890 velt.
1292 863 1361 890 edd.
1375 865 1502 896 praeter
1513 862 1588 890 Am.
1606 862 1729 890 1.1unt.
1743 862 1774 888 2.
1801 858 1864 887 hoc

73 905 106 932 ei
117 907 156 935 R.
169 913 200 940 p.
213 907 290 935 Am.
305 910 333 936 et
348 907 450 935 Scriv.
476 906 531 934 hic
543 907 628 934 enim
642 909 677 936 P.
726 915 798 935 cum
812 914 940 935 summa
955 907 976 936 f.
1025 906 1200 935 voluntate
1214 907 1235 936 t'.
1250 909 1285 936 G.
1303 909 1330 935 1.
1357 904 1444 941 (cum
1463 909 1576 942 glossa
1594 906 1770 940 marginali
1790 913 1863 933 cum

73 949 264 988 desiderio).
311 950 439 979 visendi
450 953 484 981 0.
533 950 637 989 offert
652 960 685 980 se
699 961 767 980 voa·
780 950 810 981 δ.
857 950 963 989 offert
976 960 1056 981 sese.
1086 950 1163 979 Vna·
1173 955 1208 981 G.
1228 953 1253 980 1.
1290 960 1466 988 corporum
1480 951 1535 979 sui
1547 948 1576 981 δ.
1615 954 1674 979 tua
1687 948 1771 978 haec
1783 952 1862 978 sunt

73 996 184 1024 omnia
197 998 235 1025 R.
271 994 326 1024 hic
347 997 457 1024 omnia
476 999 511 1026 Β.
531 1002 559 1026 et
579 999 649 1026 edd.
668 1001 745 1027 reu.
759 1001 886 1032 praeter
902 1000 984 1026 lunt.
999 1000 1029 1026 2.
1073 998 1173 1034 proin
1188 996 1257 1026 cub.
1273 998 1347 1026 Ald.
1361 1001 1390 1025 et
1404 999 1487 1025 lunt.
1499 997 1529 1024 2.
1546 997 1650 1026 Colin.
1696 995 1792 1034 refer
1805 1004 1862 1032 ego

70 1042 185 1070 inveni
199 1042 231 1069 in
245 1042 280 1070 F.
294 1043 323 1070 3.
339 1043 374 1070 G.
392 1044 418 1070 1.
432 1044 462 1071 2.
478 1044 516 1071 D.
531 1044 567 1071 B.
582 1047 609 1070 et
624 1044 771 1071 omnibus
784 1046 859 1071 vett.
874 1044 942 1071 edd.
958 1039 1048 1079 taff'er
1061 1043 1092 1071 in
1107 1045 1179 1072 sola
1192 1043 1227 1070 F.
1243 1042 1272 1070 1.
1297 1043 1345 1070 De
1359 1042 1492 1075 reliquis
1512 1042 1601 1070 codd.
1616 1042 1694 1070 Oud.
1708 1041 1790 1069 nihil
1804 1041 1864 1070 ad-

71 1087 155 1115 tulit.
192 1094 287 1114 voces
300 1087 430 1123 ane-ipis
443 1089 478 1117 F.
497 1089 524 1116 1.
550 1087 671 1124 accipis
686 1085 714 1117 ὃ.
740 1087 895 1124 accipitis
910 1089 944 1116 G.
954 1089 983 1116 2.
999 1089 1032 1115 P.
1049 1089 1085 1116 D.
1099 1095 1119 1116 a
1134 1096 1162 1122 p.
1176 1096 1217 1116 m.
1230 1088 1343 1116 Venet.
1354 1088 1383 1115 4.
1412 1085 1578 1126 fmm‘le'ae
1591 1084 1814 1124 profamulae
1827 1086 1862 1114 0,

71 1138 193 1168 eorpus
205 1133 282 1161 Bas.
295 1133 410 1161 venet.
424 1134 453 1162 4.
492 1136 612 1160 curate
637 1136 672 1161 G.
690 1135 717 1162 1.
732 1140 751 1161 a
764 1141 805 1162 m.
820 1141 849 1167 p.
875 1140 933 1159 nec
948 1140 1037 1168 corp.
1052 1141 1135 1160 cara
1149 1140 1208 1159 nee
1223 1132 1285 1159 tibi
1299 1134 1334 1161 B.
1348 1133 1384 1160 P.
1433 1139 1472 1158 ne
1486 1140 1575 1168 corp.
1596 1133 1632 1160 G.
1646 1133 1677 1160 2.
1725 1130 1791 1159 cibi
1806 1138 1862 1158 re·

1891 656 1954 691 323

67 1175 162 1214 galee
175 1175 292 1213 epulae
305 1177 527 1205 morabuntur
540 1180 576 1206 G.
591 1180 620 1207 2².
634 1179 672 1207 D.
699 1176 760 1206 cibi
772 1177 836 1205 cibi
848 1176 978 1215 regales
993 1177 1118 1207 morab.
1134 1179 1168 1206 P.
1196 1176 1251 1212 [cf.
1269 1178 1351 1206 cort.
1365 1178 1405 1205 ad
1420 1178 1542 1205 Lucan.
1557 1179 1608 1206 111.
1623 1174 1715 1213 638]

70 1277 157 1314 rari
182 1276 283 1314 enim
309 1273 507 1326 eleganter
520 1275 655 1315 dicitur
669 1289 752 1314 cum
768 1276 935 1327 quodam

68 1335 228 1383 stupore
263 1332 395 1370 intueri
426 1336 465 1370 et
494 1333 698 1384 prosequi,
733 1336 775 1370 ut
804 1331 934 1371 Burni.

70 1386 238 1439 explicat
268 1387 318 1426 ad
348 1388 508 1427 Anthol.
534 1388 621 1427 Lat.
648 1387 692 1427 T.
718 1388 748 1428 1.
778 1402 814 1440 p.
840 1392 935 1429 456.

71 1443 160 1484 coll.
193 1442 334 1483 Markl.
372 1445 422 1483 ad
459 1445 558 1484 Stat.
595 1445 691 1483 silv.
729 1444 756 1483 Ι.
794 1449 830 1486 3.
869 1449 935 1486 57.

68 1514 106 1554 p.
134 1502 211 1542 193
237 1514 270 1539 a.
297 1501 385 1539 edit.
411 1500 524 1552 Lips.
550 1500 686 1553 Cuper.
712 1500 811 1541 Obs.
837 1515 869 1540 c.
900 1506 933 1542 1.

69 1557 262 1597 Rimatur
286 1559 401 1596 etiam
427 1556 551 1597 Orell.
576 1558 756 1610 recepit.]

123 1618 327 1653 tantarum
351 1615 587 1654 divitiarum
611 1615 933 1654 admirationem.

70 1669 149 1722 [De
175 1671 336 1721 passiva
360 1670 537 1709 vocabuli
569 1672 792 1710 admiratio
817 1672 932 1722 signi-

67 1727 242 1767 ficatione
267 1726 315 1766 cs.
342 1728 457 1766 Goer.
483 1727 534 1766 ad
560 1726 637 1766 Cic.
663 1727 712 1765 de
737 1727 864 1780 Legg.
886 1726 930 1767 11.

71 1787 133 1824 12.
162 1796 199 1835 p.
230 1787 321 1825 146.
359 1782 492 1822 Creuz.
524 1784 575 1823 ad
604 1783 727 1822 eiusd.
760 1784 809 1823 de
839 1783 929 1823 Nat.

67 1838 186 1878 Deor.
210 1838 254 1878 ΙΙ.
280 1843 345 1881 48.
370 1853 406 1891 p.
429 1839 539 1892 412]

122 1899 245 1949 refer.
278 1896 406 1948 [Haec
430 1910 523 1935 vera
546 1896 639 1935 mihi
666 1896 813 1935 videtur
838 1910 932 1935 esse

65 1952 181 1991 huius
210 1952 283 1991 loci
316 1954 520 2004 scriptura,
552 1966 665 2003 quam
696 1967 746 1991 ex
778 1954 932 2005 optimis

67 2008 178 2048 codd.
202 2009 442 2048 retinendam
468 2022 560 2047 esse
584 2011 729 2048 censui.
759 2011 934 2062 Referre

67 2065 167 2103 enim
196 2065 272 2104 hoc
301 2065 387 2104 loco
419 2065 521 2103 idem
552 2069 630 2111 est,
668 2065 771 2116 quod
804 2068 931 2118 ferre,

66 2134 105 2162 se
123 2124 328 2173 conferre:
354 2121 457 2172 quod
471 2121 573 2160 Oud.
588 2135 818 2173 quamquam
833 2122 934 2160 bene

66 2181 339 2229 perspexerat,
366 2177 568 2228 glossema
591 2182 717 2216 tamen
733 2178 818 2216 cod.
834 2176 878 2216 F.
896 2183 932 2219 1.

66 2232 259 2284 praetulit.
308 2233 477 2286 Saepius
510 2235 610 2273 enim
635 2235 754 2273 verba
779 2247 864 2272 cum
888 2249 934 2274 re

65 2291 355 2341 praepositione
380 2292 597 2341 composita
626 2291 821 2343 propriam
848 2292 931 2329 eius

64 2346 142 2384 vim
166 2360 238 2385 non
263 2347 441 2392 retinere,
473 2347 543 2385 sed
571 2348 696 2386 otiose
721 2360 807 2385 eam
831 2348 934 2398 posi-

64 2406 144 2441 tam
179 2403 314 2449 videri,
340 2416 458 2455 supra
485 2405 559 2442 iam
585 2417 608 2442 a
628 2417 690 2442 me
715 2403 931 2442 accuratius

64 2459 247 2497 monitum
284 2463 346 2498 est
382 2459 430 2498 ad
467 2459 563 2498 Met.
588 2458 617 2499 1.
653 2474 691 2512 p.
718 2464 782 2500 45.
818 2463 858 2498 et
881 2459 932 2497 ad

66 2514 133 2554 IV.
157 2528 195 2567 p.
223 2520 314 2556 257.
375 2514 491 2562 Quod
527 2517 703 2567 quamvis
740 2530 813 2554 non
849 2516 930 2554 ubi-

67 2583 142 2622 que
172 2572 289 2611 statui
319 2570 454 2618 liceat,
483 2573 556 2610 nisi
588 2573 698 2611 codd.
731 2571 928 2618 accedant,

62 2632 205 2680 poetae
222 2632 352 2667 tamen
373 2641 522 2679 eosque
541 2634 755 2680 sequentes
774 2643 848 2667 non
864 2628 930 2666 du-

63 2684 261 2723 bitandum
286 2689 359 2732 est,
392 2685 480 2736 quin
508 2685 608 2723 hunc
631 2699 742 2724 usum
768 2685 929 2735 saepius

64 2742 312 2779 servaverint.
348 2740 404 2780 Ita
421 2741 615 2787 lubenter,
640 2742 672 2779 si
690 2754 756 2792 per
767 2745 930 2779 metrum

64 2794 216 2843 liceret,
240 2798 274 2836 in
301 2797 434 2848 fragm.
458 2796 618 2847 Pacuvii
648 2797 752 2850 apud
778 2796 856 2837 Cic.
881 2797 930 2834 de

65 2851 192 2892 Divin.
227 2852 257 2894 I.
292 2858 357 2895 32.
398 2853 566 2905 legerem
609 2858 760 2907 referte
802 2867 929 2906 opem.

67 2906 191 2947 Aliter
219 2910 462 2949 sentiendum
493 2915 555 2948 est
586 2910 636 2948 de
661 2910 747 2948 loco
774 2909 853 2950 Cic.
879 2910 927 2948 de

68 2962 192 3015 Legg.
219 2963 282 3004 ΠΙ.
311 2970 391 3013 19.,
423 2967 487 3005 ubi
517 2981 634 3019 opem
660 2969 816 3018 referre
841 2979 926 3004 cum

69 3017 184 3058 Goer.
210 3025 249 3060 et
268 3023 375 3061 Gies.
395 3023 445 3061 ad
461 3023 509 3061 (le
522 3023 648 3061 Divin.
675 3022 697 3060 Ι.
713 3036 743 3060 c.
768 3023 927 3062 retineo.

67 3073 148 3113 Iam
178 3074 340 3117 Plautus
371 3080 424 3118 ita
453 3079 546 3118 dixit
575 3079 685 3117 Asin.
715 3077 762 3117 11.
792 3083 828 3119 3.
864 3083 925 3120 18.

68 3135 112 3171 tu
134 3131 181 3170 icl
202 3147 308 3174 nunc
338 3138 479 3187 refers.
512 3136 534 3176 i.
559 3149 592 3174 e.
623 3139 838 3187 apportas·
885 3135 929 3174 Si

994 1276 1086 1326 quid
1110 1275 1333 1314 mutandum
1364 1279 1441 1321 est,
1479 1290 1552 1313 non
1587 1279 1685 1329 offer
1709 1281 1746 1315 te
1777 1289 1861 1315 cum

994 1332 1094 1370 Oud.
1122 1332 1381 1383 probaverim,
1407 1331 1480 1370 sed
1506 1333 1617 1383 infer
1642 1331 1707 1384 te]

1050 1403 1123 1428 nec
1160 1389 1348 1440 corporis
1385 1393 1552 1428 curatae
1595 1388 1668 1426 tibet
1704 1389 1862 1441 reyalcs

993 1445 1141 1497 epulae
1166 1445 1443 1484 morabuntur.
1476 1443 1550 1482 Hic
1570 1443 1679 1482 locus
1699 1457 1862 1495 magnas

994 1514 1143 1552 easque
1168 1500 1284 1552 plane
1316 1502 1467 1551 ineptas
1501 1500 1772 1551 interpretibus
1798 1514 1861 1538 ex-

993 1559 1120 1597 citavit
1145 1557 1360 1595 molestias.
1393 1556 1520 1604 Quum
1547 1557 1645 1595 enim
1670 1556 1772 1595 unde
1797 1571 1861 1608 ge-

991 1615 1130 1652 nitivus
1157 1615 1345 1666 corporis
1369 1620 1482 1665 aptus
1509 1617 1629 1659 esset,
1654 1627 1728 1652 non
1752 1614 1860 1652 intel-

991 1670 1169 1721 ligerent,
1195 1670 1336 1710 factum
1362 1674 1440 1715 est,
1465 1674 1506 1708 ut
1525 1670 1753 1709 coniecturis
1774 1684 1860 1708 eum

991 1727 1305 1779 aggrederentur,
1330 1731 1372 1766 ut
1385 1727 1607 1765 Wowerius
1622 1741 1696 1766 nec
1710 1741 1860 1779 corpo-

990 1786 1047 1824 ris
1071 1798 1172 1824 cura
1199 1789 1253 1829 te,
1277 1797 1350 1823 nec
1375 1783 1536 1836 regales
1560 1783 1706 1836 epulae
1730 1797 1860 1822 mora-

993 1841 1152 1885 buntur,
1179 1854 1292 1891 quam
1318 1839 1627 1877 emendationem
1652 1841 1688 1877 in
1714 1844 1859 1878 textum

990 1901 1219 1947 receperunt
1243 1897 1359 1935 tacite
1396 1895 1496 1934 Elm.
1534 1895 1654 1934 Scriv.
1686 1894 1783 1935 Prie.
1821 1900 1860 1934 et

992 1953 1154 1998 Florid.,
1187 1957 1227 1991 ut
1259 1966 1360 1991 cura
1386 1953 1575 2003 corporis
1599 1956 1763 2003 ponatur
1787 1966 1857 2004 pro

990 2010 1058 2056 iis,
1106 2022 1207 2059 quae
1231 2009 1280 2047 ad
1306 2008 1515 2047 curandum
1545 2009 1630 2047 sive
1655 2008 1859 2048 lavandum

992 2079 1133 2116 corpus
1158 2067 1361 2118 pertinent.
1387 2065 1535 2102 Vereor
1556 2078 1649 2116 ego,
1676 2069 1715 2103 ut
1738 2065 1858 2104 ullum

990 2122 1149 2174 produci
1173 2122 1301 2172 possit
1325 2119 1558 2172 exemplum,
1585 2125 1625 2159 et
1649 2122 1723 2161 tibi
1743 2121 1859 2161 auda-

992 2179 1148 2217 cissime
1163 2179 1197 2216 in
1212 2192 1285 2217 nec
1304 2181 1469 2216 mutatur
1490 2181 1622 2217 contra
1639 2178 1742 2218 Mss.
1764 2178 1858 2218 Ger-

990 2235 1069 2274 ard.
1101 2234 1221 2273 Voss.
1253 2233 1357 2273 litem
1387 2235 1483 2273 satis
1516 2234 1645 2284 lepide
1677 2236 1729 2273 ita
1753 2236 1857 2286 iugu-

993 2291 1104 2336 lavit,
1135 2295 1176 2329 ut
1206 2292 1396 2343 corporis
1423 2305 1493 2343 pro
1523 2288 1765 2341 glossemate
1791 2290 1857 2331 ha-

989 2347 1110 2386 beret.
1160 2346 1414 2399 [Graecorum
1451 2360 1498 2384 ea
1522 2351 1584 2385 est
1608 2348 1856 2393 constructio,

990 2417 1090 2454 quos
1116 2406 1268 2442 constat
1296 2404 1415 2441 verba
1441 2404 1616 2443 curandi
1640 2418 1725 2443 cum
1751 2405 1855 2455 geni·

989 2461 1066 2498 tivo
1094 2461 1176 2498 eius
1201 2461 1266 2506 rei,
1300 2461 1359 2498 cui
1383 2474 1473 2499 cura
1498 2460 1677 2506 habetur,
1703 2462 1854 2500 coniun-

988 2529 1090 2567 gere.
1141 2516 1402 2555 Vehementer
1434 2530 1524 2555 vero
1557 2521 1682 2555 errant
1712 2516 1854 2556 Roald.

987 2572 1037 2611 ad
1073 2572 1175 2612 hunc
1212 2572 1337 2612 locum
1374 2577 1412 2611 et
1443 2572 1603 2611 Taubm.
1641 2573 1689 2611 ad
1725 2571 1853 2612 Plaut.

988 2628 1100 2680 Epid.
1120 2628 1165 2668 II.
1187 2633 1224 2670 2.
1247 2634 1331 2677 55.,
1358 2630 1421 2680 qui
1449 2629 1572 2668 locum
1597 2643 1635 2680 p.
1651 2633 1743 2671 326.
1764 2643 1854 2668 con-

988 2685 1129 2724 ferunt:
1155 2700 1297 2725 novam
1323 2691 1491 2737 nuptam
1517 2685 1764 2735 interfectae
1777 2688 1852 2725 vir-

986 2743 1172 2795 9t'uz'tat1‘s
1201 2748 1364 2787 curant,
1390 2745 1590 2792 putantes,
1620 2742 1722 2780 hunc
1747 2743 1853 2793 geni-

988 2799 1105 2836 tivum
1131 2812 1153 2836 e
1177 2799 1297 2836 verbo
1314 2803 1462 2838 curant
1476 2812 1568 2837 esse
1583 2802 1725 2850 aptum.
1750 2798 1852 2839 Nam

987 2854 1021 2892 si
1046 2853 1100 2893 ita
1125 2859 1252 2901 esset,
1290 2856 1420 2905 potius
1457 2855 1704 2893 scribendum
1728 2859 1850 2902 esset,

986 2912 1227 2964 interfectae
1258 2912 1509 2963 z·ir·qi221‘tcztae's
1538 2925 1666 2950 novae
1696 2917 1852 2964 nuptae

985 2973 1142 3006 curant.
1169 2967 1315 3018 Siquid
1329 2966 1550 3006 mutandum
1569 2971 1648 3013 est,
1674 2981 1851 3021 corpore

985 3024 1181 3062 emendari
1218 3027 1368 3075 potest,
1405 3028 1445 3061 ut
1482 3021 1566 3063 Cat.
1601 3023 1649 3062 R.
1674 3023 1724 3063 R.
1759 3029 1849 3066 103.

986 3079 1050 3119 lta
1064 3080 1179 3120 boves
1192 3093 1369 3131 corpore
1384 3081 1609 3120 curatiores
1627 3085 1759 3127 erunt,
1788 3080 1848 3119 vel

987 3149 1156 3188 corpus,
1188 3136 1291 3186 quod
1321 3135 1503 3177 Beroald.
1532 3139 1571 3175 et
1594 3136 1687 3176 Bas.
1717 3141 1751 3177 1.
1784 3137 1848 3176 ha-
