2221 3667
322 158 439 184 Lxxx
667 143 741 183 DE
767 143 1053 184 CODICIBUS
1080 144 1148 183 ET
1175 143 1528 184 EDITIONIBUS
1553 144 1790 185 APULEII.

320 259 524 299 iustissimi
553 255 735 303 Codicis,
762 259 1072 311 diliqeniissime
1095 261 1301 312 reon-quio
1327 275 1376 300 ac
1402 261 1614 314 εαείἰῃαίἰ,
1641 263 1679 298 et
1704 261 1738 297 in
1764 260 1855 297 tine:
1891 258 2125 310 Florentiae

314 329 394 367 per
425 315 619 353 haeredes
649 313 841 367 Philippi
870 315 1015 355 lautae
1039 315 1165 355 Anno
1197 318 1354 355 domini
1382 315 1443 355 M.
1472 317 1525 356 D.
1553 315 1706 355 XXII.
1739 316 1884 356 Kalen.
1920 316 2122 355 Octobris.

320 371 432 409 Hanc
457 372 692 422 praeclaram
719 371 956 418 Editionem,
990 375 1098 411 cuius
1129 377 1275 411 textum
1307 375 1383 412 acri
1415 374 1553 412 iudicio
1581 378 1618 411 et
1643 374 1756 411 bonis
1788 373 1895 411 libris
1920 386 2015 410 usus
2040 386 2125 410 con-

318 429 440 466 stituit
466 428 690 466 Bernartius
718 427 986 467 Philomatbes
1013 429 1194 475 Pisanus,
1221 432 1400 468 omnibus
1426 431 1514 468 aliis
1536 430 1650 481 longe
1669 430 1911 480 multumque
1932 429 2125 480 praefere-

319 485 385 522 bat
416 484 737 536 Oudemlorpius,
771 500 897 537 eaque
928 493 1111 537 quantum
1143 486 1311 537 Apuleio
1344 488 1548 538 profuerit,
1585 487 1762 537 singulae
1801 487 1967 537 paginae
1998 490 2125 524 osten·

318 541 423 587 dunt,
449 555 484 580 v,
510 541 717 581 Ruhnken.
744 543 778 580 in
805 543 924 594 praef.
956 543 1046 580 Non
1073 543 1272 592 magnifice
1299 547 1426 582 tamen
1453 544 1502 581 de
1529 558 1577 582 ea
1602 545 1742 583 iudicat
1762 543 1929 582 Casaub.
1948 543 1982 581 in
2004 543 2124 594 praes.

318 598 367 636 ad
394 598 563 649 Apolog.
590 599 786 650 quoniam,
821 599 949 644 credo,
982 599 1189 649 aliquoties
1222 604 1425 650 corruptae
1450 600 1654 640 MStorum
1682 601 1871 639 lectiones
1904 600 1939 638 in
1967 614 2015 638 ea
2039 603 2128 637 sunt

318 668 544 706 expressae.
608 656 689 693 Sed
726 656 763 693 id
794 657 920 707 ipsum
953 655 1061 700 facit,
1099 660 1139 694 ut
1170 655 1287 693 editio
1320 656 1419 695 haec
1451 656 1598 696 Iuntina
1629 659 1822 710 posterior
1853 657 1968 695 etiam
1994 656 2126 708 scripti

319 712 467 750 codicis
493 713 754 751 auctoritatem
781 713 933 751 habeat.

317 880 605 920 BERNARDI
649 881 1033 921 PHILOMATHIS
1077 881 1397 922 PRAEFATIO
1440 884 1517 923 AD
1560 883 1782 924 APIJLEu
1819 883 2126 924 EDl'rloNEM

863 948 1140 989 IUNTINAM
1171 950 1586 992 POSTERIOREM.

602 1075 895 1116 Bernardus
930 1073 1259 1117 Plzilomatltes
1296 1075 1503 1119 Pisanus
1535 1080 1773 1119 studiosis
1805 1079 1845 1119 S.

431 1166 687 1212 „Statueram
725 1181 747 1206 a
783 1168 990 1220 principio,
1028 1169 1193 1207 studiosi
1232 1169 1530 1216 adolescentes,
1576 1184 1661 1208 cum
1705 1170 1920 1221 castigandi
1961 1170 2128 1208 auctoris

318 1223 434 1262 huius
462 1225 695 1275 provinciam
721 1225 1010 1276 suscepissem,
1037 1226 1128 1264 nihil
1154 1239 1203 1264 ex
1229 1226 1308 1273 his,
1341 1240 1442 1278 quae
1466 1231 1531 1266 aut
1556 1228 1815 1266 restituissem
1841 1232 1907 1266 aut
1933 1227 2128 1265 immutas-

317 1294 402 1318 sem
429 1279 626 1327 omittere,
655 1282 744 1331 quin
771 1295 847 1331 quo
875 1282 1038 1321 consilio
1066 1296 1193 1334 quave
1222 1284 1371 1322 ratione
1402 1285 1440 1323 id
1473 1284 1677 1331 fecissem,
1705 1284 1886 1335 legentes
1906 1297 2126 1322 commone-

318 1337 500 1376 facerem.
562 1338 619 1377 lta
655 1339 754 1376 enim
793 1338 959 1377 futurum
994 1354 1155 1391 prorsus
1192 1341 1415 1387 videbatur,
1453 1346 1493 1380 ut
1531 1346 1568 1380 et
1599 1343 1710 1380 labor
1740 1342 1803 1380 hic
1828 1345 1961 1379 noster
1987 1341 2129 1391 gratior

319 1398 447 1439 esset,
473 1399 511 1432 et
537 1409 628 1439 nos,
653 1399 828 1434 veterum
854 1397 1134 1447 exemplarium
1160 1398 1235 1436 tide
1260 1400 1376 1448 (quae
1400 1399 1514 1437 nobis
1541 1399 1776 1437 inviolabilis
1802 1413 1849 1438 ac
1874 1412 1974 1449 pene
1999 1411 2128 1436 sacro-

317 1455 456 1490 sancta
489 1452 597 1499 fuit),
630 1467 703 1490 non
736 1454 879 1491 nostris
911 1455 1140 1492 commentis
1174 1455 1419 1493 emendatum
1453 1469 1546 1494 esse
1578 1456 1787 1508 Apuleium
1826 1455 2129 1493 testificaremur.

317 1508 461 1546 Verum
489 1524 593 1551 cum.
620 1510 708 1560 ipsa
732 1510 973 1561 exemplaria
997 1512 1221 1558 conferens,
1247 1512 1599 1563 deprehendissem
1626 1513 1726 1551 adeo
1753 1513 2001 1556 mendosum,
2029 1511 2128 1549 adeo

316 1566 529 1604 mutilatum
568 1580 824 1617 mancumque
859 1569 1089 1619 scriptorem
1128 1568 1228 1607 hunc
1264 1569 1406 1616 fuisse,
1444 1575 1484 1608 ut
1515 1585 1587 1609 non
1621 1570 1736 1608 modo
1762 1583 1877 1607 unum
1904 1572 1942 1607 et
1967 1568 2128 1608 alterum

316 1623 466 1661 interim
492 1625 650 1662 verbum
676 1625 887 1675 corrigere,
912 1638 1154 1676 reponereve
1179 1630 1392 1676 oporteret.
1420 1641 1551 1665 verum
1578 1628 1693 1665 etiam
1725 1630 1899 1678 integrae
1931 1625 2060 1663 multis
2092 1625 2127 1662 in

319 1679 417 1717 locis
443 1680 592 1731 periodi
618 1680 950 1723 desiderarentur,
977 1686 1055 1719 tum
1082 1683 1146 1721 ubi
1173 1683 1239 1720 ille
1265 1683 1419 1721 Graeca
1444 1684 1653 1734 aliquando
1685 1684 1853 1722 carmina
1878 1682 2128 1734 interposuis-

316 1740 396 1783 set,
435 1751 554 1776 caeca
590 1738 856 1776 tantummodo
899 1738 983 1777 loco
1021 1744 1304 1791 comparerent,
1344 1755 1444 1791 quae
1476 1756 1547 1779 nos
1574 1741 1646 1779 nisi
1674 1741 1789 1791 plane
1815 1741 1959 1786 omnia,
1997 1753 2128 1777 eorum

316 1798 423 1832 certe
450 1807 563 1845 quam
590 1795 755 1847 plurima
780 1808 833 1833 ex
859 1797 1057 1834 veteribus
1089 1811 1165 1848 qua
1192 1799 1388 1849 potuimus
1425 1799 1625 1848 diligentia.
1661 1798 1916 1835 restituimus:
1954 1796 2126 1835 intellexi

317 1851 498 1901 equidem
531 1851 632 1889 haud
665 1866 761 1890 sane
793 1857 1050 1904 opportunum
1084 1854 1185 1895 fore,
1219 1855 1321 1904 quod
1349 1854 1439 1892 nihil
1466 1857 1590 1905 magis
1617 1867 1730 1906 quam
1758 1854 1954 1893 fastidium
1980 1866 2026 1892 ac
2050 1858 2129 1891 tac-

316 1908 418 1946 dium
447 1908 666 1959 legentibus
691 1909 857 1947 afferret.
919 1910 961 1948 Si
988 1910 1143 1961 quidem
1169 1911 1328 1949 videbar
1353 1913 1463 1962 quasi
1491 1912 1652 1950 alterum
1674 1912 1882 1962 Apuleium
1903 1910 2128 1961 scripturus,

314 1965 489 2015 mihique
503 1965 564 2002 vel
586 1966 835 2005 avidissimus
857 1967 980 2005 lector
999 1968 1241 2006 insusurrare
1262 1968 1356 2006 illud
1377 1970 1456 2006 iure
1482 1969 1692 2020 potuisset,
1719 1969 1753 2005 in
1780 1969 1986 2006 crastinum
2013 1967 2130 2005 histo-

314 2022 404 2060 rias.
467 2022 729 2069 Quamobrem
763 2024 866 2074 quod
897 2026 1063 2062 maxime
1088 2025 1137 2062 ad
1164 2039 1243 2062 rem
1271 2027 1498 2076 pertineret,
1531 2026 1565 2063 id
1592 2027 1689 2063 satis
1717 2026 1806 2063 mihi
1833 2039 1927 2063 esse
1953 2025 2062 2071 duxi,
2094 2024 2127 2060 si

316 2092 451 2117 onmes
479 2078 567 2118 sacti
595 2081 667 2117 mei
695 2080 962 2128 admonerem3
989 2082 1055 2132 qui
1079 2088 1210 2120 autem
1235 2096 1313 2120 rem
1340 2084 1479 2120 melius
1506 2096 1746 2133 cognoscere
1772 2085 1967 2134 optarent,
1995 2095 2065 2118 eos
2091 2084 2129 2118 et

315 2135 509 2174 Venetam
536 2137 764 2183 editionem,
790 2143 831 2175 et
856 2142 1116 2189 quotcumque
1138 2139 1186 2177 ad
1209 2138 1282 2177 hoc
1302 2140 1386 2176 aevi
1409 2140 1734 2190 circumgestatae
1753 2143 1864 2185 sunt,
1892 2153 1976 2177 cum
1998 2142 2129 2176 nostra

315 2192 391 2231 hac
422 2193 598 2232 conferre
630 2195 871 2245 adprecarer.
933 2195 1050 2241 Quod
1082 2196 1114 2233 si
1148 2196 1236 2246 quis
1272 2196 1424 2242 fecerit,
1457 2198 1556 2235 sciat
1589 2197 1708 2241 idem,
1741 2197 1885 2234 nullum
1912 2210 1957 2233 se
1983 2195 2128 2247 gratius

318 2250 438 2288 labori
466 2250 554 2289 huic
581 2256 711 2289 nostro
737 2253 945 2303 praemium
972 2267 1110 2305 parare
1137 2254 1330 2304 potuisse:
1358 2254 1511 2305 quando
1539 2268 1609 2291 nos
1637 2253 1727 2290 nibil
1754 2257 1831 2291 tam
1857 2253 1997 2304 cupide
2023 2255 2130 2303 opta-

316 2320 421 2355 mus3
453 2322 569 2358 quam
601 2312 640 2346 ut
672 2308 828 2359 planum
861 2310 1039 2348 omnibus
1065 2311 1147 2352 liat,
1180 2313 1219 2347 et
1251 2325 1322 2348 nos
1348 2315 1389 2349 ut
1412 2311 1601 2349 studiosis
1628 2310 1911 2361 prodessemus
1937 2323 2006 2360 pro
2034 2308 2128 2345 virili

316 2363 534 2403 laborasse.
595 2364 709 2410 Quod
738 2366 891 2416 quidem
918 2381 965 2404 an
995 2366 1220 2411 fecerimus,
1251 2381 1418 2418 aequum
1444 2382 1540 2405 sane
1566 2367 1602 2404 id
1629 2367 1795 2405 iudicem
1822 2380 1987 2404 censere
2013 2379 2129 2417 opor-

315 2425 388 2459 tet:
416 2434 531 2472 quam
547 2436 619 2460 nos
634 2423 748 2460 etiam
765 2427 882 2473 atque
899 2424 1013 2461 etiarn
1035 2428 1181 2462 oratum
1202 2424 1401 2469 volumus,
1428 2429 1468 2462 ut
1488 2424 1723 2463 iudiciariam
1744 2425 1848 2462 illam
1869 2422 2054 2461 tabellam
2081 2436 2128 2459 eo

315 2491 443 2529 usque
468 2479 704 2524 substineat,
731 2479 856 2517 donec
881 2484 1000 2518 totum
1029 2480 1163 2518 librum
1192 2481 1411 2532 perlegerit.
1445 2481 1530 2519 Vos
1550 2486 1680 2519 autem
1701 2481 1793 2518 illud
1815 2481 1915 2518 scire
1935 2479 2128 2524 volumus,

315 2549 407 2582 nos,
444 2550 493 2573 ne
519 2550 595 2587 qua
631 2535 855 2586 diligentiae
881 2551 973 2587 pars
1011 2538 1045 2574 in
1084 2537 1159 2576 hoc
1185 2538 1398 2587 castigandi
1437 2552 1592 2576 munere
1630 2553 1652 2576 a
1690 2538 1801 2575 nobis
1838 2536 2126 2582 excluderetur,

316 2605 469 2630 summo
502 2593 630 2631 studio
663 2593 825 2631 dedisse
857 2607 1017 2644 operam
1050 2597 1090 2631 ut
1121 2594 1363 2640 videremus,
1395 2609 1494 2646 quas
1521 2594 1742 2645 complures
1769 2596 1868 2633 bene
1897 2594 2031 2631 literati
2059 2593 2124 2630 viri

318 2648 418 2687 alius
444 2649 716 2691 collectaneis,
747 2651 849 2689 alius
876 2651 1205 2693 adnotationibus,
1232 2652 1332 2690 alius
1357 2652 1521 2690 scholiis
1547 2653 1629 2690 suis
1661 2652 1695 2689 in
1725 2651 1932 2702 Apuleium
1959 2650 2127 2699 castiga-

317 2706 446 2743 tiones
483 2707 784 2745 interseruerint.
848 2707 999 2753 Quibus
1031 2713 1212 2746 accurate
1244 2710 1467 2761 perpensis,
1505 2723 1577 2746 non
1611 2722 1734 2759 pauca
1765 2708 1920 2759 quidem
1958 2707 2126 2745 subscri-

317 2763 433 2801 bente
454 2764 568 2801 etiam
596 2764 778 2803 Codicum
801 2765 874 2803 tide
895 2766 1126 2816 recepimus.
1160 2765 1197 2803 ln
1220 2767 1450 2817 quibusdam
1472 2770 1601 2804 autem
1623 2767 1710 2817 ipsa
1729 2765 1866 2803 eadem
1893 2764 2125 2809 refragante,

318 2821 496 2869 quoniam
529 2821 668 2859 idoneo
701 2836 820 2859 sensu
853 2826 891 2859 et
922 2822 1120 2859 intellectu
1152 2824 1306 2861 minimo
1337 2836 1467 2861 carere
1495 2823 1737 2865 videbantur,
1774 2822 1893 2874 pluris
1921 2821 2032 2859 nobis
2059 2819 2128 2857 suit

318 2877 500 2927 antiquae
529 2878 705 2916 lectionis
733 2880 892 2921 veritas,
920 2892 1034 2930 quam
1060 2880 1269 2930 perspicax
1296 2893 1428 2919 eorum
1455 2880 1660 2930 ingenium.
1700 2879 1759 2917 Ex
1785 2878 1860 2916 illis
1886 2877 2126 2929 prooemium

319 2937 381 2971 est
406 2934 439 2970 in
468 2934 586 2971 libros
615 2935 1010 2987 Metamorplioseon‚
1042 2935 1146 2986 quod
1171 2938 1220 2974 ab
1248 2937 1540 2990 Epigrammate
1570 2937 1741 2988 incipere
1768 2935 1938 2973 nonnulli
1964 2934 2125 2973 adseve-

318 2993 413 3027 rant.
475 2991 589 3036 Quod
623 2995 663 3029 ut
695 2993 934 3043 probabilius
973 2993 1159 3038 facerent,
1198 2995 1443 3032 immutarunt
1478 2993 1644 3045 singulis
1682 2992 1885 3030 versiculis
1922 2991 2125 3037 (notiones,

323 3059 411 3084 nam
448 3061 515 3098 pro
552 3049 740 3100 fabulas,
775 3049 970 3100 fabellas,
1009 3063 1077 3101 pro
1104 3064 1303 3103 auresque
1330 3057 1436 3093 luas,
1470 3056 1592 3103 atque
1617 3063 1734 3088 aures
1759 3054 1866 3093 tuas,
1899 3060 2124 3100 reposuere,

319 3108 437 3153 atque
472 3104 548 3143 alia
585 3106 827 3147 adiecerunt,
865 3120 966 3156 quae
1000 3111 1132 3145 contra
1169 3109 1336 3146 omnium
1368 3112 1540 3145 veterum
1572 3106 1848 3157 exemplarium
1887 3106 2001 3143 tidem
2037 3108 2128 3143 sunt

321 3162 538 3200 commenti.
601 3162 755 3213 Legunt
781 3164 897 3201 enim:
