2221 3667
264 131 347 175 158
529 131 574 170 L.
608 131 826 170 APULEII
859 128 1254 170 MADAURENSIS
1285 125 1830 168 METAMORPHOSEON

265 251 407 284 tantes.
457 242 513 284 Et
535 243 621 297 ipse
647 244 800 298 quidem
827 242 1067 284 conscientia
1095 240 1191 280 tanti
1219 239 1404 280 facinoris
1430 241 1570 281 merito
1597 247 1794 294 permotus
1819 238 1952 280 statim
1976 252 2066 292 pro-

263 300 378 353 fugit,
407 307 447 340 et
471 300 510 340 in
525 301 680 341 domum
702 302 894 354 quandam
916 297 1110 353 praesidio
1132 295 1383 336 tenebrarum
1406 298 1579 352 elapsus,
1608 303 1803 351 perpetem
1826 302 1981 335 noctem
2002 295 2066 335 de-

262 356 374 396 lituit.
402 355 481 397 Sed
506 357 750 411 providentia
778 355 920 404 Deum,
950 368 1047 407 quae
1074 352 1169 392 nihil
1193 352 1424 405 impunitum
1451 354 1682 394 nocentibus
1709 352 1913 406 permittit,
1941 350 2068 405 prius-

139 419 236 460 [131]
262 425 377 465 quam
402 413 477 453 iste
503 413 756 454 clandestinis
777 412 984 452 itineribus
1003 409 1248 458 elaberetur,
1276 423 1390 450 mane
1412 410 1674 463 praestolatus
1695 410 1741 449 ad
1764 406 2062 463 gravissimum}

260 469 394 509 iudicii
418 470 543 510 vestri
569 476 858 510 sacramentum
885 481 972 506 eum
1000 465 1136 505 curavi
1161 465 1392 518 producere.
1433 465 1598 507 Habetis
1620 466 1750 519 itaque
1772 479 1882 505 reum
1904 471 1961 504 tot
1981 476 2068 504 cae-

261 525 373 566 dibus
399 526 621 580 impiatum,
649 540 759 566 reum
785 537 916 564 coram
943 521 1249 575 deprehensum,
1277 535 1386 562 reum
1413 523 1682 576 peregrinum.
1729 520 1973 563 Constanter
1996 520 2069 560 ita-

261 595 335 635 que
360 582 400 622 in
427 583 622 623 hominem
647 583 816 622 alienum
842 581 942 619 ferte
968 577 1187 618 sententias
1214 578 1260 618 de
1286 592 1332 618 eo
1359 578 1543 630 crimine,
1573 580 1674 633 quod
1694 578 1810 619 etiam
1832 578 1873 618 in
1891 584 2084 625 vestrum,

261 638 386 680 civem
412 640 607 681 severiter
631 636 901 680 vindicaretis.

844 808 1289 855 CAPUT
1396 808 1495 855 IV.

172 946 234 980 180
372 943 438 986 Sic
476 944 654 998 profatus
693 949 904 982 accusator
934 940 1152 981 acerrimus
1189 940 1399 980 immanem
1430 954 1567 980 vocem
1610 940 1815 995 repressit.
1877 940 1939 980 Ac
1971 939 2065 995 me}

260 1001 391 1041 statim
417 1014 574 1055 praeco,
604 999 637 1038 si
664 998 754 1052 quid
781 998 827 1038 ad
854 1011 900 1038 ea
926 997 1168 1051 respondere
1194 997 1350 1047 vellem,
1379 997 1539 1037 iubebat
1562 997 1747 1051 incipere.
1797 996 1854 1037 At
1877 1010 1951 1050 ego
1976 996 2073 1036 nihil

261 1065 351 1098 tunc
379 1056 564 1110 temporis
597 1054 761 1109 amplius
793 1068 910 1108 quam
942 1054 1037 1095 flere
1063 1061 1261 1108 poteram,
1297 1067 1376 1093 non
1408 1061 1487 1094 tam
1515 1053 1694 1094 hercules
1720 1053 1982 1094 truculentam
2009 1066 2072 1092 ac-

259 1113 500 1154 cusationem
527 1112 707 1162 intuens,
736 1125 851 1165 quam
876 1124 1003 1151 meam
1028 1112 1213 1151 miseram
1241 1110 1539 1150 conscientiam.
1591 1108 1669 1151 Sed
1696 1117 1825 1150 tamen
1853 1109 1990 1149 oborta
2018 1109 2073 1148 di-

257 1170 404 1209 vinitus
436 1169 600 1209 audacia
635 1168 691 1209 sic
723 1169 771 1209 ad
803 1168 887 1208 illa:
919 1166 1007 1208 Nec
1038 1168 1121 1221 ipse
1154 1168 1318 1222 ignoro,
1353 1182 1467 1220 quam
1501 1167 1553 1207 sit
1583 1167 1749 1207 arduum
1781 1166 1896 1206 trinis
1929 1165 2073 1206 civium

259 1226 489 1281 corporibus
516 1225 732 1281 expositis,
762 1239 848 1266 eum
877 1225 942 1279 qui
969 1224 1100 1265 caedis
1127 1231 1342 1278 arguatur,
1378 1224 1557 1277 quamvis
1583 1237 1679 1264 vera
1705 1223 1809 1263 dicat
1834 1230 1873 1264 et
1897 1223 1944 1264 de
1969 1223 2074 1262 sacto

258 1358 293 1383 et
303 1360 378 1385 ante
392 1354 522 1383 domum
537 1364 600 1384 non
615 1359 777 1390 comparet
790 1356 824 1384 in
839 1356 873 1383 0.
922 1353 981 1382 sed
993 1357 1024 1382 ee
1034 1362 1132 1391 prov.
1147 1356 1182 1383 Ο.
1230 1352 1284 1381 ἀεί
1302 1355 1339 1382 R.
1361 1354 1383 1382 f.
1403 1355 1440 1382 D.
1457 1362 1530 1382 am.
1545 1363 1571 1382 s.
1621 1352 1679 1380 ille
1693 1355 1731 1382 n.
1748 1353 1768 1382 f.
1793 1351 1856 1380 illa
1870 1361 1899 1387 p.
1928 1360 1983 1386 pro
1997 1351 2072 1380 iste.

257 1399 489 1429 clamdestinis
509 1403 545 1430 G.
568 1403 596 1430 1.
640 1399 906 1438 praestuolaeus
926 1397 954 1429 δ.
987 1398 1188 1437 postulatus
1206 1401 1243 1428 1..
1265 1403 1294 1428 et
1315 1408 1331 1427 e
1352 1402 1433 1427 MSS.
1455 1400 1487 1427 in
1513 1406 1613 1432 marg.
1634 1400 1762 1428 Vicent.
1793 1396 2026 1434 inpostulmue
2053 1397 2074 1425 f.

256 1445 402 1475 iudicum
417 1448 451 1475 0.
501 1455 573 1474 enm.
587 1450 679 1476 abest
694 1454 715 1475 a
728 1448 765 1476 P.
808 1444 996 1482 perducere
1010 1447 1046 1474 G.
1064 1447 1091 1473 1.
1106 1447 1135 1473 2.
1152 1447 1187 1473 l).
1203 1446 1238 1473 B.
1256 1445 1275 1473 f.
1291 1441 1319 1473 δ.
1345 1445 1473 1473 Vicent.
1488 1446 1636 1473 Beroald.
1651 1446 1727 1473 Bas.
1747 1446 1772 1472 1.
1821 1442 1979 1471 habeatis
1994 1444 2029 1471 G.
2048 1444 2075 1470 l.

257 1494 288 1521 2.
301 1500 338 1520 π.
353 1493 391 1521 Ι).
418 1491 494 1526 (sed
515 1493 548 1521 in
568 1493 715 1527 margine
735 1493 941 1520 emendatum
961 1495 1009 1520 est
1028 1498 1049 1519 a
1068 1499 1109 1519 m.
1129 1499 1156 1519 s.
1177 1488 1336 1526 habetis.)
1385 1492 1522 1517 constal
1543 1490 1670 1527 itaque.
1700 1488 1740 1516 In
1755 1491 1790 1517 G.
1806 1491 1836 1517 2.
1858 1492 1886 1517 et
1901 1490 1939 1517 D.
1954 1495 1971 1517 a
1989 1496 2029 1516 m.
2045 1496 2074 1522 ι).

257 1537 394 1575 inquam
417 1546 473 1572 pro
492 1537 610 1575 itaque
630 1538 683 1565 hic
702 1542 731 1566 et
751 1540 849 1572 paulo
868 1541 938 1571 post
958 1539 1054 1565 habet
1068 1537 1102 1564 P.
1154 1538 1243 1563 lotos
1258 1534 1371 1562 diebus
1385 1543 1439 1569 pro
1456 1537 1508 1562 cot
1520 1533 1677 1563 caedibus
1692 1532 1721 1564 δ’,
1735 1533 1989 1568 corruptissime.
2038 1540 2075 1559 eo

257 1586 348 1612 abest
363 1590 383 1612 a
397 1583 433 1611 B.
482 1584 542 1620 qui
552 1582 656 1610 eliam
669 1584 784 1611 Venet.
800 1584 830 1610 2.
844 1584 874 1610 li.
890 1583 964 1610 Par.
1013 1584 1166 1608 nostrum
1181 1582 1262 1615 quod
1278 1589 1319 1609 ex
1333 1582 1369 1608 G.
1386 1582 1414 1608 1.
1429 1582 1458 1608 2.
1475 1581 1594 1609 excitat
1611 1582 1691 1609 oud.
1707 1580 1740 1608 in
1760 1583 1872 1608 neutro
1892 1579 2003 1607 inveni
2018 1579 2075 1607 seit

258 1633 345 1657 recte
357 1630 518 1657 vestrum.
557 1626 720 1656 Nostrum
735 1632 823 1657 extat
839 1627 870 1655 in
885 1629 968 1656 lunt.
983 1628 1008 1654 1.
1023 1628 1137 1655 Venet.
1157 1629 1182 1654 'i-
1219 1624 1420 1653 indicarelis
1435 1622 1463 1653 ὅ.
1476 1627 1513 1654 D.
1529 1633 1549 1654 a
1564 1634 1603 1654 m.
1620 1634 1648 1660 p.
1663 1628 1748 1655 male
1762 1629 1791 1653 et
1805 1625 1943 1653 solemni
1958 1631 2075 1652 errore.

343 1674 534 1714 praefatus
554 1676 589 1702 G.
612 1676 640 1702 1.
662 1676 691 1701 2.
713 1675 749 1702 P.
798 1673 1008 1701 accerrimus
1028 1674 1063 1700 G.
1086 1673 1114 1700 1.
1160 1671 1289 1707 pressit
1305 1673 1389 1700 lunt.
1410 1672 1440 1699 2.
1488 1679 1531 1698 ac
1550 1679 1608 1707 ego
1629 1674 1714 1700 male
1727 1668 1756 1699 δ’.
1772 1671 1829 1699 sed
1843 1677 1898 1704 pro
1913 1669 2077 1698 constanti

258 1720 331 1748 eius
345 1727 440 1747 more.
492 1722 561 1747 tum.
575 1721 611 1748 G.
629 1721 657 1747 1.
706 1726 784 1746 reus
805 1726 860 1753 pro
880 1716 968 1745 nihil
984 1721 1032 1745 est
1052 1718 1085 1745 in
1099 1718 1134 1745 0.
1183 1719 1345 1745 stewech.
1361 1717 1543 1748 adnotavit,
1571 1717 1601 1744 si
1615 1716 1692 1750 quid
1706 1717 1777 1750 ipse
1791 1717 1829 1744 de
1843 1704 2076 1743 consuetudine

259 1765 411 1798 loquendi
430 1766 529 1793 liuius
547 1765 690 1793 auctoris
712 1764 912 1800 imbibisset,
940 1771 1104 1796 nunquam
1125 1765 1284 1798 poteram
1304 1764 1344 1790 ab
1371 1762 1428 1790 illo
1448 1762 1519 1796 ipso
1539 1762 1737 1796 adscriptum
1757 1761 1872 1789 fuisse.
1909 1760 1949 1788 Ei
1969 1763 2075 1788 tamen

260 1814 415 1844 quantum
430 1811 499 1838 scio
513 1818 605 1838 nemo
620 1812 796 1838 obsecutus
810 1813 869 1837 est.
917 1817 983 1835 non
997 1808 1082 1835 euim
1098 1815 1152 1842 pro
1166 1815 1231 1835 non
1247 1810 1317 1834 tam
1331 1809 1368 1835 R.
1386 1807 1405 1835 f.
1454 1815 1504 1833 mc
1525 1809 1608 1841 quod
1629 1810 1704 1836 ante
1719 1805 1872 1834 hercules
1887 1806 1920 1834 in
1935 1806 2076 1833 nonnul—

260 1855 302 1883 lis
317 1855 409 1883 libris
423 1859 452 1883 et
468 1856 537 1883 edd.
553 1855 719 1883 invenitur
732 1857 845 1883 exulat
860 1862 880 1882 a
892 1855 928 1882 F.
946 1855 974 1882 1.
989 1855 1019 1882 3.
1035 1855 1071 1882 G.
1082 1855 1111 1881 1.
1128 1855 1158 1881 2.
1175 1854 1209 1881 P.
1226 1854 1262 1881 1).
1277 1854 1311 1881 0.
1326 1854 1363 1881 R.
1381 1852 1400 1881 f.
1416 1861 1445 1887 p.
1461 1849 1489 1881 δ.
1518 1851 1747 1880 erm-ulentmn.
1761 1854 1998 1880 accusatorem
2007 1850 2075 1879 Rs.

261 1902 323 1929 Pro
343 1900 478 1928 intuens
498 1902 675 1929 Burmann.
696 1907 771 1928 orae
792 1900 844 1929 sui
864 1899 1065 1934 exemplaris
1084 1899 1207 1928 adlevit
1229 1901 1389 1925 memores.
1438 1906 1545 1925 meam
1569 1899 1773 1927 desideratur
1792 1898 1825 1926 in
1847 1899 1884 1926 G.
1900 1899 1929 1925 1.
1943 1897 1974 1925 2.
1989 1897 2025 1924 Ρ.
2041 1896 2075 1923 Ο.

262 1945 421 1974 miseram
441 1954 548 1973 meam
563 1943 591 1974 ὃ.
641 1945 767 1973 aborta
781 1954 810 1980 p.
828 1945 848 1973 f.
863 1942 892 1974 δ.
941 1943 1106 1972 divinitus
1120 1942 1279 1972 audacia.
1304 1946 1341 1972 ln
1360 1944 1412 1971 liis
1435 1944 1543 1972 verbis
1565 1945 1683 1972 desinit
1703 1944 1875 1972 mutilatus
1894 1943 1962 1971 cod.
1978 1944 2014 1970 G.
2031 1942 2076 1972 1,;

264 1999 346 2026 quae
360 1992 432 2020 eius
447 1994 569 2020 lacuna
582 1992 768 2020 extenditur
782 1998 885 2024 usque
899 1992 941 2019 ad
954 1992 1057 2019 verba
1070 1990 1143 2018 libri
1157 1991 1212 2018 IV.
1227 1998 1255 2023 p.
1270 1991 1346 2017 246.
1362 1990 1441 2017 Oud.
1451 1988 1604 2025 pulveris
1620 1987 1862 2025 voluptatibus.
1910 1995 1951 2014 ne
1963 1986 2033 2023 ipse
2047 1983 2077 2015 ὃ.

264 2037 383 2064 civium
404 2040 495 2065 abest
516 2044 536 2065 a
555 2038 591 2065 G.
606 2038 636 2066 2.
656 2038 691 2065 Ρ.
706 2038 744 2065 D.
765 2040 793 2065 et
812 2036 998 2065 Scriverius
1017 2037 1113 2064 uncis
1132 2035 1284 2063 inclusit(
1310 2038 1342 2062 ut
1360 2035 1440 2062 Oud.
1462 2038 1568 2069 putat,
1595 2043 1653 2062 suo
1674 2034 1760 2070 iure,
1786 2034 1938 2067 quoniam
1953 2032 2077 2060 Lucius

263 2090 325 2110 non
341 2083 508 2117 agnoverit
522 2083 651 2111 occisos
665 2090 685 2111 a
699 2090 734 2110 se
748 2091 824 2110 esse
838 2082 926 2109 cives
940 2083 997 2110 sed
1013 2081 1116 2109 fuisse
1129 2083 1273 2109 latrones
1288 2081 1472 2108 contendat.
1509 2080 1625 2115 (Quod
1646 2080 1767 2108 falsum
1787 2084 1846 2107 est.
1883 2081 1975 2107 Nunc
1990 2077 2076 2105 enim

265 2151 285 2163 .,
295 2135 392 2162 quum
407 2136 543 2162 corpora
557 2128 741 2156 excisorum
755 2127 906 2162 exposita
919 2127 982 2155 sint
1006 2136 1022 2155 e
1042 2126 1290 2161 magistratibus
1310 2125 1515 2160 publicisque
1529 2125 1724 2154 testimoniis
1738 2125 1829 2153 cives
1843 2133 1898 2153 eos
1912 2132 1986 2153 esse
2000 2130 2076 2152 con-

262 2174 419 2209 firmetur,
446 2174 594 2201 dubitare
616 2175 655 2201 de
674 2180 781 2201 errore
799 2181 859 2201 suo
880 2173 1003 2201 diutius
1022 2180 1086 2200 non
1106 2171 1216 2205 potuit.
1254 2173 1341 2206 Quod
1363 2171 1413 2199 liis
1433 2171 1515 2205 ipsis
1534 2172 1646 2199 verbis
1661 2171 1832 2199 indicatur.
1882 2171 1963 2198 Nam
1977 2169 2006 2197 si
2021 2175 2077 2203 pro

262 2219 443 2247 latronibus
462 2220 568 2247 adhuc
586 2219 772 2253 habuisset,
798 2219 954 2252 quomodo
974 2218 1154 2252 periculum
1175 2217 1286 2245 subire
1305 2225 1393 2252 eum,
1421 2216 1475 2250 qui
1496 2217 1576 2245 talia
1595 2224 1615 2245 a
1634 2225 1670 2244 se
1690 2215 1864 2244 defendere
1877 2217 1993 2251 vellet,
2019 2221 2077 2249 po-

262 2263 378 2292 tuisset
393 2264 516 2299 dicere,
543 2264 620 2297 quia
633 2266 795 2292 latronum
808 2264 926 2292 caedes
940 2263 1003 2298 ipsi
1018 2270 1079 2291 non
1099 2262 1307 2291 accusationi
1326 2263 1383 2290 sed
1403 2262 1508 2296 potius
1527 2262 1617 2290 laudi
1638 2261 1790 2296 fuisset.)
1841 2263 1973 2288 tantum
1994 2261 2077 2293 quod

261 2317 317 2344 pro
331 2308 527 2345 corporibus
536 2311 571 2337 G.
581 2311 610 2337 ἱ).
624 2309 687 2343 legi
697 2310 740 2337 ait
751 2310 830 2337 Oud.
840 2309 883 2337 ibi
900 2317 962 2337 non
977 2304 1218 2344 comparet,³sed
1233 2306 1430 2343 corporibus
1444 2310 1540 2341 plane
1548 2307 1714 2343 omittitur,
1728 2310 1760 2335 ut
1775 2306 1942 2341 genitivus
1956 2305 2076 2333 eiciam

260 2363 277 2383 e
299 2354 399 2381 trinis
418 2358 529 2389 aptum
550 2355 700 2383 videatur
720 2363 804 2383 esse.
854 2356 905 2383 Ita
923 2362 1050 2388 qtioque
1069 2352 1266 2389 corporibus
1288 2353 1492 2382 desideratur
1514 2353 1544 2381 in
1560 2354 1598 2381 D.
1617 2354 1675 2381 sed
1689 2360 1706 2381 a
1722 2360 1762 2381 m.
1777 2361 1804 2381 s.
1818 2352 1852 2380 in
1866 2351 2014 2387 margine
2028 2354 2076 2379 est

259 2400 415 2429 additum.
463 2399 655 2437 expositum
670 2409 700 2435 p.
750 2398 809 2437 qui
823 2398 934 2426 madio
948 2401 1139 2427 accusatur
1154 2399 1172 2426 Γ.

258 2512 398 2564 pilare
428 2511 474 2550 cs.
502 2510 639 2549 Heius.
667 2511 717 2549 ad
743 2510 858 2549 Ovid.
879 2510 974 2549 Met.
997 2511 1046 2549 V.
1075 2515 1139 2551 40.
1198 2509 1369 2548 dandum
1395 2510 1480 2547 erit:
1519 2509 1679 2548 habitos
1698 2508 1900 2560 plebeios,
1933 2508 2073 2546 indoc-

260 2566 390 2607 Prave
405 2567 525 2606 edidit
537 2567 681 2606 Florid.
692 2568 1012 2619 palpitantibus,
1035 2567 1139 2617 qnod
1200 2571 1278 2613 los,
1305 2566 1555 2606 semicrmlos
1588 2564 1674 2615 (vel
1699 2565 1949 2614 semirudes).
2006 2563 2075 2602 Se-

263 2625 501 2676 ignorantiae
533 2625 697 2663 debetur
728 2624 904 2668 editoris,
943 2625 1006 2675 qni
1032 2623 1139 2674 Apu·
1197 2624 1387 2662 mz‘medos
1412 2623 1512 2661 enim
1537 2622 1719 2661 idoneum
1743 2634 1905 2659 sensum
1926 2634 1999 2659 non
2019 2619 2074 2657 es-

265 2682 379 2720 leium
410 2696 486 2720 non
518 2682 612 2720 vidit
648 2679 862 2726 o’covvo‘e'zwg
899 2694 1139 2732 exaggerare
1199 2680 1283 2719 ficit.
1347 2679 1403 2719 Cf.
1436 2679 1591 2718 Fronto.
1619 2678 1668 2716 (le
1698 2677 1842 2730 Nepot.
1875 2677 2009 2715 amiss.
2036 2690 2072 2728 p.

264 2739 523 2777 adiectivavel
539 2739 760 2790 participiaz
773 2738 820 2777 cf.
830 2736 1140 2788 Met.111.p«184.
1201 2741 1293 2777 217.
1309 2736 1369 2775 ed.
1384 2736 1500 2776 Rom.
1514 2749 1630 2787 quem
1644 2735 1769 2773 locum
1785 2735 1955 2786 corrigas
1970 2747 2076 2773 meus

264 2800 501 2841 connootos,
536 2799 704 2850 affectos
723 2794 790 2833 IV.
816 2808 855 2846 p.
871 2798 964 2835 285.
984 2808 1022 2845 p.
1045 2797 1138 2835 295.
1199 2795 1356 2833 animus
1391 2797 1595 2833 meomet.
1656 2790 1860 2843 (Palinips.
1892 2795 2075 2837 momen

264 2850 327 2890 llt.
352 2866 389 2904 p.
410 2855 503 2892 214.
564 2851 674 2891 Haec
699 2851 894 2903 asyndeta
918 2854 1021 2890 amat
1046 2864 1139 2902 prae
1198 2850 1246 2889 cf.
1272 2849 1401 2890 Plaut.
1426 2849 1549 2888 Poen.
1577 2848 1602 2888 l.
1623 2852 1659 2889 3.
1675 2850 1758 2897 37.)
1787 2848 1927 2887 dolori
1965 2847 2075 2887 obni-

263 2910 402 2947 ceteris
417 2907 640 2948 interAfros
649 2908 794 2947 Minue.
809 2907 894 2946 Fet.
911 2907 956 2947 cs.
968 2921 998 2945 c.
1010 2912 1046 2947 5.
1061 2908 1090 2958 §.
1101 2911 1137 2947 9.
1197 2922 1288 2953 mem,
1316 2906 1560 2960 oppositus]

261 2966 325 3003 ubi
341 2965 549 3015 legendum
563 2970 641 3004 est:
675 2966 795 3004 homo
810 2970 847 3003 et
860 2964 1016 3004 animal
1028 2978 1141 3003 omne

265 3023 378 3075 qnod
410 3024 592 3061 nascitur
624 3024 871 3074 inspiratur.
906 3021 1065 3067 adolet,
1097 3025 1143 3059 πῖ
1257 3020 1316 3059 CA
1328 3036 1360 3060 r.
1375 3020 1442 3059 lv.
1468 3020 1668 3072 repressit.
1720 3018 1996 3070 [Delu-emere
2010 3032 2073 3056 co-

264 3078 549 3117 elemcntornm
572 3080 810 3119 ‘voluntaria
835 3079 1044 3118 concretio
1071 3082 1136 3115 est.
1200 3091 1281 3115 vem
1302 3082 1340 3115 et
1359 3078 1551 3115 similibus
1582 3075 1629 3114 cs.
1644 3074 1776 3113 Burin.
1793 3076 1842 3114 ad
1859 3072 2073 3113 AnthoLL.

264 3134 311 3174 cf.
326 3149 356 3174 c.
376 3139 437 3175 17.
453 3136 482 3186 ξ.
501 3141 533 3174 l.
550 3136 579 3187 ξ.
596 3140 631 3176 3.
671 3136 738 3173 Sic
753 3150 837 3188 cap.
858 3139 916 3176 ¹16.
932 3135 994 3172 ubi
1011 3148 1137 3172 enien-
1199 3133 1309 3173 Toni.
1326 3134 1350 3173 l.
1377 3148 1413 3186 p.
1430 3138 1523 3174 272.
1549 3132 1627 3184 sq]
