2155 3590
694 148 886 191 LIBER
910 150 961 189 X.
1011 149 1142 190 CAP.
1167 149 1362 190 XXXII.
1840 150 1923 194 973

607 356 643 405 C
702 358 748 405 A
805 358 844 404 P
904 357 949 404 U
1007 357 1051 404 Τ
1155 357 1427 404 XXXII.

223 475 363 519 Venus
390 491 480 518 ecce
506 492 592 518 cum
618 493 762 532 magno
788 480 925 519 favore
953 492 1098 519 caveae
1122 477 1162 518 in
1188 478 1274 532 ipso
1305 478 1520 519 meditullio
1553 493 1719 530 scenae,
1755 479 1922 520 circum-

111 534 200 574 fuso
237 533 378 588 populo
414 534 720 575 laetissimorum
758 535 1035 590 parvulorum⁷
1076 535 1188 575 dulce
1225 534 1432 575 subridens
1476 536 1727 576 *constituta
1774 536 1922 590 poneff‘*

118 588 239 647 {Illos
272 597 419 631 teretes
451 598 491 631 et
520 591 668 632 lacteos
701 592 850 646 puellos
882 591 1033 632 diceres
1066 599 1108 631 tu
1142 589 1356 645 Cupidines
1382 605 1500 632 veros
1527 592 1573 632 de
1599 592 1708 633 coelo
1735 593 1795 633 vel
1823 593 1921 633 mari
1947 602 2012 636 743

200 715 304 736 venus
318 716 436 746 aeque.
461 709 516 737 Sic
535 708 671 738 rescribi
691 709 786 737 iussit
805 710 889 737 Elm.
910 709 1004 743 eique
1023 709 1129 743 paruit
1149 709 1290 738 Scriver.
1311 718 1328 737 e
1347 711 1417 737 solo
1437 710 1506 738 cod.
1522 710 1557 738 B.
1591 711 1653 739 Sed
1666 712 1763 739 male.
1787 712 1869 739 Nam
1884 712 1924 741 de

111 761 234 782 caveae
248 753 359 782 favore
373 762 451 790 erga
463 756 617 783 Iunonem
632 759 662 783 et
677 755 861 783 Minervam
881 755 913 783 in
935 754 1139 789 praegressis
1153 755 1316 788 Apuleius
1329 755 1410 783 nitiil
1425 755 1569 790 dixerat,
1597 756 1681 784 unde
1700 764 1806 793 aeque
1819 758 1922 790 parti-

109 801 186 827 cula
206 801 313 827 locum
332 801 451 828 habere
470 800 592 833 nequit.
641 808 714 827 eum
735 802 845 828 exulat
866 800 899 828 in
920 801 956 828 P.
1005 802 1106 826 caute
1126 807 1181 833 nro
1204 807 1329 827 caveae
1349 802 1384 828 G.
1407 801 1436 829 1.
1485 798 1754 828 lautissimam-rme
1779 801 1921 832 Vutca'n.

109 851 210 879 marg.
232 844 365 873 adlevit.
411 843 610 881 populorum
631 853 687 879 pro
701 844 926 881 porvulorum
949 845 969 873 f.
1018 845 1210 872 constituta
1224 852 1311 880 pone
1330 845 1366 874 F.
1390 846 1417 875 1.
1439 846 1469 874 3.
1490 847 1527 874 G.
1544 847 1572 875 1.
1592 847 1622 875 2.
1636 847 1673 875 P.
1693 847 1728 874 Ο.
1744 848 1781 874 I).
1798 848 1834 875 R.
1849 847 1870 875 f.
1885 849 1922 877 ¹..

110 889 396 925 cunste‘tutapene
408 891 444 919 F.
462 891 490 918 1.
506 899 534 925 p.
551 894 632 918 teste
645 892 727 919 Elm.
754 891 842 924 Quod
858 892 897 918 ad
912 891 947 918 F.
965 892 992 918 1.
1012 890 1164 927 pertinet,
1191 892 1273 919 Elin.
1300 890 1333 918 in
1353 897 1390 918 eo
1410 892 1564 925 deceptus
1583 891 1712 920 videtur
1730 900 1819 928 esse,
1846 893 1924 926 quia

108 935 328 971 Lindenbrog.
360 943 446 972 pene
470 936 670 970 coniecerat,
697 936 779 970 quod
798 943 854 970 pro
874 935 999 964 codicis
1025 936 1163 963 lectione
1189 936 1245 963 illc
1265 943 1432 970 perperam
1458 937 1582 965 habuit.
1618 938 1654 965 In
1674 941 1747 966 cett.
1767 938 1927 964 constitit

110 988 259 1008 amoene.
310 983 444 1008 teneros
458 990 490 1015 φ.
505 977 534 1009 δ.
561 983 710 1008 lorenles
727 982 803 1015 (nec
830 980 997 1016 terentes)
1019 982 1054 1009 G.
1071 982 1100 1008 1.
1148 983 1183 1007 et
1204 979 1398 1017 Cupidines,
1424 989 1511 1016 quae
1529 984 1632 1011 verba
1651 987 1721 1016 post
1744 981 1924 1018 Cupidines

108 1026 142 1054 in
157 1027 248 1054 codd.
263 1030 292 1054 et
306 1027 377 1054 edd.
393 1026 596 1059 inseruntur,
624 1034 686 1054 non
701 1030 887 1060 comparent
901 1027 933 1055 in
947 1027 982 1054 F.
999 1027 1028 1054 1.
1055 1025 1172 1060 [etiam
1188 1026 1219 1054 in
1235 1026 1397 1061 excerptis
1416 1028 1456 1055 ad
1475 1034 1577 1063 marg.
1598 1028 1646 1056 ed.
1662 1023 1771 1067 eotv.)
1791 1028 1827 1056 F.
1841 1029 1871 1056 3.
1885 1030 1921 1057 B.

109 1079 139 1106 p.
153 1072 190 1100 Ρ.
204 1071 275 1099 edd.
291 1074 366 1099 vett.
381 1076 456 1099 ante
471 1071 560 1099 Cotv.
575 1073 659 1100 Elm.
672 1075 701 1099 et
714 1072 819 1099 Scriv.
834 1071 1003 1100 uncinulis
1017 1071 1356 1105 circumscripserunt.
1391 1079 1490 1099 ¹ceros
1504 1075 1621 1101 abesse
1635 1080 1655 1101 a
1668 1074 1809 1102 Florem.
1823 1075 1924 1102 attero

108 1116 203 1145 testis
218 1119 266 1144 est
283 1117 375 1151 Oud.,
396 1121 427 1144 at
442 1116 660 1151 Lindenbrog.
674 1117 849 1145 collatione
862 1117 994 1145 minime
1007 1118 1242 1151 comprobatur,
1258 1118 1312 1150 qui
1327 1125 1390 1145 non
1405 1118 1528 1146 addens
1552 1118 1649 1152 priori
1669 1126 1711 1147 an
1732 1121 1834 1147 altero
1853 1120 1923 1147 cod.

108 1164 145 1188 et
158 1160 336 1197 Cupidines
351 1161 383 1189 in
398 1162 554 1190 Florenti.
570 1160 750 1190 desiderari
765 1162 922 1191 enotavit.
970 1169 1049 1188 vero
1067 1164 1101 1190 Ο.
1150 1161 1319 1188 commode
1334 1163 1368 1190 G.
1388 1164 1415 1190 1.
1459 1161 1584 1198 pinalis
1599 1165 1633 1190 et
1647 1163 1786 1201 sagittis
1801 1165 1836 1193 G.
1848 1165 1922 1192 1.0.

102 1205 290 1243 praeclare
303 1206 353 1241 [in
367 1207 517 1235 omnibus
531 1209 612 1235 Jlss.
629 1211 662 1235 ut
682 1215 810 1241 semper
828 1215 903 1235 esse
924 1211 1010 1235 recte
1029 1208 1160 1235 adnotat
1176 1208 1272 1241 Oud.,
1300 1208 1385 1237 unde
1405 1208 1540 1237 difficile
1560 1212 1608 1237 est
1623 1210 1805 1238 diiudicatu
1817 1232 1824 1245 ,
1852 1214 1925 1237 utra

107 1253 205 1281 lectio
220 1250 406 1289 praeclare
420 1258 461 1280 an
472 1250 682 1287 praeclarae
695 1253 749 1280 hic
761 1252 948 1286 recipienda
962 1252 1014 1280 sit.
1039 1253 1092 1280 Ad
1107 1253 1303 1281 sententiam
1318 1253 1379 1281 loci
1394 1254 1505 1282 multis
1520 1254 1603 1283 idem
1619 1254 1726 1283 visum
1746 1258 1794 1283 est
1811 1257 1868 1283 hoc
1882 1255 1924 1282 it-

106 1298 207 1326 tudne
219 1299 359 1330 legatur.
384 1295 576 1324 Praeclare
591 1297 777 1330 praeferunt
791 1298 872 1325 Edu.
887 1298 1036 1325 Beroald.
1051 1298 1146 1325 vntc.
1157 1299 1383 1326 u'ow.Scriv.
1399 1299 1762 1334 Pric.Rutink.Sci0pp.
1778 1300 1811 1328 in
1825 1302 1923 1334 Susp.

107 1344 149 1370 ΙΙ.
167 1343 217 1371 16.
231 1343 311 1370 Oud.
331 1340 538 1376 praeclarae
553 1342 661 1370 minus
675 1347 760 1370 recte
775 1350 833 1370 uec
847 1342 994 1370 clarente
1008 1342 1071 1370 dici
1086 1343 1248 1376 opinatur.
1277 1341 1489 1370 praeclarae
1504 1348 1610 1373 tamen
1630 1345 1707 1374 hinc
1728 1350 1923 1380 postponen-

108 1388 183 1415 dum
197 1387 349 1420 est,q110d
364 1387 547 1420 praecedit:
574 1389 698 1413 teretes
712 1389 744 1412 et
760 1385 908 1422 lactens,
934 1387 1052 1420 quinus
1066 1388 1182 1415 adiect.
1201 1396 1310 1416 eorum
1331 1388 1434 1417 forma
1449 1393 1479 1416 et
1499 1390 1705 1424 pulchritudo
1719 1390 1782 1419 iam
1799 1391 1923 1419 descri-

104 1433 208 1467 bitur;
234 1432 350 1460 deinde
364 1432 632 1460 antecedentibus
646 1429 774 1459 diceres
790 1434 826 1459 tu
843 1429 1021 1468 Cupidines
1036 1433 1142 1467 magis
1157 1440 1193 1460 se
1208 1436 1320 1466 prohat
1331 1432 1529 1469 praeclare,
1552 1434 1715 1471 indicans,
1742 1444 1805 1464 non
1819 1437 1924 1464 solum

107 1478 147 1506 ad
167 1477 324 1512 pinnulas
344 1480 374 1505 et
394 1477 572 1512 sagittulas
598 1481 627 1505 et
652 1477 798 1506 habitum
823 1480 982 1514 ceterum,
1009 1478 1066 1506 sed
1091 1477 1190 1506 etiam
1216 1479 1256 1506 ad
1273 1477 1419 1517 formas
1446 1480 1700 1509 accuratissime
1718 1483 1777 1509 hos
1797 1483 1924 1515 puellos

106 1522 197 1550 veris
213 1520 429 1559 Cupidinibus
441 1522 569 1551 similes
590 1522 705 1552 tuisse.

165 1620 254 1660 Cu».
279 1619 447 1659 XXXII.
520 1622 772 1674 circumfuso
805 1622 984 1674 popula.

109 1677 366 1716 casaubonus
405 1677 490 1715 libri
534 1678 592 1716 sui
637 1692 731 1716 orae
773 1679 985 1729 adscripsit

107 1736 377 1786 circumfusa,
415 1733 518 1784 quod
552 1734 615 1772 vix
645 1739 738 1785 puto
771 1748 857 1773 cum
883 1735 984 1774 Oud.

107 1791 265 1830 defendi
291 1804 433 1843 posse,
466 1804 582 1841 quum
609 1792 661 1829 ita
689 1791 884 1830 ablativus
911 1805 986 1829 non

107 1847 241 1887 addita
264 1862 289 1886 a
315 1848 608 1899 praepositione
633 1848 789 1885 minime.
810 1862 986 1900 compro-

108 1906 237 1949 betur,
268 1905 339 1942 nisi
367 1905 526 1956 insuper
549 1919 574 1944 a
599 1903 747 1942 addere
773 1905 882 1943 velis.
932 1905 988 1943 At

106 1965 212 1999 recte
249 1965 398 2007 monet,
439 1975 510 1999 non
543 1961 673 1998 solum
705 1962 987 2014 circumfundi

108 2019 277 2069 aliquem
299 2032 322 2056 a
341 2019 453 2056 turba
478 2018 565 2063 dici,
593 2031 723 2055 verum
751 2022 789 2056 et
815 2018 985 2062 turbam,

108 2075 408 2115 multitudinem
440 2076 566 2125 ipsam
598 2073 670 2112 dici
704 2075 987 2125 circumfundi

107 2132 237 2171 alicui
261 2130 324 2168 vel
350 2131 546 2183 ale'quem,
573 2144 805 2182 comparans
836 2130 902 2169 Dr.
938 2131 988 2169 ad

106 2186 356 2227 Liv.XX1X.
371 2191 437 2227 34.
462 2187 599 2226 Heius.
615 2192 653 2225 ct
667 2187 796 2225 Burm.
813 2188 863 2226 ad
880 2188 988 2238 Vir-g.

106 2246 207 2284 Aen.
234 2243 278 2282 Il.
305 2247 400 2284 383.
437 2243 505 2283 Vl.
532 2248 626 2286 666.
662 2243 732 2283 XI.
765 2248 857 2284 543.
897 2244 987 2283 dict.

105 2315 180 2340 sua
203 2301 253 2339 ad
279 2300 376 2339 Hirt.
402 2300 449 2338 Β.
475 2301 558 2339 Afr.
580 2315 611 2339 c.
634 2304 700 2341 46.
733 2300 840 2339 Vett.
860 2299 905 2339 11.
921 2305 986 2341 46.

107 2357 205 2396 Met.
233 2356 296 2396 111.
323 2371 362 2409 p.
391 2361 483 2398 186.
507 2358 694 2396 mulieres
719 2359 987 2408 circumfu-

106 2428 186 2454 sae
211 2413 421 2459 lectulum,
453 2413 557 2452 vul.
584 2428 622 2466 p.
649 2418 742 2454 554.
770 2427 890 2453 canes
915 2428 985 2453 un-

106 2471 236 2523 dique
255 2470 426 2509 laterum
452 2472 764 2522 circumfusi,
790 2475 829 2508 et
842 2475 985 2522 p.586.

102 2528 338 2580 passimque
375 2528 668 2577 circumfusi
705 2528 882 2566 iuvenem
911 2529 984 2580 sla·

105 2583 321 2637 yilabunt,·
347 2587 387 2621 et
411 2584 560 2634 passim
588 2583 637 2621 de
664 2596 740 2622 una
764 2597 806 2621 re
831 2583 919 2630 dici,
945 2587 986 2622 ut

107 2640 455 2690 circumfusum
475 2641 608 2693 ‘iyuem
624 2639 822 2680 hii-‚ML
843 2641 985 2679 etcer-

107 2699 376 2749 cumfusum
400 2710 589 2748 soporem
615 2696 710 2735 Met.
737 2695 805 2735 XI.
831 2709 867 2747 p.
890 2701 983 2737 755.

166 2754 389 2793 constituta
418 2767 541 2805 pone.
602 2751 714 2791 Haec
751 2755 983 2805 optimorum

109 2809 222 2847 codd.
261 2809 377 2848 lectio
422 2823 538 2860 quum
582 2810 878 2861 corruptissima
918 2810 983 2856 sit,

108 2864 267 2905 diversa
289 2867 438 2905 ratione
465 2867 551 2904 loco
575 2866 722 2904 mederi
741 2867 983 2906 studuerunt.

107 2919 370 2974 Lindenbrog.
392 2937 527 2975 paene
546 2922 685 2973 legens
705 2922 857 2961 videtur
875 2923 983 2962 intel-

107 2975 277 3025 lexisse,
305 2979 501 3018 Venerem
528 2979 642 3018 dulce
666 2979 902 3024 subrisisse,
933 2980 984 3018 si-

106 3033 187 3073 mul
211 3048 258 3073 ac
282 3038 493 3075 constituta
517 3037 567 3074 ibi
602 3035 711 3075 soret.
762 3035 865 3075 Oud.
890 3050 983 3074 vero

108 3104 182 3128 non
214 3091 372 3130 dubium
404 3098 481 3139 est,
509 3095 598 3144 quin
632 3093 828 3138 constitit,
861 3093 984 3131 altera

108 3146 243 3197 lectio,
270 3149 473 3203 probanda
502 3151 554 3188 sit
583 3150 606 3190 i.
632 3163 664 3188 e.
698 3150 828 3202 quieta
862 3152 983 3199 stetit,

1045 1621 1170 1660 donec
1200 1636 1241 1661 se
1267 1623 1466 1675 placido,
1505 1628 1546 1662 ut
1577 1637 1667 1662 mox
1697 1624 1830 1663 subdit
1861 1637 1925 1662 au-

1045 1684 1137 1724 ctor,
1164 1693 1411 1719 commorere
1436 1685 1476 1719 et
1501 1680 1639 1719 leniter
1664 1681 1713 1720 ad
1742 1680 1924 1720 Paridem

1044 1736 1236 1774 incedere
1267 1739 1459 1788 coeperit.
1509 1737 1654 1776 Variae
1691 1738 1743 1776 illi
1782 1739 1925 1776 subna-

1045 1797 1109 1830 tae
1139 1796 1230 1830 sunt
1261 1795 1525 1840 coniecturae,
1563 1808 1723 1845 quarum
1757 1796 1924 1833 omnium

1047 1850 1079 1886 ei
1107 1849 1386 1888 verisimillima
1413 1850 1579 1888 videtur:
1615 1852 1671 1890 At
1694 1852 1790 1890 bene
1816 1851 1923 1890 illos.

1047 1905 1322 1957 [Bernhardyii
1356 1906 1529 1946 doctrina
1560 1907 1660 1946 hanc
1693 1908 1767 1946 loci
1792 1909 1924 1946 mede-

1047 1962 1122 2000 lam
1149 1962 1435 2014 suppeditavit,
1472 1968 1514 2002 ut
1544 1969 1636 2015 post
1667 1978 1778 2017 pone
1807 1965 1921 2015 signo

1045 2019 1361 2070 interpunctionis
1393 2021 1539 2058 maiore
1569 2022 1700 2073 posito
1722 2021 1922 2060 adverbia-

1047 2074 1132 2113 liter
1156 2075 1256 2114 haec
1280 2077 1471 2128 particula
1495 2079 1688 2117 sumenda
1713 2079 1760 2117 cl.
1778 2077 1922 2116 Florid.

1046 2146 1084 2184 p.
1107 2137 1171 2172 51.
1205 2146 1335 2184 pone
1371 2139 1504 2173 autem
1543 2149 1658 2174 coma
1690 2135 1924 2187 prolixior,

1047 2193 1086 2228 et
1110 2189 1159 2228 ad
1184 2190 1302 2228 verba
1328 2189 1634 2231 laetissimorum
1654 2192 1925 2242 parvulorum

1046 2245 1251 2284 referenda
1273 2251 1395 2286 esset.
1435 2246 1520 2298 Ego
1547 2248 1582 2285 in
1610 2249 1923 2287 emendationem

1047 2302 1198 2342 idonee
1223 2302 1348 2348 incidi,
1377 2318 1478 2354 (piae
1503 2318 1578 2343 non
1610 2309 1689 2343 tam
1715 2305 1873 2343 multum
1902 2320 1925 2344 a

1045 2358 1148 2398 Mss.
1193 2361 1368 2411 vestigiis
1412 2361 1576 2409 recedit:
1625 2361 1674 2400 cs.
1718 2361 1815 2400 Met.
1855 2361 1922 2400 lv.

1043 2430 1080 2467 p.
1099 2419 1193 2457 300.
1219 2417 1395 2456 idonee
1420 2423 1552 2457 tumen
1579 2418 1780 2457 celebrari
1801 2432 1924 2471 posse

1045 2473 1238 2513 lamlibus
1273 2473 1460 2513 Immanis
1496 2475 1793 2520 walamnum·
1830 2474 1924 2513 Flo-

1042 2529 1112 2568 rid.
1139 2543 1176 2580 p.
1205 2530 1295 2583 68]

1105 2586 1329 2638 Cupidines
1355 2601 1482 2627 veros.
1542 2587 1761 2639 [Repetitio
1790 2588 1923 2626 verbo-

1043 2657 1124 2681 rum
1177 2643 1402 2694 Cupidines
1449 2649 1486 2683 el
1538 2645 1762 2697 Cupidines
1810 2659 1924 2684 veros

1043 2713 1159 2751 quum
1198 2713 1272 2737 non
1310 2700 1436 2738 solum
1478 2701 1658 2740 librorum
1692 2702 1923 2753 optimorum

1042 2757 1271 2794 auctoritate
1297 2757 1592 2804 ‹lissuadeatur‚
1624 2758 1698 2795 scd
1731 2758 1805 2796 hoc
1830 2771 1919 2796 sen-

1042 2813 1246 2851 tentiarum
1290 2826 1392 2851 nexu
1436 2814 1592 2852 molesti
1635 2815 1727 2865 quid
1763 2814 1923 2859 habeat,

1043 2868 1165 2906 deleri
1198 2869 1298 2908 haec
1330 2870 1452 2908 verba
1489 2870 1605 2916 iussi,
1643 2872 1718 2909 iam
1751 2870 1851 2910 Elm.
1884 2875 1924 2909 et

1044 2925 1211 2964 Scriver.
1237 2930 1438 2977 suspecta.
1464 2926 1567 2966 Oud.
1594 2926 1761 2972 retinuit,
1787 2932 1924 2979 utpote

1041 2982 1244 3032 scriptoris
1295 2983 1448 3035 ingenio
1505 2983 1738 3035 dicendique
1785 2984 1924 3023 rationi

1043 3051 1160 3089 quam
1197 3038 1619 3078 accommodatissima.
1679 3040 1762 3078 Sed
1806 3039 1923 3080 aliam

1041 3095 1226 3132 rationem
1277 3108 1370 3133 esse
1411 3095 1679 3146 exemplorum
1729 3110 1831 3148 quae
1872 3098 1923 3138 ad

1042 3150 1139 3201 Met.
1153 3148 1240 3190 ΥΠ.
1254 3165 1291 3206 p.
1308 3155 1400 3192 409.
1423 3152 1569 3205 profert
1582 3153 1712 3194 statim
1730 3153 1921 3211 videbis]
