2155 3590
655 166 842 207 LIBER
869 166 946 207 XI.

1012 165 1140 207 CAP.
1169 165 1289 206 XVI.
1764 163 1873 206 1047

85 279 187 320 lacte
210 279 444 329 consectum,
473 279 595 319 donec
618 279 844 324 muneribus
868 279 992 332 largis
1017 285 1056 319 et
1079 278 1351 319 devotionibus
1372 278 1512 319 faustis
1532 277 1720 332 completa
1740 276 1869 327 navis,

87 335 262 375 absoluta
306 335 493 388 strophiis
537 335 785 376 ancoralibus
826 335 1013 389 peculiari
1053 348 1272 387 serenoque
1315 335 1408 374 flatu
1449 335 1587 389 pelago
1624 334 1868 374 redderetur.

87 390 199 445 Quae
221 398 424 446 postquam
450 406 587 432 cursus
612 392 735 447 spatio
760 398 1005 447 prospectum
1037 391 1097 431 sui
1127 390 1238 431 nobis
1269 391 1458 441 incertat‚
1491 404 1694 431 sacrorum
1727 390 1867 443 geruli,

86 550 218 590 serofia‘s
235 555 272 583 P.
308 554 443 581 strosir's
463 556 499 583 G.
519 555 557 583 D.
593 552 710 591 storfis
729 557 765 584 Ο.
811 556 898 582 Male
917 554 1058 588 profecto
1078 561 1138 582 suo
1155 554 1286 588 ingenio
1309 553 1362 582 hic
1387 555 1510 582 abusus
1536 556 1582 582 est
1607 553 1692 582 Prie.
1718 553 1871 582 divinans

86 599 214 638 stuppis
228 606 284 634 pro
297 599 443 637 stuppeis
458 598 608 630 vinculis.
656 599 833 630 redderent
847 601 882 628 G.
897 600 931 628 Ρ.
945 601 984 630 Ι).
1030 598 1160 628 a'nnobt's
1174 600 1208 628 G.
1224 600 1260 628 P.
1272 599 1312 627 D.

88 732 316 772 oscendere.
363 733 419 771 At
444 733 764 784 quemadmodum
790 733 839 772 ad
863 733 901 772 h.
922 733 948 772 l.

86 790 161 826 iam
207 790 347 833 monui,
395 790 457 828 hic
503 792 668 843 insuper
716 803 783 840 pro
828 803 947 841 prae·

86 849 193 883 terea
218 846 464 896 interpretor,
501 849 588 897 quia
612 846 666 885 ita
689 846 849 884 ridicule
873 846 948 883 ista

86 899 266 952 Pytheae
291 902 430 940 aedilis
454 904 646 940 severitas
671 905 706 941 iu
732 904 855 943 maius
881 915 947 940 au-

86 961 211 1008 getur,
250 958 313 1008 qui
340 973 412 995 non
440 964 664 1005 contentus,
699 958 800 1008 quod
826 963 947 1000 totam

83 1013 296 1065 sportulam
344 1015 573 1065 profuderit,
621 1018 734 1053 etiam
780 1015 948 1065 pedibus

85 1070 300 1108 obtundere
324 1084 409 1108 eam
434 1071 630 1109 servulum
655 1072 821 1109 iusserit.
853 1070 948 1108 item

84 1126 187 1164 male
214 1127 384 1165 nonnulli
409 1127 505 1166 Met.
532 1127 593 1166 Ill.
618 1142 655 1180 p.
686 1131 775 1168 185.
807 1132 848 1166 at
879 1127 949 1164 ille

84 1197 167 1221 non
197 1189 406 1223 contentus
444 1185 557 1236 quod
591 1185 688 1222 mihi
721 1197 804 1222 non
841 1183 947 1220 adsi·

83 1239 216 1278 stendi
263 1240 449 1279 solatium
493 1241 728 1291 perhibuit,
782 1241 947 1289 insuper

83 1297 251 1334 exitium
281 1309 406 1334 meum
437 1296 672 1341 cachinnat,
708 1298 874 1346 insuper
898 1294 946 1332 ad

85 1352 306 1390 cachinnat
330 1352 519 1401 pertinere
544 1352 708 1397 malunt,
745 1364 861 1401 quum
885 1350 947 1387 hic

83 1420 240 1458 quoque
258 1406 480 1445 adverbium
503 1420 595 1445 esse
614 1408 733 1444 verba
752 1421 832 1445 von
854 1420 947 1444 con·

80 1468 214 1502 tentus
253 1462 596 1501 vehementissime
638 1464 848 1505 clamitent:
898 1461 945 1499 cf.

81 1519 169 1558 dict.
194 1532 294 1557 mea.
341 1519 491 1558 Eadem
516 1519 566 1557 de
590 1533 733 1558 caussa
756 1518 852 1557 Met.
864 1517 945 1556 vll.

80 1589 119 1626 p.
144 1579 254 1615 481.:
290 1589 364 1614 nec
397 1581 529 1615 tamen
555 1582 653 1628 post
682 1581 813 1615 tantas
842 1589 946 1613 ineas

82 1632 222 1671 clades
267 1633 484 1670 immodico
529 1634 717 1672 sarcinae
761 1632 948 1683 pondere

82 1693 293 1728 contentas
328 1702 417 1727 cum
448 1689 614 1742 fluvium
650 1687 945 1727 transceudere-

81 1758 306 1783 mus......·
337 1745 561 1795 peronibus
603 1746 684 1783 suis
726 1745 777 1783 ab
815 1756 948 1795 aquae

20 1812 24 1818 ·
80 1801 251 1839 madore
275 1801 497 1847 consulens,
521 1802 609 1852 ipse
635 1815 796 1853 quoque
822 1801 946 1838 insn-

78 1870 167 1908 per
193 1856 372 1896 lumbos
394 1871 516 1895 meos
533 1857 713 1895 insiliens
731 1855 944 1899 residebat,

78 1914 246 1966 insuper
269 1913 538 1951 adverbialiter
561 1913 721 1963 intelligi
746 1911 894 1963 debet]

136 1969 344 2021 strophiis.
427 1969 500 2007 Est
536 1970 599 2019 qui
637 1971 817 2021 stroppis
854 1967 945 2004 velit

80 2038 154 2063 seu
177 2027 362 2078 struppis
386 2025 434 2063 cs.
461 2025 510 2064 ad
537 2025 637 2064 Gell.
664 2024 714 2062 X.
730 2029 766 2065 3.
793 2030 945 2075 strup-

76 2083 159 2133 pis
179 2082 324 2134 quibus
344 2083 489 2121 lectica
507 2082 691 2133 deliynta
706 2086 804 2120 erat.
832 2081 946 2119 Stro-

74 2151 157 2189 pus
179 2141 221 2176 et
243 2143 439 2189 stroppus
463 2151 508 2176 ac
538 2143 733 2189 stroppus
763 2138 947 2188 deprava-

76 2199 144 2232 tae
175 2198 266 2232 sunt
295 2194 507 2240 latinitatis,
545 2208 628 2232 cum
667 2194 850 2231 meliores
884 2193 944 2230 usi

80 2252 158 2288 sint
192 2251 290 2305 ipsis
324 2252 476 2301 graecis
513 2251 684 2296 vocibus.
724 2250 839 2288 latine
876 2263 946 2287 eas

81 2306 302 2345 efferentes.
362 2306 533 2358 ,Στρόᾳοι
571 2308 669 2344 enim
709 2307 869 2345 Graecis
907 2310 946 2343 et

78 2362 260 2414 ozpdffsuz
291 2368 381 2401 sunt
412 2365 569 2401 taeniae
599 2365 793 2408 intortae.
830 2367 866 2399 ut
895 2363 947 2400 ait

78 2419 273 2471 Apuleius
298 2419 394 2458 Met.
421 2418 521 2456 Vlll.
549 2433 582 2470 p.
605 2423 697 2459 583.
723 2420 807 2455 sive
832 2418 946 2457 funes

79 2476 235 2528 stuppei
260 2480 371 2513 torno
397 2476 558 2513 invicem
585 2476 746 2513 connexi
773 2480 811 2513 et
836 2475 946 2513 densi

24 2534 32 2539 “
78 2530 302 2582 vulgaribus
333 2533 546 2570 omatioros
576 2536 615 2569 et
645 2532 796 2569 decoris
822 2532 944 2581 gratia

76 2589 266 2640 strophia
302 2588 414 2626 dicta.
474 2588 562 2626 Vid.
599 2588 646 2625 ad
684 2587 842 2626 Lucian.
879 2586 944 2628 Ill.

78 2658 115 2695 p.
131 2648 222 2685 25⁶2.
250 2647 290 2682 αι’
313 2641 472 2694 ἀγκύρια
497 2646 558 2683 καὶ
577 2641 692 2695 «notin
702 2659 769 2682 εια.
796 2644 942 2683 VitruV.

78 2699 130 2740 X.
156 2705 194 2741 8.
230 2701 345 2740 Remi
374 2703 486 2739 circa
519 2701 689 2739 scalmos
724 2700 944 2751 strophis

79 2757 256 2809 alliqati.
301 2756 384 2795 lutt.
410 2757 458 2795 ad
484 2756 582 2795 Pliu.
603 2756 704 2794 Hist.
724 2755 815 2795 Nat.
834 2755 943 2795 XXI.

79 2818 120 2854 2.
151 2812 288 2865 Cuper.
315 2814 462 2866 Apoth.
487 2813 601 2851 Hom.
627 2826 666 2864 p.
695 2816 784 2852 138.
823 2812 943 2851 Salm.

78 2871 115 2908 in
140 2867 238 2909 Plin.
266 2870 288 2908 l.
315 2884 346 2908 c.
396 2869 659 2921 [Strophium.
682 2870 838 2919 proprie
862 2873 945 2907 erat

77 2926 260 2972 fasciola,
298 2939 374 2977 qua
405 2925 573 2977 papillas
598 2924 764 2963 feminae
788 2938 944 2964 coerce-

75 2983 181 3028 hant,
207 2982 253 3021 cs.
278 2982 465 3034 Doering.
491 2982 540 3020 ad
567 2980 944 3022 Catull.LXlV.65.

76 3038 247 3090 Boettig.
263 3036 394 3077 Sabin.
416 3037 460 3076 T.
476 3037 502 3076 1.
523 3052 560 3090 p.
576 3042 640 3077 84.
663 3042 752 3078 184.
783 3041 872 3077 197.
898 3036 946 3076 ΙΙ.

76 3098 225 3147 p.114.
249 3094 351 3134 Non.
378 3109 411 3134 s,
437 3110 471 3134 v.
497 3108 533 3145 p.
551 3098 642 3134 538.
669 3094 944 3145 strophium

75 3155 135 3190 est
145 3153 286 3204 fascia
307 3152 445 3197 brevis.
473 3164 577 3203 quoe
594 3150 836 3202 viryinalem
855 3149 944 3188 hor-

1003 747 1134 772 rorem
1162 733 1323 772 cohibet
1341 731 1615 784 papillarum3
1640 730 1794 770 cf.1ntt.
1819 731 1869 769 ad

1005 789 1112 827 Fest.
1149 803 1184 827 s.
1218 802 1252 828 v.
1287 793 1483 839 stroppus
1511 787 1686 825 Lindem.
1713 801 1749 838 p.
1777 791 1869 828 681.

1005 845 1067 883 De
1106 845 1258 883 funibus
1296 845 1447 882 navium
1483 843 1569 887 dici,
1605 843 1696 881 mihi
1731 844 1870 895 probat

1004 902 1177 940 ultimum
1197 900 1298 951 quod
1317 900 1420 938 Non.
1440 900 1462 938 l.
1483 913 1514 937 c.
1536 899 1717 950 adposuit
1742 913 1870 938 exem-

1005 956 1130 1009 plum,
1168 957 1276 1008 quod
1301 956 1578 1007 significatione
1609 956 1762 994 taeniae
1791 969 1870 994 ma-

1005 1014 1167 1052 minaris
1202 1013 1356 1051 minime
1398 1012 1588 1051 convenit.
1647 1011 1722 1050 Est
1757 1012 1868 1049 Varr.

1007 1069 1292 1121 Sesquiulyxe:
1328 1069 1538 1120 suspendit
1567 1069 1722 1107 laribus
1750 1069 1869 1106 mari-

1006 1141 1078 1165 nas
1107 1127 1236 1164 mollis
1258 1125 1382 1177 pilas,
1407 1125 1578 1164 reticula
1601 1138 1650 1163 ac
1668 1125 1868 1175 strophia,

1006 1184 1070 1232 qui
1100 1182 1210 1220 locus
1241 1181 1431 1232 legendus
1463 1185 1540 1218 est:
1577 1181 1789 1232 suspendit
1813 1181 1868 1219 la-

1004 1240 1114 1277 ribus
1139 1239 1362 1283 mari-nis,
1391 1237 1522 1276 mollis
1538 1237 1662 1288 pilas,
1681 1237 1869 1277 reticula.

1003 1295 1209 1346 strophia.
1245 1298 1286 1332 ut
1316 1294 1390 1332 iam
1420 1300 1510 1330 ante
1534 1306 1597 1330 me
1623 1293 1870 1330 emendatum

1005 1354 1085 1397 est3
1114 1349 1161 1388 cf.
1181 1349 1347 1388 Forcell.
1367 1349 1504 1387 Lens
1508 1362 1565 1388 V.
1584 1348 1868 1400 permarinus]

1060 1407 1266 1458 peculiari
1289 1419 1508 1457 serenoque
1529 1407 1643 1457 flatu.
1681 1404 1778 1450 Quis
1803 1404 1869 1442 ille

1001 1463 1227 1513 peculiaris
1257 1463 1341 1499 sive
1372 1461 1580 1510 singularis
1614 1465 1754 1498 ventus
1791 1460 1870 1498 sue-

1004 1519 1050 1556 rit
1082 1518 1142 1555 vel
1176 1531 1270 1555 esse
1300 1518 1484 1568 potuerit,
1522 1515 1624 1555 Oud.
1650 1530 1724 1554 non
1751 1518 1870 1568 perci-

1003 1576 1071 1627 pit.
1125 1573 1213 1612 Nec
1242 1575 1367 1624 magis
1395 1578 1524 1611 tamen
1557 1573 1746 1623 intelligit,
1785 1574 1870 1624 quis

1003 1632 1056 1669 sit
1075 1628 1214 1680 ἄνεμος
1233 1627 1445 1680 ἀγνευτικὸς
1461 1643 1494 1667 s.
1510 1629 1754 1681 piacularis,
1776 1643 1871 1680 quo-

1003 1687 1120 1726 modo
1142 1687 1202 1725 hic
1227 1686 1493 1737 corrigendum
1518 1686 1713 1724 existimat
1731 1685 1871 1724 Markl.

1005 1744 1040 1781 in
1067 1743 1192 1794 Epist.
1220 1740 1311 1782 (Erit.
1337 1755 1373 1793 p.
1401 1745 1465 1782 59.
1515 1741 1729 1793 [Equidem
1756 1743 1870 1780 inter-

1004 1805 1135 1850 pretor
1159 1800 1208 1837 de
1234 1803 1366 1843 sento,
1405 1799 1467 1848 qui
1500 1798 1574 1837 alio
1600 1802 1776 1849 tempore
1801 1799 1870 1836 ob-

1004 1856 1149 1893 servari
1174 1870 1247 1893 non
1275 1859 1438 1906 poterat,
1464 1856 1607 1920 quique
1633 1854 1732 1892 deae
1755 1853 1870 1892 isidis

1006 1913 1156 1950 numine
1182 1925 1228 1950 ac
1252 1912 1387 1949 smne
1411 1912 1497 1948 nani
1520 1911 1806 1953 immittebatur.
1831 1915 1872 1949 ut

1004 1968 1309 2006 sacrificantibus
1335 1967 1537 2012 indicaret,
1574 1967 1662 2004 novi
1694 1967 1780 2005 anni
1808 1981 1870 2005 na-

1002 2025 1237 2075 vigationem
1281 2024 1448 2062 faustam
1491 2023 1574 2061 sore
1615 2037 1661 2062 ac
1702 2022 1868 2062 felic-em.

1005 2081 1080 2127 Qui
1105 2085 1244 2118 ventus
1270 2082 1304 2118 ni
1330 2080 1459 2125 flabat,
1485 2081 1712 2118 contrarium
1734 2079 1869 2117 Isiacis

1003 2142 1043 2174 et
1066 2137 1214 2189 populo
1239 2137 1509 2188 portendebat.
1556 2134 1677 2174 Porro
1708 2150 1871 2174 serenus

1004 2195 1183 2232 inusitata
1219 2194 1362 2231 dictum
1399 2197 1460 2230 est
1494 2192 1793 2241 significatione,
1830 2198 1870 2229 ut

1003 2250 1106 2301 apud
1138 2250 1246 2301 Yirg.
1273 2251 1370 2288 Aen.
1398 2249 1446 2286 V.
1473 2253 1566 2289 870.
1596 2249 1751 2300 pelcrqo
1778 2262 1869 2288 con-

1000 2309 1072 2359 fise
1097 2321 1235 2345 sereno
1261 2306 1311 2344 cs.
1331 2305 1472 2345 Markl.
1499 2305 1548 2344 ad
1570 2306 1668 2343 Stat.
1692 2305 1788 2343 silv.
1808 2303 1867 2342 ill.

1004 2367 1042 2403 2.
1070 2366 1151 2408 10„
1188 2363 1250 2400 vel
1277 2363 1404 2413 potius
1434 2364 1554 2415 flatus
1579 2376 1736 2400 serenus
1761 2362 1868 2398 inter-

1004 2419 1216 2470 pretandus
1246 2423 1310 2456 est
1345 2418 1595 2456 serenitatem
1627 2419 1649 2455 i.
1681 2431 1713 2455 e.
1746 2417 1868 2455 felici-

1004 2479 1123 2513 tatem
1149 2475 1336 2522 aflei-0053
1363 2474 1491 2513 Plaut.
1517 2474 1639 2512 Mcrc.
1665 2474 1712 2511 V.
1740 2479 1776 2513 2.
1803 2477 1866 2512 35.

1001 2530 1058 2568 lta
1091 2546 1230 2570 sereno
1267 2531 1437 2582 explicat
1477 2531 1713 2569 antecedens
1747 2544 1867 2582 pecu·

1003 2587 1101 2627 llari
1116 2601 1164 2625 ex
1183 2589 1298 2626 solito
1319 2587 1548 2638 scriptorum
1570 2590 1740 2624 veterum
1762 2585 1865 2637 usu.]

1058 2645 1312 2684 redderetur.
1372 2642 1471 2695 [Qui
1509 2642 1610 2681 Oud.
1648 2644 1684 2680 in
1720 2646 1867 2681 tantum

1002 2714 1170 2738 errorem
1196 2701 1317 2752 abripi
1344 2701 1526 2751 potuerit,
1563 2703 1604 2736 ut
1635 2699 1867 2738 crederetur

1002 2756 1245 2802 emendaret,
1271 2757 1377 2807 quod
1402 2756 1524 2797 navis.
1550 2769 1650 2806 quae
1674 2767 1867 2805 nunquam

1002 2814 1249 2864 navigasset,
1292 2826 1362 2851 nec
1398 2812 1491 2850 mari
1529 2813 1739 2850 commissa
1775 2809 1866 2847 fuis-

1001 2873 1078 2915 set,
1103 2869 1227 2907 reddi
1250 2870 1393 2920 pelago
1417 2868 1491 2905 dici
1519 2882 1591 2905 non
1617 2871 1776 2918 posset,
1802 2867 1866 2903 vix

1003 2929 1065 2963 est
1087 2925 1285 2963 credibile.
1311 2925 1504 2975 ignoravit
1533 2924 1600 2961 ille
1625 2937 1736 2962 usum
1764 2923 1865 2973 Apu-

1002 2981 1086 3026 leii,
1112 2981 1173 3031 qui
1199 2986 1241 3019 ut
1258 2981 1408 3032 aliquot
1422 2984 1564 3030 poetae
1582 2979 1757 3018 reddere
1775 2992 1866 3016 non-

1002 3050 1196 3088 nunquam
1227 3050 1296 3088 pro
1333 3038 1452 3079 dare,
1488 3036 1654 3074 tradere
1687 3038 1865 3085 usui-pah

1002 3093 1050 3132 cf.
1078 3093 1126 3131 ad
1152 3093 1247 3131 Met.
1276 3093 1324 3132 V.
1351 3106 1386 3143 p.
1413 3096 1506 3131 327.
1531 3092 1580 3130 ad
1605 3090 1688 3129 Ul.
1715 3105 1751 3143 p.
1773 3094 1865 3131 497.

999 3163 1162 3201 poenae
1186 3147 1503 3200 redderetur]
