2221 3667
296 152 352 195 96
544 153 590 192 L.
622 152 843 193 APULEII
872 150 1273 192 MADAURENSIS
1303 148 1848 189 METAMORPHOSEON

299 263 540 318 gratiorem?
570 263 695 318 Quid,
731 279 816 305 cum
850 265 1043 318 frequenti
1076 262 1208 302 sobole
1239 260 1388 313 spissus
1424 260 1596 299 cumulat
1626 260 1815 300 verticem
1848 260 1911 301 vel
1943 260 2096 315 prolixa

208 330 269 364 111
297 320 401 360 serie
443 328 648 375 porrectus
686 322 803 362 dorsa
843 320 1092 375 permalnal‘?
1140 317 1270 356 Tanta
1307 315 1473 368 denique
1513 323 1574 355 est
1610 316 1869 370 capillamenti
1909 317 2095 371 dignitas,

296 383 339 416 ut
364 377 541 430 quamvis
567 391 664 418 auro
689 385 800 418 veste
827 377 989 431 gemmis
1016 374 1197 425 omnique
1224 379 1356 411 cetero
1384 372 1525 411 mundo
1552 378 1748 412 exornata
1768 372 1908 412 mulier
1926 373 2096 423 incedat,

297 439 428 473 tamen
454 433 530 473 nisi
556 434 735 488 capillum
762 432 1009 473 distinxerit.
1039 435 1179 469 ornata
1210 441 1287 467 non
1320 428 1444 481 possit
1469 428 1619 468 audire.
1681 427 1760 469 Sed
1786 429 1824 468 in
1850 442 1936 469 mea
1961 428 2100 470 Fotide

186 477 380 578 [³1¹{Jnon
406 504 594 544 operosus
621 491 687 531 scd
714 489 958 529 inordinatus
985 484 1171 541 orlnatus
1197 484 1363 524 addebat.
1389 485 1574 538 gratiam.
1628 484 1780 526 Uberes
1807 485 1909 525 enim
1936 484 2093 541 crinesl

297 640 438 678 spiritus
459 650 513 676 pro
533 641 660 678 spissus
681 642 791 669 venet.
808 642 836 667 ἱ).
857 641 939 667 lunt.
959 639 985 666 l.
1006 638 1134 665 Vicent.
1153 635 1296 672 spo-isus
1314 637 1361 665 ed.
1384 645 1428 671 pr.
1448 637 1562 666 Venel.
1582 639 1611 666 4.
1631 640 1661 666 et
1680 638 1756 667 Bas.
1773 639 1802 666 ⁸2.
1820 635 1948 664 emnlat
1966 644 2022 671 pro
2042 646 2101 666 cu-

295 685 406 714 mulat
419 688 453 716 P.
501 687 588 714 scire
604 694 698 722 porr.
712 687 823 713 Veniet.
840 686 868 712 2.
881 685 965 711 lunt.
982 684 1010 711 1.
1059 680 1159 709 dorso
1173 682 1208 711 0.
1256 680 1397 718 deusque
1415 682 1448 711 in
1463 683 1498 710 G.
1517 683 1542 710 1.
1563 690 1627 710 non
1647 686 1712 719 est,
1731 682 1798 711 nisi
1813 689 1886 711 am.
1901 691 1927 711 s.
1948 683 1981 711 in
1999 689 2102 718 marg.

296 734 333 759 uc
353 733 445 761 abest
464 732 498 760 in
519 734 553 760 G.
574 734 603 760 2,
652 737 789 765 cumque
809 736 862 762 pro
883 727 1036 764 omnique
1058 727 1079 756 f.
1128 730 1222 754 certo
1242 735 1298 762 pro
1316 729 1428 754 celero
1449 730 1484 756 G.
1499 728 1530 756 2.
1551 726 1609 762 [cf.
1627 728 1699 756 Intl.
1719 729 1760 756 ad
1777 728 1849 756 Liv.
1867 729 1905 756 11.
1920 729 1973 756 59.
1986 727 2018 762 S.
2035 727 2103 763 11.]

296 779 408 804 cetero
434 778 467 805 in
481 779 516 806 G.
534 779 561 805 1.
576 785 593 805 a
608 784 646 804 m.
662 784 688 803 s.
736 771 926 802 ‹ie'sta'nsem't
937 773 976 801 D.
995 771 1220 799 deserina-erit
1241 773 1352 801 Venet.
1367 774 1397 800 2.
1412 774 1495 801 Iuni.
1512 774 1539 800 1.
1553 774 1628 801 Am.
1643 774 1783 802 vulcan.
1802 775 1833 802 2.
1882 775 2004 800 ornate
2023 771 2045 802 f.
2065 774 2103 802 R.

296 820 392 850 adire
410 823 444 851 F.
460 824 490 850 3.
511 822 566 850 sed
582 829 599 849 a
614 829 653 849 m.
672 819 900 847 emendatrice.
920 819 956 847 L.
970 819 1008 846 R.
1025 818 1044 846 s.
1065 819 1101 846 G.
1117 819 1146 846 1.
1160 818 1198 846 D.
1218 818 1272 851 qui
1292 818 1325 845 in
1346 825 1446 853 marg.
1467 820 1563 845 hahet
1583 815 1700 855 videri,
1720 819 1803 852 quod
1824 818 1858 846 in
1878 818 1996 847 ceteris
2015 818 2104 847 codd.

296 871 325 895 et
345 868 415 896 edd.
434 871 510 896 vett.
528 870 586 895 est.
610 868 645 893 ln
661 867 696 892 G.
710 866 740 893 2.
755 867 802 892 est
818 865 947 890 ornata
959 870 1032 891 esse
1045 870 1120 899 n.p.
1134 861 1254 890 audire
1267 864 1324 891 sed
1338 865 1377 890 ab
1392 864 1503 891 eadem
1518 870 1558 892 m.
1572 863 1672 891 minio
1686 867 1734 891 est
1749 865 1922 892 obductum
1935 870 2005 892 voc.
2019 869 2102 891 esse.

289 910 430 949 photide
445 914 479 940 G.
493 914 523 940 2.
539 908 636 937 Fotie
649 910 683 937 F.
698 911 729 937 3.

295 957 399 986 Peric.
415 957 491 987 Crit.
507 965 534 985 c.
551 958 601 984 19.
615 958 644 983 et
659 955 772 983 Heins.

297 1089 382 1128 Tib.
398 1088 424 1127 1.
452 1093 487 1128 4.
518 1090 578 1127 16.
605 1087 751 1125 Arnob.
768 1086 811 1125 II.
839 1100 869 1126 c.
892 1091 928 1128 5.
955 1088 1169 1140 carnifices

293 1146 390 1185 unci
415 1144 495 1196 [ubi
521 1157 589 1195 pro
615 1143 819 1181 mendosis
846 1144 994 1182 verbis:
1026 1145 1168 1196 coqui-

293 1207 355 1240 tas
391 1202 604 1252 accipiant
638 1202 819 1239 rationes
856 1200 1066 1252 legendum
1098 1200 1169 1239 erit

293 1256 515 1309 tortiones]
543 1257 631 1295 Val.
652 1256 759 1295 Max.
777 1256 818 1295 Il.
843 1271 874 1296 c.
893 1263 925 1297 1.
956 1256 1167 1309 [cf.Bm-m.

291 1313 342 1351 ad
376 1313 537 1352 Anthol.
575 1313 662 1352 Lat.
696 1313 741 1351 T.
762 1312 789 1352 Ι.
826 1327 862 1365 p.
884 1318 949 1355 80.
987 1327 1169 1365 quosque

292 1370 434 1416 Orelli,
472 1370 522 1408 ad
559 1370 705 1408 Arnob.
746 1370 768 1409 l.
797 1370 832 1409 d.
865 1370 978 1410 Tom.
1000 1370 1044 1409 11.
1071 1384 1108 1421 p.
1130 1374 1166 1411 9.

291 1431 501 1465 enumerat.
542 1427 623 1465 Sed
638 1440 738 1464 nunc
751 1427 930 1478 praefero
945 1428 1166 1466 amatoriis.

292 1484 468 1535 Singulis
500 1484 598 1521 enim
624 1484 809 1522 membris
834 1483 1014 1522 humanis
1039 1484 1078 1521 id
1103 1483 1168 1521 ad-

292 1541 490 1586 scribitur,
517 1540 621 1591 quod
647 1553 715 1591 per
740 1540 806 1578 illa
830 1541 1078 1592 potissimum
1100 1540 1167 1578 ho-

293 1610 357 1635 mo
392 1597 484 1635 facit
513 1597 576 1634 vel
609 1597 711 1647 quod
745 1601 808 1635 est
839 1598 981 1636 indolis
1013 1598 1099 1635 eius
1130 1601 1169 1635 et

293 1654 476 1705 pectoris.
515 1653 563 1693 cs.
600 1653 698 1691 Met.
720 1653 822 1692 VIII.
854 1667 891 1705 p.
913 1658 1005 1695 590.
1039 1659 1169 1694 ‹eusto-

295 1711 450 1750 dientes
488 1711 600 1750 oculi
636 1710 751 1749 Ovid.
786 1710 945 1749 Heroid.
965 1710 1076 1749 XIX.
1105 1715 1169 1751 25.

292 1768 357 1805 ubi
384 1767 430 1805 cf.
456 1767 611 1805 Ruhnk.
638 1766 756 1818 Prop.
773 1767 835 1806 ΙΙΙ.
859 1771 920 1808 16.
943 1771 1006 1808 23.
1034 1767 1171 1805 Heius.

293 1824 344 1862 ad
369 1824 483 1862 Ovid.
511 1823 671 1862 Heroid.
693 1823 738 1861 lI.
767 1827 831 1864 93.
865 1824 1095 1862 Commentt.
1122 1823 1170 1861 ad

295 1880 365 1918 Sil.
397 1880 480 1919 Ital.
500 1879 605 1918 XIII.
636 1885 726 1920 171.
753 1880 803 1918 ad
828 1880 977 1919 Lucan.
997 1880 1106 1919 XVI.
1135 1885 1170 1921 2.

292 1936 422 1976 Burm.
451 1937 501 1975 ad
529 1936 645 1975 Anth.
671 1937 760 1976 Lat.
787 1936 899 1976 Tom.
917 1937 941 1976 Ι.
967 1951 1003 1988 p.
1020 1937 1131 1989 262]

348 2007 511 2057 spissus
566 2004 751 2057 [Frustra
781 2009 871 2043 sunt
902 2005 966 2055 qui
991 2008 1032 2043 ut
1063 2004 1172 2042 Colv.

292 2076 458 2114 sparsus
483 2062 568 2099 sine
588 2061 729 2099 idonea
749 2062 944 2100 sententia
962 2061 1172 2099 demutant.

294 2119 445 2171 Sparsi
464 2119 565 2156 enim
580 2119 603 2156 ii
617 2122 763 2157 tantum
778 2119 904 2156 crines
919 2119 1172 2164 nominantur,

294 2177 358 2226 qui
394 2189 465 2227 per
502 2189 692 2213 summam
724 2176 839 2213 animi
871 2175 1171 2213 commotionem

294 2233 380 2270 sive
416 2232 521 2269 furor
558 2235 619 2270 est
655 2233 869 2269 immensus
901 2233 987 2270 sive
1017 2232 1172 2270 tristitia

294 2288 384 2327 laxe
404 2293 495 2327 sunt
518 2288 642 2326 effusi.
694 2288 740 2327 cf.
763 2302 864 2339 quos
884 2289 1029 2327 excitat
1047 2288 1170 2326 Bach.

293 2346 345 2383 ad
376 2345 491 2384 Ovid.
524 2345 620 2383 Met.
647 2344 752 2383 VIII.
784 2349 871 2386 107.
899 2345 1048 2383 Melius
1076 2345 1171 2383 Gru-

293 2407 363 2442 ter.
372 2403 564 2454 spirosns.
576 2402 650 2440 Sca
659 2401 720 2453 lig.
731 2404 900 2454 spirisrc
915 2403 1171 2440 coniecerant.

296 2459 378 2497 Sed
410 2459 460 2497 de
492 2460 595 2497 crine
620 2472 750 2497 sermo
778 2463 851 2504 est,
885 2460 947 2509 qui
975 2464 1080 2497 totns
1107 2472 1170 2497 co-

293 2521 409 2556 aetas
428 2520 467 2554 et
487 2517 733 2567 compositus
753 2516 774 2553 i.
795 2528 828 2554 e.
848 2530 929 2553 non
951 2519 1107 2568 effusus,
1135 2516 1170 2553 in

293 2574 438 2611 vertice
468 2573 520 2610 ita
554 2572 808 2618 connectitur,
839 2576 880 2610 ut
909 2586 1025 2609 unum
1059 2572 1170 2622 quasi

294 2630 438 2668 nodum
464 2629 657 2671 conficiat:
689 2628 738 2667 cf.
764 2628 909 2679 Bottig.
937 2629 1069 2667 Sabin.
1092 2628 1118 2666 l.
1133 2642 1170 2680 p.

298 2690 389 2727 156.
422 2686 556 2725 Horat.
591 2685 667 2724 Od.
694 2684 756 2723 III.
786 2688 848 2725 19.
876 2688 940 2725 26.
974 2684 1095 2723 Salm.
1122 2685 1170 2722 ad

295 2742 418 2782 Solin.
441 2757 476 2794 p.
494 2747 586 2783 537.
610 2742 659 2781 cs.
673 2741 830 2780 Peerlk.
850 2742 899 2779 ad
916 2741 1010 2780 Hor.
1026 2756 1062 2793 p.
1078 2746 1171 2782 320.

294 2799 358 2838 De
379 2814 476 2838 voce
497 2801 648 2852 spissus
666 2799 828 2837 adeatur
842 2798 978 2837 Heins.
993 2798 1042 2836 ad
1057 2798 1172 2837 Ovid.

293 2856 392 2895 Met.
406 2855 457 2895 X.
473 2861 584 2903 508.;
610 2856 660 2893 de
679 2856 815 2895 sobole
836 2856 1009 2895 crinium
1034 2854 1172 2894 Varro.

295 2926 357 2964 ap.
382 2913 484 2951 Non.
516 2927 553 2965 p.
581 2917 674 2954 456.
699 2927 731 2951 s.
764 2926 798 2951 V.
826 2914 975 2952 rictum
1002 2935 1051 2939 —
1080 2917 1174 2950 aute

295 2971 409 3009 auris
432 2971 554 3009 modo
580 2971 754 3019 (wodo?)
779 2984 833 3009 esc
852 2969 1058 3009 sobolibus
1074 2982 1172 3020 par-

294 3028 379 3066 vuli
402 3028 545 3066 intorti
571 3026 910 3079 dimittebantur]

351 3096 529 3135 incedat.
562 3095 778 3147 [Incedere
807 3094 952 3133 fastum
983 3097 1023 3132 et.
1053 3093 1172 3144 impw

295 3151 465 3191 dentiam
490 3152 697 3203 significan
736 3152 783 3191 cf.
811 3151 953 3191 Μαι-Η.
982 3150 1108 3201 Epist.
1135 3163 1171 3202 p.

779 908 960 937 inornatus
979 910 1125 936 ornatus
1143 908 1354 937 emendarum
1369 908 1458 942 Lips.
1480 909 1520 937 ad
1541 915 1641 943 marg.
1663 912 1694 936 et
1710 916 1726 937 e
1740 909 1942 938 Rilterhusio
1955 908 2104 938 Piccard.

1228 1091 1293 1127 81.
1326 1086 1447 1124 Lcnz.
1480 1087 1529 1124 ad
1557 1087 1656 1125 Stat.
1684 1086 1779 1125 Silv.
1797 1086 1824 1125 l.
1852 1091 1888 1127 2.
1914 1090 1978 1128 98.
2005 1099 2106 1138 quos

1226 1143 1371 1193 VVagn.
1414 1143 1464 1181 ad
1502 1143 1608 1195 Virg.
1650 1143 1745 1182 Aen.
1773 1142 1801 1182 l.
1846 1148 1910 1184 75.
1949 1144 2105 1187 excitat,

1226 1198 1349 1237 Kritz,
1386 1200 1437 1238 ad
1467 1200 1563 1238 Sall.
1603 1199 1683 1251 lug.
1705 1204 1771 1240 31.
1802 1199 1832 1250 ξ.
1859 1204 1919 1241 10.
1953 1214 1990 1252 p.
2015 1204 2104 1241 181.

1227 1256 1329 1306 Rup.
1357 1256 1406 1294 ad
1433 1256 1561 1295 Iuven.
1576 1255 1666 1295 XII.
1696 1257 1805 1309 126]

1285 1324 1533 1363 distinxerit.
1569 1324 1804 1362 Lectionem
1831 1324 2107 1370 distrinxerit,

1227 1393 1341 1431 quam
1374 1380 1583 1419 nonnullae
1607 1381 1724 1432 prisc.
1757 1381 1845 1419 edd.
1872 1385 2107 1432 proponunt,

1227 1452 1301 1474 non
1327 1437 1455 1475 solum
1488 1451 1557 1488 per
1584 1437 1706 1477 codd.
1733 1438 2004 1476 auctoritatem
2030 1437 2104 1475 sed

1227 1494 1351 1545 ipsam
1402 1508 1562 1545 quoque
1606 1495 1680 1532 loci
1725 1494 1959 1532 sententiam
2002 1492 2106 1532 Oud.

1226 1549 1386 1595 refutat.
1419 1564 1536 1601 quum
1569 1551 1618 1588 de
1650 1551 1925 1589 discriminatis
1951 1554 1990 1589 et
2015 1550 2107 1588 divi-

1227 1608 1284 1644 sis
1317 1607 1471 1658 pectine
1505 1607 1659 1659 capillis
1691 1607 1754 1646 hic
1785 1621 1916 1646 sermo
1955 1607 2024 1655 sit3
2062 1607 2110 1646 cl'.

1230 1663 1360 1702 Burni.
1393 1664 1443 1701 ad
1469 1663 1584 1703 Ovid.
1616 1664 1700 1703 Art.
1716 1664 1762 1703 11.
1791 1668 1884 1706 302.
1913 1664 2034 1702 Salm.
2060 1664 2108 1702 ad

1231 1720 1339 1758 Solin
1373 1725 1518 1771 p.53!1.
1551 1720 1769 1773 [Claudian.
1795 1721 1915 1773 Nupt.
1945 1720 2045 1759 Hon.
2073 1724 2111 1758 et

1230 1776 1353 1815 Mero.
1383 1781 1473 1818 102.
1506 1777 1614 1815 Idem
1640 1782 1703 1816 est
1728 1777 1830 1829 quod
1857 1777 1957 1815 alias
1982 1777 2112 1815 dicunt

1232 1834 1470 1886 disponer&
1516 1834 1564 1873 cf.
1608 1834 1739 1874 Burm.
1784 1834 1833 1873 ad
1869 1833 2049 1886 Propert.
2083 1832 2109 1872 l.

1235 1894 1296 1930 15.
1325 1890 1380 1942 7.]

1289 1940 1447 1986 audire.
1496 1947 1619 1986 Abire
1651 1948 1758 1998 quod
1793 1946 1900 1986 (lolv.
1935 1948 2109 1986 coniece-

1232 2007 1289 2041 rat
1319 2003 1422 2042 Oud.
1457 2018 1503 2043 eo
1537 2004 1671 2050 reiicit,
1698 2004 1803 2055 quod
1829 2004 1955 2043 locum
1981 2004 2020 2042 id
2045 2003 2111 2042 ha-

1233 2061 1326 2098 bere
1361 2065 1543 2111 nequeat.
1576 2060 1649 2098 nisi
1681 2061 1770 2111 quis
1801 2074 1847 2099 se
1879 2061 1995 2099 simul
2021 2061 2110 2098 sul)-

1232 2117 1365 2159 ducat:
1405 2117 1492 2155 coll.
1520 2116 1656 2156 Heius.
1689 2117 1739 2157 ad
1766 2116 1881 2156 Ovid.
1907 2117 2004 2156 Met.
2042 2115 2110 2155 IX.

1232 2177 1296 2214 99.
1328 2172 1415 2211 Nec
1445 2174 1587 2212 melius
1619 2178 1683 2211 est
1714 2174 1862 2219 videri,
1896 2173 2002 2225 quod
2033 2186 2111 2211 me-

1229 2244 1309 2268 ram
1335 2229 1512 2280 glossam
1538 2231 1651 2282 sapit.
1697 2230 1764 2268 Sic
1788 2231 1899 2269 unice
1922 2230 2111 2282 probave-

1230 2288 1299 2325 rim
1339 2300 1369 2325 (ἲ.
1402 2285 1505 2326 Oud.
1543 2287 1670 2338 Lipsii
1703 2291 1742 2324 et
1773 2286 1925 2326 Pricaei
1956 2291 2111 2325 senten-

1230 2344 1321 2381 tiam
1359 2344 1507 2383 andire
1544 2344 1767 2395 legentimn.
1812 2344 1974 2384 Audire
2009 2344 2110 2381 enim

1231 2400 1332 2438 idem
1348 2400 1540 2450 significat
1559 2401 1666 2451 quod
1688 2402 1911 2448 nominari,
1938 2414 2035 2448 esse3
2061 2399 2109 2438 cf.

1231 2457 1327 2495 Met.
1351 2456 1416 2495 VI.
1450 2471 1486 2508 p.
1510 2461 1602 2498 397.
1639 2457 1755 2509 [Hor.
1793 2457 1875 2496 Sat.
1896 2456 1941 2495 II.
1975 2460 2010 2497 6.
2045 2460 2109 2497 20.

1232 2514 1357 2565 Epist.
1384 2513 1410 2552 I.
1450 2527 1481 2552 c.
1509 2517 1573 2554 38.
1611 2514 1676 2552 ubi
1713 2513 1760 2552 cf.
1800 2513 1990 2552 Schmidt.
2049 2513 2112 2551 De

1230 2571 1424 2609 sententia
1448 2570 1496 2608 cf.
1524 2569 1764 2622 Kobierzyk.
1793 2570 1843 2608 de
1872 2569 1964 2608 luxu
1994 2570 2109 2609 Rom.

1230 2628 1276 2666 L.
1300 2627 1326 2666 l.
1359 2641 1390 2666 c.
1413 2630 1449 2668 6.
1476 2628 1511 2665 in
1553 2627 1693 2666 Graev.
1727 2626 1849 2665 Thes.
1882 2626 2028 2678 Antqq.
2064 2626 2108 2665 Τ.

1232 2683 1335 2723 VIII.
1362 2697 1398 2735 p.
1418 2684 1560 2737 1297]
1875 2713 1877 2715 -

1288 2752 1551 2792 inordinatas
1588 2756 1768 2791 ornatus.
1816 2750 1916 2789 Elm.
1956 2763 2110 2803 compa-

1232 2813 1290 2846 rat
1320 2809 1504 2847 Ambros.
1537 2808 1587 2847 de
1618 2809 1727 2860 Virg.
1750 2807 1775 2845 1.
1808 2821 1845 2858 p.
1868 2812 1932 2848 77.
1965 2813 2002 2847 et
2033 2808 2113 2847 ltoc

1233 2867 1364 2918 ipsum
1399 2866 1514 2919 qnod
1544 2880 1612 2905 ros
1641 2879 1723 2904 non
1750 2865 1918 2911 ornatis,
1946 2869 2114 2904 ornatus

1233 2927 1299 2961 est.
1339 2923 1416 2960 (¹50.
1449 2923 1499 2960 ad
1531 2922 1612 2960 Att.
1634 2921 1680 2959 II.
1716 2927 1748 2962 1.
1781 2920 1811 2971 ὁ.
1838 2927 1870 2961 1.
1899 2921 1976 2960 Cic.
2003 2919 2111 2959 Orat.

1233 2983 1298 3020 22.
1340 2993 1371 3017 c.
1393 2984 1458 3020 78.
1497 2980 1597 3017 Sunt
1631 2983 1761 3016 tamen
1801 2978 1865 3029 qui
1897 2980 2112 3017 ‘inornatus

1234 3041 1402 3076 ornatus
1441 3037 1573 3087 legere
1608 3035 1754 3080 malint.
1793 3048 1893 3085 quos
1919 3033 2023 3072 Pric.
2062 3047 2111 3071 ex

1236 3094 1321 3130 loco
1354 3092 1471 3145 Apul.
1505 3091 1735 3130 ‹le-Mundo
1761 3105 1797 3142 p.
1820 3095 1912 3132 289.
1938 3090 2111 3130 mundus

1233 3155 1288 3189 est
1339 3155 1484 3205 ornato
1529 3149 1742 3188 ordinatio
1779 3147 1939 3193 refutat,
1978 3160 2109 3199 quam-
