2155 3590
606 137 794 178 LIBER
822 136 852 176 1.
912 134 1042 176 CAP.
1067 130 1177 172 vlu.

1790 124 1844 167 37

48 263 224 310 latrones
256 255 499 311 contegendo
529 252 623 293 mihi
654 256 955 297 concesserant,
994 247 1035 288 in
1059 259 1144 291 eam
1171 241 1334 284 contuli:
1367 240 1548 295 operulas
1580 239 1720 290 etiam,
1747 251 1844 292 quas

49 318 173 360 adhuc
195 321 361 370 vegetus
385 309 602 352 saccariam
627 307 776 348 faciens
806 305 1025 355 merebam,
1053 301 1180 356 quoad
1205 313 1267 340 me
1291 297 1298 355 Ι
1325 298 1374 338 ad
1397 297 1514 338 istam
1539 296 1700 347 faciem,
1728 307 1842 350 quam
1868 296 1912 331 37

47 373 162 432 paulo
185 379 278 414 ante
299 368 455 419 vidisti,
481 367 586 408 bona
609 378 716 406 uxor
738 370 779 405 et
800 363 904 404 mala
927 363 1087 402 fortuna
1110 355 1308 414 perduxit.

613 511 1008 565 CAPUT
1097 507 1275 558 VIII.

157 655 232 698 Pol
260 655 414 710 quidem
438 660 483 693 tu
506 651 670 705 diguus,
702 649 884 702 inquam,
917 659 960 687 es
985 651 1167 685 extrema
1190 640 1408 690 sustinere,
1441 638 1476 680 si
1501 636 1592 691 quid
1623 642 1684 677 est
1713 642 1842 676 tamen

47 713 262 758 novissimo
292 710 532 759 extremius,
565 707 631 761 qui
659 706 900 759 voluptatem
924 702 1150 743 veneream
1179 706 1220 739 et
1248 704 1421 738 scortum
1451 700 1648 735 scorteum
1678 691 1776 732 Lari
1806 697 1847 732 ct

47 771 180 815 liberis
204 766 441 824 praetulisti.
501 766 559 807 At
581 763 646 804 ille
672 761 836 816 digitum
861 773 884 800 a
908 758 1047 814 pollice
1072 756 1294 812 proximum
1322 753 1382 794 ori
1407 765 1477 793 suo
1502 751 1715 790 admovens
1741 754 1781 788 et
1804 747 1845 788 in

46 875 195 916 appellas
213 886 247 910 φ.
267 872 444 912 operculas
462 871 510 899 ed.
531 871 694 900 Stewech.
739 866 915 897 eucarium
934 867 970 895 P.
990 866 1039 894 ed.
1060 872 1108 899 pr.
1120 863 1198 892 Ala.
1217 860 1378 889 sicariam
1391 861 1427 888 B.
1447 856 1650 892 scutarium,
1664 857 1717 884 vel
1731 856 1845 882 sceta-

47 925 135 953 riam
159 924 198 952 R.
225 921 246 950 f.
270 924 350 950 teste
369 920 448 948 Oud.
477 920 514 948 In
528 916 673 950 exemtis
692 914 810 943 Roaldi
824 917 893 942 erat
913 910 1132 939 secularium.
1180 907 1214 934 in
1229 905 1327 934 rebus
1338 904 1479 944 faciens
1493 904 1527 931 in
1540 902 1672 931 BecIch.
1687 903 1734 929 est
1755 900 1846 928 codd.

47 970 132 1000 unde
151 969 230 998 oud.
249 965 389 996 coniecit
405 963 569 991 oneribus.
608 959 749 1000 faciens
769 962 860 988 abest
878 965 897 987 a
910 959 948 986 R.
962 956 984 985 f.
1031 952 1187 983 merebar
1198 953 1234 981 F.
1251 953 1280 981 1.
1295 949 1445 978 merebat
1462 956 1499 978 π.
1519 945 1704 974 moerebam
1717 946 1801 974 lunt.
1820 946 1846 972 1.

48 1021 130 1053 quos
148 1016 186 1043 L.
200 1020 221 1042 a
238 1020 279 1042 m.
294 1020 323 1047 p.
345 1012 379 1039 0.
399 1011 435 1039 F.
456 1011 485 1038 1.
504 1009 582 1037 Bas.
602 1009 633 1035 2.
655 1003 769 1043 quoad
784 1005 860 1033 Bas.
877 1004 904 1031 1.
927 1006 956 1031 et
971 1003 1081 1036 plures
1095 1001 1176 1028 Mss.
1191 999 1366 1027 adnotante
1387 997 1477 1025 Colv.
1501 995 1540 1023 In
1555 991 1671 1037 ceteris
1686 987 1775 1029 quad
1786 997 1846 1017 me.

46 1058 277 1097 illamfacicm
292 1057 315 1086 f.
361 1062 453 1083 uxor
465 1057 557 1084 abest
571 1054 610 1081 ab
625 1053 660 1080 Ο.
675 1055 704 1080 et
717 1058 754 1078 π.

134 1104 273 1142 inquam
292 1104 384 1131 abest
405 1107 424 1129 a
449 1101 484 1128 G.
505 1100 541 1127 P.
565 1099 603 1126 D.

49 1154 119 1179 tam
132 1151 170 1178 Z.
220 1151 331 1176 lamen
345 1154 409 1175 non
424 1149 472 1175 est
486 1142 639 1173 inD.m'si
653 1147 757 1171 ams.

624 1100 655 1125 (a
674 1103 715 1125 m.
735 1100 776 1130 p.)
792 1095 813 1122 f.
827 1095 862 1123 Ο.
877 1095 914 1121 Ζ.
927 1093 964 1121 L.
1013 1088 1180 1119 sustinere
1198 1090 1358 1115 estrenm
1371 1087 1407 1115 G.
1421 1088 1457 1112 e!
1473 1084 1506 1112 si
1521 1086 1557 1112 G.
1569 1084 1608 1112 D.
1622 1084 1659 1111 P.
1672 1083 1709 1110 L.
1723 1083 1762 1110 Z.
1775 1080 1797 1109 f.
1812 1081 1847 1109 0.

804 1141 948 1166 arerem.
963 1135 1143 1164 nonsssmm
1155 1135 1210 1162 vel
1224 1133 1256 1159 si
1267 1130 1347 1170 quid
1359 1133 1411 1158 est
1425 1133 1537 1157 lamen
1551 1131 1587 1156 et
1598 1127 1723 1155 nmn‘ss.
1732 1127 1847 1155 XVass.

47 1194 217 1225 veneriam
229 1194 344 1222 Venet.
359 1193 388 1219 2.
401 1192 485 1219 lunt.
502 1190 530 1217 1.
579 1189 745 1214 scorteum
760 1187 852 1213 abest
866 1190 886 1212 a
899 1183 982 1211 G.D.
996 1188 1018 1210 a
1030 1189 1061 1216 p.
1073 1180 1158 1210 m.0.
1172 1186 1208 1207 π.
1217 1180 1252 1207 Ρ.
1301 1174 1476 1213 apallt'cem
1490 1176 1525 1203 P.
1540 1171 1692 1210 appalt'ee
1700 1174 1736 1201 G.
1751 1169 1848 1208 apol-

48 1240 110 1270 tice
121 1241 160 1270 D.
203 1237 407 1276 promissum
420 1243 477 1271 pro
486 1231 683 1270 proximum
698 1239 735 1259 π.
785 1234 946 1256 amouens
959 1228 1007 1256 ed.
1022 1234 1070 1262 pr.
1083 1229 1275 1252 ammorens
1288 1223 1326 1251 P.
1341 1219 1521 1248 admonens
1529 1221 1568 1248 D.
1583 1226 1601 1248 a
1615 1226 1656 1247 m.
1671 1226 1701 1253 p.

49 1331 284 1370 damnosam
319 1328 358 1362 et
393 1319 578 1361 XXXIII.
616 1323 681 1359 22.

49 1397 242 1426 annosam
256 1380 540 1435 pestilentiam.
561 1375 694 1428 [Anas
713 1372 819 1412 nullo
837 1385 916 1410 mo-

48 1443 99 1482 do
129 1443 260 1494 potest
293 1434 462 1476 defendi.
520 1431 595 1472 Est
630 1432 731 1469 enim
760 1430 918 1469 morbus

50 1510 210 1542 anuum,
236 1496 301 1547 qui
326 1506 376 1532 ex
391 1491 517 1530 ‘nimia
538 1491 742 1528 senectuto
772 1489 919 1526 contra·

48 1556 159 1600 bitur,
189 1552 357 1592 sortasse
381 1560 496 1600 quem
520 1546 632 1585 aliter
655 1548 822 1584 aetatem
849 1542 921 1581 de-

50 1612 247 1664 crepitam
271 1608 444 1647 dicimus.
486 1602 574 1654 Ego
598 1603 651 1641 ita
675 1601 801 1639 locum
831 1612 920 1638 con·

48 1670 182 1710 stituo:
209 1667 444 1706 damnosam
468 1674 519 1700 ac
538 1658 791 1713 pestilentem
818 1656 921 1694 luem

50 1723 262 1766 contraho.
303 1719 404 1759 Illud
439 1718 540 1756 enim
576 1729 654 1755 con
688 1727 721 1752 s.
760 1726 849 1752 cum
884 1712 920 1749 in

48 1781 151 1822 Mss.
175 1778 223 1819 F.
253 1782 293 1818 et
316 1777 364 1816 G.
396 1776 551 1814 obvium
574 1772 654 1811 tale
678 1769 770 1822 quid
793 1769 921 1821 suspi-

49 1839 127 1880 cari
150 1849 222 1876 nos
251 1833 382 1886 cogit]

107 1893 313 1948 operulas.
338 1888 441 1929 oud.
466 1886 649 1940 exposuit
666 1895 818 1923 merces
836 1894 923 1934 par·

50 1965 141 1997 τεῦ,
183 1963 282 2000 quas
320 1948 512 1986 meruerat
547 1956 665 1992 opera
701 1944 739 1979 et
774 1939 922 1982 labore,

52 2023 85 2049 s.
98 2006 288 2061 portando
307 2017 425 2043 onera
443 2005 482 2040 et
493 2012 634 2040 saccos
651 1997 716 2050 [cs.
730 1995 851 2035 Orell.
873 1993 923 2032 ad

53 2065 199 2105 Arnob.
223 2062 293 2101 IV.
326 2064 391 2101 30.
416 2060 453 2097 in
478 2055 661 2109 Append.
684 2068 724 2106 p.
748 2056 815 2094 50.
838 2049 924 2090 Ra-

52 2122 205 2162 tissima
228 2122 291 2157 est
313 2114 535 2156 deminutivi
560 2110 709 2162 sonna]

109 2176 338 2218 saccariam
359 2173 533 2226 faciens.
560 2168 795 2221 Saganam,
821 2162 927 2214 quod

56 2232 227 2274 nonnulli
262 2230 349 2270 lntt.
396 2226 639 2280 praeferunt,
685 2222 774 2262 ideo
821 2218 926 2258 Oud.

56 2290 256 2344 improbat,
299 2285 404 2338 quod
444 2284 628 2323 Socrates
674 2292 744 2332 per
779 2290 826 2316 se
861 2288 926 2314 ex-

58 2360 189 2387 ercere
241 2357 329 2385 eam
379 2355 455 2381 non
501 2338 691 2393 potuerit,
750 2333 926 2374 omnibus

57 2404 250 2458 spoliatus
287 2403 327 2439 et
359 2399 476 2438 homo
511 2394 759 2449 peregrinus,
795 2401 927 2441 quam·

60 2474 176 2514 quam
209 2457 453 2498 notissimum
488 2453 601 2492 fuerit
633 2463 672 2489 v,
708 2462 738 2488 c.
775 2446 928 2485 Romae

59 2518 296 2569 sagariorum
309 2512 527 2563 collegium.
541 2508 657 2547 Fabr.
674 2504 793 2544 Inscr.
808 2517 847 2555 p.
862 2506 930 2547 34,

62 2577 157 2617 495.
187 2571 377 2625 [Inscript.
401 2582 464 2620 ap.
490 2565 599 2604 Grut.
626 2566 718 2604 650.
747 2565 782 2602 1.
805 2557 930 2598 Orell.

62 2630 161 2672 coll.
185 2628 374 2679 Inscriptt.
399 2626 521 2665 4176.
551 2621 663 2660 Bene
687 2619 788 2657 enim
811 2615 933 2654 habet

63 2687 178 2729 lectio
209 2684 400 2725 saccaria
429 2680 479 2719 de
509 2676 663 2729 gerulo,
705 2675 770 2726 qui
805 2671 932 2711 adhuc

63 2745 229 2795 vegetus
259 2753 377 2779 onera.
405 2735 585 2776 mercede
609 2732 823 2773 conductus
847 2742 934 2781 por-

64 2801 182 2840 tabat.
222 2797 281 2836 lta
303 2795 446 2847 Hygin.
478 2791 556 2831 fab.
587 2803 620 2829 c.
647 2792 739 2830 134.
767 2799 808 2838 p.
839 2788 935 2826 237.

67 2857 176 2898 Stav.
196 2855 422 2907 piraticam
442 2852 585 2903 facere
608 2843 776 2897 legitur]

125 2909 268 2966 quoad
300 2908 404 2948 ond.
435 2919 467 2945 c.
498 2917 613 2943 nonn.
643 2901 733 2939 edd.
764 2901 800 2937 in
830 2899 938 2936 textu

68 2969 215 3024 posuit,
241 2978 357 3018 quum
378 2962 581 3002 relativum
607 2958 720 3013 qnod
744 2967 940 3005 nunquam

72 3026 204 3066 donec
235 3023 364 3076 possit
393 3019 620 3070 significare,
648 3013 724 3053 sed
745 3011 862 3052 modo
896 3011 941 3049 in

77 3086 288 3136 quantam,
327 3081 520 3131 quantum
552 3073 644 3126 ficri
669 3073 826 3122 potest,
862 3080 938 3118 quo

74 3151 195 3177 seusu
223 3136 383 3188 saepius
408 3146 493 3172 cum
520 3129 661 3183 quoad
689 3127 941 3166 commutetur

717 1331 755 1370 p.
797 1319 915 1356 1573.

976 1313 1044 1365 [cf.
1059 1312 1188 1351 Burni.
1204 1310 1254 1349 ad
1268 1308 1382 1347 Ovid.
1392 1307 1550 1346 Heroid.
1560 1304 1660 1343 VIII.
1671 1309 1710 1345 5.
1722 1303 1789 1343 Dr.
1799 1303 1850 1342 ad

975 1369 1061 1409 Liv.
1081 1365 1216 1406 XXVI
1232 1370 1310 1406 .3‘.>.
1337 1368 1373 1405 6.
1394 1361 1584 1401 XXXIX.
1607 1365 1670 1401 45.
1687 1365 1723 1401 7.
1745 1359 1848 1399 Duk.

977 1428 1012 1465 in
1026 1424 1197 1465 Miscell.
1217 1422 1316 1461 Obs.
1337 1417 1657 1459 v01.v11.T.111.
1684 1431 1719 1470 p.
1736 1415 1849 1468 437.]

1034 1495 1154 1522 uxor.
1172 1479 1276 1532 [Hac
1290 1491 1387 1517 voce
1401 1476 1504 1516 male
1517 1474 1730 1514 carentduo
1739 1472 1851 1512 codd.

986 1540 1105 1580 Uxor
1127 1538 1227 1575 enim
1253 1536 1302 1574 de
1326 1534 1525 1574 meretrice
1551 1535 1589 1569 et
1608 1531 1658 1569 de
1676 1529 1852 1569 concubi-

977 1610 1038 1642 na,
1059 1596 1293 1646 quibuscum
1312 1589 1553 1631 cousuetudo
1572 1591 1634 1626 est
1653 1586 1852 1630 adulteris,

977 1655 1203 1704 usurpatum
1228 1648 1277 1688 cf.
1297 1648 1392 1687 Met.
1410 1646 1460 1685 X.
1475 1660 1513 1699 p.
1529 1649 1623 1686 721.
1654 1642 1711 1682 Ita
1736 1643 1851 1680 etiam

980 1711 1137 1750 coniux
1178 1709 1337 1745 vocatur
1373 1706 1506 1743 amica
1547 1705 1586 1740 et
1623 1699 1851 1739 concubina

979 1766 1027 1806 cf.
1052 1763 1224 1804 Broukh.
1251 1762 1300 1802 ad
1326 1760 1412 1800 Tib.
1437 1759 1498 1798 III.
1526 1763 1561 1799 2.
1583 1763 1620 1798 4.
1638 1757 1744 1806 Virg.
1767 1754 1852 1794 Ecl.

977 1821 1080 1861 vill.
1107 1825 1173 1862 66.
1198 1820 1299 1859 Aen.
1318 1817 1385 1857 IV.
1401 1820 1494 1857 536.
1508 1814 1652 1865 &Vaga
1672 1813 1722 1852 ad
1737 1811 1851 1862 Eleg.

977 1879 1105 1920 Mess.
1130 1892 1166 1930 p.
1188 1881 1252 1917 47.
1279 1876 1447 1914 maritus
1470 1886 1539 1924 pro
1564 1874 1719 1910 amato.-
1746 1869 1852 1918 Virg.

980 1940 1081 1974 Aen.
1095 1934 1163 1972 lv.
1179 1936 1271 1973 536.
1288 1929 1429 1969 Tibull.
1443 1928 1506 1966 Ill.
1522 1932 1558 1967 4.
1574 1930 1638 1967 31.
1652 1931 1694 1964 ut
1712 1937 1854 1976 graece

982 1990 1074 2044 ἀνὴρ
1086 2005 1156 2044 pro
1170 1989 1362 2029 adultero
1375 1986 1544 2024 Yalken.
1561 1983 1608 2022 ad
1623 1981 1713 2021 Eur.
1735 1981 1853 2032 Hipp.

983 2052 1075 2089 490.
1098 2046 1224 2098 Toup.
1238 2045 1288 2084 ad
1300 2043 1464 2082 Theocr.
1482 2041 1575 2080 XV.
1604 2042 1694 2079 113.
1720 2036 1854 2076 Schol.

983 2105 1034 2145 ad
1065 2103 1189 2156 Soph.
1227 2099 1366 2139 Trach.
1399 2102 1493 2139 431.
1523 2096 1654 2135 Herm.
1702 2093 1855 2133 Eodem

983 2161 1099 2200 modo
1120 2159 1357 2211 coniuyinm
1372 2156 1421 2194 de
1435 2152 1712 2194 consuetudine
1727 2164 1855 2190 aman-

982 2220 1076 2257 tium
1112 2217 1247 2255 dicitur
1284 2212 1424 2267 'ljibulL
1455 2210 1517 2250 III.
1561 2215 1598 2250 4.
1636 2212 1701 2250 73.
1738 2206 1854 2245 Ovid.

982 2274 1081 2314 Met.
1104 2271 1191 2313 Vll.
1221 2274 1286 2312 69.
1317 2268 1465 2309 Obbar.
1497 2269 1533 2306 in
1563 2265 1667 2306 Bibl.
1704 2265 1783 2304 crit.
1820 2276 1854 2302 a.

986 2335 1108 2373 1825.
1131 2327 1195 2369 111.
1219 2342 1257 2381 p.
1283 2325 1396 2378 290]

1042 2386 1142 2426 Cn.
1165 2383 1269 2423 VIII.
1309 2386 1487 2422 scortum
1516 2383 1727 2420 scm-teum.
1760 2375 1856 2428 [Ex-

984 2445 1110 2497 primit
1132 2439 1328 2494 Apuleius
1359 2452 1474 2478 anum
1498 2438 1640 2475 vietam
1665 2438 1703 2472 et
1727 2433 1858 2472 defor-

985 2513 1101 2545 mem,
1125 2511 1228 2550 quae
1252 2498 1370 2535 instar
1389 2499 1471 2534 erat
1489 2494 1595 2539 corii3
1621 2490 1668 2530 cf.
1683 2490 1793 2528 Varr.
1808 2488 1858 2527 do

987 2556 1034 2595 L.
1053 2554 1100 2595 L.
1121 2553 1206 2594 VH.
1232 2555 1263 2605 ξ.
1283 2557 1348 2593 84.
1362 2550 1477 2590 ΜϋΙΙ.
1506 2549 1609 2589 Gen.
1627 2546 1689 2586 lll.
1710 2550 1746 2587 3.
1767 2546 1798 2597 ξ.
1820 2547 1857 2586 6.

987 2613 1098 2653 Fest.
1139 2626 1178 2664 p.
1221 2613 1314 2651 258.
1357 2607 1535 2647 Lindem.
1580 2605 1785 2654 Sci-aptae
1819 2604 1861 2640 et

989 2667 1265 2721 scrupipedae
1289 2666 1538 2703 nominantur.
1564 2658 1782 2701 efiMiiller.
1809 2656 1861 2698 ad

988 2726 1102 2766 Varr.
1124 2722 1209 2762 Vll.
1235 2723 1266 2773 ξ.
1293 2726 1358 2762 65.
1382 2735 1420 2772 p.
1448 2718 1558 2771 145]

1048 2782 1207 2834 cliyitus
1238 2794 1263 2818 a
1290 2778 1449 2830 pollice
1474 2789 1544 2828 pr.
1581 2772 1680 2825 [Est
1717 2770 1860 2822 digitus

992 2839 1120 2878 index.
1157 2836 1206 2876 cf.
1250 2833 1379 2880 Quint.
1414 2832 1508 2871 Inst.
1549 2829 1618 2870 Or.
1651 2826 1722 2868 XI.
1759 2830 1796 2868 3.
1828 2827 1861 2878 ᾗ.

997 2900 1090 2937 101.
1125 2892 1223 2932 Plin.
1260 2890 1310 2930 H.
1344 2889 1396 2928 N.
1423 2892 1487 2929 33.
1525 2901 1558 2926 c.
1592 2891 1628 2927 1.
1664 2882 1861 2924 Alexand.

995 2953 1044 2992 ab
1069 2951 1186 2990 Alex.
1207 2949 1304 2987 Gen.
1330 2946 1380 2985 D.
1398 2944 1466 2984 lv.
1491 2947 1557 2985 26.
1582 2942 1646 2981 De
1668 2954 1775 2980 more
1798 2954 1862 2978 eo·

994 3023 1089 3053 rum,
1108 3008 1173 3057 qui
1186 3006 1304 3055 digito
1318 3002 1476 3042 salutari
1491 3013 1536 3038 os
1550 3002 1771 3052 prementes
1787 2997 1861 3035 sibi

998 3065 1157 3105 alterive
1188 3061 1383 3100 silentium
1413 3057 1633 3096 indicabant
1664 3054 1712 3094 cf.
1739 3054 1862 3105 Spon.

996 3124 1032 3160 in
1059 3121 1173 3160 Misc.
1197 3117 1315 3156 Erutl.
1342 3117 1431 3154 Ant.
1459 3111 1588 3152 SecJ.
1613 3112 1696 3152 Art.
1710 3110 1761 3149 V.
1786 3109 1864 3148 tab.
