2155 3590
630 133 817 173 LIBER
856 133 948 173 Vll.

1009 132 1039 172 C
1047 131 1138 172 ΑΡ.
1167 131 1205 171 Χ
1213 131 1261 170 V.
1767 125 1848 169 577

56 260 222 300 sequens
236 245 439 299 cogitatio:
464 246 565 299 quod
587 246 704 287 tantis
726 246 822 287 actis
844 245 984 299 gratiis
998 244 1284 297 honoribusque
1304 241 1476 296 plurimis
1493 239 1604 280 asino
1626 252 1711 278 meo
1727 237 1850 278 tribu-

55 304 119 354 tis,
137 303 302 343 humana
320 301 417 342 facie
437 309 615 356 recepta,
640 302 759 342 multo
780 309 888 342 tanto
909 301 1085 356 pluribus
1105 297 1304 341 beneficiis
1326 297 1575 337 honestarer.
1604 293 1681 335 Sed
1704 293 1768 334 ubi
1788 307 1849 333 me

53 426 191 457 sequens
205 418 367 456 cog-italio
383 419 418 446 F.
435 420 463 447 ¹.
479 418 579 453 (teste
593 418 692 454 Oud.)
707 421 737 447 3.
754 421 789 447 G.
807 421 835 447 1.
851 420 932 447 21².
947 420 984 447 D.
1000 418 1020 446 f.
1034 417 1067 454 β.
1083 420 1126 446 Μ.
1153 416 1324 457 frequens
1345 414 1378 442 in
1393 413 1499 442 Colin.
1521 413 1595 441 edit.
1616 415 1681 447 est,
1708 411 1849 439 fortasse

52 472 158 493 errore
171 471 350 498 operarum.
377 464 439 491 Sed
461 464 543 491 idem
561 464 672 492 inveni
693 464 724 492 in
745 465 780 492 F.
800 466 843 497 1.,
870 464 966 491 cuius
986 470 1097 491 veram
1117 462 1310 497 scripturam
1331 458 1534 494 negligentia
1555 457 1770 491 Lindenbrog.
1791 456 1850 483 ad-

52 510 193 538 scribere
206 509 325 544 omisit,
339 509 433 536 vulo.
443 510 474 537 2.
488 512 516 536 et
533 509 624 537 Colv.
661 511 692 535 ee
707 507 890 536 honoribus
904 510 939 537 G.
954 510 984 537 2.
999 505 1027 537 δ.
1054 511 1085 535 el
1099 505 1279 534 honeribus
1292 506 1330 534 D.
1363 502 1521 541 pluribus
1536 504 1572 531 G.
1589 503 1616 529 ¹.
1632 503 1661 529 2.
1676 502 1715 529 D.
1751 500 1850 528 αὲΐηῡ

52 552 145 580 modo
160 555 196 582 G.
211 555 241 582 2.
254 555 293 582 D.
308 563 341 586 φ.
354 554 465 580 u'ow.
480 557 510 581 et
522 561 611 587 seqq„
659 552 811 581 tribuitis
825 555 862 582 G.
880 555 907 581 1.

50 599 106 634 qui
117 600 233 628 habent
250 601 362 626 tanta.
385 605 436 625 me
450 600 550 625 tanta
563 595 593 626 δ.
641 595 884 626 honestaretur·
897 599 935 627 D.

49 697 177 735 locum
204 696 263 735 hic
288 696 433 735 habere
448 697 483 734 ei
499 711 570 735 non
587 697 790 742 videretur,
816 696 920 736 Oud.

50 754 113 791 vel
135 767 218 791 cunr
239 751 400 791 Puteani
422 753 528 791 libris
550 753 707 803 legebat
733 767 821 792 eum
842 753 917 791 illd

48 823 101 848 sc.
134 811 383 860 cogitatione,
415 809 517 860 quod
546 811 646 847 veris
678 810 780 847 initio
806 823 917 847 rosas

48 865 201 917 aliquas
237 867 465 916 reperirem,
505 870 543 903 et
580 866 639 903 sic
679 879 726 903 ex
765 865 915 903 Fotidis-

48 922 242 972 promisso
261 923 296 960 in
316 921 510 959 hominem
536 922 715 966 redirem,
741 921 802 959 vel
829 935 914 959 cum

47 977 173 1015 Oxou.
200 983 280 1016 tum
305 977 389 1016 illa.
428 977 542 1015 Prius
568 991 659 1015 vero
685 977 786 1015 Oud.
814 991 921 1029 prae-

49 1033 130 1072 sert.
158 1033 274 1086 [Mihi
291 1048 446 1084 qnoque
465 1047 536 1071 non
553 1035 650 1071 satis
664 1037 829 1077 constat,
855 1035 917 1083 qui

46 1089 236 1142 particula
258 1094 408 1134 tamen,
434 1103 534 1141 quae
560 1090 790 1140 optimorum
803 1089 915 1128 codd.

48 1146 161 1184 lectio
184 1150 264 1190 est,
290 1145 500 1184 defendere
520 1145 581 1184 hic
599 1160 644 1183 se
671 1146 815 1197 possit,
844 1147 913 1183 nisi

46 1216 129 1240 cum
145 1201 244 1240 Non.
266 1216 301 1253 p.
317 1205 409 1242 406.
431 1202 558 1240 dicas:
586 1203 757 1241 Tamen
785 1203 913 1252 ipsum

43 1259 254 1310 siynificat
275 1259 438 1296 statim
466 1258 604 1296 Plaut.
620 1258 832 1296 Rudente.-
865 1257 918 1296 st

47 1327 166 1366 quum
198 1315 378 1352 exiissem
411 1327 464 1352 ex
496 1327 604 1365 aqna
636 1327 820 1352 urerent
852 1318 914 1351 ta-

44 1384 141 1408 men
167 1373 206 1407 et
231 1369 337 1420 Virg.
359 1370 392 1406 in
414 1369 629 1407 Bucolicis:
661 1369 742 1407 Hic
766 1369 916 1407 hoedos

45 1426 225 1478 depone,
263 1430 418 1464 tamen
456 1426 650 1464 renienms
686 1426 728 1463 in
766 1425 911 1463 urbem.

44 1482 126 1520 Sed
157 1481 256 1519 haec
285 1481 465 1532 exempla
492 1495 565 1519 non
594 1481 848 1532 persuadent,
875 1485 911 1517 et

43 1542 84 1576 ut
108 1539 272 1589 quisque
298 1538 494 1589 intelligit,
520 1551 665 1576 merum
692 1537 912 1588 figmentum

44 1594 120 1632 hoc
144 1600 205 1632 est
229 1595 477 1645 grammatici.
514 1593 725 1632 Praeterea
751 1592 911 1632 forsitan

41 1652 156 1688 ctiam
182 1650 370 1702 particula
394 1650 444 1690 ad
469 1651 575 1701 prius
600 1650 834 1688 enuntiatum
861 1650 911 1687 ita

42 1707 174 1745 referri
201 1710 350 1758 potest,
385 1711 424 1745 nt
457 1707 569 1758 qnasi
601 1706 792 1757 apodosin
825 1720 911 1744 con-

42 1763 177 1809 tineat,
203 1766 268 1802 aut
292 1764 526 1814 cogitatione
545 1762 676 1813 aliqua
701 1763 910 1801 enuntiatio

40 1819 224 1858 addenda
253 1821 319 1865 sit,
353 1820 402 1858 ad
436 1833 549 1870 quam
581 1833 755 1870 sequens
782 1823 911 1857 tamen

41 1877 241 1928 pertineat.
267 1875 315 1915 cs.
342 1876 458 1914 Gron.
484 1876 533 1913 ad
560 1875 646 1914 Liv.
672 1874 818 1912 xxm.
850 1878 912 1915 19.

41 1931 72 1982 §.
86 1935 146 1972 12.
161 1931 291 1970 Burm.
307 1932 357 1970 ad
371 1932 484 1970 Ovid.
500 1931 657 1969 Heroid.
674 1930 744 1970 Xl.
763 1937 795 1970 1.
813 1935 848 1968 et
863 1930 910 1969 ad

41 1988 162 2027 Gratti
179 1988 325 2039 Cyneg.
341 1992 453 2033 336„
479 1992 519 2026 ut
536 1987 616 2025 fere
631 1987 705 2025 hoc
724 1987 913 2038 signitica-

40 2048 116 2083 tur:
132 2043 321 2091 Quamvis
334 2044 410 2082 iam
425 2057 523 2082 nunc
537 2042 822 2082 renuntiaturus
836 2056 914 2081 sar-

42 2101 137 2139 cinis
150 2104 190 2138 et
201 2113 277 2151 spe
291 2100 444 2152 plenus,
469 2113 532 2137 me
550 2100 653 2137 veris
673 2100 775 2137 initio
801 2103 913 2137 nacta

42 2157 218 2195 libertate
231 2169 344 2194 rosas
356 2159 592 2208 reperturum
614 2169 726 2201 esse,
753 2168 913 2205 quarum

42 2227 119 2264 ope
143 2213 178 2251 in
204 2213 403 2264 pristinam
429 2212 594 2251 hominis
627 2211 786 2250 sormam
816 2211 914 2249 redi-

41 2274 148 2308 turus
179 2282 330 2315 essem,
368 2268 495 2307 laetus
526 2274 566 2306 et
595 2268 773 2319 gaudens
805 2280 912 2319 prae-

40 2339 250 2370 cwrrerem,
276 2329 315 2363 et
339 2339 427 2364 mea
451 2329 558 2363 sorte
583 2338 683 2362 nunc
707 2327 912 2362 contentus

40 2383 193 2421 onmino
213 2395 358 2428 essem,
383 2385 511 2419 tamen
538 2395 601 2419 me
624 2381 781 2419 subibat
799 2381 914 2418 etiam

40 2438 109 2476 illa
143 2438 343 2489 cogitatio,
385 2452 447 2475 me
490 2438 667 2488 pluribus
702 2436 915 2474 honoribus

39 2495 335 2533 cohonestatum
349 2494 409 2540 iri,
434 2495 557 2532 sicubi
571 2493 826 2537 constitisset,
847 2491 915 2530 ho-

39 2551 181 2590 minem
205 2563 268 2588 me
293 2564 387 2588 esse
413 2550 588 2589 Lucium.
649 2549 731 2587 Sed
757 2562 917 2600 semper

39 2608 174 2646 nescio
200 2607 292 2659 quid
316 2607 430 2645 ieiuni
455 2610 493 2644 et
518 2605 676 2645 molesti
700 2605 800 2644 haec
824 2618 914 2643 con·

40 2665 136 2702 tinet
169 2663 390 2714 explicatio,
451 2663 552 2701 Hinc
583 2663 797 2713 putaverim
830 2665 910 2700 tum

38 2719 178 2758 melius
203 2733 298 2758 esse
324 2719 552 2770 legendum,
577 2730 812 2769 quamquam
835 2716 911 2755 boc

38 2775 294 2815 confitendum
319 2780 400 2822 est,
429 2774 656 2827 particulam
681 2774 733 2812 ita
759 2773 910 2811 deside-

39 2832 130 2878 rari,
167 2845 268 2883 quae
303 2833 411 2885 prius
455 2831 691 2870 enuntiatum
728 2843 815 2868 cum
850 2842 913 2867 se-

39 2891 183 2938 quente
212 2889 355 2928 arctius
387 2888 556 2940 copulet.
607 2887 816 2940 Frequens
846 2899 912 2925 co-

40 2944 213 2995 yt'tatio,
238 2945 342 2995 quod
361 2945 602 2984 librariorum
622 2955 752 2980 errore
773 2943 808 2980 in
824 2941 914 2980 edit.

42 2998 167 3039 Calin.
198 3000 347 3040 videtur
378 3001 606 3052 irrepsisse,
644 3013 720 3037 non
751 2998 915 3050 probum

42 3059 118 3094 est.
165 3054 268 3095 Nam
301 3071 378 3096 non
415 3057 640 3109 frequenter
675 3055 751 3094 hoc
781 3054 915 3092 asinus

42 3111 238 3162 cogitavit,
263 3114 336 3153 sed
349 3126 397 3154 ea
411 3126 568 3166 quoque
583 3112 703 3152 subiit
717 3110 914 3163 cogitatio,

956 556 1054 581 lanto
1069 560 1180 582 ornnes
1193 552 1285 581 codd.
1299 553 1428 586 praeter
1440 549 1477 577 F.
1491 549 1522 576 3.
1537 548 1573 575 G.
1591 548 1619 574 1.
1633 547 1665 575 2.
1678 547 1715 574 D.
1731 546 1767 574 P.
1782 545 1804 574 f.
1818 551 1851 580 ρ.

978 711 1024 735 se
1067 696 1260 735 hominem
1304 694 1445 733 sactum
1488 689 1607 729 multo
1644 687 1851 727 maioribus

977 752 1173 791 beneficiis
1198 751 1381 790 affectum
1412 749 1466 787 iri.
1524 745 1602 784 Pro
1637 757 1744 783 more
1779 757 1851 782 suo

979 808 1220 860 negligenter
1244 807 1320 846 hoc
1344 806 1457 844 vertit
1481 804 1671 854 interpres
1703 799 1852 839 franco-

976 865 1125 915 gallus:
1156 864 1185 902 ll
1221 877 1284 901 me
1310 862 1440 900 venait
1462 862 1588 899 meme
1612 860 1780 896 souvent
1804 868 1851 894 en

975 924 1142 972 pensee,
1174 925 1213 959 et
1243 919 1400 958 Rodius
1432 930 1521 955 eum
1551 926 1742 966 sequens:
1775 912 1854 964 oft

982 978 1087 1029 Ι(μήῃ
1107 978 1182 1015 mir
1202 976 1310 1016 anch
1325 976 1399 1014 cler
1416 973 1615 1014 Godana-e
1628 969 1761 1010 durch
1775 970 1854 1009 den

982 1034 1102 1077 Sina,
1131 1035 1194 1083 qui
1220 1036 1340 1070 totam
1368 1028 1635 1068 difficultatem
1661 1024 1825 1077 omisit]

1024 1090 1138 1128 asino
1152 1103 1239 1128 meo
1254 1088 1427 1127 tributis.
1442 1084 1552 1124 Male
1567 1081 1853 1123 omnin0VVOw.

976 1149 1015 1182 et
1044 1158 1158 1195 seqq.
1195 1147 1427 1194 receperunt
1463 1141 1694 1192 scripturam
1730 1137 1855 1176 solius

975 1201 1059 1238 cod.
1072 1200 1262 1240 Fulviani.
1277 1200 1395 1238 asi-no
1409 1197 1534 1236 modo
1548 1197 1724 1240 tributis,
1740 1207 1855 1245 quam

976 1258 1111 1294 merito
1139 1255 1314 1307 explosit
1328 1253 1515 1292 Pricaeus
1530 1257 1569 1291 et
1588 1252 1732 1304 optime
1755 1263 1855 1295 meo,

976 1317 1015 1350 ut
1040 1312 1133 1350 dant
1160 1311 1277 1350 ceteri
1306 1310 1390 1348 libri
1418 1314 1458 1348 et
1473 1309 1571 1347 Edd.
1589 1308 1751 1359 priores,
1776 1307 1855 1344 vin-

975 1368 1128 1406 dicavit.
1167 1366 1324 1406 Passim
1341 1367 1394 1404 ita
1408 1366 1459 1404 de
1472 1379 1536 1411 se,
1562 1368 1603 1402 ut
1617 1364 1740 1410 asino,
1766 1363 1857 1400 dicit

973 1426 1110 1463 asinus
1143 1438 1266 1468 mens,
1306 1423 1395 1473 quia
1428 1423 1514 1459 eius
1548 1420 1687 1466 forma,
1725 1431 1856 1469 quam-

973 1494 1090 1531 quam
1110 1481 1170 1517 sui
1193 1493 1265 1518 non
1294 1478 1462 1530 propria,
1491 1481 1618 1514 tamen
1645 1476 1698 1514 ita
1721 1487 1856 1513 secum

976 1537 1181 1574 coniuncta
1215 1539 1317 1580 erat,
1356 1539 1395 1572 ut
1432 1534 1481 1572 ad
1521 1545 1632 1570 suam
1669 1535 1855 1577 naturam,

976 1597 1087 1644 prout
1112 1606 1176 1630 res
1203 1596 1304 1637 erat,
1338 1591 1564 1642 pertineret.
1589 1588 1638 1626 cf.
1665 1587 1761 1626 Met.
1788 1585 1854 1626 lX.

975 1663 1009 1700 p.
1021 1652 1114 1690 619.
1126 1649 1230 1688 Nam
1239 1653 1276 1687 et
1290 1650 1377 1700 ipse
1389 1645 1706 1699 yratosyratias
1718 1645 1821 1684 asin
1833 1657 1856 1682 o

974 1720 1070 1744 meo
1097 1705 1272 1747 memini,
1313 1704 1430 1756 quod
1465 1716 1532 1742 me
1566 1715 1650 1741 suo
1681 1700 1857 1740 celatum

973 1763 1148 1814 teymine.
1163 1762 1369 1813 variisque
1380 1760 1565 1812 fortunis
1573 1758 1855 1801 exercitatum,

974 1819 1047 1856 etsi
1064 1819 1194 1856 urinas
1209 1817 1475 1868 prudentem,
1503 1814 1744 1854 multiscium
1766 1813 1856 1851 red-

976 1874 1099 1912 «liam.
1126 1872 1223 1911 Met.
1238 1871 1307 1910 xl.
1323 1884 1362 1922 p.
1377 1875 1472 1911 785.
1495 1876 1619 1923 atque
1642 1869 1703 1909 ad
1725 1870 1857 1921 ipsum

977 1930 1128 1975 loc-um,
1157 1943 1239 1981 quo
1259 1928 1406 1979 pridie
1431 1940 1557 1966 meus
1580 1924 1858 1965 stabulaverat

976 1987 1159 2029 asinus,
1183 1985 1454 2037 pervenimus.
1479 1983 1576 2021 Met.
1593 1980 1678 2020 Vll.
1704 1995 1742 2033 p.
1762 1985 1856 2023 502.

982 2043 1165 2081 Ceterum
1218 2041 1362 2079 titione
1413 2039 1633 2078 delirantis
1685 2037 1857 2078 Altheae

976 2098 1233 2149 Meleager
1257 2097 1425 2135 asinus
1451 2096 1674 2134 interiisset.
1722 2092 1775 2133 Et
1798 2095 1856 2132 sic

977 2157 1107 2194 contra
1121 2153 1172 2190 de
1184 2166 1249 2198 se,
1277 2156 1317 2191 ut
1336 2151 1512 2196 homine,
1538 2151 1630 2190 dicit
1649 2165 1760 2192 meus
1774 2150 1855 2191 Lu-

977 2211 1074 2250 cius.
1099 2209 1147 2248 cf.
1169 2208 1220 2248 X.
1242 2222 1278 2260 p.
1302 2212 1395 2249 734.
1417 2208 1702 2260 promicarent
1724 2220 1855 2252 rosae,

975 2267 1045 2317 qni
1068 2279 1130 2305 me
1143 2266 1284 2317 priori
1311 2278 1408 2303 meo
1436 2264 1595 2304 Lucio
1621 2263 1854 2303 redderent.

975 2323 1072 2362 Met.
1084 2320 1155 2359 XI.
1170 2335 1206 2372 p.
1222 2325 1315 2362 755.
1330 2321 1462 2360 redde
1477 2334 1536 2359 me
1560 2333 1657 2359 meo
1683 2320 1753 2359 Lu
1764 2322 1852 2359 cio.

978 2380 1046 2417 Sic
1070 2378 1217 2416 Arnob.
1244 2377 1270 2416 l.
1297 2391 1329 2415 c.
1358 2380 1421 2418 65.
1460 2377 1694 2416 hominem
1723 2390 1854 2416 suum

976 2435 1047 2480 ait,
1086 2447 1202 2486 quem
1235 2434 1411 2472 induerat
1442 2433 1628 2472 Servator
1660 2431 1851 2477 Christus,

977 2492 1027 2530 de
1052 2504 1130 2541 quo
1156 2494 1271 2528 antea
1296 2490 1458 2528 dixerat.

1032 2547 1160 2588 multo
1192 2551 1319 2586 tanto.
1369 2545 1457 2599 [De
1488 2546 1563 2586 hac
1592 2545 1760 2584 dictione
1790 2557 1851 2584 ac-

977 2605 1146 2642 curatius
1160 2604 1232 2642 iam
1247 2602 1390 2642 dictum
1406 2607 1468 2641 est
1481 2603 1531 2642 ad
1539 2600 1850 2653 MetV1.p.382.

973 2659 1115 2698 Mirum
1141 2664 1220 2703 est,
1247 2659 1443 2710 quomodo
1476 2659 1636 2710 saepius
1668 2657 1780 2697 codd.
1814 2659 1850 2697 in

975 2715 1182 2755 lectionem
1207 2716 1334 2755 multo
1359 2719 1472 2754 tanta
1504 2716 1685 2754 aberrare
1716 2718 1850 2767 potue-

974 2773 1046 2810 rint
1070 2771 1188 2823 longe
1213 2771 1358 2823 optimi.
1384 2769 1443 2809 lta
1466 2770 1542 2809 hoc
1567 2772 1654 2809 loco
1677 2770 1849 2822 loeuple-

974 2828 1114 2867 tissimi
1146 2828 1305 2866 codices
1336 2827 1525 2878 praebent
1562 2826 1689 2866 multo
1721 2832 1848 2873 tanta,

975 2898 1048 2923 nec
1071 2883 1182 2923 aliter
1207 2884 1322 2922 iidem
1350 2880 1444 2922 Met.
1471 2882 1521 2921 X.
1547 2896 1584 2934 p.
1612 2887 1702 2924 717.
1728 2883 1850 2934 Apol.

977 2955 1015 2992 p.
1042 2944 1135 2981 386.
1161 2940 1330 2993 optimus
1356 2939 1443 2978 cod.
1469 2939 1640 2979 Florent.
1667 2942 1703 2980 3.
1731 2939 1852 2978 habet

977 2997 1106 3037 multo
1142 3001 1277 3041 tanto,
1318 2995 1490 3033 Floreat.
1530 3008 1620 3032 vero
1658 3001 1692 3035 1.
1724 2996 1850 3036 multo

978 3057 1107 3101 tanta3
1127 3053 1231 3091 idem
1244 3054 1407 3104 peccant
1422 3050 1521 3089 Pith.
1536 3055 1575 3090 ct
1584 3050 1850 3103 Limnoria.

976 3122 1014 3161 p.
1040 3113 1125 3158 90.;
1150 3108 1225 3147 sed
1251 3108 1300 3147 de
1325 3107 1413 3147 Deo
1440 3108 1551 3146 Socr.
1576 3121 1612 3161 p.
1644 3112 1754 3154 144..
1784 3109 1851 3154 ubi

1475 3175 1529 3218 37
