2155 3590
711 129 898 171 LIBER
929 130 977 170 V.
1038 128 1164 170 CAP.
1195 128 1244 168 V.
1775 127 1857 170 319

660 335 1086 384 CAPUT
1201 334 1263 381 V.

181 465 244 507 Ea
274 474 388 509 nocte
419 467 468 508 ad
499 481 608 508 suam
631 466 824 523 Psychem
856 468 922 521 sic,
943 469 1029 508 infit
1052 468 1236 509 maritus:
1269 466 1455 521 (namque
1480 469 1638 517 praeter
1661 463 1795 505 oculos
1820 471 1861 505 et

72 523 249 564 manibus
270 531 309 564 et
326 524 484 564 auribus
505 524 782 577 sentiebatur).
816 523 971 580 Psyche
991 523 1238 580 dullcissima
1256 528 1295 563 et
1308 534 1399 562 cara
1420 534 1539 570 uxor,
1567 519 1769 561 exitiabile
1790 520 1858 561 tibi
1885 533 1949 568 328

70 579 283 636 periculum
313 580 485 620 minatur
514 581 673 621 fortuna
702 581 881 631 saevior,
915 582 1015 634 quod
1047 579 1333 622 observandum
1363 576 1561 632 pressiore
1591 576 1744 616 cautela
1769 590 1859 617 cen-

71 650 154 677 seo.
204 635 372 677 Sorores
403 637 479 676 iam
512 644 599 677 tuae
630 637 767 678 mortis
799 637 981 691 opinione
1007 637 1186 678 turbatae
1211 643 1395 689 tuumque
1420 632 1630 686 vestigium
1655 633 1859 686 requiren-

70 700 150 743 tes,
178 694 376 747 scopulum
402 694 517 733 istum
544 694 721 747 protinus
747 695 927 734 aderunt.
966 693 1141 747 Quarum
1166 692 1200 733 si
1225 705 1321 745 quas
1347 692 1449 731 forte
1473 689 1774 730 lamentationes
1799 703 1859 729 ac-

73 749 243 803 ceperis,
277 763 402 803 neque
433 751 694 803 respondeas,
729 751 845 790 immo
876 764 948 790 nec
979 749 1195 804 prospicias
1222 747 1394 789 omnino.
1445 744 1633 787 Ceterum
1658 745 1752 785 mihi
1776 745 1860 799 qui-

69 806 154 846 dem
180 806 455 860 gravissimum
482 807 670 858 dolorem,
706 806 774 847 tibi
805 821 901 847 vero
926 820 1118 846 summum
1150 804 1302 846 creabis
1334 802 1515 844 exitium.
1565 801 1720 842 Annuit
1744 809 1783 842 et
1808 815 1860 842 ex

72 861 235 902 arbitrio
266 862 396 903 mariti
428 877 469 904 se
501 862 715 918 falcturam
742 863 962 917 spopondit.
1013 862 1091 903 Sed
1122 876 1168 903 eo
1194 860 1310 902 simul
1336 874 1422 900 cum
1447 865 1561 899 nocte
1586 858 1734 913 dilapso
1759 857 1858 898 diem
1885 870 1983 916 [151]

69 918 254 974 lacrymis
289 933 335 959 ac
372 919 624 974 plangoribus
660 920 812 960 misella
847 918 1061 969 consumit,
1102 932 1144 959 se
1181 932 1283 958 nunc
1318 916 1492 957 maxime
1523 928 1686 969 prorsus
1710 914 1860 969 perisse

158 1044 319 1084 Psychem
333 1049 368 1077 F.
384 1049 412 1077 1.
427 1049 457 1077 3.
473 1049 508 1078 G.
524 1050 552 1077 1.
566 1050 598 1077 2.
611 1049 650 1077 D.
665 1048 700 1077 B.
746 1047 856 1085 inquit
872 1056 925 1083 pro
940 1045 1016 1083 infit
1030 1049 1065 1076 G.
1085 1048 1112 1076 1.
1128 1054 1148 1075 a
1161 1054 1201 1075 m.
1216 1054 1246 1081 p.
1295 1053 1373 1072 nam
1387 1052 1442 1079 pro
1455 1051 1598 1082 namque
1616 1044 1656 1073 R.
1673 1043 1694 1072 f.
1716 1046 1860 1080 praeter

70 1090 173 1120 oculis
187 1094 225 1122 R.
240 1093 261 1122 f.
275 1095 310 1122 G.
327 1095 356 1122 1.
384 1092 498 1121 aculus
513 1095 549 1123 G.
564 1095 593 1122 2.
608 1095 646 1121 D.
694 1095 729 1120 et
741 1092 880 1121 auribus
899 1095 1011 1121 exulat
1029 1099 1048 1120 a
1068 1093 1104 1120 G.
1120 1092 1149 1120 1.
1164 1098 1184 1120 a
1197 1099 1237 1120 m.
1251 1098 1281 1125 p.
1300 1091 1357 1119 sed
1377 1090 1410 1118 in
1424 1090 1569 1125 margine
1582 1096 1603 1117 a
1615 1096 1656 1118 m.
1669 1097 1697 1118 s.
1710 1090 1860 1124 suppleta

69 1142 116 1167 est
129 1139 259 1167 lacuna.
309 1138 447 1166 auribus
462 1137 517 1165 ille
529 1137 617 1166 nihil
628 1137 840 1166 sentiebatur
854 1140 889 1166 G.
907 1139 934 1166 1.
949 1138 983 1166 P.
998 1138 1033 1166 0.
1047 1138 1085 1165 R.
1100 1136 1121 1164 f.
1141 1137 1177 1165 F.
1191 1137 1222 1164 3.
1248 1134 1326 1170 (sed
1343 1133 1400 1161 ille
1418 1142 1460 1163 ex
1479 1130 1694 1173 correctione)
1720 1133 1860 1162 auribus

67 1180 154 1210 m’ln'l
164 1183 374 1211 sentiebatur
386 1185 423 1212 F.
439 1185 467 1212 1.
482 1181 510 1212 δ,
525 1191 546 1212 a
558 1192 598 1212 m.
612 1192 642 1218 p.
668 1186 699 1210 et
715 1181 800 1210 nihil
812 1182 952 1210 auribus
965 1180 1052 1209 m’ln'l
1062 1180 1275 1209 sentiebatur
1287 1188 1325 1208 π.
1349 1179 1489 1207 auribus
1502 1178 1682 1207 exitiabile
1700 1177 1756 1207 ille
1775 1176 1864 1206 m'ln‘l

68 1229 150 1255 sent.
166 1229 201 1257 G.
216 1230 246 1257 2.
261 1230 298 1257 D.
323 1227 462 1256 auribus
475 1227 540 1256 hiis
554 1226 640 1255 nt'lu'l
651 1236 681 1262 p.
707 1228 812 1257 Ceteri
826 1228 914 1255 codd.
928 1230 956 1256 et
971 1228 1042 1255 edd.
1056 1230 1132 1254 vett.
1165 1224 1306 1253 auribus
1324 1223 1544 1253 sentiebatur.
1591 1222 1755 1261 Psya-hem
1773 1221 1859 1252 dulc.

69 1274 104 1301 G.
117 1274 148 1302 2.
161 1275 200 1302 D.
225 1272 376 1310 Psychen
391 1272 456 1302 dal.
471 1275 506 1303 G.
523 1275 552 1302 1.
577 1271 720 1301 exitiale-
734 1270 762 1301 δ.
778 1273 799 1300 f.
814 1273 908 1301 solito
921 1280 1038 1300 errore.
1085 1269 1278 1298 emecrabile
1292 1278 1321 1304 p.
1369 1270 1506 1296 saevior
1517 1270 1651 1298 Vulc.2.
1665 1269 1706 1297 cf.
1720 1272 1797 1298 Met.
1805 1271 1860 1298 ΠΙ.

68 1325 95 1352 p.
114 1319 186 1347 198.
210 1320 264 1348 IV.
282 1327 309 1353 p.
324 1320 398 1347 263.
434 1319 617 1354 opinionem
630 1318 758 1347 Vicent.
796 1316 963 1344 adderam
979 1318 1016 1345 G.
1032 1316 1062 1344 1.
1087 1314 1189 1343 adera
1203 1316 1251 1343 ed.
1265 1323 1310 1349 pr.
1337 1312 1452 1341 adiere
1466 1316 1548 1342 lunt.
1566 1315 1594 1343 1.
1608 1315 1723 1344 Vener.
1737 1316 1769 1342 2.
1782 1315 1859 1343 ΑΜ.

68 1366 96 1391 et
112 1363 255 1398 reliquae
270 1365 338 1392 edd.
353 1367 427 1392 aine
439 1365 585 1392 Xvaer.
630 1370 736 1399 neque
752 1365 862 1389 tamen
876 1359 1077 1398 respondens
1091 1361 1156 1396 legi
1171 1361 1204 1389 in
1219 1360 1239 1388 f.
1253 1364 1282 1388 el
1297 1361 1334 1388 R.
1356 1363 1492 1387 testatur
1504 1360 1667 1396 noaldus,
1691 1360 1769 1388 Oud.
1783 1366 1860 1388 vero

67 1413 219 1443 excerpta
233 1411 544 1446 praebebantneque
552 1406 750 1436 eamendeus
765 1407 1025 1442 [Sedlibrarium
1040 1413 1169 1435 errasse
1183 1404 1376 1440 putaverim.
1389 1404 1467 1433 Sine
1481 1404 1577 1432 dubio
1591 1404 1676 1433 enim
1690 1408 1766 1433 nota
1777 1404 1862 1433 scri-

65 1457 154 1488 ptum
166 1458 232 1483 erat
252 1452 388 1490 lssndeus
402 1454 422 1482 i.
437 1463 463 1483 e.
477 1451 678 1490 respondeas
690 1474 698 1490 ,
713 1454 795 1487 quod
809 1453 906 1481 facile
920 1452 953 1480 in
968 1451 1040 1479 Ιᾶηι
1065 1449 1145 1478 deas
1160 1451 1180 1479 i.
1197 1459 1224 1480 e.
1238 1452 1349 1477 tamen
1363 1450 1453 1478 abire
1466 1447 1597 1484 poluit.)
1633 1456 1737 1486 neque
1745 1456 1860 1485 prosp.

71 1500 106 1529 P.
149 1499 350 1536 perspicuas
368 1501 406 1528 R.
455 1499 619 1536 respicias
633 1500 669 1527 G.
683 1499 714 1526 2.
762 1497 867 1533 πίω-ο
883 1496 944 1525 cibi
957 1499 993 1526 G.
1006 1498 1037 1525 2.
1052 1497 1086 1525 Ρ.
1100 1500 1130 1525 et
1143 1497 1182 1524 D.
1195 1502 1216 1524 a
1228 1503 1268 1524 m.
1282 1503 1313 1530 p.
1361 1493 1621 1533 sesefacturum
1635 1495 1670 1523 Ο.
1716 1502 1790 1521 cum
1809 1493 1861 1521 Ia-

69 1566 191 1603 cryme's
203 1567 240 1596 F.
255 1568 322 1596 1.et
334 1563 363 1595 δ.
379 1565 471 1604 (puto
484 1575 540 1603 per
553 1566 773 1601 compendium
787 1564 943 1599 scriptum
958 1563 1063 1592 fuisse
1079 1537 1121 1591 tri*
1142 1563 1163 1592 i.
1175 1572 1204 1593 e.
1225 1564 1331 1591 totum
1345 1561 1428 1596 quod
1441 1561 1596 1591 librarius
1612 1568 1710 1596 prave
1724 1561 1862 1591 mutavit

67 1612 102 1640 in
115 1611 201 1647 con.)
250 1611 399 1640 missella
412 1614 448 1642 G.
463 1614 492 1641 1.
542 1611 708 1639 mac-‚rime
723 1613 759 1640 G.
775 1613 805 1640 1.
846 1609 973 1647 periise
987 1605 1016 1638 δ.
1029 1612 1059 1638 et
1073 1610 1143 1638 edd.
1158 1610 1241 1638 Elm.
1256 1608 1361 1637 Scriv.
1377 1607 1461 1636 Prie.

126 1710 211 1749 cip.
235 1710 285 1750 V.
320 1711 501 1750 manibus
531 1716 570 1750 et
598 1710 764 1750 auribus
794 1710 933 1749 sentie-

69 1767 200 1808 batur.
256 1767 533 1806 Diversissima
562 1771 625 1806 est
653 1766 766 1805 huius
798 1765 871 1804 loci
896 1766 932 1803 in

69 1823 181 1863 codd.
206 1823 338 1870 lectio,
369 1827 496 1862 tamen
522 1824 591 1870 ita,
620 1827 663 1862 ut
687 1823 818 1874 optimi
854 1822 932 1874 qui-

70 1893 145 1930 que
173 1881 280 1919 m'ln'l
307 1884 396 1919 ante
425 1881 673 1920 sentiebatur
703 1879 839 1918 acriter
869 1878 934 1916 de—

69 1935 245 1984 fendant,
275 1936 450 1989 plerique
481 1937 552 1976 ille
576 1940 668 1988 post
692 1936 858 1975 auribus
882 1935 934 1973 in-

68 1992 230 2031 trudant.
288 1993 409 2032 Nihil
429 1994 580 2044 probari
605 2006 679 2030 non
704 2004 846 2044 posse,
878 1989 933 2030 sa-

69 2048 210 2087 cillime
236 2053 367 2101 potest
391 2048 501 2096 effici,
528 2061 644 2099 quum
663 2047 856 2100 Apuleius
881 2047 933 2085 in-

70 2105 197 2145 dicare
215 2105 321 2151 velit,
340 2105 524 2144 Amorem
543 2105 647 2156 tangi
667 2108 705 2142 et
723 2104 843 2142 audiri
862 2116 935 2142 nec

69 2165 196 2200 tamen
233 2162 406 2213 conspici
441 2161 630 2213 potuisse.
687 2159 799 2199 Haec
833 2160 934 2198 enim

70 2217 228 2265 addidit,
246 2222 288 2257 ut
307 2217 500 2270 quomodo
522 2219 605 2256 eius
618 2229 837 2255 sermonem
851 2229 935 2269 per-

71 2275 200 2327 cipere
242 2278 280 2313 et
320 2274 525 2327 amplexus
561 2274 704 2312 sentire
740 2273 936 2325 potuisset

70 2329 245 2382 Psyche,
260 2330 485 2370 declararet.
531 2329 632 2369 Hinc
644 2333 860 2368 commotus
875 2332 936 2368 est

72 2385 186 2434 Oud.‚
210 2391 252 2427 ut
274 2388 393 2441 viyilt‘
416 2387 657 2433 emendaret,
688 2387 710 2424 i.
737 2399 770 2425 e.
795 2399 819 2424 a
841 2385 935 2437 vigi-

72 2443 187 2490 lante,
223 2457 296 2482 nec
331 2444 544 2482 dormiente
578 2442 749 2494 Psyche.
820 2440 937 2488 Quod

71 2499 188 2540 valde
220 2499 420 2539 ridiculum
455 2503 527 2539 est.
587 2499 663 2546 Qui
694 2499 795 2537 enim
825 2498 935 2537 aliter

71 2568 160 2595 eum
189 2558 332 2595 sentire
363 2560 403 2595 et
432 2556 565 2596 audire
596 2559 747 2607 poterat
775 2554 936 2606 Psyche

71 2613 143 2651 nisi
162 2612 328 2665 vigilans
347 2616 386 2651 et
404 2611 705 2664 expergefacta?
736 2610 821 2663 Ego
843 2624 934 2662 quo-

71 2668 186 2708 modo
212 2669 298 2708 loco
323 2682 556 2715 succurram,
582 2669 729 2708 nescio.

129 2725 313 2766 aderunt.
372 2725 494 2765 Falso
526 2724 734 2764 nonnullae
758 2722 847 2763 edd.
872 2723 938 2763 ha-

72 2779 165 2820 bent
188 2782 348 2822 adiere.-
388 2785 530 2834 postea
560 2783 660 2819 enim
690 2780 843 2819 demum
872 2780 938 2819 ad-

74 2838 227 2877 veniunt
249 2852 417 2878 sorores.
475 2837 623 2877 Exorta
646 2840 708 2876 est
730 2835 800 2875 illa
821 2836 936 2876 lectio

75 2905 126 2931 ex
142 2893 352 2946 ignorantia
375 2895 574 2940 editorum,
601 2895 665 2944 qui
678 2894 938 2932 accusativum

77 2962 160 2988 cum
189 2951 306 2991 verbo
337 2952 476 2992 adesse
505 2951 672 2989 iunctum
696 2964 770 2988 non
796 2949 931 2988 intelli-

77 3005 229 3056 gebant.
285 3008 369 3047 Sed
394 3007 440 3046 cf.
467 3007 563 3046 Met.
584 3006 628 3046 11.
653 3021 690 3058 p.
709 3010 798 3047 114.
824 3011 934 3046 taum

78 3061 302 3104 cubiculum
326 3064 474 3110 adero,
504 3064 568 3102 ubi
594 3063 733 3102 eadem
757 3066 820 3101 est
842 3062 933 3102 scri-

77 3120 209 3169 pturae
255 3119 521 3172 discrepantia.
593 3119 785 3171 [Saepius
834 3119 934 3157 enim

990 1708 1121 1754 verba,
1146 1721 1248 1759 quae
1273 1720 1358 1745 cum
1384 1706 1736 1758 praepositionibus
1762 1719 1861 1745 com-

989 1765 1121 1817 posita
1155 1768 1265 1809 sunt,
1302 1776 1436 1802 casum
1467 1775 1598 1801 earum
1627 1762 1860 1802 adsciscunt.

991 1822 1049 1860 lta
1078 1820 1162 1860 Liv.
1193 1819 1322 1858 XLV.
1354 1823 1417 1860 28.
1451 1819 1481 1871 ξ.
1515 1823 1553 1860 8.
1583 1832 1718 1857 omnes
1748 1818 1863 1858 codd.

993 1878 1170 1917 videntur
1194 1889 1448 1929 perseverare
1484 1876 1520 1914 in
1553 1877 1741 1926 scriptura
1772 1875 1860 1915 Am-

987 1934 1196 1987 phipolim
1209 1933 1361 1978 adesse,
1388 1931 1491 1983 quod
1511 1931 1608 1970 Duk.
1634 1932 1670 1971 in
1693 1930 1859 1983 Amphi-

986 1990 1080 2043 poli
1104 1990 1265 2028 mutavit
1289 2001 1339 2026 ex
1363 1988 1449 2027 loco
1470 2000 1557 2039 seq.
1579 2001 1662 2039 cap.
1685 1987 1714 2039 ξ.
1740 1993 1776 2034 1,
1795 1988 1858 2026 ubi

992 2059 1128 2086 onmes
1152 2045 1265 2085 codd.
1287 2044 1529 2098 Amphipoli
1553 2045 1755 2096 praebent,
1780 2043 1859 2082 lau-

992 2103 1107 2142 datus
1132 2102 1200 2141 ille
1223 2102 1272 2140 ab
1297 2100 1398 2140 Oud.
1425 2100 1474 2139 ad
1499 2100 1594 2140 Met.
1624 2099 1671 2140 Il.
1693 2113 1731 2153 p.
1755 2105 1859 2147 114„

993 2160 1057 2211 qui
1081 2159 1286 2198 dictionem
1299 2156 1454 2209 Apuleii
1478 2160 1517 2195 et
1529 2156 1630 2196 Livii
1650 2157 1764 2196 valde
1783 2156 1860 2195 dis-

993 2228 1152 2267 crepare
1182 2215 1410 2267 pronuntiat.
1459 2212 1545 2265 Ego
1576 2217 1703 2252 tamen
1730 2217 1861 2253 contra

994 2272 1105 2312 codd.
1150 2271 1241 2311 nihil
1283 2274 1399 2310 muto.
1469 2269 1664 2322 Apuleius
1699 2270 1860 2322 saepius

992 2329 1094 2368 hanc
1106 2328 1428 2368 constructionem
1442 2330 1602 2366 secutus
1616 2330 1690 2373 est,
1708 2331 1750 2365 ut
1762 2326 1860 2365 Met.

993 2384 1061 2424 Vl.
1093 2398 1129 2437 p.
1161 2388 1255 2425 436.
1293 2384 1493 2423 delicatas
1521 2383 1686 2423 voculas
1717 2383 1859 2422 αιΖΙιίη-

992 2442 1082 2481 nire
1105 2445 1147 2480 ut
1162 2440 1290 2479 Plaut.
1315 2439 1420 2491 apud
1433 2438 1556 2478 Prisc.
1571 2438 1635 2479 Ill.
1651 2444 1685 2480 7.
1712 2452 1750 2491 p.
1770 2443 1846 2480 136

992 2497 1129 2538 Krehl.
1143 2511 1166 2536 e
1181 2496 1329 2537 Cistell.
1344 2496 1479 2548 fragm.
1495 2495 1724 2536 Adhinnire
1738 2509 1859 2548 equu-

994 2554 1075 2594 lam
1101 2568 1278 2608 possum.
1338 2552 1420 2591 Sed
1452 2552 1500 2593 cf.
1531 2551 1664 2603 fragm.
1690 2551 1751 2591 ed.
1777 2550 1860 2590 Mai

991 2624 1032 2663 p.
1054 2614 1130 2658 19.,
1148 2611 1212 2649 ubi
1231 2613 1320 2650 ante
1340 2608 1528 2662 eqnulam
1547 2609 1765 2647 distinctum
1787 2611 1858 2647 est.

992 2666 1049 2706 lta
1062 2671 1153 2720 puto
1169 2666 1295 2705 locum
1309 2665 1464 2705 defendi
1478 2678 1600 2717 posse
1615 2663 1730 2704 Ovid.
1743 2663 1857 2702 Rem.

994 2723 1082 2763 Am.
1109 2727 1200 2766 634.
1226 2724 1291 2762 ubi
1321 2721 1369 2762 cf.
1400 2721 1531 2760 Burm.
1563 2720 1778 2761 Accubans
1807 2721 1858 2760 le-

996 2785 1102 2820 ctum
1119 2779 1218 2819 Met.
1231 2779 1280 2819 V.
1300 2792 1338 2831 p.
1353 2781 1446 2819 329.
1467 2777 1517 2817 cf.
1536 2777 1632 2816 Met.
1646 2775 1699 2816 X.
1714 2790 1750 2829 p.
1766 2780 1858 2817 715.

994 2835 1044 2877 cs.
1068 2836 1196 2875 Rudd.
1221 2834 1266 2874 11.
1291 2848 1328 2887 p.
1357 2838 1435 2875 135
1461 2833 1567 2886 sqq]

1051 2892 1229 2933 lacrimis
1265 2891 1471 2931 consumit.
1536 2889 1722 2928 Defendit
1756 2888 1858 2929 oud.

989 2949 1195 2988 lectionem
1221 2946 1380 2987 codd.F
1398 2952 1431 2987 1.
1446 2948 1530 2985 eta.
1556 2960 1645 2986 cam
1669 2946 1858 2993 lacrimis,

990 3010 1032 3045 ut
1056 3006 1158 3044 diem
1183 3003 1297 3043 simul
1323 3007 1362 3042 et
1386 3003 1564 3042 lacrimas
1585 3002 1744 3054 Psyche
1771 3015 1859 3041 con-

991 3062 1185 3101 sumserit.
1243 3059 1377 3098 Perdit
1402 3060 1502 3098 enim
1526 3063 1566 3098 et
1590 3059 1782 3098 consumit
1806 3059 1859 3099 la-

992 3118 1149 3166 crimas,
1187 3118 1249 3169 qui
1286 3130 1355 3156 eas
1391 3115 1649 3169 nequidquam
1687 3115 1857 3155 effundit.
