2221 3667
331 130 414 174 752
583 128 629 170 L.
659 128 880 169 APULEII
909 129 1309 169 MADAURENSIS
1332 130 1874 172 METAMORPHOSEON

331 241 489 295 pissem.
538 239 652 280 Tunc
677 239 820 281 clausis
845 240 1115 294 obseratisque
1138 254 1256 295 super
1281 255 1341 282 me
1367 241 1538 291 foribus,
1565 242 1795 284 obsidebant
1818 245 1878 284 1ο(
1884 258 1961 291 um
1989 243 2113 297 quoad

330 298 417 337 sine
442 297 519 336 ullo
545 297 810 337 concessionis
836 311 931 338 suae
956 297 1128 351 periculo
1155 297 1347 351 pestilenti
1352 311 1398 338 le
1419 298 1467 337 let
1473 298 1545 338 'ilis
1566 299 1763 352 pervicaci
1780 301 1889 340 rabie
1910 313 2113 354 possessus

330 366 377 392 ac
396 366 556 407 peresus
576 352 819 394 absumerer.
853 353 941 406 Quo
964 355 1066 393 sacto
1086 354 1239 393 tandem
1260 354 1480 393 libert-uem
1500 361 1686 404 nanctus,
1714 355 1913 396 solitariae
1934 358 2115 396 lortunae

330 423 472 449 munus
495 409 720 462 amplexus,
749 423 866 464 super
890 416 1131 449 construum
1156 410 1298 450 lectum
1323 410 1498 451 abiectus
1522 417 1611 464 post
1632 411 1795 451 multum
1819 412 1995 465 equidem
2020 419 2116 452 tem-

330 465 437 519 poris
462 478 640 505 somnum
667 465 875 505 humanum
901 465 1045 518 quievi.

329 557 534 596 irrupissent
556 561 596 589 D.
643 566 745 596 super
766 567 816 586 me
841 560 956 588 desunt
981 556 1011 587 δ.
1057 558 1192 596 foribus
1215 567 1317 596 snper
1340 568 1390 587 me
1415 560 1436 589 f.
1483 559 1705 589 concessionis
1732 559 1884 598 periculo
1915 569 1997 589 snae
2026 563 2062 591 G.
2086 564 2115 591 1.

328 604 505 641 peruia-aci
521 606 556 633 G.
579 607 609 633 1.
630 606 667 633 D.
715 604 815 632 rabia
834 605 883 633 ed.
903 612 949 638 pr.
968 605 1095 633 virent.
1114 606 1228 634 Venet.
1248 607 1279 634 2.
1327 612 1520 633 assumet-er
1538 608 1574 634 G.
1598 607 1624 635 1.
1645 608 1676 634 2.
1696 607 1734 635 D.
1749 608 1786 635 L.
1801 606 1822 635 f.
1871 604 2068 634 adsumerer
2080 609 2116 636 P.

330 649 522 677 absumeret·
535 647 563 678 ὃ.
611 652 755 677 nam-eus
768 651 803 678 1⁴¹.
819 651 850 678 3.
874 652 992 677 nectus
1005 651 1041 678 G.
1057 651 1086 678 1.
1100 657 1122 678 a
1135 658 1173 678 m.
1187 658 1216 685 p.
1242 652 1276 679 In
1291 654 1363 678 cett.
1376 653 1508 679 nactus.
1555 650 1739 679 samariae
1758 654 1795 680 G.
1811 653 1840 679 1.
1886 654 2116 679 constructum

331 694 454 723 lectum
466 697 503 724 L.
528 697 568 724 Ut
581 703 708 729 semper
721 697 801 724 haec
814 695 954 723 variant.
979 695 1063 723 Vide
1076 696 1155 724 Oud.
1170 697 1211 724 ad
1223 697 1312 724 Suet.
1326 697 1398 724 Ner.
1414 697 1484 724 485
1509 703 1609 732 super
1621 695 1742 724 lectum
1750 695 1846 733 pallo
1860 699 1974 724 serato
1986 697 2118 724 inseru-

331 742 433 769 ctum.
480 738 590 767 eodem
605 739 764 776 temporis
778 748 834 774 pro
847 738 994 777 equidem
1011 740 1169 775 temporis
1182 741 1218 769 B.
1243 741 1333 769 Citra
1344 742 1574 770 necessitatem
1588 742 1674 770 Prie.
1694 742 1733 770 ad
1748 744 1845 776 Apul.
1867 750 1895 777 p.
1912 743 1985 770 160.
2003 742 2118 770 invitis

330 786 480 814 omnibus
495 788 573 813 Mss.
586 785 678 819 legit:
699 787 778 821 pose
791 784 943 822 aliquam
956 784 1095 812 mullum
1109 783 1256 822 equidem
1272 786 1446 824 tempor-1⁶3,
1472 786 1546 814 licet
1561 787 1608 815 ila
1621 787 1753 820 saepius
1770 789 1919 821 loquatur
1937 790 2061 824 auctor,
2087 787 2119 816 id

331 831 414 865 quod
434 831 575 859 vidimus
593 831 634 858 ad
652 832 729 859 Met.
747 831 773 858 1.
790 838 819 864 p.
833 832 886 859 74.
916 833 998 867 pose
1011 829 1163 867 aliquam
1175 829 1315 859 mullum
1330 831 1499 868 temporis.
1525 827 1587 870 [De
1605 830 1753 869 equidem
1778 832 1818 860 cf.
1832 833 1873 860 ad
1886 834 1962 861 Met.
1976 833 1999 860 1.
2019 839 2050 867 p.
2066 833 2118 860 10.

330 876 435 905 Hand.
449 876 588 904 Turseli.
599 876 638 904 Π.
653 883 682 910 p.
697 876 758 904 478
774 874 858 912 sqq]

332 964 501 1002 ponens:
533 950 689 989 Domini
719 951 804 989 eius
834 950 1064 990 sacerdotes
1089 955 1198 990 erant

332 1008 368 1045 in
384 1006 563 1052 triclinio,
588 1007 624 1045 in
640 1008 745 1058 quod
758 1008 874 1059 paulo
889 1012 978 1046 ante
998 1008 1196 1059 irruperat,

335 1064 411 1102 sed
436 1063 526 1102 inde
549 1067 739 1102 retractus
763 1069 803 1102 et
831 1077 948 1102 servo
979 1064 1197 1103 servandus

332 1120 497 1159 traditus
528 1133 574 1157 ae
604 1133 653 1157 ne
682 1120 731 1158 ad
762 1125 926 1159 mortem
956 1121 1197 1166 caederetur,

332 1190 467 1215 rursus
497 1176 632 1226 effugit
661 1177 695 1214 in
729 1176 873 1223 locum,
905 1190 981 1228 quo
1014 1176 1197 1216 occlusus

334 1232 404 1272 suit
427 1231 557 1279 solus,
583 1247 657 1270 non
682 1246 774 1271 vero
806 1233 842 1271 in
874 1234 1083 1280 cubiculo,
1116 1247 1199 1286 qno

334 1290 594 1329 deuertebani
618 1289 790 1335 donnini,
815 1290 887 1328 sed
913 1294 953 1328 ut
978 1290 1124 1342 optime
1147 1291 1201 1329 ait

332 1345 492 1384 Lucian.
525 1345 570 1385 Τ.
602 1344 646 1384 ll.
682 1359 720 1397 p.
755 1345 848 1387 608.
885 1346 921 1384 ἰη
958 1346 1198 1392 cubiculum,

336 1417 418 1455 quo
443 1403 599 1441 domini
612 1403 850 1442 dormirent.
886 1401 1092 1440 Exciditne
1105 1416 1198 1446 ereo

334 1458 537 1498 domicilii
559 1459 625 1497 vel
648 1458 777 1497 simile
802 1459 919 1510 quid?
968 1457 1067 1497 Tale
1098 1460 1198 1497 enim

335 1514 425 1565 quid
450 1515 625 1567 postulat
648 1529 810 1561 sensus,
836 1516 908 1553 nisi
933 1515 1047 1567 peius
1073 1529 1199 1554 corru-

334 1575 426 1622 ptus
456 1571 507 1609 sit
539 1570 660 1610 locus.
711 1570 845 1623 [Quod
875 1572 1056 1623 equidem
1082 1585 1194 1623 nega-

333 1627 466 1666 verim.
513 1628 811 1668 Dornu'toriwn
841 1630 941 1666 enim
972 1628 1099 1666 fuisse
1123 1629 1198 1666 iam

334 1684 477 1722 indicat
499 1697 582 1722 voc.
609 1684 856 1731 cubiculum,
882 1698 957 1735 quo
983 1685 1197 1722 membrum

333 1740 371 1778 In
395 1739 560 1778 aedibus
584 1740 835 1790 significatur,
862 1741 897 1778 in
924 1753 1000 1790 quo
1026 1745 1105 1779 tum
1130 1754 1199 1791 per

333 1796 435 1835 diem
459 1809 678 1842 manemus,
709 1799 789 1834 tum
813 1809 883 1847 per
907 1800 1059 1835 noctem
1085 1797 1199 1835 cuba·

332 1864 438 1898 mus,
464 1852 688 1904 addiditque
707 1852 973 1891 tantummodo
988 1857 1133 1899 auctor,
1157 1856 1200 1891 ut

334 1907 566 1961 explicaret,
592 1908 786 1959 quomodo
803 1909 938 1947 asinus
955 1909 1095 1948 lectum
1110 1923 1198 1947 con-

332 1969 495 2004 stratum
519 1965 555 2002 in
581 1978 629 2003 eo
654 1965 824 2004 invenire
847 1966 1054 2018 potuisset.
1084 1966 1200 2006 Cubi-

335 2022 470 2062 culum
488 2021 601 2072 igitur
620 2022 663 2059 in
678 2035 761 2074 quo
773 2022 1033 2061 clevertebant
1045 2023 1200 2062 domini

333 2082 398 2116 est
413 2077 598 2116 conclave
611 2077 724 2123 illud,
750 2078 786 2116 in
813 2092 888 2130 quo
914 2092 984 2130 per
1008 2079 1108 2117 diem
1133 2093 1200 2117 no-

334 2138 527 2185 ctemque,
541 2138 707 2185 excepto
724 2134 906 2185 epulandi
928 2139 1124 2188 tempore,
1138 2149 1201 2174 sa-

334 2191 515 2229 cerdotes
528 2191 795 2237 versabantur,
821 2191 924 2242 quod
943 2205 1073 2230 eorum
1088 2191 1200 2243 quasi

333 2251 416 2285 erat
451 2247 726 2286 deversorium.
780 2246 884 2294 Quid
919 2249 1030 2299 igitur
1065 2249 1099 2286 in
1137 2248 1200 2287 his

332 2304 462 2342 verbis
498 2302 655 2342 molesti
691 2307 730 2342 et
763 2304 889 2343 minus
921 2305 1112 2344 commodi
1137 2306 1200 2351 sit,

333 2360 516 2412 equidem
541 2374 616 2399 non
639 2359 792 2413 videm]

390 2417 671 2456 concessionis.
723 2416 886 2468 Lipsius
921 2416 1071 2456 mavult
1107 2432 1200 2458 con-

331 2474 561 2526 qressionis,
586 2473 785 2512 wasseus
801 2474 1080 2526 contaqionis,
1106 2488 1199 2514 con·

331 2530 531 2581 ‘reptionis
545 2534 584 2568 et
600 2529 823 2568 Beroaldus
846 2531 1117 2581 interpretatur
1132 2545 1200 2582 per

331 2586 505 2638 inyressi
509 2600 618 2624 onem
628 2585 689 2624 vel
698 2587 918 2632 introitum,
928 2587 1032 2637 quod
1040 2587 1104 2625 vix
1113 2588 1199 2638 capi

332 2654 457 2693 posse
471 2641 575 2681 Oud.
598 2646 786 2688 autumat,
813 2656 947 2693 quum,
973 2643 1084 2682 asino
1104 2644 1201 2683 intra

332 2697 547 2736 cubiculum
570 2699 756 2749 degente,
783 2699 934 2738 etiamsi
956 2714 1031 2738 non
1054 2700 1201 2743 rabido,

333 2769 408 2792 non
435 2759 539 2793 certe
563 2755 600 2793 in
625 2755 720 2794 illud
746 2757 1050 2795 concessissent.
1075 2756 1202 2808 Lipsii

333 2815 373 2849 et
396 2811 560 2850 Wassei
596 2812 841 2850 coniecturae
877 2826 993 2863 quum
1029 2812 1143 2851 nimis
1178 2827 1203 2852 a

332 2866 493 2918 vulgata
521 2868 712 2920 scriptura
739 2869 901 2915 abeant,
933 2869 1201 2920 corrigendum

334 2923 435 2961 Oud.
460 2924 628 2963 videtur:
655 2926 917 2965 consessionis
941 2925 1024 2964 sive
1050 2939 1201 2965 conses-

333 2993 415 3023 sus,
440 2984 481 3017 ut
506 2982 708 3020 convictio
732 2994 801 3032 pro
828 2983 1015 3021 cont-ictu
1047 2981 1122 3021 Cic.
1148 2982 1199 3021 ad

334 3034 443 3074 Fam.
465 3035 572 3075 XVI.
598 3041 663 3078 21.
689 3037 815 3075 Asino
841 3039 942 3076 enim
967 3039 1069 3076 intus
1095 3039 1198 3077 cubi-

335 3091 408 3128 culi
458 3092 612 3138 clauso,
654 3094 926 3132 sacerdotibus
969 3095 1198 3146 mmctisque

335 3148 506 3185 com-ivis
532 3163 606 3187 non
627 3150 873 3189 metuendum
894 3151 1029 3199 fuisse,
1056 3165 1103 3189 ne
1127 3165 1196 3202 pe-

1254 950 1414 990 riculum
1462 965 1534 990 suo
1573 953 1698 991 coetui
1735 956 1775 992 et
1817 952 2119 991 discubitorihus

1255 1009 1481 1047 immineret.
1532 1007 1637 1060 [Sed
1667 1009 1813 1061 optima
1847 1009 1937 1047 mihi
1968 1009 2120 1048 videtur

1254 1065 1441 1103 Beroaldi
1466 1065 1686 1116 explicatio.
1713 1064 1839 1112 Quum
1861 1067 1959 1104 enim
1980 1079 2120 1106 conce-

1257 1121 1353 1159 dere
1377 1120 1547 1172 Apuleio
1573 1122 1674 1160 idem
1699 1122 1767 1167 sit,
1794 1122 1896 1173 quod
1922 1123 1998 1168 ire,
2020 1136 2119 1174 pro-

1254 1179 1384 1231 ficisci
1414 1177 1462 1216 cf.
1488 1178 1585 1217 Met.
1601 1177 1668 1218 Vl.
1692 1192 1729 1230 p.
1756 1182 1847 1219 399.
1874 1192 2024 1218 coenae
2045 1193 2120 1218 nn-

1251 1235 1382 1286 ptiali
1395 1249 1417 1274 c
1426 1249 1449 1272 o
1457 1248 1482 1272 n
1492 1248 1514 1273 c
1522 1248 1543 1273 e
1551 1236 1612 1274 ssi
1621 1239 1648 1280 t,
1662 1237 1877 1281 concessio,
1887 1248 2119 1286 quamquam

1256 1304 1356 1328 nova
1370 1290 1648 1340 significatione
1661 1291 1736 1329 hoc
1749 1291 1900 1338 dicitur,
1925 1291 2028 1329 idem
2043 1295 2118 1333 est,

1257 1347 1362 1398 quod
1398 1348 1490 1391 itio,
1526 1348 1695 1399 qressio,
1760 1347 1972 1387 Concessio
2007 1348 2119 1399 igitur

1256 1417 1330 1442 sna
1355 1407 1418 1441 est
1441 1405 1593 1453 gressio
1619 1404 1866 1443 sacerdotum
1892 1405 1926 1442 in
1953 1403 2027 1442 hoc
2053 1417 2117 1442 cu-

1256 1459 1443 1506 biculum,
1469 1473 1570 1511 quae
1594 1474 1752 1512 semper
1777 1474 1860 1499 cum
1881 1474 2031 1499 summo
2051 1474 2118 1510 pe-

1255 1515 1374 1554 riculo
1401 1516 1527 1555 iuncta
1552 1522 1652 1563 erat,
1678 1517 1768 1554 ‹lum
1796 1517 1930 1555 asinus
1960 1516 2120 1555 rabidis

1255 1573 1291 1610 in
1317 1585 1364 1609 eo
1389 1577 1618 1611 versaretur.
1666 1572 1864 1623 Optimum
1895 1573 2024 1624 igitur,
2055 1585 2120 1610 ex-

1255 1631 1438 1678 spectare
1463 1628 1547 1666 eius
1572 1642 1706 1667 necem
1732 1642 1755 1666 a
1779 1629 1906 1667 surore
1931 1643 1977 1667 ac
2000 1629 2120 1668 rabie.

1255 1684 1408 1722 Rodius
1418 1686 1546 1723 vertit:
1563 1685 1747 1724 Elzenmn
1761 1685 1846 1725 siclt
1861 1686 1965 1725 bloss
1978 1686 2119 1731 stellte,

1257 1741 1332 1778 loci
1379 1741 1644 1780 difficultatem
1696 1743 1871 1789 evitans,
1924 1741 2120 1794 Interpres

1256 1796 1463 1849 Francog.:
1478 1811 1572 1836 sans
1587 1797 1675 1849 qu'il
1689 1803 1954 1849 exposassent
1967 1813 2015 1837 au
2029 1798 2120 1837 ‹lan-

1255 1867 1324 1903 ger
1349 1853 1399 1892 (le
1422 1854 1666 1906 m’attaquer,
1693 1855 1756 1906 qui
1780 1854 1905 1906 Lipsii
1930 1855 2119 1894 coniectu-

1256 1923 1335 1948 ram
1362 1912 1555 1962 probasse
1579 1910 1763 1964 videtum]

1313 1967 1439 2006 rabie.
1474 1966 1514 2006 In
1538 1968 1753 2006 veterrimis
1779 1967 1879 2006 Edd.
1905 1971 1966 2006 est
1989 1968 2119 2013 rabia,

1259 2025 1370 2074 quasi
1407 2024 1520 2063 rabie
1560 2038 1686 2075 aeque
1729 2037 1775 2062 ac
1809 2024 1929 2063 rabia
1963 2028 2119 2063 veteres

1258 2079 1439 2126 dixerint,
1469 2085 1511 2117 ut
1537 2081 1734 2132 planitia.
1759 2081 1946 2120 mollitia.
2007 2081 2121 2120 Certe

1258 2138 1293 2175 in
1321 2136 1482 2174 Glossis
1508 2136 1639 2188 Cyrill.
1665 2151 1700 2188 p.
1725 2141 1817 2177 531.
1841 2135 1965 2177 λύσσα
1988 2138 2120 2183 rabia,

1258 2193 1402 2231 rables.
1429 2193 1587 2232 Scilicet
1601 2194 1727 2232 medio
1743 2207 1840 2232 aevo
1856 2195 1913 2232 sic
1927 2194 2120 2241 dixerunt3

1260 2250 1421 2287 Servius
1451 2250 1501 2288 ad
1530 2250 1631 2288 Aen.
1663 2249 1691 2289 l.
1722 2254 1821 2291 200:
1857 2251 2037 2290 rabiem
2065 2264 2120 2290 se-

1259 2306 1435 2345 cundnm
1459 2308 1649 2358 (nitiquos
1672 2306 1825 2346 «lictum
1849 2307 2037 2346 nonnulli
2061 2321 2120 2346 as-

1257 2367 1412 2407 serunt,
1449 2377 1540 2402 nam
1570 2363 1752 2402 rubiam
1784 2364 1871 2403 dici
1899 2364 2119 2416 affirm-int.

1257 2418 1404 2456 Verum
1428 2419 1479 2458 N.
1504 2418 1640 2458 Heius.
1671 2419 1721 2457 ad
1746 2420 1862 2460 Ovid.
1888 2419 1988 2458 Met.
2013 2419 2119 2458 xlv.

1258 2479 1353 2516 208.
1390 2475 1573 2514 divinavit
1607 2475 1852 2514 scribendum
1887 2489 1982 2514 csse
2018 2477 2121 2515 iube.

1258 2531 1362 2570 Nihil
1389 2536 1516 2570 tamen
1542 2536 1687 2570 temere
1711 2533 1934 2572 mutandum
1959 2532 2121 2579 videtur,

1257 2592 1373 2639 atque
1397 2601 1491 2627 esse
1516 2588 1743 2641 hypallage,
1775 2590 1810 2626 in
1837 2602 1915 2640 qua
1939 2588 2122 2640 frequens

1257 2649 1320 2682 est
1333 2648 1478 2691 auctor,
1491 2658 1561 2696 pro
1569 2646 1816 2698 pestilentia,
1829 2646 1942 2684 rabie
1966 2644 2014 2684 cf.
2024 2645 2120 2684 Met.

1259 2700 1362 2739 ΗΠ.
1389 2714 1425 2752 p.
1451 2707 1545 2743 511.
1570 2703 1821 2741 conantium
1842 2703 2042 2753 pernicie.

1319 2759 1463 2810 quievi.
1496 2757 1669 2810 [Luciau.
1685 2772 1716 2796 c.
1732 2762 1796 2798 40.
1811 2772 1848 2822 p.
1863 2762 1955 2799 008.
1968 2758 2122 2797 Λυττᾶν

1259 2809 1433 2860 δόξαντές
1460 2830 1505 2865 με
1535 2813 1619 2866 §sqq
1651 2812 1775 2853 πολλα
1802 2809 1873 2865 ἤδη
1899 2815 1963 2853 καὶ
1986 2812 2122 2867 λο)χας

1259 2868 1318 2909 ἐπ’
1337 2868 1400 2921 ἐιιέ
1430 2868 1641 2909 ἐσπιίσιιιτο
1666 2872 1729 2909 καὶ
1759 2869 1854 2917 ξύλα
1882 2868 2029 2924 μακρά·
2058 2871 2123 2910 καὶ

1260 2941 1355 2978 fixo)
1380 2921 1497 2971 Olllfi)‚'
1505 2958 1514 2974 ‚
1541 2943 1638 2966 moze*
1663 2935 1877 2965 (ίΤΪΟἍτξΓὲΗ
1901 2942 1958 2977 μδ.
1985 2942 2066 2991 “7¹⁰⁰-
2081 2925 2122 2965 31*

1257 2980 1357 3035 ὁιιώι
1375 2984 1443 3022 τοῦ
1468 2984 1590 3022 detrun
1614 2980 1656 3021 τὸ
1680 2999 1722 3033 ,ιιι
1709 2982 1842 3035 ’γεθος
1824 3013 1853 3029 ,
1881 2982 2008 3036 ὁοόιιῳ
2033 2998 2123 3022 εισω

1256 3054 1350 3092 παρ.ι
1355 3055 1506 3092 plnum,
1531 3038 1628 3078 ἔνθα
1648 3042 1685 3077 οἰ
1701 3037 1780 3089 ἐιιοι
1801 3040 1984 3079 δεσπόται.
1998 3055 2122 3091 κοιμη-

1255 3094 1636 3147 ι’ἲήσεσίῖιιιέᾆιεῖηῃὶοι
1658 3093 1743 3134 01'33
1760 3095 1990 3146 θειισιιιιειοι
2008 3097 2121 3135 ’τοῦτο

1255 3155 1386 3204 oryx).
1393 3150 1489 3191 t'ovcn
1514 3158 1577 3197 712,-
1605 3150 1790 3204 10'1114321·
1821 3152 1926 3203 μιελιν.
1951 3151 1970 3191 ἕ
1969 3154 2101 3201 ξωθει.
2107 3153 2119 3204 J
