2221 3667
330 171 413 214 628
585 170 632 211 1..
665 169 882 210 APULEII
912 168 1316 210 MADAURENSIS
1347 169 1892 212 METAMORPHOSEON

330 296 498 334 vacare,
538 296 624 323 cum
656 296 909 338 propugnare
940 281 1101 336 pedibus
1130 288 1169 321 et
1200 294 1338 321 arcere
1367 282 1565 322 morsibus
1598 282 1749 322 misello
1780 297 1901 338 puero
1933 284 2132 338 potueris?

331 340 397 380 An
422 340 548 393 ipsum
569 339 723 393 quidem
744 340 900 394 saepius
921 339 1128 378 incursare
1149 337 1321 378 calcibus
1341 338 1525 392 potuisti,
1554 339 1787 379 moriturum
1807 354 1904 380 vero
1924 341 2135 381 defendere

331 395 539 436 alacritate
575 396 694 436 simili
732 395 926 449 nequisti?
974 392 1096 434 Certe
1127 394 1245 434 dorso
1269 401 1469 448 receptum
1503 395 1683 435 auferres
1709 396 1909 449 protinus,
1937 404 1977 436 et
1999 397 2135 437 infesti

332 452 498 492 latronis
518 453 694 493 eruentis
715 452 894 492 manibus
913 450 1104 504 eriperes,
1132 457 1389 504 postremum,
1418 452 1574 491 deserto
1594 452 1822 505 deiectoque
1841 452 1908 491 illo
1923 466 2133 503 conservo,

330 509 541 562 magistro,
571 509 732 558 comite,
761 515 941 562 pastore,
976 520 1056 546 non
1081 507 1194 547 solus
1218 508 1444 561 aufugeres.
1491 508 1559 548 An
1583 508 1768 562 ignoras,
1796 521 1864 548 eos
1889 508 2032 558 etiam,
2071 509 2138 562 qui

330 565 531 605 morituris
570 566 763 605 auxilium
799 563 974 603 salutare
1010 563 1265 617 denegarint,
1305 564 1407 617 quod
1445 572 1584 604 contra
1621 564 1745 604 bonos
1781 578 1911 604 mores
1942 564 1980 604 id
2011 564 2137 619 ipsum

331 622 523 673 fecerint,
562 622 692 662 solere
729 619 885 674 puniri?
933 617 1012 660 Sed
1043 633 1123 659 non
1155 619 1300 661 diutius
1330 620 1427 661 meis
1458 620 1633 661 cladibus
1675 620 1887 662 laetaberis
1924 620 2134 661 homicida.

331 676 511 729 Senties,
541 677 723 726 efficiam,
753 675 899 716 misero
925 675 1053 716 dolori
1078 676 1280 717 naturales
1305 677 1411 718 vires
1437 677 1592 718 adesse.

331 825 407 845 rere
426 825 480 853 pro
494 823 622 844 vacare
635 817 671 844 G.
681 817 695 844 1
705 838 710 844 .
719 817 749 845 2.
762 817 801 845 D.
815 816 853 846 1..
866 816 905 844 R.
920 816 954 845 0.
969 812 1000 844 δ.
1015 822 1051 844 π.
1064 816 1201 846 Vulc.2.
1216 815 1308 846 Colv.
1321 817 1433 845 W'ow.
1442 816 1527 846 Prie.
1552 824 1677 845 vocare
1689 817 1803 846 Vener.
1817 819 1849 846 2.
1885 817 2139 847 arserevicem.

329 864 484 892 Venetdl.
521 862 681 889 incusare
693 862 809 891 Venet.
819 863 850 891 4.
886 861 1093 889 morituram
1106 862 1142 891 F.
1157 863 1188 890 3.
1224 861 1376 899 nequisti
1386 860 1490 889 simili
1502 863 1632 891 inverso
1646 862 1758 891 ordine
1771 860 1800 891 d.
1815 871 1845 897 p.
1893 860 2044 899 trfferres
2058 864 2094 892 G.
2107 864 2139 893 2.

330 906 530 945 afferensD.
557 906 698 945 auferes
706 907 862 936 VeneLL’.
898 906 1056 935 cruantis
1069 913 1175 941 neque
1188 907 1381 935 cruentatis
1394 911 1427 936 ut
1437 908 1517 936 Oud.
1531 908 1636 936 voluit
1650 908 1805 937 inVenet.
1815 909 1847 937 2.
1883 907 2054 945 obriperes
2063 909 2139 938 (ἰὰ).

330 954 366 982 Ρ,
386 954 424 982 D.
472 950 633 979 derelicto
653 953 690 980 B.
710 960 740 986 p.
762 955 793 979 et
813 953 883 981 edd.
903 955 981 981 vett.
1016 953 1055 981 In
1068 956 1142 981 cett.
1158 950 1296 982 deiecto.
1328 951 1435 981 solum
1454 952 1640 992 arffzcgeres
1653 954 1689 982 F.
1704 954 1734 982 1.
1753 950 1782 981 ὃ.
1798 953 1818 982 f.
1865 952 2070 993 cuifugeres
2085 961 2142 988 pro

329 997 562 1037 aufugeresD.
608 997 904 1034 ignoresVenetae.
952 997 1141 1025 moriturus
1150 999 1225 1027 G.1.
1240 1005 1260 1026 a
1273 1005 1349 1033 m.p.
1386 996 2142 1035 denegaverintvicent.venet.2.1unt.1.Ald.

330 1044 425 1070 circa
444 1041 548 1070 bonos
568 1043 617 1071 ed.
638 1050 686 1077 pr.
704 1042 832 1071 Vicent.
852 1044 967 1071 Venet.
988 1044 1020 1071 2.
1060 1042 1196 1081 fecerit
1213 1044 1329 1072 Venet.
1349 1045 1379 1073 4.
1429 1042 1475 1071 ad
1492 1045 1599 1080 ipsum
1620 1045 1655 1072 G.
1676 1045 1702 1072 1.
1718 1045 1748 1072 2.
1770 1045 1810 1072 1).
1823 1045 1861 1072 P.
1903 1043 2048 1081 punnirt'
2059 1045 2095 1072 G.
2109 1045 2141 1072 2.

328 1086 435 1116 soleri
442 1087 562 1124 puniri
573 1088 621 1116 ed.
636 1095 683 1122 pr.
697 1087 826 1116 Vicent.
840 1088 956 1116 Venet.
970 1089 1000 1116 2.
1048 1085 1232 1116 homicidia
1251 1089 1400 1117 Beroald.
1413 1084 1497 1128 fBas.
1516 1090 1542 1117 1.
1568 1086 1770 1116 homicidam
1784 1088 1806 1118 f.
1854 1089 1980 1117 senties
1992 1087 2142 1126 efficiam

327 1136 364 1160 et
382 1133 505 1161 misero
525 1133 559 1161 in
578 1133 615 1161 P.
634 1135 684 1161 est
704 1135 785 1161 teste
802 1134 886 1161 Elm.
911 1134 948 1162 In
967 1134 1047 1162 Oud.
1067 1133 1243 1163 collatione
1262 1137 1292 1163 et
1312 1133 1333 1163 f.
1354 1137 1404 1163 est
1438 1133 1588 1162 sentiens
1601 1132 1806 1171 efficaciam.
1830 1136 1881 1163 lta
1899 1138 1950 1164 est
1969 1142 2095 1170 quoque
2108 1134 2142 1163 in

328 1180 364 1207 G.
379 1180 410 1207 2.
424 1180 464 1207 Ι).
489 1175 634 1215 efficient
648 1174 677 1207 δ.
703 1175 845 1213 effic-ina
859 1179 894 1207 Ο.

385 1325 531 1351 arcere
560 1311 759 1351 morsibus
783 1311 940 1351 misello
968 1326 1103 1365 puero
1131 1326 1206 1365 po-

329 1369 464 1407 tueris.
515 1366 590 1406 Cur
628 1367 794 1407 Guielm.
825 1368 959 1409 Veris.
983 1368 1047 1408 Ill.
1080 1383 1114 1410 e.
1141 1373 1205 1410 13.

328 1437 398 1475 pro
433 1425 650 1464 morsibus:
699 1424 953 1465 mordicibus
995 1425 1207 1465 emendare

330 1480 509 1526 voluerit,
542 1494 617 1532 ego
643 1494 718 1520 non
744 1481 875 1532 capio,
908 1495 1026 1532 quum
1055 1484 1109 1521 ita
1132 1483 1207 1521 loci

327 1539 542 1586 sententia,
580 1538 644 1588 qui
681 1536 784 1575 Oud.
820 1539 962 1576 scaber
997 1537 1206 1578 admodum

329 1593 492 1639 videtur,
519 1608 593 1633 non
631 1593 843 1633 adiuvetur.
893 1594 967 1633 llle
1003 1595 1105 1634 enim
1143 1597 1209 1646 pu-

327 1653 402 1696 tat,
438 1651 474 1688 si
498 1650 560 1688 hic
596 1649 708 1688 locus
733 1663 856 1688 sanus
887 1653 956 1696 sit,
992 1651 1207 1690 subintelli-

327 1705 498 1759 gendum
542 1720 637 1744 esse
679 1707 896 1753 latronem,
945 1706 1206 1750 homicidam.

328 1776 444 1813 quem
475 1763 612 1801 asinus
647 1776 671 1801 a
700 1776 822 1815 puero
857 1777 992 1802 arcere
1029 1763 1207 1803 debuerit

327 1819 524 1858 morsibus
561 1820 648 1858 sive
683 1831 753 1870 per
788 1832 886 1858 suos
922 1833 1091 1859 morsus.
1152 1821 1208 1859 At

327 1889 444 1928 quum
458 1875 558 1914 haec
572 1876 607 1914 ei
622 1890 696 1914 non
711 1876 975 1923 satisfaciant,
1001 1877 1211 1929 legendum

326 1932 481 1971 coniicit
501 1947 662 1978 cavere,
687 1946 758 1984 pro
781 1945 857 1983 quo
872 1947 990 1986 supra
1004 1935 1108 1972 male
1122 1935 1210 1972 irre-

324 1990 449 2041 pserit
486 2003 637 2029 carere.
687 1989 793 2041 [Ego
826 1989 1034 2028 lectionem
1066 2005 1210 2030 arcere

321 2059 456 2098 puero
472 2047 616 2097 probo,
641 2050 683 2084 ut
701 2046 857 2084 dativus
873 2050 988 2098 aptus
1003 2048 1054 2086 sit
1073 2061 1096 2085 e
1112 2061 1210 2086 voce

323 2116 602 2154 propufflmrc
633 2106 670 2140 et
695 2116 765 2154 per
795 2103 1064 2142 attractionem
1090 2118 1209 2155 quan-

326 2158 415 2196 dam
441 2158 599 2197 dicatur.
650 2158 713 2197 De
745 2159 860 2197 huius
893 2162 1003 2198 vocis
1036 2164 1209 2200 constru-

326 2215 454 2253 ctione
480 2214 530 2254 cs.
555 2214 709 2254 Vechn.
735 2214 935 2255 Hellenol.
962 2230 998 2268 p.
1025 2221 1118 2258 338.
1146 2217 1207 2256 ed.

324 2270 536 2322 Heu-sing„
568 2272 632 2322 qui
658 2275 787 2311 tamen
803 2274 837 2310 in
853 2285 900 2311 eo
919 2274 1075 2319 erravit,
1102 2274 1209 2325 quod

324 2327 494 2366 dativum
521 2341 543 2366 e
569 2329 688 2366 verbo
714 2343 857 2369 arcere
881 2330 1055 2381 pendere
1074 2331 1206 2370 voluit.

325 2383 586 2436 Propulsarc
610 2385 712 2424 enim
739 2399 825 2423 cum
857 2387 988 2425 dativo
1020 2388 1206 2434 construi,

324 2441 464 2492 probat
488 2440 600 2479 locus
627 2442 745 2493 Apul.
760 2441 827 2481 IX.
843 2456 880 2494 p.
897 2447 990 2485 663.
1017 2443 1208 2496 lapidum

325 2497 486 2549 crebris*
511 2499 633 2537 ‘iactis
663 2512 998 2551 propuynare
1031 2502 1206 2553 fratri,

323 2553 387 2591 nbi
426 2551 602 2605 ciT‘quae
632 2555 680 2593 ad
708 2555 810 2593 hunc
841 2555 969 2595 locum
996 2556 1100 2596 dedi.
1149 2556 1207 2596 lta

323 2610 427 2660 apud
453 2610 665 2650 Arnob.V.
695 2615 756 2652 10.
784 2624 834 2649 ex
858 2612 940 2652 Ms.
978 2611 1052 2662 (cf.
1078 2612 1205 2654 Orell.

324 2665 369 2704 Τ.
395 2665 442 2705 ll.
472 2681 510 2718 p.
537 2670 649 2717 489.)
684 2667 894 2719 legendum
925 2672 1002 2707 est:
1043 2670 1102 2708 Et
1130 2684 1205 2710 cur

322 2727 450 2761 mater
505 2722 702 2764 acerrime
751 2727 963 2778 pugnavit
1013 2726 1078 2764 vel
1130 2727 1204 2766 im-

318 2781 529 2830 pufflzavit
580 2781 777 2831 inferenti
830 2782 908 2820 vim
962 2781 1071 2834 filio,
1130 2797 1201 2835 pro

323 2837 593 2888 repufflmrit,
643 2837 750 2887 quod
792 2836 908 2876 hodie
957 2839 1045 2877 edd.
1091 2853 1203 2878 occu-

323 2895 401 2940 pat.
428 2893 475 2930 cs.
501 2892 635 2932 Barth.
662 2894 833 2932 Advers.
858 2893 927 2933 Ll.
953 2898 990 2934 8.
1016 2909 1053 2946 p.
1081 2899 1204 2938 2391.

324 2947 526 3000 Pugnare
562 2963 648 2987 cum
681 2950 813 2989 dativo
845 2951 1063 2990 defendunt
1095 2952 1204 3004 Virg.

326 3003 421 3042 Aen.
454 3004 521 3044 Xl.
550 3009 643 3047 600.
694 3006 762 3046 IV.
797 3011 862 3047 38.
895 3006 1012 3046 Ovid.
1044 3008 1144 3049 Met.
1175 3008 1203 3048 I.

328 3061 403 3109 19.]

379 3117 552 3158 deiecto.
601 3118 644 3157 Si
660 3119 819 3158 codices
838 3119 947 3161 Bert.
962 3124 1001 3160 et
1013 3119 1117 3161 Pith.
1138 3134 1202 3162 ex-

1266 1312 1408 1364 cipias,
1435 1326 1571 1351 omnes
1591 1313 1779 1365 praebent
1799 1312 1916 1352 ceteri
1937 1312 2142 1351 lectionem

1267 1370 1446 1415 deiecto,
1481 1384 1581 1421 quae
1612 1371 1727 1408 etiam
1753 1383 1777 1408 a
1802 1369 1936 1407 Colvio
1963 1373 2002 1407 et
2027 1381 2141 1420 seqq.

1264 1430 1424 1477 recepta
1448 1430 1512 1464 est
1536 1439 1583 1464 eo
1608 1440 1748 1465 sensu:
1774 1426 1939 1465 Asinum
1954 1426 2144 1464 debuisse

1264 1483 1397 1534 potius
1440 1496 1601 1534 puerum
1644 1484 1760 1522 istum
1796 1483 1914 1521 dorso
1954 1483 2143 1533 recipere,

1267 1551 1382 1589 quam
1409 1552 1497 1577 eum
1523 1539 1693 1579 deiicere
1713 1543 1754 1577 et
1773 1539 1970 1578 deserere.
1997 1539 2143 1577 Verum

1267 1595 1370 1634 Oud.
1387 1595 1485 1634 hanc
1501 1595 1709 1635 lectionem
1723 1596 1775 1635 ita
1789 1596 1959 1634 refutare
1981 1598 2145 1634 conatus

1267 1655 1346 1690 est:
1371 1651 1519 1691 Verum
1546 1658 1627 1691 tum
1651 1654 1782 1705 potius
1808 1654 1969 1692 deiecto
1986 1664 2144 1704 praece-

1266 1708 1360 1746 dere
1397 1709 1621 1755 debuisset,
1663 1713 1705 1748 ut
1740 1709 1929 1760 hysteron
1960 1712 2142 1761 proteron

1266 1766 1481 1804 evitaretur.
1520 1766 1585 1804 Ad
1599 1766 1699 1804 haec
1718 1766 1855 1804 mulier
1875 1767 1951 1804 ista
1968 1765 2067 1804 satis
2092 1765 2143 1802 in-

1264 1834 1384 1860 nuere
1407 1821 1575 1869 videtur,
1601 1822 1716 1861 tilium
1741 1836 1872 1868 suum,
1899 1835 2015 1873 quem
2029 1822 2144 1860 etiam

1270 1878 1377 1918 asim·
1391 1878 1605 1918 ductorem
1617 1877 1794 1931 appellat
1818 1883 1969 1925 auctor,
1995 1891 2069 1917 non
2090 1878 2143 1916 in-

1269 1933 1429 1973 sedisse
1454 1936 1584 1981 asino,
1611 1949 1697 1974 cum
1717 1950 1740 1974 a
1759 1935 1926 1982 latrone,
1950 1938 1992 1973 ut
2012 1934 2143 1973 crede-

1267 1991 1354 2037 bat,
1381 1991 1644 2039 invaderetur,
1684 2005 1803 2043 quare
1840 1993 1893 2031 ait
1922 1993 2050 2043 ipsum
2075 1990 2143 2029 de-

1260 2047 1404 2086 buisse
1441 2049 1610 2099 auferre
1646 2062 1731 2088 eum
1763 2049 1889 2088 dorso
1919 2052 2142 2099 receptum.

1267 2103 1354 2143 Hac
1367 2104 1417 2142 de
1430 2118 1575 2144 caussa
1588 2104 1690 2144 Oud.
1705 2104 1741 2143 in
1763 2104 1963 2144 derelicto
1975 2104 2143 2150 inclinat,

1268 2161 1372 2212 quod
1397 2174 1468 2212 per
1491 2174 1800 2213 synonymorum
1831 2160 2143 2206 cumulationem,

1268 2231 1369 2268 quae
1384 2216 1556 2269 Apuleio
1573 2218 1891 2269 frequentissima
1905 2221 1985 2263 est,
2011 2220 2146 2268 potest

1269 2274 1437 2313 defendi.
1465 2273 1715 2327 [Etingenue
1730 2274 1926 2313 fatendum
1947 2278 2026 2320 est,
2051 2273 2145 2312 mihi

1267 2344 1424 2382 quoque
1454 2332 1580 2382 magis
1612 2331 1769 2382 placere
1799 2331 1899 2369 hanc
1923 2329 2144 2369 lectionem.

1265 2388 1404 2427 Altera
1417 2388 1515 2425 enim
1536 2388 1569 2426 si
1583 2388 1742 2426 defendi
1757 2391 1891 2440 queat,
1917 2388 1970 2426 ita
1982 2390 2143 2426 tantum-

1265 2445 1382 2483 modo
1398 2447 1548 2496 potest,
1576 2448 1616 2482 ut
1643 2458 1738 2496 que,
1765 2444 1871 2495 quod
1898 2443 2042 2489 volunt,
2067 2457 2142 2481 non

1265 2501 1411 2540 habeat
1435 2501 1510 2539 vim
1537 2500 1799 2552 copulativam
1818 2500 1891 2539 sed
1911 2501 2043 2552 potius
2063 2499 2145 2538 dis·
2202 2550 2204 2555 Α

1266 2558 1491 2605 iunctivam3
1519 2557 1566 2596 cf.
1595 2556 1695 2596 Cort.
1722 2558 1772 2596 ad
1798 2557 1946 2596 Lucan.
1973 2556 2000 2595 Ι.
2028 2560 2142 2602 252„

1264 2615 1327 2666 qui
1340 2613 1503 2665 plurima
1516 2613 1701 2665 exempla
1713 2614 1886 2665 praebet.
1902 2612 2035 2660 Quare
2048 2616 2143 2659 erat,
2200 2656 2201 2660 Ἰ

1263 2683 1382 2722 quum
1407 2671 1614 2710 deiectove
1643 2670 1904 2709 emendarem.
1952 2669 2011 2708 Ita
2041 2670 2143 2707 enim

1261 2726 1398 2766 mulier
1411 2726 1757 2773 indicavit,nullam
1771 2739 1866 2765 esse
1879 2726 2143 2765 excusationis
2198 2735 2199 2739 ’

1261 2783 1373 2822 asino
1388 2785 1583 2835 speeiem,
1609 2784 1718 2822 cuius
1733 2783 1886 2829 suisset,
1900 2786 1967 2822 aut
1981 2795 2143 2833 puerum
2196 2800 2199 2805 ⁴

1261 2839 1435 2879 calcibus
1461 2839 1691 2885 defendere,
1718 2843 1785 2878 aut
1808 2839 1927 2878 dorso
1952 2839 2142 2890 recipere,

1264 2900 1331 2935 aut
1361 2897 1479 2935 dorso
1510 2900 1711 2948 receptum
1742 2910 1816 2934 non
1843 2895 2028 2940 deiicere,
2066 2907 2144 2946 qua
2193 2890 2195 2895 ⁴

1264 2951 1529 3004 explicatione
1567 2965 1704 2991 omnes
1736 2951 1838 2991 Oud.
1877 2952 2142 2991 dubitationes
2194 2952 2195 2955 ’

1263 3009 1381 3048 evelli
1409 3009 1596 3048 videntur.
1621 3008 1733 3047 Haec
1750 3021 1815 3046 me
1828 3007 2142 3053 commovebant,
2191 3035 2193 3039 .

1263 3079 1312 3104 ne
1336 3069 1534 3117 receptam
1561 3069 1779 3104 ceterorum
1804 3065 1984 3104 librorum
2009 3063 2142 3102 lectio·
2188 3103 2190 3106 ,

1264 3136 1351 3162 nem
1376 3121 1604 3174 reficerem]
