2155 3590
603 147 790 190 LIBER
819 142 938 184 vlu.

593 373 929 428 CAPU

179 520 397 564 Celerrime
422 515 586 568 denique
611 512 729 565 longo
754 508 897 550 itinere

68 595 141 636 que
176 578 320 635 toltam
357 570 664 630 perquiescimus
702 573 876 614 noctem3

71 845 223 876 Beroaldi
234 843 421 873 coniectura
434 842 493 868 est.

74 955 179 1008 quod
202 954 305 993 idem
329 948 557 990 vocabulum
589 945 637 982 V.
662 957 699 995 p.
727 945 820 983 355.
850 940 935 977 sine

74 1013 155 1051 ulla
194 1009 375 1049 librorum
418 1003 677 1054 discrepantia
718 998 855 1049 legitur
898 998 937 1033 et

19 1106 23 1109 ,
75 1069 191 1108 lectio
205 1066 288 1106 cod.
302 1065 350 1105 L.
360 1059 723 1116 praeminebaniur
743 1054 829 1092 cod.
845 1052 935 1090 Flo-

77 1129 171 1164 rent.
195 1123 460 1161 auctoritatem
491 1115 695 1156 confirmat.
752 1111 820 1148 Sin
844 1121 936 1145 vero

80 1181 264 1220 audacius
278 1179 331 1216 ita
344 1177 485 1215 dictum
498 1173 662 1216 videtur,
676 1165 838 1206 forsitan
855 1178 942 1203 con-

78 1240 222 1277 iectura
227 1231 520 1288 praeminabat
530 1230 614 1266 loco
624 1224 771 1264 mederi
785 1221 943 1273 poteris.

79 1296 197 1335 Mino
211 1292 310 1331 enim
325 1303 391 1341 pro
405 1288 536 1326 minor
547 1293 762 1333 usurpasse
776 1282 944 1322 veteres,

81 1350 196 1391 testiS
210 1351 272 1386 est
283 1340 578 1384 PrisciaanIl.
587 1343 623 1380 6.
634 1337 745 1376 Toni.
762 1335 787 1374 l.
802 1349 841 1386 p.
851 1337 943 1374 379.

80 1406 235 1447 KrehL:
265 1404 375 1442 mino
399 1404 439 1438 et
461 1400 612 1441 minor,
642 1395 785 1433 minito
816 1395 854 1428 et
878 1390 944 1428 mi-

81 1466 203 1509 nitor,
251 1469 484 1511 quamquam
516 1453 665 1494 nullum
701 1450 815 1488 huius
849 1458 946 1484 usus

83 1517 304 1571 exemplum
318 1513 483 1568 protulit.
499 1510 610 1549 Hanc
623 1508 733 1558 igitur
743 1504 946 1543 lectionem

84 1579 228 1630 quippe
257 1573 373 1624 longe
404 1569 614 1608 faciliorem
648 1568 685 1602 et
717 1561 828 1600 codd.
857 1562 944 1598 cett.

83 1633 260 1684 vestigiis
286 1641 401 1681 quam
425 1625 599 1677 proxime
631 1619 885 1660 accedentem
911 1616 946 1653 in

85 1694 193 1730 textu
206 1686 483 1738 reposuissem,
503 1684 654 1718 ceteras
669 1680 710 1714 ut
719 1674 948 1728 praemina-

88 1750 246 1790 bavtur,
269 1739 605 1795 praeminabatur
629 1734 823 1777 reficiens,
851 1742 950 1781 quae

88 1804 250 1856 glossae
285 1802 432 1838 tantum
469 1794 659 1846 genuinae
689 1801 828 1828 manus
858 1785 950 1824 mihi

87 1861 261 1899 videntur
274 1868 380 1896 esse.
403 1853 476 1892 nisi
496 1851 716 1888 coniectura
733 1848 879 1884 tantum
901 1843 951 1880 ni-

88 1919 250 1960 teretur,
275 1916 313 1950 et
327 1912 439 1949 lectio
450 1904 788 1962 praeminabatur
803 1914 825 1938 a
839 1898 954 1938 codd.

91 1972 383 2015 confirmaretur.
454 1962 608 2003 Deinde
651 1957 856 1999 offensioni
893 1958 954 1993 est

91 2031 279 2081 scriptura
302 2035 495 2064 cocorum
518 2033 586 2070 pro
614 2017 814 2059 locor-mn,
841 2024 954 2063 quam

94 2085 313 2126 constanter
338 2079 469 2130 optimi
495 2075 606 2115 codd.
632 2072 829 2125 praebent.
857 2068 957 2113 Hinc

96 2143 262 2182 omnium
305 2137 433 2176 adhue
476 2133 619 2184 optime
655 2128 757 2167 Oud.
796 2125 958 2165 coniecit

95 2207 343 2251 tesquorum,
376 2204 476 2243 quae
508 2187 663 2228 horrida
694 2188 801 2227 erant
832 2186 869 2220 et
894 2181 958 2218 de-

95 2259 203 2295 serta
215 2252 320 2296 loca,
345 2260 504 2301 quorum
518 2245 672 2296 genium
685 2245 724 2279 et
737 2239 960 2290 inquilinum

96 2314 239 2362 fingere
258 2309 413 2360 poterat
432 2304 655 2342 draconem.
681 2298 728 2340 cf.
742 2297 811 2335 Dr.
825 2295 872 2333 ad
890 2293 960 2332 Sil.

97 2368 273 2407 VL288.
299 2363 385 2402 Intt.
404 2361 452 2400 ad
467 2358 585 2409 Prop.
600 2355 667 2394 lv,
692 2358 729 2395 9.
744 2357 808 2394 34.
834 2350 964 2391 Doed.

99 2426 196 2476 Syn.
211 2420 326 2460 T.VI.
340 2433 377 2471 p.
393 2420 485 2458 368.
498 2413 613 2466 Apul.
629 2410 772 2449 Florid.
787 2407 832 2448 ll.
846 2422 882 2460 p.
899 2410 964 2447 42.

103 2481 293 2535 quoniam
324 2475 458 2515 nullus
488 2473 531 2510 ἰη
562 2469 746 2520 tesquis
771 2466 850 2504 suis
874 2465 963 2514 fru-

102 2543 188 2578 ctus
212 2540 288 2579 θεῖς
334 2531 396 2569 Ill.
422 2544 458 2582 p.
486 2532 552 2568 82.
577 2531 616 2565 et
640 2523 816 2563 merulae
841 2522 882 2559 ²⁰⁷1
907 2533 964 2558 re-

100 2595 217 2634 motis
241 2589 424 2642 tesquis
445 2582 729 2636 fringyultimtl.
769 2577 851 2617 Sed
878 2577 966 2626 quia

102 2662 259 2701 semper
272 2657 434 2696 asperas
448 2646 485 2680 et
499 2641 677 2678 desertas
695 2636 875 2686 regiones
895 2638 966 2671 ies-

106 2721 188 2760 qua
223 2702 454 2755 significant,
501 2698 564 2735 bic
604 2693 698 2741 mihi
734 2689 967 2729 vocabulum

104 2764 230 2801 minus
255 2763 386 2811 aptum
411 2756 560 2793 videtur
586 2764 698 2796 esse,
725 2760 841 2800 quum
866 2746 965 2784 haec

105 2819 211 2869 regio
231 2813 506 2856 amoenissima
525 2814 563 2848 et
577 2809 707 2846 viretis
726 2807 865 2844 circum
878 2815 966 2841 con-

107 2875 184 2914 sita
218 2875 254 2912 in
288 2869 533 2924 praegressis
571 2864 827 2905 describatur,
862 2862 904 2897 ut
933 2858 967 2895 si

108 2929 289 2970 incultum
323 2928 462 2967 fuisset
497 2928 535 2962 et
564 2921 758 2960 horridum
790 2914 968 2955 draconis

108 2985 321 3032 latibulum,
344 2985 431 3023 sine
454 2982 569 3020 dubio
596 2976 789 3030 Apuleius
813 2973 888 3012 hoc
907 2985 967 3010 ac-

111 3044 277 3083 curatius
311 3041 553 3079 denotasset.
612 3034 689 3081 Qui
725 3045 819 3070 vero
858 3029 968 3067 locus

111 3099 239 3138 sanari
251 3097 394 3150 possit,
418 3096 565 3135 nuncin
581 3095 749 3131 mentem
765 3101 838 3126 non
852 3084 969 3129 venit,

111 3155 214 3195 unde
231 3156 266 3194 in
286 3153 413 3192 medio
433 3166 519 3192 eum
538 3148 723 3198 relinquo.
758 3142 969 3183 Asteriscis

992 138 1117 180 CAP.
1148 134 1290 176 XXII.
1771 120 1850 164 711

986 370 1030 417 Τ
1122 362 1328 415 ΧΧΙΙ.

922 504 1115 549 confecto,
1141 511 1283 554 pagum
1302 492 1504 548 quemdam
1525 487 1760 535 accedimus,
1786 483 1859 524 ibi-

919 561 984 602 ubi
1022 564 1200 612 coeptum
1244 551 1395 593 facinus
1432 546 1570 602 oppido
1607 539 1859 583 memorabile
1886 538 1950 570 564

993 935 1103 986 igitur
1122 931 1248 970 locum
1267 925 1456 978 insignivi,
1493 922 1557 961 De
1576 916 1866 972 pronominibus

994 992 1061 1030 Izic
1075 990 1145 1029 ille
1170 985 1310 1027 chntt.
1325 980 1599 1031 athi1·g.Aen.
1614 974 1676 1014 ΙΙΙ.
1692 977 1784 1014 558.
1798 971 1865 1009 IV.

996 1051 1087 1088 675.
1114 1043 1198 1083 Vll.
1213 1047 1306 1083 255.
1327 1043 1420 1080 272.
1446 1036 1496 1075 ad
1516 1031 1659 1073 Tibull.
1679 1030 1709 1070 Ι.
1729 1034 1766 1070 3.
1782 1027 1866 1080 93]

1053 1102 1140 1141 CAr.
1172 1097 1298 1138 XXII.
1357 1096 1427 1135 ubi
1465 1095 1653 1143 coeptam
1686 1087 1866 1139 facinus.

1002 1159 1131 1206 Quum
1156 1157 1209 1195 ita
1233 1154 1366 1207 optimi
1389 1149 1504 1190 codd.
1530 1145 1760 1199 praebeant,
1791 1155 1868 1180 non

1002 1214 1170 1255 dubitavi
1186 1213 1224 1250 id
1237 1214 1272 1250 in
1294 1212 1441 1248 textum
1459 1206 1643 1255 recipere.
1675 1200 1870 1250 coeptum

1003 1272 1108 1324 quod
1121 1269 1230 1309 multi
1246 1281 1322 1305 non
1336 1262 1622 1313 intelligebant,
1637 1255 1870 1306 coniecturis

1003 1341 1143 1367 sanare
1157 1325 1398 1367 studuerunt,
1411 1324 1453 1358 ut
1468 1316 1574 1357 Colv.
1584 1345 1594 1362 ,
1615 1314 1677 1365 qui
1691 1316 1872 1364 spectum

1004 1387 1026 1424 i.
1042 1398 1076 1424 e.
1103 1385 1362 1434 conspectum
1384 1375 1522 1419 voluit,
1548 1370 1710 1410 adscitis
1724 1368 1873 1418 aliquot

1005 1439 1211 1491 exemplis,
1222 1437 1363 1489 quibus
1376 1430 1545 1484 simplex
1557 1429 1633 1467 hoc
1642 1423 1873 1464 vocabulum

1005 1496 1235 1537 defenditur.
1267 1492 1315 1531 cf.
1347 1490 1456 1529 Fest.
1482 1501 1514 1526 s,
1535 1499 1571 1525 V.
1594 1499 1631 1537 p.
1662 1486 1753 1524 147.
1779 1483 1871 1520 257.

1007 1560 1100 1596 264.
1118 1557 1209 1593 700.
1227 1552 1372 1590 et716.
1398 1545 1598 1589 Lindem.,
1625 1544 1663 1578 et
1676 1537 1874 1581 antius,

1008 1614 1070 1663 qui
1087 1610 1148 1648 vel
1164 1611 1322 1659 ceptum
1336 1618 1405 1656 pro
1416 1604 1658 1655 perceptum
1671 1592 1876 1638 intellexit,

1006 1668 1069 1707 vel
1096 1669 1309 1717 acceptum
1333 1658 1554 1699 emendavit
1579 1659 1618 1693 et
1641 1650 1878 1694 Beroaldus,

1009 1727 1072 1778 qui
1086 1733 1291 1775 perperam
1307 1719 1558 1769 compertum
1576 1710 1753 1750 restituit.
1784 1706 1878 1746 Coe-

1005 1788 1124 1836 pium
1155 1784 1192 1817 et
1222 1778 1429 1826 inceptum
1459 1771 1610 1823 passim
1641 1767 1714 1805 dici
1752 1764 1802 1802 de
1836 1775 1879 1800 re

1010 1838 1168 1882 audaci,
1192 1832 1341 1873 nefaria
1355 1834 1394 1868 et
1408 1827 1537 1879 magni
1555 1823 1752 1866 momenti,
1776 1821 1880 1858 bene

1010 1894 1113 1933 Oud.
1133 1895 1224 1944 post
1246 1887 1419 1928 Colvium
1440 1881 1669 1936 pronuntiat.
1691 1877 1780 1917 coll.
1799 1876 1880 1915 Do-

1012 1955 1087 1990 nat.
1106 1949 1153 1989 ad
1169 1943 1318 1986 Eun.V.
1336 1947 1373 1985 6.
1398 1942 1881 1992 inciperenzaynorum.

1010 2009 1247 2061 facinorum
1282 2005 1349 2041 est.
1394 1998 1484 2037 ibid.
1523 2001 1558 2036 4.
1591 1998 1655 2034 45.
1695 1991 1883 2031 Facimus

1015 2062 1261 2105 mediocria,
1304 2055 1567 2108 incipimus
1607 2048 1794 2103 inqenti'a
1832 2045 1881 2084 ad

1014 2120 1171 2159 Phorm.
1202 2117 1229 2155 Ι.
1257 2119 1292 2156 3.
1328 2114 1539 2164 Incipere,
1561 2106 1739 2160 propi-le
1767 2103 1884 2156 quasi

1017 2179 1069 2217 cle
1093 2188 1245 2227 mamm
1269 2185 1313 2210 re
1339 2169 1462 2209 «lixit.
1511 2163 1690 2218 [Ruhnk.
1717 2161 1767 2199 ad
1793 2158 1882 2198 Ter.

1019 2233 1135 2273 Andr.
1160 2231 1187 2269 l.
1215 2234 1253 2270 3.
1282 2231 1343 2268 13.
1392 2224 1493 2264 Don.
1520 2221 1570 2260 ad
1595 2219 1692 2259 Eun.
1707 2217 1755 2256 V.
1783 2220 1818 2255 8.
1847 2219 1883 2255 5.

1018 2291 1150 2329 Burm.
1176 2286 1224 2325 ad
1253 2284 1355 2322 Veli.
1382 2281 1429 2320 ll.
1457 2279 1539 2331 68]
1589 2276 1696 2316 Inibi
1723 2287 1790 2325 pro
1816 2273 1885 2312 ubi

1022 2360 1106 2386 cum
1124 2341 1311 2383 Beroald.
1332 2344 1371 2378 et
1386 2338 1550 2377 Sci-iver.
1569 2331 1752 2385 praetulit
1765 2328 1885 2373 oud„

1024 2401 1129 2455 quod
1148 2400 1184 2438 ei
1202 2398 1364 2451 propius
1383 2395 1431 2435 ad
1448 2392 1654 2432 lectionem
1670 2391 1759 2426 cett.
1774 2385 1886 2424 codd.

1022 2460 1118 2499 milti
1127 2455 1316 2496 accedere
1326 2453 1529 2496 videretur,
1539 2445 1718 2486 nonnulla
1731 2440 1889 2494 Apuleii

1023 2514 1206 2567 exempla
1237 2510 1430 2554 afferenti,
1463 2508 1498 2545 in
1532 2505 1673 2556 quibus
1697 2501 1799 2539 idem
1824 2512 1871 2534 vo

1024 2572 1202 2612 cabulum
1230 2569 1379 2619 legitur.
1407 2564 1457 2603 cf.
1484 2562 1580 2606 Met.
1606 2559 1634 2598 l.
1658 2572 1694 2609 p.
1722 2560 1785 2597 67.
1819 2553 1887 2591 Vl.

1024 2644 1061 2682 p.
1089 2631 1181 2668 413.
1209 2624 1362 2677 [Eekst.
1389 2622 1436 2659 ad
1459 2620 1578 2658 Arist.
1596 2615 1643 2653 T.
1656 2613 1723 2652 ΠΙ.
1741 2627 1778 2665 p.
1795 2614 1887 2651 998.

1026 2685 1153 2725 Hand.
1180 2680 1347 2721 Turseli.
1376 2676 1499 2716 T.lll.
1524 2688 1561 2726 p.
1577 2677 1669 2713 382.
1695 2669 1782 2708 Nec
1807 2681 1890 2706 raro

1020 2744 1122 2782 haec
1136 2753 1212 2778 vox
1226 2738 1262 2776 in
1284 2735 1396 2775 codd.
1409 2735 1585 2784 corrupta
1598 2732 1671 2774 est,
1687 2728 1774 2777 quia
1788 2725 1891 2762 inso-

1022 2799 1159 2839 lentior
1173 2798 1265 2834 erat.
1289 2793 1347 2832 Ita
1361 2787 1644 2829 emendandum
1658 2787 1750 2835 puto
1760 2781 1891 2819 Front.
1906 2810 1908 2812 .

1026 2856 1075 2895 ad
1101 2854 1216 2892 Caes.
1241 2849 1368 2901 Epist.
1393 2845 1437 2885 ll.
1467 2849 1528 2885 15.
1554 2857 1600 2895 p.¹
1619 2844 1682 2881 (30.
1709 2839 1769 2877 ed.
1795 2836 1889 2875 Mai.

1028 2911 1190 2952 Deinde
1204 2908 1260 2947 ibi
1279 2907 1338 2945 sic
1358 2917 1446 2943 oves
1458 2901 1607 2940 multae
1622 2894 1892 2949 covylobatae

1026 2967 1264 3009 adstabant,
1313 2966 1357 3002 ut
1394 2959 1516 2998 locis
1553 2954 1750 2994 oviariis
1787 2948 1892 3000 (cod.

1028 3027 1142 3066 locus
1166 3019 1395 3065 solitarius)
1427 3020 1466 3054 et
1489 3026 1608 3053 canes
1635 3013 1832 3062 quattuor
1857 3010 1895 3044 et

1028 3083 1113 3121 dno
1123 3082 1330 3133 pastores,
1344 3072 1415 3114 secl
1428 3069 1767 3121 nillilpraeterea.
1793 3063 1893 3102 Tum

1023 3142 1172 3191 pastor
1185 3146 1286 3175 imus
1300 3129 1538 3171 adulteram
1551 3128 1773 3178 pastorem,
1782 3123 1894 3172 post·
