2221 3667
343 176 426 221 766
597 174 645 216 L.
670 174 894 214 APULEII
919 173 1318 215 MADAURENSIS
1342 175 1881 219 METAMORPHOSEON

345 289 428 328 deri
463 287 636 327 aiebant:
673 285 896 339 iungendos
933 286 1127 327 connubio
1162 294 1202 327 ct
1237 286 1333 327 satis
1368 287 1532 328 liberum
1568 289 1832 342 procreandis
1890 289 1933 331 Si
1970 303 2123 344 posses-

345 345 476 385 siones
503 342 813 397 praestinaturus
839 350 1067 406 quaercrct3
1107 343 1246 383 merito
1282 344 1402 384 boves
1441 351 1481 384 ut
1511 351 1551 384 et
1580 345 1710 397 iugum
1743 352 1782 385 ct
1812 359 1907 386 arva
1937 346 2123 387 sementis

345 400 525 440 florentia
550 398 812 462 pronuntiari.
864 398 904 439 Si
932 400 1017 452 quis
1043 400 1089 439 de
1115 399 1356 453 profectione
1387 400 1577 440 sollicitus
1603 401 1774 440 divinum
1810 410 1967 455 caperet
1996 402 2125 456 auspi-

346 457 464 496 cium:
491 456 644 495 iunctos
665 455 738 494 iam
754 462 987 508 paruosque
1002 456 1290 509 quadrupedum
1306 463 1535 496 cunctorum
1555 457 1907 507 mansuetissimos,
1925 458 2125 498 etlucrum

257 522 321 555 608
345 512 516 567 promitti
542 512 588 552 de
613 511 749 566 rlebae
775 512 964 565 uermine.
996 511 1003 566 Ι
1029 511 1071 552 Si
1097 512 1285 566 proelium
1311 513 1574 567 capessiturus
1599 520 1822 567 quaereret,
1849 513 1913 554 vel
1932 513 2126 554 latronum

338 604 587 644 procreandum
609 607 683 635 Cod.
708 608 822 634 Incert.
869 604 999 632 seilicet
1013 606 1255 642 possessionem
1274 608 1309 635 B.

1356 609 1393 634 et
1411 610 1485 636 ante
1504 607 1615 644 iugum
1635 610 1745 635 carent
1764 608 1833 636 edd.
1854 609 1936 636 lunt.
1954 608 1981 636 1.
2000 609 2030 636 2.
2049 608 2128 637 Ala.

344 655 399 688 ut,
429 652 509 686 quod
525 651 645 680 rectius
659 653 774 679 abesse
788 653 877 685 putat
892 651 987 684 Oud.‚
1016 652 1048 679 in
1062 659 1134 680 mea
1148 652 1222 680 edit.
1237 652 1364 681 Vicent.
1379 653 1467 680 linea
1481 654 1652 681 obductum
1665 655 1723 681 est.
1766 652 1990 688 pernuntiari
2006 652 2037 680 in
2050 653 2128 682 Am.

344 701 426 726 teste
439 697 553 725 Roald.
567 697 622 725 sed
639 697 670 724 in
685 703 724 724 ea
737 703 809 723 cum
821 695 947 724 vicent.
961 697 1075 725 Venet.
1090 699 1119 726 2².
1133 699 1216 725 lunt.
1232 698 1261 725 1.
1275 702 1302 725 et
1318 697 1422 726 Paris.
1437 701 1484 726 est
1495 696 1751 733 praenuntiari.
1774 699 1810 726 In
1824 699 1895 726 sola
1908 698 1956 726 ed.
1970 698 2084 726 Vener.
2098 699 2128 726 4.

344 742 459 771 inveni
467 741 697 778 pernuntiari.

745 739 861 777 siquis
874 741 910 769 F.
924 742 954 768 3.
969 741 1004 769 G.
1021 743 1049 769 1.
1073 741 1104 769 si
1115 740 1244 779 quidem
1258 744 1292 771 0.
1317 745 1354 771 ln
1368 746 1441 771 cett.
1455 742 1487 770 si
1503 742 1569 779 qni.

1617 744 1755 778 cuperet
1772 744 1807 771 G.
1823 745 1852 771 2.
1867 743 1902 770 P.
1917 742 1955 771 D.
1981 743 2043 771 Sed
2057 749 2129 776 pro·

344 787 448 823 prium
463 794 536 815 esse
548 786 620 820 quis
634 785 737 814 nescit
751 785 937 821 auspicium
952 784 1097 822 capere?
1143 786 1211 814 iam
1225 796 1288 816 nun
1302 791 1460 822 comparet
1482 788 1513 816 in
1534 785 1563 816 ὃ.
1606 790 1801 827 paratoque
1815 789 1851 817 G.
1864 789 1895 818 2.
1908 788 1944 816 Ρ.
1958 789 1997 817 D.
2045 795 2130 825 qua-

344 830 539 870 drupedium
553 832 588 859 G.
605 832 633 858 1.
657 828 909 868 quadripeda’um
924 833 960 859 G.
974 833 1005 860 2.
1019 834 1058 860 D.

346 909 453 948 Italis
476 907 666 947 iniuriam
690 920 772 945 non
787 907 948 959 placuit
973 909 1208 960 coaptari

344 966 395 1003 ad
420 977 534 1013 quem
561 962 685 1000 locum
728 962 774 1002 ct.
800 962 884 1001 Intt.
916 967 954 1002 et
977 965 1029 1002 ita
1054 977 1208 1015 quoque

345 1020 375 1071 ᾧ.
402 1024 465 1061 94.
492 1033 527 1070 p.
551 1022 640 1059 135.
667 1022 705 1057 et
729 1019 772 1057 ll.
798 1033 834 1071 p.
864 1023 953 1060 141.
978 1034 1028 1058 ex
1053 1021 1208 1072 optimis

345 1076 457 1115 codd.
473 1075 678 1127 legendum
701 1080 774 1115 est.
801 1077 1007 1127 Augustini
1028 1077 1209 1128 exempla

346 1133 472 1171 lexica
512 1132 716 1183 praebent,
753 1145 855 1182 quae
891 1133 1046 1183 Apuleii
1086 1133 1211 1172 locum

346 1190 473 1228 onmia
498 1189 680 1239 ignorant.
724 1187 825 1226 Oud.
852 1189 973 1227 voluit
999 1195 1211 1242 captantes

345 1248 366 1285 i.
383 1260 416 1285 e.
442 1245 616 1283 volentes
641 1245 734 1283 inire
759 1247 1033 1284 matrimonium
1060 1260 1107 1285 ex
1132 1260 1212 1284 sor-

345 1303 437 1341 tium
461 1302 605 1340 monitu
630 1315 703 1341 seu
724 1301 913 1340 inhiantes
939 1304 1050 1353 quasi
1082 1303 1210 1341 matri-

344 1359 473 1397 monio
504 1362 543 1396 et
573 1359 671 1396 scire
700 1362 952 1410 appetentes,
984 1360 1099 1411 quale
1123 1373 1212 1397 sors

346 1417 443 1468 ipsis
474 1414 645 1453 donaret.
704 1414 787 1453 Sed
816 1415 869 1453 illi
900 1430 974 1453 non
1006 1417 1213 1467 captabant

344 1472 461 1510 modo
474 1471 765 1516 matrimonium,
790 1472 862 1510 sed
876 1473 949 1510 iam
965 1477 1214 1524 captaverant

346 1529 434 1567 etin
448 1541 495 1566 eo
511 1532 630 1574 erant,
654 1532 697 1566 ut
708 1528 985 1567 matrimonium
999 1530 1210 1580 iungerent.

344 1586 449 1624 Ante
485 1585 636 1635 nuptias
673 1585 772 1621 enim
807 1590 936 1623 sortes
969 1589 1007 1624 et
1038 1587 1212 1637 auspicia

346 1640 549 1679 consulere
574 1640 756 1678 solebant
779 1645 946 1688 veteres,
972 1655 1020 1680 ex
1041 1643 1086 1679 iis
1109 1655 1208 1692 quae

344 1698 494 1736 suturae
520 1701 671 1742 essent,
699 1697 944 1749 auspicaturi.
976 1699 1022 1737 cs.
1049 1697 1133 1736 lntt.
1160 1699 1209 1737 ad

344 1753 457 1792 Ovid.
489 1753 587 1792 Met.
606 1752 673 1791 VI.
706 1757 797 1793 432.
846 1754 1000 1792 Ruhnk.
1037 1755 1134 1794 Dict.
1159 1755 1210 1792 ad

344 1811 505 1848 Sueton.
530 1808 663 1848 Claud.
690 1813 753 1849 26.
779 1823 816 1861 p.
836 1814 928 1851 306.
954 1810 1133 1861 Bulleng.
1161 1811 1210 1849 de

344 1867 444 1904 Sort.
470 1864 513 1904 ll.
540 1880 573 1905 c.
599 1869 636 1905 8.
664 1866 716 1914 (in
744 1867 884 1905 Graev.
912 1867 1032 1906 Thes.
1048 1868 1210 1918 Antiqq.

341 1921 429 1961 Lat.
456 1920 500 1960 T.
516 1922 564 1961 V.
590 1935 626 1974 p.
643 1926 752 1969 436.)
780 1923 843 1974 qui
870 1923 996 1962 locum
1023 1924 1121 1962 Sixti
1147 1923 1209 1962 Ill.

341 1977 479 2030 Papae
509 1979 560 2016 (lc
589 1980 769 2017 castitate
794 1979 906 2018 affert
935 1980 1100 2019 huncce:
1133 1981 1210 2020 Ne-

338 2036 568 2089 sanderum
615 2035 822 2075 idolorum
876 2037 1037 2076 cultura
1086 2039 1211 2076 onmis

340 2092 439 2131 mali
464 2106 606 2131 caussa
630 2096 703 2137 est,
728 2093 888 2132 ἰἠὶἰὶηηι
909 2098 948 2132 et
960 2095 1066 2146 finis.
1092 2094 1210 2133 Πασί-

340 2150 384 2186 iu
398 2149 743 2188 nmtrimoniorzmz
759 2149 986 2189 celebratur
1001 2151 1210 2202 auspiciis,

344 2205 512 2257 quando
526 2209 658 2243 certus
671 2205 913 2256 auspicatur
926 2207 1024 2253 (Hes,
1042 2207 1210 2259 quando

343 2261 643 2300 coniunctionis
669 2260 772 2299 hora
801 2263 1007 2314 siqnaiur,
1040 2264 1210 2316 quando

341 2331 391 2355 πε
412 2317 514 2369 quid
537 2318 711 2367 infausti
731 2319 874 2357 ominis
899 2320 1101 2365 incurrat,
1133 2320 1209 2359 sol-

342 2373 458 2413 licita
471 2378 510 2412 et
521 2373 715 2425 dili-qanta·
728 2388 827 2413 cura
847 2381 1039 2422 servatur,
1066 2381 1105 2415 et
1122 2391 1210 2416 cum
1240 2391 1242 2393 '

341 2430 538 2481 scriptum
567 2431 637 2468 sit.-
668 2443 751 2468 non
779 2432 1105 2484 augurabimini,
1142 2448 1210 2472 au·

338 2487 474 2538 yuriis
508 2491 547 2525 et
569 2486 765 2538 auspiciis
792 2488 925 2527 omnia
951 2489 1209 2541 differamur.

341 2542 499 2581 Gutber.
526 2542 576 2580 de
599 2546 674 2580 vet.
695 2541 766 2581 lur.
786 2542 900 2582 Pont.
922 2544 987 2583 IV.
1014 2559 1045 2583 c.
1062 2549 1096 2586 6.
1117 2545 1208 2584 ibid.

339 2611 375 2649 p.
398 2603 486 2639 187.
508 2597 750 2651 Quamquam
767 2605 978 2651 captantes
997 2601 1209 2640 defendere

340 2656 427 2704 quis
457 2656 585 2707 possit
613 2668 663 2693 ex
687 2656 875 2694 Varronis
906 2657 1040 2707 fragm.
1067 2659 1116 2696 de
1140 2673 1208 2711 pu—

341 2711 471 2749 dicitia
495 2712 598 2762 apud
624 2712 734 2751 Serv.
760 2713 809 2751 ad
838 2714 933 2752 Aen.
959 2713 1024 2753 lV.
1050 2715 1139 2767 45.]

398 2769 494 2806 satis
526 2767 694 2807 Iiberrim
720 2771 1006 2821 procreandis.
1053 2770 1208 2810 Primus

341 2823 525 2862 Floridus
551 2828 650 2870 erat,
677 2826 739 2876 qui
759 2825 1208 2879 lacemhuiclocoprae-

339 2879 426 2918 tulit
450 2880 667 2931 explicans:
693 2887 740 2922 ut
756 2883 1040 2933 producerent
1056 2890 1210 2937 seqetes

341 2936 575 2983 liberorum,
601 2942 643 2976 ut
665 2939 762 2977 salis
786 2938 937 2977 (latinis
961 2940 1024 2978 sit.
1060 2940 1209 2980 Nihilo-

337 2993 463 3030 minus
488 2994 614 3032 scabri
641 2994 766 3044 quid
758 3008 792 3033 in
820 2997 991 3034 oratione
1010 2997 1122 3035 nimis
1141 2999 1206 3037 ab·

337 3049 474 3098 rupta
467 3062 598 3087 nusse
616 3051 765 3089 videtur
778 3051 897 3097 oud„
917 3052 1083 3103 hincque
1097 3058 1207 3104 putat

337 3117 387 3141 ex
417 3104 501 3142 c.0d
528 3105 664 3145 lncert.
694 3106 876 3146 lectione.
907 3111 1004 3148 satis
1037 3109 1205 3150 liberum

333 3162 640 3214 procreandum
669 3164 954 3203 emendandum
979 3179 1091 3205 esse:
1118 3168 1203 3207 iun-

1105 835 1305 861 cunceurum
1319 833 1354 861 Ο.

1402 840 1586 870 capesurus
1602 836 1638 862 G.
1654 832 1682 862 1.
1698 833 1732 862 0.

1264 909 1422 961 9e7zdos
1445 910 1701 948 matrimonio
1722 913 1761 947 ct
1777 909 1875 948 satis
1889 908 2024 947 liberis
2032 922 2130 960 pro-

1267 966 1460 1005 creandis
1473 965 1692 1011 arandam,
1712 965 1830 1017 [quae
1850 967 2065 1003 coniectura
2078 965 2130 1002 ni-

1265 1022 1380 1059 mium
1395 1022 1541 1059 recedit
1554 1035 1576 1059 ιι
1591 1022 1770 1060 librorum
1782 1023 2006 1072 scriptorum
2016 1022 2131 1060 vcsti-

1267 1078 1352 1130 giis.
1394 1077 1548 1116 Deinde
1567 1078 1604 1117 id
1623 1078 1769 1123 solum,
1796 1082 1978 1129 quantum
2003 1077 2130 1119 video,

1270 1134 1473 1172 offensioni
1488 1138 1562 1180 est,
1571 1135 1673 1185 quod
1684 1134 1960 1186 procreandis
1973 1133 2021 1172 ad
2035 1135 2132 1172 satis

1269 1204 1340 1229 nec
1354 1191 1401 1229 ad
1418 1191 1582 1230 liberam
1598 1195 1659 1229 est
1671 1191 1846 1235 relatum,
1868 1190 1903 1228 id
1922 1190 2024 1241 quod
2039 1190 2131 1228 indi-

1269 1261 1386 1286 casse
1403 1247 1554 1285 videtur
1579 1248 1753 1286 librarius
1779 1246 2011 1286 cod.lncert.
2032 1260 2131 1299 pro-

1269 1304 1490 1343 creandum
1499 1303 1646 1355 legens,
1658 1308 1696 1342 et
1709 1303 1757 1342 ad
1766 1304 1933 1343 liber-mn
1946 1302 2131 1341 referens.

1269 1359 1388 1398 Istam
1413 1373 1502 1399 vero
1526 1361 1764 1406 scabritiem,
1790 1373 1905 1410 quam
1929 1359 2032 1397 Oud.
2057 1359 2130 1397 sibi

1269 1417 1400 1454 videre
1436 1418 1543 1455 visus
1579 1422 1658 1463 est,
1702 1417 1882 1468 equidem
1917 1429 2132 1467 agnoscere

1268 1486 1433 1524 nequeo.
1480 1473 1544 1511 De
1567 1475 1760 1512 sententia
1789 1472 1862 1511 loci
1886 1472 2019 1523 plures
2045 1485 2134 1523 ege-

1268 1534 1352 1568 runt
1376 1529 1506 1569 d'Orv.
1519 1530 1643 1568 Yann.
1660 1529 1747 1568 Crit.
1766 1543 1805 1581 p.
1820 1532 1912 1569 209.
1928 1529 1976 1566 ad
1991 1527 2132 1567 Cliarit.

1269 1585 1330 1624 lll.
1347 1591 1382 1626 2.
1403 1600 1437 1637 p.
1455 1590 1546 1626 345.
1573 1586 1715 1625 nm'amv
1740 1583 1796 1624 ἐπ’
1816 1583 1953 1638 ἀρότῳ.
1979 1584 2063 1624 lntt.
2082 1585 2132 1622 ad

1265 1641 1391 1681 Plaut.
1417 1644 1526 1681 Asin.
1554 1642 1596 1682 ll.
1623 1648 1658 1683 ⁴2.
1708 1643 1854 1682 Meurs.
1880 1641 2016 1680 Exere.
2045 1640 2133 1680 (trit.

1265 1698 1329 1737 lll.
1346 1703 1409 1739 21.
1436 1699 1538 1737 Oud.
1566 1701 1655 1738 citat
1674 1698 1846 1750 Inscript.
1867 1697 2005 1736 Monts.
2026 1698 2133 1736 Diar.

1267 1754 1349 1794 Ital.
1380 1770 1417 1808 p.
1448 1759 1537 1796 165.
1569 1753 1630 1794 καὶ
1661 1755 1843 1807 εὐτεκνίης
1872 1752 2041 1807 ἀροτῆρα
2069 1752 2135 1793 τὸν

1267 1810 1398 1864 πατέρ’
1415 1809 1593 1863 ἡμέτερον
1617 1812 1726 1863 Lips.
1753 1812 1802 1850 ad
1828 1810 1919 1849 Tac.
1940 1811 2041 1849 Ann.
2064 1810 2134 1850 Xl.

1269 1872 1333 1907 37.
1383 1868 1465 1907 lntt.
1475 1869 1541 1952 oad
1566 1868 1668 1907 Gell.
1695 1868 1759 1907 lv,
1787 1872 1823 1909 3.
1854 1873 1894 1906 et
1923 1867 1974 1906 ad
1998 1866 2133 1906 Horat.

1269 1924 1407 1976 Epist.·
1420 1925 1447 1963 l.
1502 1929 1601 1965 .44.
1640 1925 1688 1963 cf.
1713 1925 1904 1973 Athenae.
1924 1923 2044 1976 Apol.
2063 1937 2132 1975 pro

1268 1981 1298 2018 (
1303 1982 1407 2020 brist.
1423 1996 1459 2034 p.
1474 1986 1539 2022 41.
1565 1984 1735 2020 Γυναῖκα
1759 1979 1824 2031 μὲν
1844 1981 2000 2027 ἕκαστος
2017 1978 2134 2032 ημώι,

1269 2034 1311 2089 ἢι
1336 2054 1421 2090 ιῃας.
1424 2054 1492 2077 eto
1518 2035 1617 2077 κατὰ
1640 2038 1728 2084 τοὺς
1751 2037 1803 2089 i=q
1835 2037 1941 2089 ἡμῶν
1964 2037 2134 2087 τεθειμέ-

1267 2111 1346 2138 ι-ςοι
1380 2094 1534 2145 πόκους,
1573 2097 1728 2145 νομίζων
1763 2110 1827 2133 και.
1855 2109 1995 2145 ταυτην
2029 2109 2132 2146 μεχρι

1267 2155 1334 2189 τοῦ
1360 2149 1738 2202 παιδοποιία-ασθαι·
1766 2167 1817 2198 ως
1842 2149 1861 2190 ὁ
1885 2147 2045 2215 ‘racemos
2068 2165 2132 2188 κα-

1267 2205 1465 2261 τ(ιβα)λ·ωι
1496 2211 1544 2252 δι’,-
1574 2209 1638 2260 γῆ)
1671 2224 1719 2246 τα
1755 2222 1955 2259 σπιρηατα
1991 2221 2134 2258 τιμητοι·

1267 2268 1462 2317 περιμινιι,
1490 2265 1559 2303 οὐκ
1581 2263 1798 2317 ἐπισπείρων
1818 2265 1881 2303 καὶ
1899 2260 1983 2315 ἡμῖν
2000 2261 2134 2315 μέτοον

1267 2324 1470 2372 ἑπιθιιιιάς
1494 2319 1515 2372 ἡ
1542 2322 1794 2372 madon-offra]

1323 2383 1362 2416 et
1391 2379 1547 2417 lucrum
1575 2379 1761 2429 promitti
1792 2378 1844 2416 cle
1871 2377 2019 2429 ylebae
2040 2389 2135 2429 yer—

1267 2436 1382 2473 mt've.
1408 2434 1594 2473 Pricaeus
1621 2433 1817 2472 existimat
1841 2434 1890 2472 ad
1916 2434 1987 2471 iter
2011 2433 2134 2471 accin-

1268 2491 1371 2540 genti
1396 2491 1489 2529 nihil
1514 2504 1606 2529 esse
1621 2504 1705 2529 cum
1722 2491 1824 2529 lucro
1840 2491 1993 2541 glebae,
2018 2489 2134 2527 adeo-

1268 2561 1343 2598 que
1357 2561 1404 2586 ea
1418 2548 1492 2585 huc
1506 2562 1578 2585 non
1593 2548 1796 2599 pertinere,
1817 2547 1890 2585 sed
1904 2545 2135 2584 retrahenda

1267 2616 1361 2641 esse
1392 2605 1441 2643 ad
1470 2617 1702 2656 praegressa
1733 2607 1827 2655 post
1853 2603 2133 2656 pronuntiari,

1264 2664 1306 2698 ut
1336 2675 1420 2698 cuin
1445 2660 1767 2712 possessionibus
1796 2664 1834 2698 et
1862 2673 1989 2712 aqros
2013 2672 2133 2711 prae-

1265 2718 1466 2757 slz'rzaturo
1501 2718 1788 2766 subiungantur.
1841 2716 1988 2754 Verum
2024 2719 2133 2753 errat.

1265 2772 1372 2811 Nihil
1393 2777 1523 2812 contra
1537 2773 1636 2812 Mss.
1658 2777 1696 2810 et
1711 2772 1809 2810 Edd.
1824 2775 1885 2810 est
1897 2771 2132 2810 mutandum.

1266 2829 1367 2868 Nam
1391 2831 1492 2868 bene
1518 2829 1794 2868 advertendum
1819 2832 1898 2874 est,
1924 2826 2133 2879 Apuleium

1266 2886 1319 2925 ita
1344 2887 1492 2925 variare
1513 2887 1740 2930 orationem,
1775 2889 1817 2923 ut
1835 2889 1962 2923 tamen
1980 2884 2134 2934 utrique

1266 2943 1437 2981 membro
1463 2942 1734 2995 praecedentis
1759 2942 1878 2979 sortis
1902 2940 2056 2992 singula
2086 2940 2134 2977 iis

1263 2999 1543 3050 respondentia
1572 3002 1690 3050 aptet.
1750 2998 1817 3036 Sic
1847 2998 1896 3036 ad
1923 2996 2133 3037 coniuncti

1258 3057 1538 3108 pwoscimlant
1568 3056 1683 3094 botes
1712 3055 1903 3121 pertinent
1931 3053 2132 3105 iunqendi

1263 3113 1466 3151 connubio
1499 3113 1613 3150 botes
1643 3116 1682 3150 et
1710 3113 1867 3163 iuqum.
1898 3112 2030 3150 iuncti
2055 3123 2131 3161 pa-

1259 3169 1422 3220 ratique
1454 3168 1766 3220 quadrupedum
1802 3168 2012 3213 mitissimi,
2049 3179 2131 3205 cer-
