2155 3590
160 1024 225 1067 En
270 1037 345 1078 ego
393 1020 461 1062 tibi
510 1027 692 1059 sermone
741 1012 816 1052 isto
864 1006 1023 1050 Milesio
1070 1000 1204 1044 varias
1253 993 1406 1037 fabulas
1455 999 1661 1031 conseram
1714 993 1850 1023 aures·
1871 981 1970 1048 [152]

139 1146 173 1173 et
190 1144 308 1173 habent
333 1140 430 1170 codd.
456 1138 493 1166 F.
520 1138 549 1166 1.
586 1136 626 1161 at
644 1140 701 1170 ego
721 1131 758 1159 F.
777 1131 808 1158 3.
832 1128 872 1157 Ι).
890 1128 920 1155 et
940 1126 976 1153 G.
992 1123 1039 1155 2..

1077 1126 1157 1155 quos
1176 1117 1357 1151 sequuntur
1379 1110 1455 1140 edit.
1481 1107 1582 1144 princ.
1601 1106 1632 1134 et
1651 1109 1762 1132 omnes
1780 1103 1856 1129 ante

49 1193 145 1228 Elm.,
164 1190 265 1225 quiet
280 1195 321 1216 ex
334 1187 370 1215 F.
384 1183 536 1213 restituit.
563 1179 625 1207 tibi
640 1180 732 1207 abest
746 1177 785 1204 ab
800 1173 946 1202 ed.1unt.
962 1164 1160 1207 2.fabellas
1185 1163 1234 1191 ed.
1257 1161 1341 1188 lunt.
1356 1159 1386 1185 1.
1412 1156 1525 1185 Aldin.
1545 1156 1574 1181 et
1587 1152 1666 1180 Bas.
1685 1156 1732 1183 pr.
1745 1149 1857 1176 contra

50 1244 160 1266 omnes
173 1237 255 1263 Mss.
268 1236 299 1261 et
311 1230 516 1260 Beroaldum.
551 1227 591 1253 ut
602 1231 659 1261 ego
674 1221 777 1250 Basil.
792 1221 822 1248 1.
853 1220 893 1244 at
915 1222 974 1252 ego
999 1215 1021 1240 t.
1036 1209 1167 1239 Milesio
1182 1211 1333 1235 sermone
1346 1202 1412 1230 isco
1437 1200 1505 1228 cod.
1524 1196 1702 1232 Anglican.
1726 1190 1855 1227 Parni,

50 1282 146 1311 cuius
165 1279 278 1309 varias
296 1276 451 1306 lectiones
471 1271 615 1301 Oudend.
633 1269 767 1298 miserat
785 1265 920 1292 u'asse.
968 1257 1144 1297 conferam
1168 1253 1238 1282 cod.
1251 1252 1289 1280 Β.
1302 1252 1331 1278 et
1345 1248 1419 1276 edit.
1433 1243 1553 1274 Florid.

112 1379 210 1419 Cn.
235 1376 264 1417 I.
319 1375 385 1414 En
410 1386 487 1425 eqo
513 1369 597 1410 tibi.
630 1366 794 1419 [Initium
819 1362 932 1400 huius

54 1438 138 1477 libri
163 1439 202 1474 et
219 1432 332 1474 codd.
352 1430 398 1470 F.
423 1433 462 1467 et
482 1427 531 1466 0.
557 1428 659 1465 teste
678 1422 839 1461 Pricaeo
866 1416 931 1470 [cf.

54 1494 184 1534 Burm.
221 1491 271 1531 ad
302 1486 461 1528 Anthol.
494 1483 604 1522 Toni.
636 1479 681 1519 ll.
709 1493 742 1518 c.
779 1479 869 1518 114.
894 1487 932 1526 p.

57 1549 168 1603 390]
194 1553 233 1588 et
257 1547 446 1586 editiones
471 1541 575 1580 Junt.
597 1543 631 1580 1.
651 1536 784 1576 Aldin.
810 1530 933 1571 Basil.

57 1605 241 1648 Beroald.
275 1607 313 1642 et
343 1599 522 1641 Elmenh.
552 1594 730 1635 versibus
761 1589 934 1630 iambicis

59 1664 302 1705 constituunt.
350 1658 424 1698 Hic
460 1669 560 1694 error
589 1652 838 1706 pervetustus
868 1645 933 1683 de-

60 1720 288 1761 fendebatur
320 1732 344 1757 a
373 1714 592 1763 scaligero,
624 1705 841 1749 Beroaldo,
866 1701 934 1741 El-

59 1776 308 1820 menhorstio‚
334 1773 398 1824 qui
422 1771 486 1809 vel
511 1766 687 1807 scholion
714 1761 860 1802 addidit
884 1760 937 1797 iu·

61 1835 265 1875 tei-lineare
305 1832 342 1870 in
385 1827 468 1868 cod.
512 1825 557 1865 F.
600 1824 812 1875 repertum,
862 1830 937 1867 quo

61 1892 220 1932 metrica
243 1888 334 1928 initii
365 1883 584 1925 constitutio
616 1877 939 1930 comprobaretur,

65 1948 169 2001 quod
200 1961 224 1986 a
252 1941 539 1992 Lindenbrogio
571 1936 809 1986 descriptum
834 1928 938 1982 apud

64 2003 239 2045 EImenh.
272 2003 404 2054 potest
434 1996 607 2037 conferri.
666 1992 818 2029 Versus
851 1999 940 2024 vero

66 2063 140 2117 ipsi
170 2062 207 2100 in
238 2058 323 2098 cod.
354 2056 400 2095 F.
427 2057 581 2094 auctore
606 2049 746 2089 eodem
769 2044 942 2085 Linden-

66 2118 201 2170 brogio
226 2118 279 2155 ita
301 2117 392 2153 suut
416 2110 592 2150 ordinati:

112 2179 151 2208 Et
166 2184 224 2212 ego
239 2175 296 2204 tihi
310 2179 458 2202 sermone
475 2170 536 2199 isto
552 2165 684 2197 Milesio

114 2223 237 2254 Varias
252 2220 383 2249 fabulas
397 2222 567 2245 conseram
580 2216 742 2244 auresque
756 2211 831 2236 tuas

115 2268 296 2299 Benivolas
307 2264 415 2299 lepido
427 2267 561 2291 susurro
576 2257 792 2293 permulceam
801 2275 809 2291 ‚

116 2314 214 2345 modo
226 2312 255 2341 si
269 2316 425 2347 papyrum
438 2304 603 2341 Aegyptia
614 2301 743 2334 argutia

116 2357 250 2390 Nilotici
263 2355 383 2385 calami
394 2352 588 2386 inscriptam
601 2355 664 2376 non
679 2340 845 2380 spreveris

117 2404 284 2439 Inspicere
297 2405 325 2431 et
339 2400 460 2433 figuras
474 2397 683 2428 fortunasque
696 2389 862 2420 nominum

119 2451 158 2481 ln
171 2449 256 2478 alias
271 2446 432 2479 imagines
444 2447 621 2472 conversas
634 2442 662 2466 et
678 2438 711 2466 in

122 2497 164 2525 Se
176 2500 304 2523 rursum
318 2494 428 2521 mutuo
441 2495 526 2518 nexu
541 2485 680 2515 refectas
691 2504 699 2518 ,
712 2483 749 2510 ut

122 2539 255 2571 mireris
267 2536 426 2567 exordior.
472 2533 553 2569 Quis
566 2531 643 2559 ille?
667 2524 796 2563 paucis.

124 2587 279 2621 Hymetos
292 2582 405 2612 Attica
416 2584 444 2608 et
460 2579 584 2607 llitmos
597 2576 727 2609 Epyrea

123 2631 165 2662 Et
177 2629 347 2660 Tlienedos
360 2625 532 2661 Spartiaca
541 2645 549 2660 ,
564 2623 678 2658 glebae
692 2617 805 2647 felices

124 2677 303 2708 Aeternum
317 2672 412 2702 libris
428 2667 631 2699 felicioribus

126 2721 299 2756 Condita-e,
313 2725 386 2748 mea
399 2719 491 2745 vetus
504 2711 657 2749 prosapia
668 2711 728 2738 est.

126 2768 176 2799 lbi
190 2767 338 2802 linguam
349 2762 500 2792 Atliidem
514 2758 626 2794 primis
639 2751 798 2791 pueritiae

129 2810 307 2847 Stipendiis
320 2807 439 2838 merui:
452 2812 528 2835 mox
540 2803 573 2832 in
587 2804 666 2832 urbe
678 2798 777 2829 Latia.

128 2858 284 2893 Aduena,
297 2854 477 2884 studiorum
491 2848 665 2885 Quiritium
677 2843 867 2879 indigenum

130 2904 331 2936 Sermonem,
347 2894 563 2928 aerumnabili
575 2895 688 2923 labore
699 2912 707 2928 ,
721 2889 812 2917 nullo

131 2947 291 2984 Magistro
305 2946 479 2980 praeeunte
491 2944 669 2975 aggressus
682 2931 829 2969 excolui3

132 2994 173 3024 Et
186 3000 262 3021 ecce
274 2989 461 3027 praefamur
471 2985 602 3016 veniam
611 3004 620 3019 ‚
638 2981 667 3011 si
681 2980 759 3015 quid

133 3038 265 3068 Exotici
275 3040 373 3070 atque
386 3032 526 3063 sorensis
539 3026 699 3059 sermonis
712 3023 804 3054 rudis

134 3083 274 3113 Locutor
285 3081 445 3110 offendero
454 3100 461 3113 ,
476 3078 540 3106 iam
552 3078 634 3104 llaec
647 3071 795 3108 equidem
808 3068 883 3103 ipsa

135 3128 237 3160 Vocis
250 3125 431 3157 immutatio
444 3120 643 3153 desultoriae

1037 1355 1202 1387 scientiae
1214 1353 1290 1383 stilo
1301 1374 1307 1387 ,
1321 1356 1413 1385 quem
1427 1344 1630 1376 accessimus

1036 1401 1236 1438 Respondet,
1252 1398 1396 1426 fabulam
1410 1394 1567 1421 Graecam
1580 1385 1770 1423 incipimus:

1036 1450 1152 1478 Lector
1164 1444 1294 1475 intende
1304 1464 1312 1479 ‚
1325 1438 1512 1470 laetaberis.

992 1503 1065 1543 His
1079 1501 1269 1543 versibus,
1280 1494 1419 1547 quales
1434 1504 1456 1530 a
1464 1489 1510 1528 F.
1520 1487 1603 1528 cod.
1613 1485 1863 1539 proferuntur,

993 1557 1282 1601 accuratissime
1312 1547 1522 1603 respondet
1552 1542 1754 1596 dispositio
1785 1552 1866 1576 ver-

992 1630 1106 1657 suum
1135 1617 1170 1653 in
1203 1611 1338 1652 codice
1375 1603 1623 1653 Sangallensi
1660 1596 1868 1652 oppidano,

993 1676 1101 1714 cuius
1127 1670 1282 1711 collatio
1308 1667 1356 1706 ab
1387 1661 1554 1705 Ort-llio.
1586 1657 1634 1697 cf.
1664 1653 1785 1708 praef.
1818 1650 1870 1690 ad

995 1731 1072 1772 Cic.
1103 1729 1210 1767 Brut.
1235 1739 1271 1778 p.
1303 1718 1465 1762 XLVII.
1491 1731 1570 1768 sq.,
1601 1714 1771 1753 instituta
1796 1711 1870 1753 est,

995 1790 1066 1827 nisi
1093 1785 1197 1837 quod
1216 1784 1251 1821 in
1271 1778 1434 1830 siugulis
1455 1775 1581 1813 verbis
1601 1769 1756 1810 recedit.
1792 1764 1871 1804 Pro

997 1850 1035 1884 et
1053 1846 1154 1883 enirn
1179 1852 1293 1879 versu
1318 1836 1438 1888 primo
1464 1834 1499 1871 in
1525 1829 1609 1869 cod.
1632 1827 1752 1876 Sang.
1778 1822 1871 1873 legi·

997 1906 1056 1941 tur
1080 1905 1141 1945 at,
1166 1902 1245 1936 tum
1274 1903 1470 1947 papyrea
1497 1884 1763 1940 Aeyyptiam,
1788 1878 1873 1931 Hy-

998 1962 1155 2000 mettos,
1203 1952 1368 1992 Isthmos
1407 1945 1621 1999 Eplzyrea,
1666 1940 1874 1979 Taenaros

1001 2013 1218 2068 Spartica,
1259 2006 1488 2054 Quirinum
1527 1999 1592 2039 En
1628 2008 1737 2040 ecce,
1774 1992 1875 2032 llaec

1003 2071 1165 2125 quidem
1195 2069 1300 2119 ipsa.
1358 2060 1431 2101 His
1462 2057 1660 2097 codicibus
1685 2051 1875 2102 deceptus

1001 2125 1235 2178 Rutgersius
1271 2135 1318 2159 eo
1355 2116 1543 2157 audaciae
1582 2108 1793 2164 processit,
1835 2107 1878 2143 ut

1004 2197 1121 2236 quum
1146 2195 1207 2226 ea,
1233 2192 1310 2230 qua
1333 2188 1379 2214 se
1398 2170 1643 2224 excipiebant
1666 2165 1798 2209 verba,
1820 2174 1877 2200 ra·

1004 2243 1107 2281 tione
1132 2250 1246 2277 veros
1266 2248 1339 2273 non
1365 2231 1561 2270 efficerent
1584 2235 1723 2263 versus
1748 2218 1878 2259 iambi·

1006 2311 1093 2343 cos,
1137 2297 1173 2334 vi
1205 2291 1374 2345 Apuleio
1406 2286 1595 2328 adhibita,
1626 2277 1782 2330 singula
1810 2286 1878 2327 pro

1005 2354 1157 2396 arbitrio
1182 2348 1424 2390 emendaret,
1454 2339 1695 2382 transferret,
1726 2344 1880 2373 conver·

1005 2415 1115 2452 teret.
1147 2407 1274 2455 Quam
1298 2403 1551 2443 temeritatem
1576 2410 1600 2435 a
1623 2393 1729 2434 nullo
1747 2388 1882 2429 codice

1008 2466 1298 2520 comprobatam
1334 2472 1419 2499 cum
1448 2453 1685 2495 Beoichemo
1715 2443 1882 2499 Epistol.

1008 2522 1148 2566 LVIII.
1172 2518 1373 2560 Bernardo
1398 2508 1648 2553 Philomatha
1675 2504 1821 2544 Pisano
1845 2501 1884 2539 in

1010 2580 1131 2636 praef.
1151 2577 1255 2618 Junt.
1281 2591 1314 2615 a.
1338 2575 1446 2614 1522
1471 2568 1614 2621 optime
1631 2562 1761 2602 reiecit
1780 2556 1885 2597 Oud.

1012 2638 1178 2686 Quantis
1203 2647 1294 2672 vero
1325 2628 1514 2670 erroribus
1539 2621 1705 2662 metricis
1736 2617 1774 2655 hi
1804 2626 1885 2652 ver-

1011 2709 1083 2735 sus
1114 2693 1306 2732 scateant,
1331 2699 1444 2726 nemo
1475 2685 1537 2720 est
1565 2679 1654 2730 quin
1686 2671 1886 2723 intelligat,

1012 2756 1056 2792 ut
1090 2763 1176 2790 cum
1211 2745 1360 2786 Orciiio
1397 2742 1422 2780 l.
1459 2754 1491 2779 c.
1522 2739 1627 2776 recte
1656 2734 1888 2771 statuamus,

1015 2808 1156 2860 ingenii
1179 2805 1269 2844 lusu
1301 2799 1531 2840 commotum
1557 2803 1649 2831 esse
1675 2784 1890 2841 grammati·

1016 2879 1104 2905 cum
1128 2861 1320 2915 quendam
1350 2856 1413 2894 vel
1439 2851 1650 2893 librarium,
1682 2845 1744 2896 qui
1771 2841 1890 2881 multa

1017 2923 1137 2962 verba
1171 2921 1208 2958 in
1233 2916 1383 2956 iambos
1420 2908 1540 2959 redigi
1570 2916 1694 2958 posse
1731 2899 1891 2941 viderat,

1018 2984 1061 3019 ut
1084 2977 1212 3017 omnia
1247 2986 1316 3026 per
1346 2977 1526 3009 numeros
1551 2961 1720 3001 esserret.
1779 2954 1819 2993 In
1845 2965 1892 2990 eo

1019 3040 1149 3076 tamen
1180 3030 1319 3070 erravit
1347 3023 1538 3066 oremus,
1575 3017 1679 3070 quod
1709 3023 1894 3065 gramma·

1021 3094 1097 3133 tico
1120 3089 1218 3130 ltalo
1242 3098 1346 3127 saec.
1371 3079 1480 3122 XIV.
1505 3077 1569 3116 vel
1593 3073 1684 3114 XV.
1714 3071 1818 3110 hunc
1839 3079 1895 3105 er·

1586 3131 1641 3174 1*
