2221 3667
308 117 338 161 4
551 118 602 158 L.
633 118 853 159 APULEII
882 119 1286 162 MADAURENSIS
1313 119 1859 162 METAMORPHOSEON

309 244 433 272 rorem
458 231 656 279 adtribuit,
688 248 804 285 quum
822 235 947 274 codex
971 235 1035 282 F.‚
1066 250 1181 287 quem

309 293 574 342 pervetustum
593 293 761 330 nominat
780 291 1102 344 Liudeubmgius,
1122 294 1182 331 his

311 351 412 384 certe
443 347 612 385 saeculis
657 350 757 399 prior
798 351 865 395 sit,
908 354 949 388 ut
991 365 1014 388 a
1048 364 1183 388 saecu-

311 404 348 441 lo
385 403 473 441 inde
516 404 715 443 undecimo
754 406 813 443 vel
858 407 1086 445 duodecimo
1123 407 1184 444 hic

310 474 413 498 error
443 462 675 512 profluxisse
707 463 890 501 videatur.
950 463 1052 501 Oud.
1084 467 1184 500 teste

310 516 509 555 Morianus
567 517 733 557 Tuccius
782 520 943 558 clericus
993 518 1184 556 Florenti-

310 587 383 611 nns
415 575 449 611 In
483 574 544 612 cd.
570 573 716 613 Iuntina
743 591 775 613 a.
810 581 914 616 1512
940 576 1084 628 primus
1106 589 1185 612 ver-

310 631 419 669 sibus
462 644 550 668 vere
599 630 774 669 iambicis
818 633 945 670 omnia
991 633 1181 669 constituit

310 686 518 725 Francisco
534 688 710 726 Asulano
730 690 764 725 in
781 689 906 726 Aldin.
923 688 1012 726 edit.
1027 702 1061 726 a.
1080 692 1179 728 1521

310 744 476 794 aliisque
495 746 759 794 sequentibus.
798 744 993 790 Quantum
1018 758 1108 782 vero
1134 745 1185 782 in-

309 805 498 853 terpretes
541 803 575 838 in
620 802 796 838 versibus
843 802 945 852 apud
983 802 1184 852 prosaicos

308 858 527 910 pangendis
548 859 659 906 genio
674 872 745 894 suo
761 857 947 898 dederint.
964 858 1185 909 exemplum

310 920 371 953 est
396 916 635 952 notissimum
662 913 856 959 Hhenani,
884 916 946 965 qui
966 912 1050 952 Liv.
1072 914 1099 952 l.
1120 918 1185 954 234.

311 972 340 1022 Q.
374 976 429 1011 8..
467 972 528 1008 ubi
562 974 702 1021 poetae
733 972 947 1022 cuiuspiam
977 972 1095 1009 verba
1134 971 1185 1009 la-

310 1033 390 1065 tere
421 1028 492 1065 sihi
519 1031 785 1078 persuaserat,
824 1028 949 1066 locum
980 1029 1015 1066 in
1050 1041 1186 1066 versus

310 1085 559 1122 hexametros
585 1085 751 1133 cogebat
770 1088 808 1121 et
827 1088 931 1123 recte
951 1099 974 1123 a
987 1085 1186 1123 Drakenb.

308 1142 548 1192 vituperatus
575 1144 653 1179 est.
681 1142 744 1191 qni
766 1156 898 1180 rernm.
918 1142 995 1180 lenc
1015 1143 1186 1187 ratione,

309 1199 446 1247 inquit,
483 1197 699 1241 addendo,
738 1198 953 1240 demendo,
990 1199 1187 1237 mutando

309 1256 469 1306 inferlm·
485 1254 625 1292 Livius
640 1255 678 1292 1¹11
693 1268 878 1293 numeros
887 1257 1076 1307 poeticos
1090 1256 1189 1307 coyt

304 1316 454 1364 potest.
481 1311 531 1349 cl'.
546 1310 669 1348 Wolf.
692 1315 730 1349 et
749 1310 883 1350 Ritter.
899 1312 948 1350 ad
971 1311 1064 1350 Tac.
1086 1312 1186 1349 Arm.

309 1368 335 1406 I.
380 1372 410 1406 1.
460 1367 618 1406 Santen.
663 1368 713 1406 ad
751 1366 969 1407 Terentian.
1017 1383 1054 1420 p.
1093 1372 1186 1409 276.

311 1424 518 1463 Hermann.
539 1439 674 1476 opusc.
694 1423 720 1463 I.
743 1439 780 1476 p.
801 1429 890 1465 124.
917 1424 1045 1471 Quint.
1062 1424 1127 1464 IX.
1149 1429 1185 1465 4.

310 1486 362 1522 74
377 1494 436 1531 sq.
465 1481 542 1519 Cic.
563 1481 612 1518 de
631 1482 697 1519 Or.
725 1486 769 1525 3,
795 1486 848 1522 47
874 1485 913 1519 et
937 1483 971 1519 in
987 1481 1053 1520 Or.
1069 1496 1100 1520 c.
1117 1486 1185 1522 56.

308 1538 471 1589 Rupert.
505 1538 554 1576 ad
585 1537 707 1577 Tacit.
745 1537 827 1576 Iud.
859 1537 920 1576 111.
957 1551 992 1577 v.
1032 1539 1184 1578 I'ersus.

308 1594 480 1647 Apuleio
515 1596 615 1632 enim
652 1609 722 1646 per
757 1595 1053 1647 imprudentiam
1083 1596 1186 1634 tales

307 1665 447 1690 versus
472 1653 632 1702 saepius
658 1651 855 1690 excidisse
879 1665 926 1689 eo
952 1654 1080 1690 minus
1105 1656 1186 1704 pot-

308 1711 385 1747 eris
415 1709 557 1753 mirari,
596 1709 699 1758 quod
730 1722 798 1760 pro
825 1710 977 1759 ingenio
1004 1709 1186 1748 Afrorum

308 1770 349 1804 et
368 1765 533 1804 vividam
552 1769 590 1802 et
603 1767 765 1817 poeticis
779 1766 974 1804 coloribus
993 1766 1185 1817 depictam

309 1827 350 1861 et
392 1822 490 1861 fucis
532 1824 768 1873 variegatam
810 1821 961 1861 dicendi
999 1824 1185 1861 rationem

308 1879 452 1929 ubique
477 1883 637 1918 secutus
670 1883 742 1918 est.
788 1878 982 1931 Exempla
1012 1881 1044 1917 si
1074 1879 1186 1931 plura

308 1935 606 1980 desideraveris,
627 1936 703 1974 alia
716 1935 900 1974 Pricaeus
920 1937 1123 1988 praebebit
1136 1937 1185 1975 ad

309 1993 568 2044 Metamorph.
584 1991 651 2030 IV.
666 2007 702 2045 p.
719 1996 799 2034 294
814 1993 917 2031 Oud.
932 1993 1120 2032 D'Orvill.
1135 1994 1186 2032 ad

309 2050 450 2089 Charit.
470 2048 538 2088 IV.
555 2064 586 2087 c.
605 2054 639 2089 1.
659 2064 696 2102 p.
712 2055 807 2090 421.
837 2050 928 2089 Alia
941 2050 1120 2089 conseras
1136 2063 1186 2088 ex

309 2106 480 2159 Apuleio
506 2107 736 2159 deprompta
758 2107 865 2158 apud
886 2104 1086 2146 Barthium
1106 2107 1187 2146 Ad-

309 2176 411 2201 vers.
431 2162 516 2202 Vll.
546 2168 608 2203 19.
634 2178 670 2215 p.
697 2167 790 2204 350.
816 2163 918 2202 VIII.
945 2168 1010 2204 21.
1035 2178 1073 2215 p.
1094 2168 1188 2204 407.

310 2219 423 2258 XVI.
455 2225 517 2260 14.
541 2234 578 2271 p.
605 2225 699 2261 838.
727 2219 851 2259 XVII.
879 2225 914 2260 7.
940 2235 978 2272 p.
1001 2222 1112 2273 868]

368 2278 435 2315 En.
466 2291 556 2329 1³90.
617 2277 854 2329 Discrepant.
893 2278 1050 2316 codices
1093 2279 1189 2316 inter

309 2334 538 2385 scripturam
574 2339 613 2372 et
648 2338 687 2372 et
717 2339 776 2379 at,
813 2348 915 2384 quae
944 2335 1134 2386 posterior
1166 2348 1189 2373 a

310 2390 427 2441 longe
463 2390 637 2441 pluribus
673 2391 928 2435 confirmatur,
960 2395 1001 2429 ut
1030 2392 1079 2430 ab
1111 2391 1189 2429 edi-

310 2449 415 2486 tione
439 2447 528 2485 inde
553 2448 675 2498 prima
706 2461 831 2498 usque
861 2448 911 2486 ad
942 2447 1045 2486 Oud.
1075 2448 1189 2499 parti·

311 2504 401 2543 cula
425 2509 469 2543 at
491 2504 594 2542 initio
615 2503 946 2555 Metamorphosis
967 2504 1189 2543 adhaereat.

311 2560 441 2600 Docte
464 2561 603 2599 refutat
628 2560 729 2599 Oud.
755 2560 978 2599 Bccichemi
1003 2562 1037 2598 in
1064 2560 1189 2612 Epist.

314 2621 381 2658 58.
411 2622 450 2656 et
475 2617 659 2656 Beroaldi
684 2619 933 2664 sententiam,
960 2622 1002 2657 al
1026 2618 1188 2669 particu-

313 2673 391 2713 lam
420 2675 604 2726 principio
637 2675 815 2713 orationis
853 2678 1008 2712 ornatus
1046 2687 1190 2713 caussa

312 2732 473 2784 praefigi
497 2733 764 2780 statuentium,
789 2744 906 2781 quum
932 2734 1085 2769 veteres
1111 2744 1190 2768 ser-

312 2801 467 2826 monem
504 2800 573 2839 per
602 2793 711 2833 „affl
741 2801 827 2826 cum
852 2787 1055 2826 indicativo
1080 2801 1191 2839 prae-

314 2846 437 2882 sentis
474 2849 514 2883 et
547 2845 659 2883 t'uturi
695 2846 862 2884 iunctum
896 2845 932 2883 in
976 2845 1191 2882 obiectione

316 2905 462 2939 tantum
474 2901 536 2939 vel
560 2902 808 2940 admiratione
827 2916 872 2940 ac
891 2901 1192 2954 reprehensione

315 2957 497 3008 incipiant
523 2958 588 3010 (cs.
610 2958 701 2997 Hor.
722 2958 913 3010 Ep0‹{.V.
932 2963 966 2998 1.
980 2956 1095 2996 Ovid.
1115 2957 1192 2996 He-

316 3014 411 3052 roid.
437 3013 524 3052 ΧΗ.
554 3020 588 3054 1.
619 3016 748 3066 iliique
778 3015 914 3053 Heius.
946 3013 1191 3067 Peerlkamp.

317 3069 367 3108 ad
392 3069 525 3109 Horat.
556 3070 682 3122 Epod.
708 3071 799 3111 XV.
827 3076 908 3117 17„
934 3073 998 3123 qni
1024 3071 1192 3110 Gronov.

318 3126 369 3166 ad
392 3126 532 3166 Justiu.
569 3126 680 3168 XIV.
714 3133 752 3171 4.
787 3128 918 3169 Burm.
949 3128 1001 3168 ad
1031 3128 1191 3168 Anthol.

1241 236 1285 276 II.
1316 251 1353 289 p.
1380 241 1473 278 555.
1499 235 1567 275 Int.
1599 237 1649 275 ad
1675 234 1815 274 Tibull.
1842 234 1868 273 l.
1895 239 1960 276 20.
1990 239 2023 275 1.
2049 248 2111 273 ex-

1241 295 1348 339 citat,
1377 295 1442 332 ubi
1466 295 1581 332 etiam
1607 294 1794 331 editiones
1824 293 1920 330 inter
1943 297 1986 331 at
2010 295 2048 330 et
2070 297 2115 331 ul·

1241 350 1451 402 fluctuant.)
1483 350 1542 388 Eo
1568 351 1691 399 magis
1717 362 1810 387 esse
1835 349 2040 386 offensioni
2065 349 2115 386 ait

1243 409 1538 452 coniunctivum,
1575 408 1720 458 quippe
1755 406 1818 456 qui
1844 406 1931 444 huic
1954 406 2115 457 particu-

1245 464 1306 502 lae
1339 477 1530 514 nunquam
1566 465 1757 512 iungatur,
1795 463 1866 500 nisi
1902 463 1952 500 sit
1981 463 2115 513 impre-

1244 521 1386 564 cantis,
1423 521 1588 558 iubentis
1620 524 1658 557 ct
1690 520 1872 569 petentis,
1909 522 1950 557 ut
1978 517 2062 556 Liv.
2088 516 2114 556 I.

1248 581 1309 616 12.
1342 576 1473 615 Horat.
1500 577 1575 615 Od.
1601 575 1628 615 Ι.
1657 581 1719 616 28.
1741 580 1804 616 23.
1843 574 1919 613 Pro
1940 580 1981 613 at
2007 575 2117 625 igitur

1245 633 1346 671 Oud.
1360 639 1403 672 ut
1418 634 1652 678 emendarit,
1665 648 1749 671 cum
1763 633 2019 682 sequentibus
2032 644 2116 668 ver-

1246 690 1306 727 bis
1329 695 1374 728 ut
1399 691 1552 728 mireris
1576 691 1865 728 accuratissime
1889 689 2117 739 coniungen-

1246 746 1349 790 dum,
1375 760 1476 796 quac
1496 746 1608 784 lectio
1630 748 1794 784 omnium
1815 745 1942 784 adhuc
1956 749 2017 783 est
2035 759 2118 796 pro-

1246 803 1499 841 babilissima.
1555 802 1757 841 Facillime
1793 804 1893 840 eninr
1935 803 2012 840 tieri
2053 815 2118 853 po-

1245 860 1380 903 tuisse,
1407 863 1448 897 ut
1461 860 1562 908 quod
1578 861 1699 910 prima
1720 859 1828 897 litera
1846 873 1936 897 auro
1956 859 2121 897 miniove

1246 915 1386 953 deinde
1411 916 1661 967 appingenda
1679 918 1825 954 omissa
1843 919 1970 960 esset,
1995 914 2058 952 vel
2078 919 2122 953 ut

1246 972 1309 1010 vel
1330 978 1373 1010 at
1392 973 1453 1009 vel
1476 977 1512 1010 et
1533 972 1744 1022 (quomodo
1766 972 1910 1010 hahent
1928 972 2040 1011 codd.
2055 970 2118 1019 F.)

1246 1029 1444 1067 cl'ticerent
1466 1029 1619 1073 librarii,
1641 1042 1757 1078 qumn
1777 1030 2003 1080 praesertim
2023 1033 2065 1067 at
2084 1031 2122 1066 et

1246 1091 1290 1124 ut
1316 1085 1382 1136 [cs.
1409 1086 1544 1124 Heius,
1571 1085 1619 1124 ad
1646 1085 1761 1123 Ovid.
1789 1085 1944 1124 Heroid.
1970 1083 2058 1122 Xll.
2087 1088 2121 1124 1.

1251 1142 1367 1181 Drak.
1400 1143 1447 1181 ad
1479 1141 1566 1180 Liv.
1592 1141 1617 1180 l.
1647 1147 1708 1181 18.
1736 1142 1778 1194 9]
1811 1148 1854 1182 nt
1878 1146 1916 1180 et
1941 1147 1979 1181 et
2003 1140 2123 1193 [Cort.

1248 1199 1299 1237 ad
1334 1199 1482 1238 Lucan.
1515 1198 1539 1237 l.
1570 1203 1659 1239 141.
1696 1198 1820 1238 ssenu.
1846 1199 1895 1238 ad
1921 1199 2034 1237 eund.
2071 1197 2122 1237 X.

1251 1256 1348 1308 136]
1386 1257 1546 1308 saepius
1578 1257 1612 1293 in
1650 1255 1752 1294 Mss.
1789 1255 2124 1294 confunderentur.

1248 1311 1459 1351 Praeterea
1477 1316 1662 1364 provocat
1680 1311 1782 1351 Oud.
1811 1312 1861 1351 ad
1887 1312 2013 1351 locum
2031 1311 2124 1350 Ful-

1249 1373 1350 1420 gent.
1365 1369 1534 1420 mythol.
1553 1368 1576 1407 Ι.
1592 1384 1631 1421 p.
1648 1373 1728 1409 597
1744 1370 1851 1408 Stav.
1890 1370 1944 1408 Ut
1964 1374 2125 1408 tuarum

1248 1427 1409 1465 aurium,
1433 1427 1546 1465 sedes
1572 1426 1715 1478 lepido
1742 1426 1921 1478 quolibet
1956 1439 2124 1465 susurro

1244 1484 1532 1535 permulceam.
1563 1482 1666 1534 [Sed
1687 1496 1750 1520 res
1771 1483 1984 1521 accuratius
2009 1482 2126 1521 debet

1247 1540 1446 1592 perpendi.
1498 1538 1553 1579 At
1577 1541 1675 1577 enim
1702 1553 1774 1577 non
1807 1539 1934 1577 solum
1964 1542 2026 1577 est
2056 1540 2125 1578 ira-

1247 1598 1393 1635 scentis
1418 1596 1482 1634 vel
1510 1596 1760 1647 indignantis.
1786 1596 1850 1635 ubi
1875 1609 1960 1634 cum
1984 1595 2126 1635 indica-

1247 1655 1324 1691 tivo
1349 1655 1512 1706 ponitur,
1537 1656 1576 1691 et
1593 1654 1838 1705 imprecantis
1858 1653 1921 1690 vel
1947 1653 2126 1699 iubentis,

1246 1711 1311 1748 ubi
1348 1711 1629 1749 coniunctivmn
1665 1710 1725 1748 vel
1764 1710 2029 1762 imperativum
2061 1709 2124 1749 ad-

1247 1768 1398 1812 sciscit,
1423 1767 1497 1805 sed
1523 1768 1637 1806 etiam
1663 1771 1725 1805 est
1749 1767 1965 1806 cavillantis
1992 1770 2030 1806 et
2055 1767 2123 1805 iro-

1248 1825 1333 1862 nice
1362 1837 1443 1862 rem
1468 1824 1779 1876 perstringentis.
1815 1828 1856 1862 nt
1880 1822 1983 1876 apud
2009 1822 2126 1864 Ovid.

1246 1879 1405 1919 Heroid.
1430 1879 1456 1918 l.
1484 1885 1550 1921 44.
1574 1880 1706 1920 Burin.
1732 1881 1780 1919 ad
1808 1880 1914 1920 Grat.
1941 1879 2037 1932 Cyn.
2060 1884 2126 1921 68.

1248 1937 1296 1976 cs.
1321 1936 1449 1976 Hand.
1471 1936 1639 1976 Turseli.
1659 1937 1689 1975 Ι.
1716 1952 1753 1989 p.
1777 1941 1869 1977 442.
1889 1937 2022 1977 Barth.
2042 1937 2123 1976 Ad-

1249 2007 1348 2034 vers.
1379 1993 1570 2033 XXXIV.
1597 1998 1661 2035 22.
1692 2008 1729 2047 p.
1760 1998 1897 2040 1583„
1935 1996 1999 2045 qui
2025 1994 2126 2034 hunc

1247 2050 1377 2090 locum
1409 2051 1599 2097 defendit,
1637 2056 1678 2091 at
1714 2051 1902 2104 particula
1927 2052 2127 2103 eleganter

1251 2109 1364 2159 quasi
1400 2112 1437 2146 ct
1475 2121 1524 2146 ex
1554 2109 1717 2160 abrupto
1747 2109 1850 2146 initio
1881 2110 2022 2160 posita.
2069 2107 2127 2148 Ita

1249 2165 1353 2216 apud
1379 2165 1560 2204 Fronton.
1587 2165 1636 2204 de
1668 2165 1771 2203 feriis
1797 2165 1969 2204 Alsiens.
2001 2163 2062 2205 III.
2089 2176 2127 2218 ρ’.

1252 2226 1343 2262 127.
1375 2223 1436 2261 ed.
1468 2222 1581 2261 Rom.
1616 2222 1823 2274 legendum
1849 2225 1925 2260 est:
1964 2221 2018 2261 At
2047 2237 2126 2275 eyo

1249 2279 1367 2317 leonio
1392 2279 1558 2319 mulium
1579 2280 1802 2331 facundus.
1827 2278 1980 2318 Deinde
2005 2282 2126 2318 trans-

1251 2337 1406 2374 itionem
1425 2349 1549 2388 saepe
1573 2339 1684 2387 parat
1710 2336 1759 2374 ad
1778 2349 1858 2374 rem
1876 2337 2125 2388 conspicuam

1251 2392 1313 2429 vel
1339 2392 1604 2431 admirabilem
1630 2392 1696 2445 [cs.
1717 2392 1838 2431 Bach.
1860 2392 1910 2431 ad
1934 2392 2008 2431 Ov.
2028 2391 2126 2432 Met.

1250 2448 1318 2487 XI.
1346 2452 1439 2488 331.
1479 2448 1580 2487 Cort.
1607 2449 1657 2487 ad
1681 2448 1830 2487 Lucan.
1850 2447 1916 2487 lv.
1938 2453 2031 2490 811.
2056 2448 2125 2490 IX.

1252 2504 1363 2557 708]
1396 2505 1495 2544 Hinc
1517 2507 1806 2544 accuratissime
1825 2505 2061 2557 intelligitur,
2082 2511 2125 2546 at

1249 2562 1477 2613 particulam
1497 2563 1558 2600 hic
1576 2575 1648 2600 suo
1669 2562 1754 2600 loco
1773 2567 1877 2601 stare
1897 2577 1970 2601 non
1989 2576 2125 2615 posse,

1251 2622 1290 2655 et
1321 2618 1425 2656 alind
1459 2619 1549 2669 quid
1575 2632 1668 2657 esse
1693 2620 2022 2665 substituendum,
2049 2633 2125 2671 quo

1249 2676 1365 2713 totius
1398 2675 1471 2713 loci
1507 2677 1723 2715 sententiae
1749 2677 1889 2715 arefius
1914 2677 2008 2715 iuter
2032 2690 2127 2715 sese

1250 2736 1533 2772 connectantur.
1565 2732 1667 2772 Oud.
1693 2734 1911 2772 coniectura
1939 2739 1984 2773 ut
2012 2734 2124 2772 nimis

1250 2788 1341 2826 mihi
1370 2789 1520 2828 videtur
1544 2802 1637 2827 esse
1661 2793 1818 2842 propter
1836 2791 2037 2828 verborum
2054 2804 2126 2843 po-

1251 2847 1365 2884 situm
1386 2846 1580 2898 languida.
1607 2859 1724 2898 quum
1747 2846 1909 2885 alterum
1932 2851 1995 2893 ut,
2019 2847 2127 2899 quod

1252 2905 1342 2941 ante
1374 2903 1529 2942 mireris
1559 2906 1682 2949 extat,
1711 2903 1829 2955 plane
1859 2904 1910 2942 sit
1939 2916 2125 2956 superva-

1251 2972 1431 3004 caneum,
1455 2963 1496 2998 et
1519 2960 1733 3000 cavendum
1752 2961 1820 3005 sit,
1845 2974 1894 2999 ne
1912 2960 2005 3000 talia
2017 2960 2124 3013 Apu-

1251 3015 1326 3053 leio
1357 3016 1603 3055 intrudantur.
1651 3015 1712 3055 Ex
1734 3020 1816 3055 toto
1841 3018 1942 3056 enim
1970 3021 2124 3056 senten-

1249 3073 1385 3110 tiamm
1404 3086 1506 3112 nexu
1530 3073 1768 3112 exhortantis
1788 3087 1882 3112 esse
1901 3076 2124 3120 orationem,

1251 3133 1289 3168 et
1314 3130 1480 3170 aninum}
1505 3130 1688 3170 auditoris
1713 3131 1750 3170 in
1779 3144 1861 3171 rem
1885 3131 2123 3173 tractandam

2218 437 2221 470 Ξ
