<?xml version="1.0" encoding="UTF-8"?>
<!DOCTYPE html PUBLIC "-//W3C//DTD XHTML 1.0 Transitional//EN"
    "http://www.w3.org/TR/xhtml1/DTD/xhtml1-transitional.dtd">
<html xmlns="http://www.w3.org/1999/xhtml" xml:lang="en" lang="en">
 <head>
  <title>
</title>
<meta http-equiv="Content-Type" content="text/html;charset=utf-8" />
  <meta name='ocr-system' content='tesseract 3.04.00' />
  <meta name='ocr-capabilities' content='ocr_page ocr_carea ocr_par ocr_line ocrx_word'/>
</head>
<body>
  <div class='ocr_page' id='page_1' title='image "./operaomnia01apuluoft/operaomnia01apuluoft_0873.png"; bbox 0 0 2155 3590; ppageno 0'>
   <div class='ocr_carea' id='block_1_1' title="bbox 635 166 1868 211">
    <p class='ocr_par' dir='ltr' id='par_1_1' title="bbox 635 166 1868 211">
     <span class='ocr_line' id='line_1_1' title="bbox 635 166 1868 211; baseline -0.001 -2"><span class='ocrx_word' id='word_1_1' title='bbox 635 169 831 211; x_wconf 85' lang='lat' dir='ltr'>LIBER.</span> <span class='ocrx_word' id='word_1_2' title='bbox 846 170 966 210; x_wconf 87' lang='lat' dir='ltr'><strong>VIII.</strong></span> <span class='ocrx_word' id='word_1_3' title='bbox 1028 169 1157 211; x_wconf 90' lang='lat' dir='ltr'><strong>CAP.</strong></span> <span class='ocrx_word' id='word_1_4' title='bbox 1182 168 1301 208; x_wconf 87' lang='lat' dir='ltr'><strong>VIII.</strong></span> <span class='ocrx_word' id='word_1_5' title='bbox 1785 166 1868 208; x_wconf 80' lang='lat'>667</span> 
     </span>
    </p>
   </div>
   <div class='ocr_carea' id='block_1_2' title="bbox 606 374 1328 423">
    <p class='ocr_par' dir='ltr' id='par_1_2' title="bbox 606 374 1328 423">
     <span class='ocr_line' id='line_1_2' title="bbox 606 374 1328 423; baseline -0.003 -1"><span class='ocrx_word' id='word_1_6' title='bbox 606 375 1048 423; x_wconf 88' lang='lat' dir='ltr'><strong>CAPUT</strong></span> <span class='ocrx_word' id='word_1_7' title='bbox 1154 374 1328 422; x_wconf 85' lang='lat' dir='ltr'><strong>VIII.</strong></span> 
     </span>
    </p>
   </div>
   <div class='ocr_carea' id='block_1_3' title="bbox 178 504 1870 564">
    <p class='ocr_par' dir='ltr' id='par_1_3' title="bbox 178 504 1870 564">
     <span class='ocr_line' id='line_1_3' title="bbox 178 504 1870 564; baseline -0.003 -15"><span class='ocrx_word' id='word_1_8' title='bbox 178 507 414 563; x_wconf 83' lang='lat' dir='ltr'>Thrasyllus</span> <span class='ocrx_word' id='word_1_9' title='bbox 452 520 637 562; x_wconf 84' lang='lat' dir='ltr'>praeceps</span> <span class='ocrx_word' id='word_1_10' title='bbox 675 507 848 563; x_wconf 83' lang='lat' dir='ltr'>alioquin</span> <span class='ocrx_word' id='word_1_11' title='bbox 885 515 926 549; x_wconf 87' lang='lat' dir='ltr'>et</span> <span class='ocrx_word' id='word_1_12' title='bbox 960 508 1006 549; x_wconf 87' lang='lat' dir='ltr'>de</span> <span class='ocrx_word' id='word_1_13' title='bbox 1042 508 1127 564; x_wconf 92' lang='lat' dir='ltr'>ipso</span> <span class='ocrx_word' id='word_1_14' title='bbox 1163 507 1322 548; x_wconf 88' lang='lat' dir='ltr'>nomine</span> <span class='ocrx_word' id='word_1_15' title='bbox 1352 504 1610 556; x_wconf 80' lang='lat' dir='ltr'>temerarius,</span> <span class='ocrx_word' id='word_1_16' title='bbox 1645 505 1870 559; x_wconf 86' lang='lat' dir='ltr'><strong>priusquam</strong></span> 
     </span>
    </p>
   </div>
   <div class='ocr_carea' id='block_1_4' title="bbox 62 632 1876 1123">
    <p class='ocr_par' dir='ltr' id='par_1_4' title="bbox 62 632 1876 1123">
     <span class='ocr_line' id='line_1_4' title="bbox 161 632 1871 673; baseline -0.002 -10"><span class='ocrx_word' id='word_1_17' title='bbox 161 634 378 673; x_wconf 73' lang='lat' dir='ltr'>Thrasyillus</span> <span class='ocrx_word' id='word_1_18' title='bbox 388 643 551 673; x_wconf 77' lang='lat' dir='ltr'>praeceps</span> <span class='ocrx_word' id='word_1_19' title='bbox 564 637 600 664; x_wconf 84' lang='lat' dir='ltr'>F.</span> <span class='ocrx_word' id='word_1_20' title='bbox 615 637 645 665; x_wconf 88' lang='grc'><strong>3.</strong></span> <span class='ocrx_word' id='word_1_21' title='bbox 682 634 886 673; x_wconf 72' lang='lat' dir='ltr'><em>Thrasyllus</em></span> <span class='ocrx_word' id='word_1_22' title='bbox 900 644 979 664; x_wconf 79' lang='lat' dir='ltr'>vero</span> <span class='ocrx_word' id='word_1_23' title='bbox 991 637 1028 665; x_wconf 89' lang='lat' dir='ltr'>F.</span> <span class='ocrx_word' id='word_1_24' title='bbox 1045 638 1074 665; x_wconf 94' lang='lat'>1.</span> <span class='ocrx_word' id='word_1_25' title='bbox 1089 638 1125 665; x_wconf 82' lang='lat' dir='ltr'>G.</span> <span class='ocrx_word' id='word_1_26' title='bbox 1142 637 1171 665; x_wconf 89' lang='lat'>1.</span> <span class='ocrx_word' id='word_1_27' title='bbox 1185 638 1216 665; x_wconf 78' lang='lat'>2.</span> <span class='ocrx_word' id='word_1_28' title='bbox 1230 638 1268 665; x_wconf 92' lang='lat' dir='ltr'>D.</span> <span class='ocrx_word' id='word_1_29' title='bbox 1283 639 1313 664; x_wconf 89' lang='lat' dir='ltr'>et</span> <span class='ocrx_word' id='word_1_30' title='bbox 1327 635 1399 664; x_wconf 88' lang='lat' dir='ltr'>sine</span> <span class='ocrx_word' id='word_1_31' title='bbox 1413 633 1510 663; x_wconf 87' lang='lat' dir='ltr'>dubio</span> <span class='ocrx_word' id='word_1_32' title='bbox 1524 633 1622 662; x_wconf 78' lang='lat' dir='ltr'>etiam</span> <span class='ocrx_word' id='word_1_33' title='bbox 1635 632 1767 667; x_wconf 83' lang='lat' dir='ltr'>plurimi</span> <span class='ocrx_word' id='word_1_34' title='bbox 1781 633 1871 661; x_wconf 83' lang='lat' dir='ltr'>codd.</span> 
     </span>
     <span class='ocr_line' id='line_1_5' title="bbox 66 678 1872 718; baseline -0.003 -7"><span class='ocrx_word' id='word_1_35' title='bbox 66 681 127 711; x_wconf 70' lang='lat' dir='ltr'>sed</span> <span class='ocrx_word' id='word_1_36' title='bbox 142 679 345 718; x_wconf 74' lang='lat' dir='ltr'><strong><em>Thrasyllus</em></strong></span> <span class='ocrx_word' id='word_1_37' title='bbox 358 690 389 716; x_wconf 83' lang='lat' dir='ltr'>p.</span> <span class='ocrx_word' id='word_1_38' title='bbox 403 678 432 710; x_wconf 80' lang='grc' dir='ltr'><strong>ὃ.</strong></span> <span class='ocrx_word' id='word_1_39' title='bbox 447 682 517 710; x_wconf 81' lang='lat' dir='ltr'>edd.</span> <span class='ocrx_word' id='word_1_40' title='bbox 533 684 610 710; x_wconf 80' lang='lat' dir='ltr'>vett.</span> <span class='ocrx_word' id='word_1_41' title='bbox 625 685 702 710; x_wconf 78' lang='lat' dir='ltr'>ante</span> <span class='ocrx_word' id='word_1_42' title='bbox 717 682 866 711; x_wconf 84' lang='lat' dir='ltr'>Colvium</span> <span class='ocrx_word' id='word_1_43' title='bbox 879 685 909 711; x_wconf 82' lang='lat' dir='ltr'>et</span> <span class='ocrx_word' id='word_1_44' title='bbox 921 683 958 711; x_wconf 92' lang='lat' dir='ltr'>B.</span> <span class='ocrx_word' id='word_1_45' title='bbox 974 685 1056 711; x_wconf 78' lang='lat' dir='ltr'>teste</span> <span class='ocrx_word' id='word_1_46' title='bbox 1069 683 1149 710; x_wconf 86' lang='lat' dir='ltr'>Oud.</span> <span class='ocrx_word' id='word_1_47' title='bbox 1173 683 1212 710; x_wconf 89' lang='lat' dir='ltr'>In</span> <span class='ocrx_word' id='word_1_48' title='bbox 1230 683 1267 710; x_wconf 90' lang='lat' dir='ltr'>B.</span> <span class='ocrx_word' id='word_1_49' title='bbox 1287 687 1363 710; x_wconf 80' lang='lat' dir='ltr'>vero</span> <span class='ocrx_word' id='word_1_50' title='bbox 1383 680 1559 709; x_wconf 81' lang='lat' dir='ltr'>collatione</span> <span class='ocrx_word' id='word_1_51' title='bbox 1579 678 1736 707; x_wconf 80' lang='lat' dir='ltr'>Modiana</span> <span class='ocrx_word' id='word_1_52' title='bbox 1752 678 1872 712; x_wconf 80' lang='lat' dir='ltr'>legitur</span> 
     </span>
     <span class='ocr_line' id='line_1_6' title="bbox 73 722 1872 764; baseline -0.003 -9"><span class='ocrx_word' id='word_1_53' title='bbox 73 725 276 764; x_wconf 76' lang='lat' dir='ltr'><em>Thrasyllus</em></span> <span class='ocrx_word' id='word_1_54' title='bbox 290 734 380 754; x_wconf 80' lang='lat' dir='ltr'>vcro.</span> <span class='ocrx_word' id='word_1_55' title='bbox 422 733 566 763; x_wconf 79' lang='lat' dir='ltr'><em>praeces</em></span> <span class='ocrx_word' id='word_1_56' title='bbox 578 728 617 756; x_wconf 94' lang='lat' dir='ltr'>D.</span> <span class='ocrx_word' id='word_1_57' title='bbox 632 735 652 756; x_wconf 88' lang='lat' dir='ltr'>a</span> <span class='ocrx_word' id='word_1_58' title='bbox 664 735 705 755; x_wconf 92' lang='lat' dir='ltr'>m.</span> <span class='ocrx_word' id='word_1_59' title='bbox 721 735 751 762; x_wconf 86' lang='lat' dir='ltr'>p.</span> <span class='ocrx_word' id='word_1_60' title='bbox 777 730 812 754; x_wconf 79' lang='lat' dir='ltr'>et</span> <span class='ocrx_word' id='word_1_61' title='bbox 824 725 863 754; x_wconf 76' lang='lat' dir='ltr'>de</span> <span class='ocrx_word' id='word_1_62' title='bbox 875 726 947 763; x_wconf 70' lang='lat' dir='ltr'>ipso</span> <span class='ocrx_word' id='word_1_63' title='bbox 961 726 1108 761; x_wconf 75' lang='lat' dir='ltr'>nomine,</span> <span class='ocrx_word' id='word_1_64' title='bbox 1136 733 1220 761; x_wconf 87' lang='lat' dir='ltr'>quae</span> <span class='ocrx_word' id='word_1_65' title='bbox 1232 729 1335 755; x_wconf 74' lang='lat' dir='ltr'>verba</span> <span class='ocrx_word' id='word_1_66' title='bbox 1347 730 1422 754; x_wconf 86' lang='lat' dir='ltr'>ante</span> <span class='ocrx_word' id='word_1_67' title='bbox 1438 724 1641 752; x_wconf 77' lang='lat' dir='ltr'>temerarius</span> <span class='ocrx_word' id='word_1_68' title='bbox 1653 724 1689 752; x_wconf 91' lang='lat' dir='ltr'>in</span> <span class='ocrx_word' id='word_1_69' title='bbox 1702 722 1872 752; x_wconf 86' lang='lat' dir='ltr'>nonnullis</span> 
     </span>
     <span class='ocr_line' id='line_1_7' title="bbox 67 766 1875 807; baseline -0.004 -6"><span class='ocrx_word' id='word_1_70' title='bbox 67 774 159 801; x_wconf 86' lang='lat' dir='ltr'>codd.</span> <span class='ocrx_word' id='word_1_71' title='bbox 173 775 338 807; x_wconf 74' lang='lat' dir='ltr'>leguntur,</span> <span class='ocrx_word' id='word_1_72' title='bbox 364 779 427 800; x_wconf 90' lang='lat' dir='ltr'>non</span> <span class='ocrx_word' id='word_1_73' title='bbox 443 775 627 806; x_wconf 82' lang='lat' dir='ltr'>comparent</span> <span class='ocrx_word' id='word_1_74' title='bbox 641 772 674 800; x_wconf 88' lang='lat' dir='ltr'>in</span> <span class='ocrx_word' id='word_1_75' title='bbox 689 774 725 800; x_wconf 88' lang='lat' dir='ltr'>G.</span> <span class='ocrx_word' id='word_1_76' title='bbox 741 774 770 800; x_wconf 91' lang='lat'>1.</span> <span class='ocrx_word' id='word_1_77' title='bbox 783 774 815 801; x_wconf 82' lang='lat'>2.</span> <span class='ocrx_word' id='word_1_78' title='bbox 829 774 866 801; x_wconf 88' lang='grc' dir='ltr'>Ρ.</span> <span class='ocrx_word' id='word_1_79' title='bbox 879 774 918 801; x_wconf 89' lang='lat' dir='ltr'>R.</span> <span class='ocrx_word' id='word_1_80' title='bbox 933 773 967 801; x_wconf 94' lang='grc' dir='ltr'><strong>Ο.</strong></span> <span class='ocrx_word' id='word_1_81' title='bbox 982 779 1019 800; x_wconf 85' lang='grc' dir='ltr'><strong>π.</strong></span> <span class='ocrx_word' id='word_1_82' title='bbox 1032 773 1069 802; x_wconf 90' lang='lat' dir='ltr'>L.</span> <span class='ocrx_word' id='word_1_83' title='bbox 1084 773 1167 800; x_wconf 88' lang='lat' dir='ltr'>Elm.</span> <span class='ocrx_word' id='word_1_84' title='bbox 1186 773 1283 801; x_wconf 80' lang='lat' dir='ltr'>Vulc.</span> <span class='ocrx_word' id='word_1_85' title='bbox 1308 773 1346 800; x_wconf 86' lang='lat' dir='ltr'>In</span> <span class='ocrx_word' id='word_1_86' title='bbox 1366 773 1402 800; x_wconf 92' lang='lat' dir='ltr'>B.</span> <span class='ocrx_word' id='word_1_87' title='bbox 1422 769 1543 805; x_wconf 86' lang='lat' dir='ltr'>legitur</span> <span class='ocrx_word' id='word_1_88' title='bbox 1556 774 1723 805; x_wconf 82' lang='lat' dir='ltr'>praeceps</span> <span class='ocrx_word' id='word_1_89' title='bbox 1743 766 1875 804; x_wconf 75' lang='lat' dir='ltr'><em>alioqui</em></span> 
     </span>
     <span class='ocr_line' id='line_1_8' title="bbox 68 814 1872 855; baseline -0.004 -9"><span class='ocrx_word' id='word_1_90' title='bbox 68 818 170 855; x_wconf 76' lang='lat' dir='ltr'>quiet</span> <span class='ocrx_word' id='word_1_91' title='bbox 185 816 400 845; x_wconf 73' lang='lat' dir='ltr'>temerarius.</span> <span class='ocrx_word' id='word_1_92' title='bbox 426 817 557 845; x_wconf 81' lang='lat' dir='ltr'>modius</span> <span class='ocrx_word' id='word_1_93' title='bbox 575 818 723 846; x_wconf 76' lang='lat' dir='ltr'>adnotat:</span> <span class='ocrx_word' id='word_1_94' title='bbox 747 818 875 852; x_wconf 82' lang='lat' dir='ltr'>sciopp.</span> <span class='ocrx_word' id='word_1_95' title='bbox 893 819 995 846; x_wconf 77' lang='lat' dir='ltr'>verba</span> <span class='ocrx_word' id='word_1_96' title='bbox 1009 817 1116 854; x_wconf 78' lang='lat' dir='ltr'>quiet</span> <span class='ocrx_word' id='word_1_97' title='bbox 1130 815 1331 844; x_wconf 67' lang='lat' dir='ltr'>temerarius</span> <span class='ocrx_word' id='word_1_98' title='bbox 1346 815 1480 844; x_wconf 77' lang='lat' dir='ltr'>inducit.</span> <span class='ocrx_word' id='word_1_99' title='bbox 1504 816 1575 849; x_wconf 85' lang='lat' dir='ltr'>Ego</span> <span class='ocrx_word' id='word_1_100' title='bbox 1593 816 1716 842; x_wconf 82' lang='lat' dir='ltr'><strong>retineo</strong></span> <span class='ocrx_word' id='word_1_101' title='bbox 1734 814 1765 841; x_wconf 90' lang='lat' dir='ltr'>et</span> <span class='ocrx_word' id='word_1_102' title='bbox 1783 814 1872 848; x_wconf 85' lang='lat' dir='ltr'>lego:</span> 
     </span>
     <span class='ocr_line' id='line_1_9' title="bbox 62 858 1873 900; baseline -0.003 -10"><span class='ocrx_word' id='word_1_103' title='bbox 62 869 230 900; x_wconf 74' lang='lat' dir='ltr'>praeceps</span> <span class='ocrx_word' id='word_1_104' title='bbox 243 861 375 899; x_wconf 76' lang='lat' dir='ltr'>alioqui</span> <span class='ocrx_word' id='word_1_105' title='bbox 386 864 421 888; x_wconf 84' lang='lat' dir='ltr'>et</span> <span class='ocrx_word' id='word_1_106' title='bbox 434 864 548 891; x_wconf 82' lang='lat' dir='ltr'>temer.</span> <span class='ocrx_word' id='word_1_107' title='bbox 562 862 694 890; x_wconf 84' lang='lat' dir='ltr'>inducto</span> <span class='ocrx_word' id='word_1_108' title='bbox 707 865 867 891; x_wconf 85' lang='lat' dir='ltr'>vocabulo</span> <span class='ocrx_word' id='word_1_109' title='bbox 882 862 954 899; x_wconf 80' lang='lat' dir='ltr'>qui,</span> <span class='ocrx_word' id='word_1_110' title='bbox 979 864 1063 896; x_wconf 87' lang='lat' dir='ltr'>quod</span> <span class='ocrx_word' id='word_1_111' title='bbox 1077 865 1125 890; x_wconf 83' lang='lat' dir='ltr'>est</span> <span class='ocrx_word' id='word_1_112' title='bbox 1140 870 1182 891; x_wconf 83' lang='lat' dir='ltr'>ex</span> <span class='ocrx_word' id='word_1_113' title='bbox 1193 869 1273 890; x_wconf 82' lang='lat' dir='ltr'>voce</span> <span class='ocrx_word' id='word_1_114' title='bbox 1287 861 1509 896; x_wconf 67' lang='lat' dir='ltr'>praecedente.</span> <span class='ocrx_word' id='word_1_115' title='bbox 1534 861 1617 888; x_wconf 88' lang='lat' dir='ltr'><strong>Elm.</strong></span> <span class='ocrx_word' id='word_1_116' title='bbox 1633 858 1667 887; x_wconf 86' lang='lat' dir='ltr'>in</span> <span class='ocrx_word' id='word_1_117' title='bbox 1685 859 1722 886; x_wconf 87' lang='lat' dir='ltr'>B.</span> <span class='ocrx_word' id='word_1_118' title='bbox 1742 860 1773 886; x_wconf 89' lang='lat' dir='ltr'>et</span> <span class='ocrx_word' id='word_1_119' title='bbox 1791 858 1827 886; x_wconf 80' lang='lat' dir='ltr'>F.</span> <span class='ocrx_word' id='word_1_120' title='bbox 1843 858 1873 885; x_wconf 91' lang='lat'>1.</span> 
     </span>
     <span class='ocr_line' id='line_1_10' title="bbox 66 902 1873 945; baseline -0.004 -8"><span class='ocrx_word' id='word_1_121' title='bbox 66 909 133 944; x_wconf 83' lang='lat' dir='ltr'>legi</span> <span class='ocrx_word' id='word_1_122' title='bbox 145 907 240 936; x_wconf 75' lang='lat' dir='ltr'>dicit:</span> <span class='ocrx_word' id='word_1_123' title='bbox 270 905 472 944; x_wconf 70' lang='lat' dir='ltr'><em>Thrasyllus</em></span> <span class='ocrx_word' id='word_1_124' title='bbox 486 915 564 934; x_wconf 81' lang='lat' dir='ltr'>vero</span> <span class='ocrx_word' id='word_1_125' title='bbox 573 914 739 944; x_wconf 81' lang='lat' dir='ltr'>praeceps</span> <span class='ocrx_word' id='word_1_126' title='bbox 753 906 905 945; x_wconf 72' lang='lat' dir='ltr'>alioquin</span> <span class='ocrx_word' id='word_1_127' title='bbox 920 906 1026 945; x_wconf 78' lang='lat' dir='ltr'>quiet</span> <span class='ocrx_word' id='word_1_128' title='bbox 1037 905 1077 934; x_wconf 79' lang='lat' dir='ltr'>de</span> <span class='ocrx_word' id='word_1_129' title='bbox 1089 906 1162 943; x_wconf 72' lang='lat' dir='ltr'>ipso</span> <span class='ocrx_word' id='word_1_130' title='bbox 1175 906 1306 934; x_wconf 77' lang='lat' dir='ltr'>nmm&#39;ne</span> <span class='ocrx_word' id='word_1_131' title='bbox 1322 904 1535 933; x_wconf 80' lang='lat' dir='ltr'>temerarius.</span> <span class='ocrx_word' id='word_1_132' title='bbox 1561 905 1624 933; x_wconf 85' lang='lat' dir='ltr'>Sed</span> <span class='ocrx_word' id='word_1_133' title='bbox 1636 903 1749 934; x_wconf 81' lang='lat' dir='ltr'>miscet</span> <span class='ocrx_word' id='word_1_134' title='bbox 1763 902 1873 931; x_wconf 81' lang='lat' dir='ltr'>diver-</span> 
     </span>
     <span class='ocr_line' id='line_1_11' title="bbox 67 948 1873 989; baseline -0.004 -8"><span class='ocrx_word' id='word_1_135' title='bbox 67 961 126 981; x_wconf 85' lang='lat' dir='ltr'>sas</span> <span class='ocrx_word' id='word_1_136' title='bbox 139 955 252 982; x_wconf 86' lang='lat' dir='ltr'>horum</span> <span class='ocrx_word' id='word_1_137' title='bbox 265 953 357 981; x_wconf 83' lang='lat' dir='ltr'><strong>codd.</strong></span> <span class='ocrx_word' id='word_1_138' title='bbox 371 953 529 982; x_wconf 79' lang='lat' dir='ltr'>lectiones</span> <span class='ocrx_word' id='word_1_139' title='bbox 543 953 577 980; x_wconf 91' lang='lat' dir='ltr'>in</span> <span class='ocrx_word' id='word_1_140' title='bbox 591 960 707 987; x_wconf 71' lang='lat' dir='ltr'>unam,</span> <span class='ocrx_word' id='word_1_141' title='bbox 734 960 808 982; x_wconf 88' lang='lat' dir='ltr'>nam</span> <span class='ocrx_word' id='word_1_142' title='bbox 822 953 857 982; x_wconf 90' lang='lat' dir='ltr'>in</span> <span class='ocrx_word' id='word_1_143' title='bbox 869 954 905 981; x_wconf 86' lang='lat' dir='ltr'>F.</span> <span class='ocrx_word' id='word_1_144' title='bbox 923 955 950 982; x_wconf 91' lang='lat'>1.</span> <span class='ocrx_word' id='word_1_145' title='bbox 965 953 1084 988; x_wconf 80' lang='lat' dir='ltr'>legitur</span> <span class='ocrx_word' id='word_1_146' title='bbox 1093 959 1259 989; x_wconf 78' lang='lat' dir='ltr'>praeceps</span> <span class='ocrx_word' id='word_1_147' title='bbox 1273 951 1425 988; x_wconf 71' lang='lat' dir='ltr'>alioquin</span> <span class='ocrx_word' id='word_1_148' title='bbox 1439 953 1470 978; x_wconf 81' lang='lat' dir='ltr'>el</span> <span class='ocrx_word' id='word_1_149' title='bbox 1486 948 1525 978; x_wconf 81' lang='lat' dir='ltr'>de</span> <span class='ocrx_word' id='word_1_150' title='bbox 1538 949 1610 986; x_wconf 78' lang='lat' dir='ltr'>ipso</span> <span class='ocrx_word' id='word_1_151' title='bbox 1623 948 1756 976; x_wconf 77' lang='lat' dir='ltr'>nomine</span> <span class='ocrx_word' id='word_1_152' title='bbox 1770 950 1873 975; x_wconf 80' lang='lat' dir='ltr'>teme-</span> 
     </span>
     <span class='ocr_line' id='line_1_12' title="bbox 68 993 1875 1034; baseline -0.003 -9"><span class='ocrx_word' id='word_1_153' title='bbox 68 997 203 1034; x_wconf 73' lang='lat' dir='ltr'>rarius,</span> <span class='ocrx_word' id='word_1_154' title='bbox 228 1005 292 1026; x_wconf 89' lang='lat' dir='ltr'>non</span> <span class='ocrx_word' id='word_1_155' title='bbox 306 999 410 1026; x_wconf 86' lang='lat' dir='ltr'>solum</span> <span class='ocrx_word' id='word_1_156' title='bbox 426 998 458 1026; x_wconf 90' lang='lat' dir='ltr'>in</span> <span class='ocrx_word' id='word_1_157' title='bbox 472 999 547 1026; x_wconf 87' lang='lat' dir='ltr'>con.</span> <span class='ocrx_word' id='word_1_158' title='bbox 561 997 776 1034; x_wconf 81' lang='lat' dir='ltr'>Lindenbrog.</span> <span class='ocrx_word' id='word_1_159' title='bbox 795 999 853 1026; x_wconf 85' lang='lat' dir='ltr'>sed</span> <span class='ocrx_word' id='word_1_160' title='bbox 872 998 970 1026; x_wconf 82' lang='lat' dir='ltr'>etiam</span> <span class='ocrx_word' id='word_1_161' title='bbox 990 998 1023 1025; x_wconf 89' lang='lat' dir='ltr'>in</span> <span class='ocrx_word' id='word_1_162' title='bbox 1043 998 1205 1032; x_wconf 71' lang='lat' dir='ltr'>excerptis</span> <span class='ocrx_word' id='word_1_163' title='bbox 1225 998 1265 1026; x_wconf 83' lang='lat' dir='ltr'>ad</span> <span class='ocrx_word' id='word_1_164' title='bbox 1280 994 1382 1032; x_wconf 86' lang='lat' dir='ltr'>marg.</span> <span class='ocrx_word' id='word_1_165' title='bbox 1396 997 1444 1024; x_wconf 85' lang='lat' dir='ltr'>ed.</span> <span class='ocrx_word' id='word_1_166' title='bbox 1460 995 1550 1024; x_wconf 88' lang='lat' dir='ltr'><strong>c01v.</strong></span> <span class='ocrx_word' id='word_1_167' title='bbox 1575 996 1612 1023; x_wconf 91' lang='lat' dir='ltr'>In</span> <span class='ocrx_word' id='word_1_168' title='bbox 1624 995 1660 1023; x_wconf 82' lang='lat' dir='ltr'>F.</span> <span class='ocrx_word' id='word_1_169' title='bbox 1676 995 1707 1021; x_wconf 87' lang='grc'>3.</span> <span class='ocrx_word' id='word_1_170' title='bbox 1721 993 1774 1022; x_wconf 84' lang='lat' dir='ltr'>hic</span> <span class='ocrx_word' id='word_1_171' title='bbox 1789 995 1875 1021; x_wconf 84' lang='lat' dir='ltr'>totus</span> 
     </span>
     <span class='ocr_line' id='line_1_13' title="bbox 67 1037 1876 1080; baseline -0.003 -9"><span class='ocrx_word' id='word_1_172' title='bbox 67 1045 160 1072; x_wconf 89' lang='lat' dir='ltr'>locus</span> <span class='ocrx_word' id='word_1_173' title='bbox 180 1043 228 1071; x_wconf 75' lang='lat' dir='ltr'>ita</span> <span class='ocrx_word' id='word_1_174' title='bbox 248 1043 450 1077; x_wconf 74' lang='lat' dir='ltr'>perscriptus</span> <span class='ocrx_word' id='word_1_175' title='bbox 468 1046 518 1071; x_wconf 83' lang='lat' dir='ltr'>est</span> <span class='ocrx_word' id='word_1_176' title='bbox 540 1040 757 1079; x_wconf 66' lang='lat' dir='ltr'>Thrasyulus</span> <span class='ocrx_word' id='word_1_177' title='bbox 771 1049 937 1080; x_wconf 80' lang='lat' dir='ltr'>praeceps</span> <span class='ocrx_word' id='word_1_178' title='bbox 957 1041 1026 1069; x_wconf 77' lang='lat' dir='ltr'>alio</span> <span class='ocrx_word' id='word_1_179' title='bbox 1048 1063 1158 1071; x_wconf 92' lang='grc'><em>.......</em></span> <span class='ocrx_word' id='word_1_180' title='bbox 1181 1041 1401 1077; x_wconf 75' lang='lat' dir='ltr'>temerarius,</span> <span class='ocrx_word' id='word_1_181' title='bbox 1427 1043 1461 1069; x_wconf 91' lang='lat' dir='ltr'>ut</span> <span class='ocrx_word' id='word_1_182' title='bbox 1482 1043 1603 1069; x_wconf 87' lang='lat' dir='ltr'>lacuna</span> <span class='ocrx_word' id='word_1_183' title='bbox 1626 1041 1783 1074; x_wconf 78' lang='lat' dir='ltr'><strong>appareat</strong></span> <span class='ocrx_word' id='word_1_184' title='bbox 1807 1037 1876 1066; x_wconf 85' lang='lat' dir='ltr'>fere</span> 
     </span>
     <span class='ocr_line' id='line_1_14' title="bbox 68 1085 1876 1123; baseline -0.003 -7"><span class='ocrx_word' id='word_1_185' title='bbox 68 1090 203 1116; x_wconf 86' lang='lat' dir='ltr'>duorum</span> <span class='ocrx_word' id='word_1_186' title='bbox 216 1088 354 1116; x_wconf 82' lang='lat' dir='ltr'>triumve</span> <span class='ocrx_word' id='word_1_187' title='bbox 368 1090 537 1116; x_wconf 81' lang='lat' dir='ltr'>verborum</span> <span class='ocrx_word' id='word_1_188' title='bbox 547 1108 555 1122; x_wconf 82' lang='lat'>,</span> <span class='ocrx_word' id='word_1_189' title='bbox 582 1088 612 1116; x_wconf 87' lang='lat' dir='ltr'>si</span> <span class='ocrx_word' id='word_1_190' title='bbox 626 1088 704 1116; x_wconf 80' lang='lat' dir='ltr'>fides</span> <span class='ocrx_word' id='word_1_191' title='bbox 717 1091 766 1116; x_wconf 87' lang='lat' dir='ltr'>est</span> <span class='ocrx_word' id='word_1_192' title='bbox 779 1088 949 1116; x_wconf 81' lang='lat' dir='ltr'>collationi</span> <span class='ocrx_word' id='word_1_193' title='bbox 962 1094 1064 1116; x_wconf 86' lang='lat' dir='ltr'>meae.</span> <span class='ocrx_word' id='word_1_194' title='bbox 1088 1089 1127 1117; x_wconf 91' lang='lat' dir='ltr'>In</span> <span class='ocrx_word' id='word_1_195' title='bbox 1139 1094 1241 1123; x_wconf 83' lang='lat' dir='ltr'>marg.</span> <span class='ocrx_word' id='word_1_196' title='bbox 1255 1095 1334 1116; x_wconf 79' lang='lat' dir='ltr'>vero</span> <span class='ocrx_word' id='word_1_197' title='bbox 1345 1089 1428 1116; x_wconf 82' lang='lat' dir='ltr'>haec</span> <span class='ocrx_word' id='word_1_198' title='bbox 1440 1087 1562 1115; x_wconf 76' lang='lat' dir='ltr'>lacuna</span> <span class='ocrx_word' id='word_1_199' title='bbox 1575 1092 1638 1113; x_wconf 89' lang='lat' dir='ltr'>non</span> <span class='ocrx_word' id='word_1_200' title='bbox 1651 1085 1803 1119; x_wconf 78' lang='lat' dir='ltr'>suppleta</span> <span class='ocrx_word' id='word_1_201' title='bbox 1815 1086 1876 1111; x_wconf 83' lang='lat' dir='ltr'>est.</span> 
     </span>
    </p>
   </div>
   <div class='ocr_carea' id='block_1_5' title="bbox 67 1129 1019 1170">
    <p class='ocr_par' dir='ltr' id='par_1_5' title="bbox 67 1129 1019 1170">
     <span class='ocr_line' id='line_1_15' title="bbox 67 1129 1019 1170; baseline 0 -10"><span class='ocrx_word' id='word_1_202' title='bbox 67 1132 107 1160; x_wconf 78' lang='lat' dir='ltr'>de</span> <span class='ocrx_word' id='word_1_203' title='bbox 120 1140 155 1161; x_wconf 86' lang='lat' dir='ltr'>se</span> <span class='ocrx_word' id='word_1_204' title='bbox 168 1133 240 1170; x_wconf 72' lang='lat' dir='ltr'>ipso</span> <span class='ocrx_word' id='word_1_205' title='bbox 253 1132 384 1160; x_wconf 76' lang='lat' dir='ltr'>nomine</span> <span class='ocrx_word' id='word_1_206' title='bbox 397 1129 427 1162; x_wconf 73' lang='grc' dir='ltr'><strong>ὃ.</strong></span> <span class='ocrx_word' id='word_1_207' title='bbox 446 1133 487 1161; x_wconf 86' lang='lat' dir='ltr'>cf.</span> <span class='ocrx_word' id='word_1_208' title='bbox 502 1132 607 1161; x_wconf 84' lang='lat' dir='ltr'>d&#39;Orv.</span> <span class='ocrx_word' id='word_1_209' title='bbox 622 1133 663 1162; x_wconf 85' lang='lat' dir='ltr'>ad</span> <span class='ocrx_word' id='word_1_210' title='bbox 677 1133 798 1162; x_wconf 85' lang='lat' dir='ltr'>Charit.</span> <span class='ocrx_word' id='word_1_211' title='bbox 811 1135 836 1162; x_wconf 92' lang='grc' dir='ltr'><strong>Ι.</strong></span> <span class='ocrx_word' id='word_1_212' title='bbox 852 1134 881 1161; x_wconf 92' lang='grc'>7.</span> <span class='ocrx_word' id='word_1_213' title='bbox 898 1141 928 1168; x_wconf 84' lang='lat' dir='ltr'>p.</span> <span class='ocrx_word' id='word_1_214' title='bbox 941 1134 1019 1161; x_wconf 74' lang='lat'><strong>247.</strong></span> 
     </span>
    </p>
   </div>
   <div class='ocr_carea' id='block_1_6' title="bbox 66 1241 957 3207">
    <p class='ocr_par' dir='ltr' id='par_1_6' title="bbox 66 1241 957 3097">
     <span class='ocr_line' id='line_1_16' title="bbox 69 1241 946 1294; baseline -0.001 -13"><span class='ocrx_word' id='word_1_215' title='bbox 69 1243 303 1294; x_wconf 87' lang='lat' dir='ltr'>terpretibus</span> <span class='ocrx_word' id='word_1_216' title='bbox 317 1241 443 1287; x_wconf 88' lang='lat' dir='ltr'>iniicit,</span> <span class='ocrx_word' id='word_1_217' title='bbox 468 1243 630 1293; x_wconf 90' lang='lat' dir='ltr'>primum</span> <span class='ocrx_word' id='word_1_218' title='bbox 645 1242 750 1292; x_wconf 87' lang='lat' dir='ltr'>quod</span> <span class='ocrx_word' id='word_1_219' title='bbox 763 1241 946 1280; x_wconf 89' lang='lat' dir='ltr'>absolute</span> 
     </span>
     <span class='ocr_line' id='line_1_17' title="bbox 68 1298 944 1352; baseline -0.003 -14"><span class='ocrx_word' id='word_1_220' title='bbox 68 1300 225 1352; x_wconf 71' lang='lat' dir='ltr'>affixus</span> <span class='ocrx_word' id='word_1_221' title='bbox 242 1299 305 1336; x_wconf 81' lang='lat' dir='ltr'>vix</span> <span class='ocrx_word' id='word_1_222' title='bbox 324 1298 489 1343; x_wconf 86' lang='lat' dir='ltr'>dicatur,</span> <span class='ocrx_word' id='word_1_223' title='bbox 515 1302 595 1336; x_wconf 86' lang='lat' dir='ltr'>tum</span> <span class='ocrx_word' id='word_1_224' title='bbox 620 1298 724 1348; x_wconf 91' lang='lat' dir='ltr'>quod</span> <span class='ocrx_word' id='word_1_225' title='bbox 750 1310 944 1348; x_wconf 89' lang='lat' dir='ltr'>nunquam</span> 
     </span>
     <span class='ocr_line' id='line_1_18' title="bbox 69 1353 943 1406; baseline -0.001 -13"><span class='ocrx_word' id='word_1_226' title='bbox 69 1355 120 1393; x_wconf 88' lang='lat' dir='ltr'>ad</span> <span class='ocrx_word' id='word_1_227' title='bbox 143 1368 227 1401; x_wconf 91' lang='lat' dir='ltr'>res,</span> <span class='ocrx_word' id='word_1_228' title='bbox 253 1353 328 1392; x_wconf 83' lang='lat' dir='ltr'>sed</span> <span class='ocrx_word' id='word_1_229' title='bbox 352 1354 402 1391; x_wconf 88' lang='lat' dir='ltr'>ad</span> <span class='ocrx_word' id='word_1_230' title='bbox 427 1367 622 1404; x_wconf 84' lang='lat' dir='ltr'>personas</span> <span class='ocrx_word' id='word_1_231' title='bbox 647 1367 805 1405; x_wconf 88' lang='lat' dir='ltr'>semper</span> <span class='ocrx_word' id='word_1_232' title='bbox 828 1355 943 1406; x_wconf 87' lang='lat' dir='ltr'>perti-</span> 
     </span>
     <span class='ocr_line' id='line_1_19' title="bbox 70 1409 944 1462; baseline 0.001 -14"><span class='ocrx_word' id='word_1_233' title='bbox 70 1414 169 1449; x_wconf 84' lang='lat' dir='ltr'><strong>neat.</strong></span> <span class='ocrx_word' id='word_1_234' title='bbox 195 1409 336 1449; x_wconf 79' lang='lat' dir='ltr'>Afferri</span> <span class='ocrx_word' id='word_1_235' title='bbox 349 1414 481 1461; x_wconf 89' lang='lat' dir='ltr'>potest</span> <span class='ocrx_word' id='word_1_236' title='bbox 496 1410 605 1448; x_wconf 87' lang='lat' dir='ltr'>locus</span> <span class='ocrx_word' id='word_1_237' title='bbox 613 1409 709 1448; x_wconf 84' lang='lat' dir='ltr'>Met.</span> <span class='ocrx_word' id='word_1_238' title='bbox 719 1409 787 1448; x_wconf 88' lang='lat' dir='ltr'><strong>IX.</strong></span> <span class='ocrx_word' id='word_1_239' title='bbox 802 1424 837 1462; x_wconf 87' lang='lat' dir='ltr'>p.</span> <span class='ocrx_word' id='word_1_240' title='bbox 849 1414 944 1452; x_wconf 86' lang='lat'><strong>627.</strong></span> 
     </span>
     <span class='ocr_line' id='line_1_20' title="bbox 71 1467 945 1518; baseline -0.003 -11"><span class='ocrx_word' id='word_1_241' title='bbox 71 1482 123 1507; x_wconf 78' lang='lat' dir='ltr'>ac</span> <span class='ocrx_word' id='word_1_242' title='bbox 134 1471 290 1506; x_wconf 79' lang='lat' dir='ltr'>tantum</span> <span class='ocrx_word' id='word_1_243' title='bbox 302 1468 502 1506; x_wconf 78' lang='lat' dir='ltr'>necessari</span> <span class='ocrx_word' id='word_1_244' title='bbox 507 1480 532 1505; x_wconf 89' lang='lat' dir='ltr'>o</span> <span class='ocrx_word' id='word_1_245' title='bbox 545 1468 765 1518; x_wconf 71' lang='lat' dir='ltr'>vespertini</span> <span class='ocrx_word' id='word_1_246' title='bbox 786 1467 945 1506; x_wconf 80' lang='lat' dir='ltr'>lavacri</span> 
     </span>
     <span class='ocr_line' id='line_1_21' title="bbox 66 1523 944 1576; baseline 0 -14"><span class='ocrx_word' id='word_1_247' title='bbox 66 1536 312 1576; x_wconf 68' lang='lat' dir='ltr'>proqressu,</span> <span class='ocrx_word' id='word_1_248' title='bbox 337 1523 503 1575; x_wconf 78' lang='lat' dir='ltr'>adfixus</span> <span class='ocrx_word' id='word_1_249' title='bbox 530 1527 656 1575; x_wconf 84' lang='lat' dir='ltr'>atque</span> <span class='ocrx_word' id='word_1_250' title='bbox 683 1523 944 1575; x_wconf 37' lang='lat' dir='ltr'>con-qlutina-</span> 
     </span>
     <span class='ocr_line' id='line_1_22' title="bbox 70 1579 943 1630; baseline -0.001 -11"><span class='ocrx_word' id='word_1_251' title='bbox 70 1585 150 1625; x_wconf 75' lang='lat' dir='ltr'>tus,</span> <span class='ocrx_word' id='word_1_252' title='bbox 175 1579 240 1618; x_wconf 82' lang='lat' dir='ltr'>ubi</span> <span class='ocrx_word' id='word_1_253' title='bbox 264 1579 351 1618; x_wconf 80' lang='lat' dir='ltr'>sine</span> <span class='ocrx_word' id='word_1_254' title='bbox 376 1592 471 1618; x_wconf 84' lang='lat' dir='ltr'>casu</span> <span class='ocrx_word' id='word_1_255' title='bbox 490 1579 639 1618; x_wconf 89' lang='lat' dir='ltr'>videtur</span> <span class='ocrx_word' id='word_1_256' title='bbox 658 1593 752 1617; x_wconf 85' lang='lat' dir='ltr'>esse</span> <span class='ocrx_word' id='word_1_257' title='bbox 773 1580 943 1630; x_wconf 85' lang='lat' dir='ltr'>positum</span> 
     </span>
     <span class='ocr_line' id='line_1_23' title="bbox 71 1633 944 1689; baseline 0.002 -16"><span class='ocrx_word' id='word_1_258' title='bbox 71 1640 110 1674; x_wconf 89' lang='lat' dir='ltr'>et</span> <span class='ocrx_word' id='word_1_259' title='bbox 133 1635 240 1687; x_wconf 73' lang='lat' dir='ltr'>Vin-g.</span> <span class='ocrx_word' id='word_1_260' title='bbox 266 1636 368 1675; x_wconf 91' lang='lat' dir='ltr'>Aen.</span> <span class='ocrx_word' id='word_1_261' title='bbox 388 1635 438 1674; x_wconf 80' lang='lat' dir='ltr'>V.</span> <span class='ocrx_word' id='word_1_262' title='bbox 470 1640 563 1676; x_wconf 80' lang='lat'><strong>852.</strong></span> <span class='ocrx_word' id='word_1_263' title='bbox 599 1633 848 1688; x_wconf 71' lang='lat' dir='ltr'>Clavumque</span> <span class='ocrx_word' id='word_1_264' title='bbox 874 1639 944 1689; x_wconf 87' lang='lat' dir='ltr'>af-</span> 
     </span>
     <span class='ocr_line' id='line_1_24' title="bbox 71 1692 942 1745; baseline 0.001 -15"><span class='ocrx_word' id='word_1_265' title='bbox 71 1693 215 1744; x_wconf 75' lang='lat' dir='ltr'>fixus</span> <span class='ocrx_word' id='word_1_266' title='bbox 239 1697 280 1731; x_wconf 84' lang='lat' dir='ltr'>et</span> <span class='ocrx_word' id='word_1_267' title='bbox 302 1692 470 1732; x_wconf 75' lang='lat' dir='ltr'>haerens</span> <span class='ocrx_word' id='word_1_268' title='bbox 495 1706 693 1745; x_wconf 81' lang='lat' dir='ltr'>nusquam</span> <span class='ocrx_word' id='word_1_269' title='bbox 722 1693 942 1732; x_wconf 75' lang='lat' dir='ltr'>amittebat.</span> 
     </span>
     <span class='ocr_line' id='line_1_25' title="bbox 72 1748 942 1799; baseline -0.001 -12"><span class='ocrx_word' id='word_1_270' title='bbox 72 1748 158 1787; x_wconf 81' lang='lat' dir='ltr'>Hoc</span> <span class='ocrx_word' id='word_1_271' title='bbox 193 1762 263 1799; x_wconf 87' lang='lat' dir='ltr'>per</span> <span class='ocrx_word' id='word_1_272' title='bbox 297 1762 345 1787; x_wconf 89' lang='lat' dir='ltr'>se</span> <span class='ocrx_word' id='word_1_273' title='bbox 380 1749 542 1799; x_wconf 91' lang='lat' dir='ltr'>probum</span> <span class='ocrx_word' id='word_1_274' title='bbox 575 1753 647 1787; x_wconf 88' lang='lat' dir='ltr'>est.</span> <span class='ocrx_word' id='word_1_275' title='bbox 696 1749 751 1787; x_wconf 86' lang='lat' dir='ltr'>At</span> <span class='ocrx_word' id='word_1_276' title='bbox 782 1748 942 1786; x_wconf 77' lang='lat' dir='ltr'>forsitan</span> 
     </span>
     <span class='ocr_line' id='line_1_26' title="bbox 72 1804 943 1851; baseline 0 -8"><span class='ocrx_word' id='word_1_277' title='bbox 72 1804 345 1843; x_wconf 86' lang='lat' dir='ltr'>recurrendum</span> <span class='ocrx_word' id='word_1_278' title='bbox 381 1804 432 1843; x_wconf 88' lang='lat' dir='ltr'>ad</span> <span class='ocrx_word' id='word_1_279' title='bbox 466 1805 576 1844; x_wconf 88' lang='lat' dir='ltr'>vocis</span> <span class='ocrx_word' id='word_1_280' title='bbox 613 1806 788 1845; x_wconf 77' lang='lat' dir='ltr'>intentus</span> <span class='ocrx_word' id='word_1_281' title='bbox 817 1818 943 1851; x_wconf 89' lang='lat' dir='ltr'>usum,</span> 
     </span>
     <span class='ocr_line' id='line_1_27' title="bbox 71 1860 946 1912; baseline 0.001 -14"><span class='ocrx_word' id='word_1_282' title='bbox 71 1874 176 1912; x_wconf 87' lang='lat' dir='ltr'>quae</span> <span class='ocrx_word' id='word_1_283' title='bbox 201 1862 363 1912; x_wconf 83' lang='lat' dir='ltr'>saepius</span> <span class='ocrx_word' id='word_1_284' title='bbox 388 1861 570 1900; x_wconf 87' lang='lat' dir='ltr'>absolute</span> <span class='ocrx_word' id='word_1_285' title='bbox 601 1862 738 1900; x_wconf 88' lang='lat' dir='ltr'>dicitur</span> <span class='ocrx_word' id='word_1_286' title='bbox 784 1861 832 1899; x_wconf 81' lang='lat' dir='ltr'><strong>cs.</strong></span> <span class='ocrx_word' id='word_1_287' title='bbox 860 1860 946 1900; x_wconf 92' lang='lat' dir='ltr'>Intt.</span> 
     </span>
     <span class='ocr_line' id='line_1_28' title="bbox 71 1916 945 1969; baseline -0.001 -13"><span class='ocrx_word' id='word_1_288' title='bbox 71 1917 121 1956; x_wconf 81' lang='lat' dir='ltr'>ad</span> <span class='ocrx_word' id='word_1_289' title='bbox 147 1917 244 1956; x_wconf 85' lang='lat' dir='ltr'><strong>Sall.</strong></span> <span class='ocrx_word' id='word_1_290' title='bbox 265 1916 348 1956; x_wconf 75' lang='lat' dir='ltr'>Cat.</span> <span class='ocrx_word' id='word_1_291' title='bbox 373 1931 405 1956; x_wconf 89' lang='lat' dir='ltr'>e.</span> <span class='ocrx_word' id='word_1_292' title='bbox 421 1921 479 1964; x_wconf 86' lang='lat'>2.,</span> <span class='ocrx_word' id='word_1_293' title='bbox 505 1931 623 1968; x_wconf 89' lang='lat' dir='ltr'>quum</span> <span class='ocrx_word' id='word_1_294' title='bbox 647 1918 722 1957; x_wconf 89' lang='lat' dir='ltr'>hac</span> <span class='ocrx_word' id='word_1_295' title='bbox 747 1931 945 1969; x_wconf 89' lang='lat' dir='ltr'>compara-</span> 
     </span>
     <span class='ocr_line' id='line_1_29' title="bbox 71 1973 945 2013; baseline 0.001 -1"><span class='ocrx_word' id='word_1_296' title='bbox 71 1975 175 2012; x_wconf 83' lang='lat' dir='ltr'>tione</span> <span class='ocrx_word' id='word_1_297' title='bbox 198 1973 358 2012; x_wconf 91' lang='lat' dir='ltr'>multum</span> <span class='ocrx_word' id='word_1_298' title='bbox 384 1974 614 2013; x_wconf 60' lang='lat' dir='ltr'>conficiatur.</span> <span class='ocrx_word' id='word_1_299' title='bbox 640 1973 697 2013; x_wconf 88' lang='lat' dir='ltr'>Ita</span> <span class='ocrx_word' id='word_1_300' title='bbox 709 1975 847 2013; x_wconf 88' lang='lat' dir='ltr'>dicitur</span> <span class='ocrx_word' id='word_1_301' title='bbox 860 1973 945 2013; x_wconf 88' lang='lat' dir='ltr'>Liv.</span> 
     </span>
     <span class='ocr_line' id='line_1_30' title="bbox 72 2029 945 2070; baseline 0.001 -3"><span class='ocrx_word' id='word_1_302' title='bbox 72 2029 223 2068; x_wconf 88' lang='lat' dir='ltr'><strong>XXIX.</strong></span> <span class='ocrx_word' id='word_1_303' title='bbox 241 2033 305 2070; x_wconf 86' lang='lat'>19.</span> <span class='ocrx_word' id='word_1_304' title='bbox 330 2031 548 2069; x_wconf 78' lang='lat' dir='ltr'>intentiore</span> <span class='ocrx_word' id='word_1_305' title='bbox 567 2031 759 2070; x_wconf 75' lang='lat' dir='ltr'>custodia</span> <span class='ocrx_word' id='word_1_306' title='bbox 783 2032 804 2069; x_wconf 86' lang='lat' dir='ltr'>i.</span> <span class='ocrx_word' id='word_1_307' title='bbox 820 2044 852 2068; x_wconf 90' lang='lat' dir='ltr'>e.</span> <span class='ocrx_word' id='word_1_308' title='bbox 879 2031 945 2068; x_wconf 91' lang='lat' dir='ltr'>ad-</span> 
     </span>
     <span class='ocr_line' id='line_1_31' title="bbox 73 2086 946 2139; baseline 0 -15"><span class='ocrx_word' id='word_1_309' title='bbox 73 2088 255 2132; x_wconf 84' lang='lat' dir='ltr'>tentiore,</span> <span class='ocrx_word' id='word_1_310' title='bbox 281 2086 537 2137; x_wconf 68' lang='lat' dir='ltr'>(lingentium,</span> <span class='ocrx_word' id='word_1_311' title='bbox 562 2090 604 2125; x_wconf 91' lang='lat' dir='ltr'>ut</span> <span class='ocrx_word' id='word_1_312' title='bbox 627 2089 805 2139; x_wconf 74' lang='lat' dir='ltr'>affixum</span> <span class='ocrx_word' id='word_1_313' title='bbox 830 2088 946 2126; x_wconf 81' lang='lat' dir='ltr'>servi-</span> 
     </span>
     <span class='ocr_line' id='line_1_32' title="bbox 74 2142 947 2193; baseline 0 -12"><span class='ocrx_word' id='word_1_314' title='bbox 74 2143 173 2182; x_wconf 79' lang='lat' dir='ltr'>tium</span> <span class='ocrx_word' id='word_1_315' title='bbox 191 2155 261 2193; x_wconf 89' lang='lat' dir='ltr'>pro</span> <span class='ocrx_word' id='word_1_316' title='bbox 280 2143 472 2181; x_wconf 78' lang='lat' dir='ltr'>intentum</span> <span class='ocrx_word' id='word_1_317' title='bbox 490 2144 693 2182; x_wconf 73' lang='lat' dir='ltr'>servitium</span> <span class='ocrx_word' id='word_1_318' title='bbox 713 2143 815 2181; x_wconf 90' lang='lat' dir='ltr'>idem</span> <span class='ocrx_word' id='word_1_319' title='bbox 836 2142 947 2190; x_wconf 81' lang='lat' dir='ltr'>foret,</span> 
     </span>
     <span class='ocr_line' id='line_1_33' title="bbox 77 2197 947 2249; baseline 0.001 -13"><span class='ocrx_word' id='word_1_320' title='bbox 77 2197 182 2249; x_wconf 91' lang='lat' dir='ltr'>quod</span> <span class='ocrx_word' id='word_1_321' title='bbox 206 2198 374 2248; x_wconf 82' lang='lat' dir='ltr'>diligens</span> <span class='ocrx_word' id='word_1_322' title='bbox 401 2202 440 2236; x_wconf 90' lang='lat' dir='ltr'>et</span> <span class='ocrx_word' id='word_1_323' title='bbox 463 2199 682 2238; x_wconf 79' lang='lat' dir='ltr'>adsiduum.</span> <span class='ocrx_word' id='word_1_324' title='bbox 710 2199 793 2238; x_wconf 88' lang='lat' dir='ltr'>Sed</span> <span class='ocrx_word' id='word_1_325' title='bbox 810 2199 947 2245; x_wconf 84' lang='lat' dir='ltr'>fateor,</span> 
     </span>
     <span class='ocr_line' id='line_1_34' title="bbox 78 2255 947 2307; baseline 0 -13"><span class='ocrx_word' id='word_1_326' title='bbox 78 2255 178 2294; x_wconf 87' lang='lat' dir='ltr'>hanc</span> <span class='ocrx_word' id='word_1_327' title='bbox 213 2255 433 2306; x_wconf 79' lang='lat' dir='ltr'>analogiam</span> <span class='ocrx_word' id='word_1_328' title='bbox 470 2269 493 2294; x_wconf 91' lang='lat' dir='ltr'>a</span> <span class='ocrx_word' id='word_1_329' title='bbox 528 2255 639 2295; x_wconf 80' lang='lat' dir='ltr'>vocis</span> <span class='ocrx_word' id='word_1_330' title='bbox 666 2255 947 2307; x_wconf 84' lang='lat' dir='ltr'>significatione</span> 
     </span>
     <span class='ocr_line' id='line_1_35' title="bbox 78 2311 947 2362; baseline 0.003 -14"><span class='ocrx_word' id='word_1_331' title='bbox 78 2311 193 2362; x_wconf 86' lang='lat' dir='ltr'>paulo</span> <span class='ocrx_word' id='word_1_332' title='bbox 209 2311 364 2349; x_wconf 89' lang='lat' dir='ltr'>nimium</span> <span class='ocrx_word' id='word_1_333' title='bbox 379 2315 565 2350; x_wconf 89' lang='lat' dir='ltr'>remotam</span> <span class='ocrx_word' id='word_1_334' title='bbox 580 2325 686 2350; x_wconf 88' lang='lat' dir='ltr'>esse.</span> <span class='ocrx_word' id='word_1_335' title='bbox 736 2311 850 2351; x_wconf 86' lang='lat' dir='ltr'>Unde</span> <span class='ocrx_word' id='word_1_336' title='bbox 868 2315 947 2352; x_wconf 81' lang='lat' dir='ltr'>exi-</span> 
     </span>
     <span class='ocr_line' id='line_1_36' title="bbox 75 2368 951 2422; baseline 0.005 -17"><span class='ocrx_word' id='word_1_337' title='bbox 75 2368 331 2413; x_wconf 77' lang='lat' dir='ltr'>stimaverim,</span> <span class='ocrx_word' id='word_1_338' title='bbox 353 2368 513 2419; x_wconf 82' lang='lat' dir='ltr'>propria</span> <span class='ocrx_word' id='word_1_339' title='bbox 536 2381 610 2407; x_wconf 90' lang='lat' dir='ltr'>sua</span> <span class='ocrx_word' id='word_1_340' title='bbox 631 2369 666 2407; x_wconf 90' lang='lat' dir='ltr'>vi</span> <span class='ocrx_word' id='word_1_341' title='bbox 690 2368 753 2407; x_wconf 88' lang='lat' dir='ltr'>hic</span> <span class='ocrx_word' id='word_1_342' title='bbox 766 2369 951 2422; x_wconf 75' lang='lat' dir='ltr'>adfixum</span> 
     </span>
     <span class='ocr_line' id='line_1_37' title="bbox 74 2423 951 2476; baseline 0.003 -15"><span class='ocrx_word' id='word_1_343' title='bbox 74 2423 151 2462; x_wconf 87' lang='lat' dir='ltr'>dici</span> <span class='ocrx_word' id='word_1_344' title='bbox 176 2423 226 2462; x_wconf 90' lang='lat' dir='ltr'>de</span> <span class='ocrx_word' id='word_1_345' title='bbox 250 2437 298 2462; x_wconf 92' lang='lat' dir='ltr'>eo</span> <span class='ocrx_word' id='word_1_346' title='bbox 324 2424 501 2470; x_wconf 79' lang='lat' dir='ltr'>servitio,</span> <span class='ocrx_word' id='word_1_347' title='bbox 527 2425 633 2475; x_wconf 91' lang='lat' dir='ltr'>quod</span> <span class='ocrx_word' id='word_1_348' title='bbox 659 2426 771 2476; x_wconf 84' lang='lat' dir='ltr'>quasi</span> <span class='ocrx_word' id='word_1_349' title='bbox 795 2425 951 2465; x_wconf 83' lang='lat' dir='ltr'>affixum</span> 
     </span>
     <span class='ocr_line' id='line_1_38' title="bbox 79 2480 951 2527; baseline 0.005 -10"><span class='ocrx_word' id='word_1_350' title='bbox 79 2484 143 2518; x_wconf 87' lang='lat' dir='ltr'>est</span> <span class='ocrx_word' id='word_1_351' title='bbox 156 2483 196 2518; x_wconf 89' lang='lat' dir='ltr'>et</span> <span class='ocrx_word' id='word_1_352' title='bbox 208 2480 410 2527; x_wconf 80' lang='lat' dir='ltr'>adhaeret,</span> <span class='ocrx_word' id='word_1_353' title='bbox 436 2482 681 2520; x_wconf 89' lang='lat' dir='ltr'>coniunctum</span> <span class='ocrx_word' id='word_1_354' title='bbox 696 2495 780 2520; x_wconf 85' lang='lat' dir='ltr'>cum</span> <span class='ocrx_word' id='word_1_355' title='bbox 796 2481 951 2521; x_wconf 73' lang='lat' dir='ltr'>Charite</span> 
     </span>
     <span class='ocr_line' id='line_1_39' title="bbox 77 2537 952 2584; baseline 0.003 -10"><span class='ocrx_word' id='word_1_356' title='bbox 77 2540 118 2574; x_wconf 83' lang='lat' dir='ltr'>et</span> <span class='ocrx_word' id='word_1_357' title='bbox 158 2537 194 2575; x_wconf 89' lang='lat' dir='ltr'>in</span> <span class='ocrx_word' id='word_1_358' title='bbox 238 2551 356 2575; x_wconf 86' lang='lat' dir='ltr'>unum</span> <span class='ocrx_word' id='word_1_359' title='bbox 398 2539 686 2584; x_wconf 82' lang='lat' dir='ltr'>consociatum,</span> <span class='ocrx_word' id='word_1_360' title='bbox 737 2542 778 2576; x_wconf 88' lang='lat' dir='ltr'>ut</span> <span class='ocrx_word' id='word_1_361' title='bbox 818 2539 870 2578; x_wconf 88' lang='lat' dir='ltr'>ad</span> <span class='ocrx_word' id='word_1_362' title='bbox 911 2538 952 2577; x_wconf 87' lang='lat' dir='ltr'>id</span> 
     </span>
     <span class='ocr_line' id='line_1_40' title="bbox 76 2591 950 2646; baseline 0.003 -16"><span class='ocrx_word' id='word_1_363' title='bbox 76 2591 207 2631; x_wconf 87' lang='lat' dir='ltr'>solum</span> <span class='ocrx_word' id='word_1_364' title='bbox 231 2593 447 2632; x_wconf 84' lang='lat' dir='ltr'>intenderet</span> <span class='ocrx_word' id='word_1_365' title='bbox 477 2595 656 2633; x_wconf 89' lang='lat' dir='ltr'>animum.</span> <span class='ocrx_word' id='word_1_366' title='bbox 705 2593 950 2646; x_wconf 83' lang='lat' dir='ltr'>Quamquam</span> 
     </span>
     <span class='ocr_line' id='line_1_41' title="bbox 78 2650 950 2702; baseline 0.003 -15"><span class='ocrx_word' id='word_1_367' title='bbox 78 2662 152 2687; x_wconf 86' lang='lat' dir='ltr'>non</span> <span class='ocrx_word' id='word_1_368' title='bbox 166 2650 387 2701; x_wconf 87' lang='lat' dir='ltr'>negandum</span> <span class='ocrx_word' id='word_1_369' title='bbox 401 2654 479 2696; x_wconf 51' lang='lat' dir='ltr'>est„</span> <span class='ocrx_word' id='word_1_370' title='bbox 494 2651 547 2689; x_wconf 87' lang='lat' dir='ltr'>ita</span> <span class='ocrx_word' id='word_1_371' title='bbox 561 2663 717 2702; x_wconf 89' lang='lat' dir='ltr'>quoque</span> <span class='ocrx_word' id='word_1_372' title='bbox 730 2651 950 2690; x_wconf 85' lang='lat' dir='ltr'>inusitatam</span> 
     </span>
     <span class='ocr_line' id='line_1_42' title="bbox 77 2706 952 2758; baseline 0.003 -15"><span class='ocrx_word' id='word_1_373' title='bbox 77 2718 173 2744; x_wconf 82' lang='lat' dir='ltr'>esse</span> <span class='ocrx_word' id='word_1_374' title='bbox 197 2706 352 2745; x_wconf 88' lang='lat' dir='ltr'>dicendi</span> <span class='ocrx_word' id='word_1_375' title='bbox 364 2707 565 2754; x_wconf 88' lang='lat' dir='ltr'>rationem,</span> <span class='ocrx_word' id='word_1_376' title='bbox 591 2709 682 2758; x_wconf 87' lang='lat' dir='ltr'>quia</span> <span class='ocrx_word' id='word_1_377' title='bbox 698 2721 869 2758; x_wconf 88' lang='lat' dir='ltr'>persona</span> <span class='ocrx_word' id='word_1_378' title='bbox 886 2709 952 2746; x_wconf 90' lang='lat' dir='ltr'>ab·</span> 
     </span>
     <span class='ocr_line' id='line_1_43' title="bbox 79 2762 952 2809; baseline 0.003 -10"><span class='ocrx_word' id='word_1_379' title='bbox 79 2765 160 2808; x_wconf 85' lang='lat' dir='ltr'>est,</span> <span class='ocrx_word' id='word_1_380' title='bbox 185 2763 246 2801; x_wconf 89' lang='lat' dir='ltr'>cui</span> <span class='ocrx_word' id='word_1_381' title='bbox 270 2762 347 2802; x_wconf 89' lang='lat' dir='ltr'>hoc</span> <span class='ocrx_word' id='word_1_382' title='bbox 369 2763 527 2802; x_wconf 78' lang='lat' dir='ltr'>affixum</span> <span class='ocrx_word' id='word_1_383' title='bbox 553 2767 653 2809; x_wconf 89' lang='lat' dir='ltr'>erat,</span> <span class='ocrx_word' id='word_1_384' title='bbox 684 2763 776 2802; x_wconf 88' lang='lat' dir='ltr'>licet</span> <span class='ocrx_word' id='word_1_385' title='bbox 805 2764 872 2803; x_wconf 90' lang='lat' dir='ltr'>illa</span> <span class='ocrx_word' id='word_1_386' title='bbox 901 2777 952 2802; x_wconf 83' lang='lat' dir='ltr'>ex</span> 
     </span>
     <span class='ocr_line' id='line_1_44' title="bbox 79 2820 951 2871; baseline 0.003 -15"><span class='ocrx_word' id='word_1_387' title='bbox 79 2820 358 2858; x_wconf 84' lang='lat' dir='ltr'>sententiarum</span> <span class='ocrx_word' id='word_1_388' title='bbox 378 2833 557 2859; x_wconf 83' lang='lat' dir='ltr'>connexu</span> <span class='ocrx_word' id='word_1_389' title='bbox 573 2821 676 2858; x_wconf 86' lang='lat' dir='ltr'>bene</span> <span class='ocrx_word' id='word_1_390' title='bbox 694 2821 826 2871; x_wconf 78' lang='lat' dir='ltr'>possit</span> <span class='ocrx_word' id='word_1_391' title='bbox 843 2821 951 2860; x_wconf 86' lang='lat' dir='ltr'>intel-</span> 
     </span>
     <span class='ocr_line' id='line_1_45' title="bbox 81 2874 952 2929; baseline 0.006 -18"><span class='ocrx_word' id='word_1_392' title='bbox 81 2874 158 2925; x_wconf 84' lang='lat' dir='ltr'>ligi.</span> <span class='ocrx_word' id='word_1_393' title='bbox 217 2874 302 2914; x_wconf 89' lang='lat' dir='ltr'>Sed</span> <span class='ocrx_word' id='word_1_394' title='bbox 330 2890 405 2915; x_wconf 90' lang='lat' dir='ltr'>non</span> <span class='ocrx_word' id='word_1_395' title='bbox 436 2877 566 2915; x_wconf 85' lang='lat' dir='ltr'>solum</span> <span class='ocrx_word' id='word_1_396' title='bbox 595 2880 756 2929; x_wconf 87' lang='lat' dir='ltr'>propter</span> <span class='ocrx_word' id='word_1_397' title='bbox 785 2879 952 2916; x_wconf 87' lang='lat' dir='ltr'>omnium</span> 
     </span>
     <span class='ocr_line' id='line_1_46' title="bbox 82 2930 957 2986; baseline 0.006 -18"><span class='ocrx_word' id='word_1_398' title='bbox 82 2930 195 2969; x_wconf 86' lang='lat' dir='ltr'>codd.</span> <span class='ocrx_word' id='word_1_399' title='bbox 225 2933 509 2979; x_wconf 74' lang='lat' dir='ltr'>auctoritatem,</span> <span class='ocrx_word' id='word_1_400' title='bbox 545 2934 620 2971; x_wconf 89' lang='lat' dir='ltr'>sed</span> <span class='ocrx_word' id='word_1_401' title='bbox 652 2934 768 2972; x_wconf 89' lang='lat' dir='ltr'>etiam</span> <span class='ocrx_word' id='word_1_402' title='bbox 798 2937 957 2986; x_wconf 86' lang='lat' dir='ltr'>propter</span> 
     </span>
     <span class='ocr_line' id='line_1_47' title="bbox 83 2986 957 3041; baseline 0.008 -18"><span class='ocrx_word' id='word_1_403' title='bbox 83 2986 356 3038; x_wconf 85' lang='lat' dir='ltr'>explicationis</span> <span class='ocrx_word' id='word_1_404' title='bbox 386 2989 653 3028; x_wconf 82' lang='lat' dir='ltr'>difficultatem</span> <span class='ocrx_word' id='word_1_405' title='bbox 684 2991 957 3041; x_wconf 82' lang='lat' dir='ltr'>comprobatur</span> 
     </span>
     <span class='ocr_line' id='line_1_48' title="bbox 81 3042 357 3097; baseline 0.011 -17"><span class='ocrx_word' id='word_1_406' title='bbox 81 3042 182 3082; x_wconf 83' lang='lat' dir='ltr'>haec</span> <span class='ocrx_word' id='word_1_407' title='bbox 207 3043 357 3097; x_wconf 88' lang='lat' dir='ltr'>lectio.]</span> 
     </span>
    </p>

    <p class='ocr_par' dir='ltr' id='par_1_7' title="bbox 82 3100 957 3207">
     <span class='ocr_line' id='line_1_49' title="bbox 139 3100 956 3156; baseline 0.005 -18"><span class='ocrx_word' id='word_1_408' title='bbox 139 3100 293 3139; x_wconf 81' lang='lat' dir='ltr'>solatio</span> <span class='ocrx_word' id='word_1_409' title='bbox 317 3103 543 3142; x_wconf 73' lang='lat' dir='ltr'>cruciabat.</span> <span class='ocrx_word' id='word_1_410' title='bbox 604 3102 846 3156; x_wconf 54' lang='lat' dir='ltr'>[solatium</span> <span class='ocrx_word' id='word_1_411' title='bbox 870 3117 956 3143; x_wconf 85' lang='lat' dir='ltr'>sae-</span> 
     </span>
     <span class='ocr_line' id='line_1_50' title="bbox 82 3155 957 3207; baseline 0.007 -14"><span class='ocrx_word' id='word_1_412' title='bbox 82 3155 170 3207; x_wconf 86' lang='lat' dir='ltr'>pius</span> <span class='ocrx_word' id='word_1_413' title='bbox 195 3160 377 3196; x_wconf 80' lang='lat' dir='ltr'>auctores</span> <span class='ocrx_word' id='word_1_414' title='bbox 408 3159 608 3199; x_wconf 85' lang='lat' dir='ltr'>nominant</span> <span class='ocrx_word' id='word_1_415' title='bbox 631 3163 869 3199; x_wconf 87' lang='lat' dir='ltr'>mortuorum</span> <span class='ocrx_word' id='word_1_416' title='bbox 892 3161 957 3199; x_wconf 91' lang='lat' dir='ltr'>vel</span> 
     </span>
    </p>
   </div>
   <div class='ocr_carea' id='block_1_7' title="bbox 1001 1238 1895 3212">
    <p class='ocr_par' dir='ltr' id='par_1_8' title="bbox 1001 1238 1895 3212">
     <span class='ocr_line' id='line_1_51' title="bbox 1002 1238 1874 1280; baseline -0.005 -1"><span class='ocrx_word' id='word_1_417' title='bbox 1002 1242 1223 1280; x_wconf 89' lang='lat' dir='ltr'>absentium</span> <span class='ocrx_word' id='word_1_418' title='bbox 1246 1242 1456 1280; x_wconf 90' lang='lat' dir='ltr'>amicorum</span> <span class='ocrx_word' id='word_1_419' title='bbox 1481 1240 1706 1278; x_wconf 86' lang='lat' dir='ltr'>memoriam</span> <span class='ocrx_word' id='word_1_420' title='bbox 1729 1239 1765 1276; x_wconf 90' lang='lat' dir='ltr'>in</span> <span class='ocrx_word' id='word_1_421' title='bbox 1786 1238 1874 1276; x_wconf 84' lang='lat' dir='ltr'>ima-</span> 
     </span>
     <span class='ocr_line' id='line_1_52' title="bbox 1003 1294 1876 1349; baseline -0.003 -15"><span class='ocrx_word' id='word_1_422' title='bbox 1003 1298 1158 1349; x_wconf 81' lang='lat' dir='ltr'>ginibus</span> <span class='ocrx_word' id='word_1_423' title='bbox 1190 1298 1251 1336; x_wconf 90' lang='lat' dir='ltr'>vel</span> <span class='ocrx_word' id='word_1_424' title='bbox 1277 1299 1418 1336; x_wconf 86' lang='lat' dir='ltr'>statuis</span> <span class='ocrx_word' id='word_1_425' title='bbox 1443 1299 1688 1342; x_wconf 83' lang='lat' dir='ltr'>renovatam,</span> <span class='ocrx_word' id='word_1_426' title='bbox 1721 1294 1772 1333; x_wconf 88' lang='lat' dir='ltr'>de</span> <span class='ocrx_word' id='word_1_427' title='bbox 1797 1307 1876 1345; x_wconf 86' lang='lat' dir='ltr'>qua</span> 
     </span>
     <span class='ocr_line' id='line_1_53' title="bbox 1002 1351 1876 1404; baseline -0.006 -12"><span class='ocrx_word' id='word_1_428' title='bbox 1002 1353 1283 1404; x_wconf 84' lang='lat' dir='ltr'>significatione</span> <span class='ocrx_word' id='word_1_429' title='bbox 1309 1354 1437 1392; x_wconf 90' lang='lat' dir='ltr'>omnia</span> <span class='ocrx_word' id='word_1_430' title='bbox 1461 1366 1511 1390; x_wconf 84' lang='lat' dir='ltr'>ex</span> <span class='ocrx_word' id='word_1_431' title='bbox 1535 1351 1701 1390; x_wconf 86' lang='lat' dir='ltr'>Pricaeo</span> <span class='ocrx_word' id='word_1_432' title='bbox 1735 1353 1876 1400; x_wconf 89' lang='lat' dir='ltr'>(quem</span> 
     </span>
     <span class='ocr_line' id='line_1_54' title="bbox 1002 1409 1876 1461; baseline -0.006 -13"><span class='ocrx_word' id='word_1_433' title='bbox 1002 1410 1054 1448; x_wconf 88' lang='lat' dir='ltr'>ad</span> <span class='ocrx_word' id='word_1_434' title='bbox 1078 1409 1115 1448; x_wconf 92' lang='lat' dir='ltr'>h.</span> <span class='ocrx_word' id='word_1_435' title='bbox 1130 1410 1154 1448; x_wconf 93' lang='lat' dir='ltr'>l.</span> <span class='ocrx_word' id='word_1_436' title='bbox 1181 1411 1292 1459; x_wconf 88' lang='lat' dir='ltr'>vide)</span> <span class='ocrx_word' id='word_1_437' title='bbox 1326 1409 1552 1461; x_wconf 86' lang='lat' dir='ltr'>compilavit</span> <span class='ocrx_word' id='word_1_438' title='bbox 1575 1421 1644 1458; x_wconf 92' lang='lat' dir='ltr'>pro</span> <span class='ocrx_word' id='word_1_439' title='bbox 1669 1420 1778 1446; x_wconf 90' lang='lat' dir='ltr'>more</span> <span class='ocrx_word' id='word_1_440' title='bbox 1802 1419 1876 1444; x_wconf 90' lang='lat' dir='ltr'>suo</span> 
     </span>
     <span class='ocr_line' id='line_1_55' title="bbox 1002 1462 1876 1516; baseline -0.007 -11"><span class='ocrx_word' id='word_1_441' title='bbox 1002 1466 1142 1505; x_wconf 88' lang='lat' dir='ltr'>Ouzel.</span> <span class='ocrx_word' id='word_1_442' title='bbox 1157 1467 1208 1506; x_wconf 87' lang='lat' dir='ltr'>ad</span> <span class='ocrx_word' id='word_1_443' title='bbox 1222 1467 1368 1505; x_wconf 85' lang='lat' dir='ltr'>Minue.</span> <span class='ocrx_word' id='word_1_444' title='bbox 1382 1465 1470 1504; x_wconf 78' lang='lat' dir='ltr'>Fet.</span> <span class='ocrx_word' id='word_1_445' title='bbox 1486 1479 1525 1516; x_wconf 90' lang='lat' dir='ltr'>p.</span> <span class='ocrx_word' id='word_1_446' title='bbox 1541 1467 1606 1504; x_wconf 88' lang='lat'>85.</span> <span class='ocrx_word' id='word_1_447' title='bbox 1621 1463 1684 1503; x_wconf 88' lang='lat' dir='ltr'>ed.</span> <span class='ocrx_word' id='word_1_448' title='bbox 1697 1462 1826 1513; x_wconf 84' lang='lat' dir='ltr'>Lugd.</span> <span class='ocrx_word' id='word_1_449' title='bbox 1841 1475 1876 1500; x_wconf 90' lang='lat' dir='ltr'>a.</span> 
     </span>
     <span class='ocr_line' id='line_1_56' title="bbox 1005 1519 1878 1565; baseline -0.01 0"><span class='ocrx_word' id='word_1_450' title='bbox 1005 1527 1124 1565; x_wconf 79' lang='lat'><strong>1652.</strong></span> <span class='ocrx_word' id='word_1_451' title='bbox 1141 1523 1240 1562; x_wconf 89' lang='lat' dir='ltr'>Stat.</span> <span class='ocrx_word' id='word_1_452' title='bbox 1256 1523 1352 1562; x_wconf 91' lang='lat' dir='ltr'>Silv.</span> <span class='ocrx_word' id='word_1_453' title='bbox 1366 1522 1412 1561; x_wconf 91' lang='lat' dir='ltr'><strong>II.</strong></span> <span class='ocrx_word' id='word_1_454' title='bbox 1429 1525 1577 1562; x_wconf 59' lang='lat'><strong>2128.</strong></span> <span class='ocrx_word' id='word_1_455' title='bbox 1604 1519 1668 1560; x_wconf 81' lang='lat' dir='ltr'>Ac</span> <span class='ocrx_word' id='word_1_456' title='bbox 1691 1519 1878 1559; x_wconf 80' lang='lat' dir='ltr'>solatia</span> 
     </span>
     <span class='ocr_line' id='line_1_57' title="bbox 1002 1574 1879 1629; baseline -0.008 -10"><span class='ocrx_word' id='word_1_457' title='bbox 1002 1594 1110 1619; x_wconf 75' lang='lat' dir='ltr'>vana</span> <span class='ocrx_word' id='word_1_458' title='bbox 1145 1580 1425 1619; x_wconf 78' lang='lat' dir='ltr'>subministrat</span> <span class='ocrx_word' id='word_1_459' title='bbox 1459 1579 1609 1622; x_wconf 76' lang='lat' dir='ltr'>vultus,</span> <span class='ocrx_word' id='word_1_460' title='bbox 1648 1577 1718 1629; x_wconf 79' lang='lat' dir='ltr'>qui</span> <span class='ocrx_word' id='word_1_461' title='bbox 1753 1574 1879 1614; x_wconf 80' lang='lat' dir='ltr'>simili</span> 
     </span>
     <span class='ocr_line' id='line_1_58' title="bbox 1001 1631 1878 1687; baseline -0.008 -11"><span class='ocrx_word' id='word_1_462' title='bbox 1001 1641 1164 1676; x_wconf 76' lang='lat' dir='ltr'>notatus</span> <span class='ocrx_word' id='word_1_463' title='bbox 1183 1650 1288 1676; x_wconf 83' lang='lat' dir='ltr'>auro</span> <span class='ocrx_word' id='word_1_464' title='bbox 1301 1637 1441 1675; x_wconf 80' lang='lat' dir='ltr'>stratis</span> <span class='ocrx_word' id='word_1_465' title='bbox 1449 1635 1663 1687; x_wconf 71' lang='lat' dir='ltr'>praenitet</span> <span class='ocrx_word' id='word_1_466' title='bbox 1683 1631 1878 1672; x_wconf 76' lang='lat' dir='ltr'>excubat·</span> 
     </span>
     <span class='ocr_line' id='line_1_59' title="bbox 1005 1687 1879 1746; baseline -0.009 -13"><span class='ocrx_word' id='word_1_467' title='bbox 1005 1706 1082 1746; x_wconf 83' lang='lat' dir='ltr'>que</span> <span class='ocrx_word' id='word_1_468' title='bbox 1118 1707 1259 1731; x_wconf 84' lang='lat' dir='ltr'>somno</span> <span class='ocrx_word' id='word_1_469' title='bbox 1293 1705 1475 1732; x_wconf 84' lang='lat' dir='ltr'>securae.</span> <span class='ocrx_word' id='word_1_470' title='bbox 1510 1691 1563 1729; x_wconf 74' lang='lat' dir='ltr'>V.</span> <span class='ocrx_word' id='word_1_471' title='bbox 1591 1695 1627 1730; x_wconf 92' lang='lat'>1.</span> <span class='ocrx_word' id='word_1_472' title='bbox 1655 1695 1673 1730; x_wconf 91' lang='lat'><strong>1</strong></span> <span class='ocrx_word' id='word_1_473' title='bbox 1703 1701 1794 1739; x_wconf 90' lang='lat' dir='ltr'><strong>sqq.</strong></span> <span class='ocrx_word' id='word_1_474' title='bbox 1831 1687 1879 1726; x_wconf 87' lang='lat' dir='ltr'>Si</span> 
     </span>
     <span class='ocr_line' id='line_1_60' title="bbox 1001 1746 1879 1798; baseline -0.007 -10"><span class='ocrx_word' id='word_1_475' title='bbox 1001 1763 1143 1789; x_wconf 83' lang='lat' dir='ltr'>manus</span> <span class='ocrx_word' id='word_1_476' title='bbox 1167 1754 1239 1788; x_wconf 81' lang='lat' dir='ltr'>aul</span> <span class='ocrx_word' id='word_1_477' title='bbox 1263 1749 1410 1788; x_wconf 85' lang='lat' dir='ltr'>similes</span> <span class='ocrx_word' id='word_1_478' title='bbox 1435 1747 1586 1787; x_wconf 81' lang='lat' dir='ltr'>docilis</span> <span class='ocrx_word' id='word_1_479' title='bbox 1609 1746 1707 1785; x_wconf 71' lang='lat' dir='ltr'>milti</span> <span class='ocrx_word' id='word_1_480' title='bbox 1721 1747 1879 1798; x_wconf 67' lang='lat' dir='ltr'>finqere</span> 
     </span>
     <span class='ocr_line' id='line_1_61' title="bbox 1006 1803 1879 1856; baseline -0.007 -12"><span class='ocrx_word' id='word_1_481' title='bbox 1006 1819 1120 1845; x_wconf 81' lang='lat' dir='ltr'>ceras</span> <span class='ocrx_word' id='word_1_482' title='bbox 1167 1804 1251 1845; x_wconf 74' lang='lat' dir='ltr'>Aut</span> <span class='ocrx_word' id='word_1_483' title='bbox 1291 1806 1406 1850; x_wconf 82' lang='lat' dir='ltr'>ebur,</span> <span class='ocrx_word' id='word_1_484' title='bbox 1449 1803 1652 1856; x_wconf 81' lang='lat' dir='ltr'>impressis</span> <span class='ocrx_word' id='word_1_485' title='bbox 1687 1813 1879 1841; x_wconf 81' lang='lat' dir='ltr'>aurumve</span> 
     </span>
     <span class='ocr_line' id='line_1_62' title="bbox 1005 1857 1877 1914; baseline -0.006 -14"><span class='ocrx_word' id='word_1_486' title='bbox 1005 1862 1189 1900; x_wconf 81' lang='lat' dir='ltr'>animare</span> <span class='ocrx_word' id='word_1_487' title='bbox 1227 1862 1378 1914; x_wconf 70' lang='lat' dir='ltr'>fi&#39;yuris</span> <span class='ocrx_word' id='word_1_488' title='bbox 1414 1861 1529 1900; x_wconf 82' lang='lat' dir='ltr'>Hinc</span> <span class='ocrx_word' id='word_1_489' title='bbox 1564 1857 1767 1898; x_wconf 69' lang='lat' dir='ltr'>Priscilla</span> <span class='ocrx_word' id='word_1_490' title='bbox 1804 1861 1877 1896; x_wconf 83' lang='lat' dir='ltr'>tuo</span> 
     </span>
     <span class='ocr_line' id='line_1_63' title="bbox 1004 1915 1876 1970; baseline -0.006 -14"><span class='ocrx_word' id='word_1_491' title='bbox 1004 1931 1022 1956; x_wconf 83' lang='lat' dir='ltr'>s</span> <span class='ocrx_word' id='word_1_492' title='bbox 1036 1932 1060 1955; x_wconf 86' lang='lat' dir='ltr'>o</span> <span class='ocrx_word' id='word_1_493' title='bbox 1074 1917 1126 1956; x_wconf 86' lang='lat' dir='ltr'>la</span> <span class='ocrx_word' id='word_1_494' title='bbox 1141 1918 1183 1956; x_wconf 85' lang='lat' dir='ltr'>ti</span> <span class='ocrx_word' id='word_1_495' title='bbox 1197 1932 1223 1956; x_wconf 87' lang='lat' dir='ltr'>a</span> <span class='ocrx_word' id='word_1_496' title='bbox 1263 1922 1390 1970; x_wconf 73' lang='lat' dir='ltr'>yrata</span> <span class='ocrx_word' id='word_1_497' title='bbox 1424 1917 1574 1956; x_wconf 79' lang='lat' dir='ltr'>marito</span> <span class='ocrx_word' id='word_1_498' title='bbox 1603 1915 1876 1966; x_wconf 83' lang='lat' dir='ltr'>Conciperem.</span> 
     </span>
     <span class='ocr_line' id='line_1_64' title="bbox 1004 1969 1855 2022; baseline -0.002 -11"><span class='ocrx_word' id='word_1_499' title='bbox 1004 1974 1134 2012; x_wconf 75' lang='lat' dir='ltr'>Burin.</span> <span class='ocrx_word' id='word_1_500' title='bbox 1161 1974 1212 2012; x_wconf 89' lang='lat' dir='ltr'>ad</span> <span class='ocrx_word' id='word_1_501' title='bbox 1237 1973 1396 2012; x_wconf 89' lang='lat' dir='ltr'>Anthol.</span> <span class='ocrx_word' id='word_1_502' title='bbox 1421 1973 1511 2011; x_wconf 86' lang='lat' dir='ltr'>Lat.</span> <span class='ocrx_word' id='word_1_503' title='bbox 1537 1971 1583 2011; x_wconf 88' lang='lat' dir='ltr'><strong>T.</strong></span> <span class='ocrx_word' id='word_1_504' title='bbox 1608 1970 1653 2009; x_wconf 88' lang='lat' dir='ltr'><strong>II.</strong></span> <span class='ocrx_word' id='word_1_505' title='bbox 1677 1984 1718 2022; x_wconf 85' lang='lat' dir='ltr'>p.</span> <span class='ocrx_word' id='word_1_506' title='bbox 1745 1969 1855 2021; x_wconf 68' lang='lat'>125]</span> 
     </span>
     <span class='ocr_line' id='line_1_65' title="bbox 1062 2025 1880 2083; baseline -0.006 -15"><span class='ocrx_word' id='word_1_507' title='bbox 1062 2029 1151 2068; x_wconf 67' lang='lat' dir='ltr'><strong>Cn».</strong></span> <span class='ocrx_word' id='word_1_508' title='bbox 1164 2029 1267 2069; x_wconf 83' lang='lat' dir='ltr'><strong>VIII.</strong></span> <span class='ocrx_word' id='word_1_509' title='bbox 1304 2029 1545 2083; x_wconf 70' lang='lat' dir='ltr'>Thrasyllus</span> <span class='ocrx_word' id='word_1_510' title='bbox 1558 2040 1760 2081; x_wconf 81' lang='lat' dir='ltr'>praeceps</span> <span class='ocrx_word' id='word_1_511' title='bbox 1777 2025 1880 2065; x_wconf 82' lang='lat' dir='ltr'>alio-</span> 
     </span>
     <span class='ocr_line' id='line_1_66' title="bbox 1008 2083 1882 2139; baseline -0.006 -13"><span class='ocrx_word' id='word_1_512' title='bbox 1008 2088 1108 2139; x_wconf 81' lang='lat' dir='ltr'>quin</span> <span class='ocrx_word' id='word_1_513' title='bbox 1127 2091 1166 2125; x_wconf 86' lang='lat' dir='ltr'>et</span> <span class='ocrx_word' id='word_1_514' title='bbox 1183 2086 1236 2125; x_wconf 84' lang='lat' dir='ltr'>de</span> <span class='ocrx_word' id='word_1_515' title='bbox 1253 2087 1344 2138; x_wconf 81' lang='lat' dir='ltr'>ipso</span> <span class='ocrx_word' id='word_1_516' title='bbox 1358 2087 1518 2125; x_wconf 76' lang='lat' dir='ltr'>nomine</span> <span class='ocrx_word' id='word_1_517' title='bbox 1531 2087 1778 2125; x_wconf 82' lang='lat' dir='ltr'>temerarius.</span> <span class='ocrx_word' id='word_1_518' title='bbox 1806 2083 1882 2136; x_wconf 88' lang='lat' dir='ltr'>[Ita</span> 
     </span>
     <span class='ocr_line' id='line_1_67' title="bbox 1006 2139 1881 2194; baseline -0.003 -13"><span class='ocrx_word' id='word_1_519' title='bbox 1006 2143 1109 2182; x_wconf 90' lang='lat' dir='ltr'>hunc</span> <span class='ocrx_word' id='word_1_520' title='bbox 1134 2143 1261 2181; x_wconf 86' lang='lat' dir='ltr'>locum</span> <span class='ocrx_word' id='word_1_521' title='bbox 1287 2156 1337 2181; x_wconf 85' lang='lat' dir='ltr'>ex</span> <span class='ocrx_word' id='word_1_522' title='bbox 1362 2143 1517 2194; x_wconf 87' lang='lat' dir='ltr'>optimis</span> <span class='ocrx_word' id='word_1_523' title='bbox 1538 2142 1653 2180; x_wconf 86' lang='lat' dir='ltr'>codd.</span> <span class='ocrx_word' id='word_1_524' title='bbox 1672 2141 1776 2180; x_wconf 89' lang='lat' dir='ltr'>dedi.</span> <span class='ocrx_word' id='word_1_525' title='bbox 1800 2139 1881 2178; x_wconf 88' lang='lat' dir='ltr'>Pri-</span> 
     </span>
     <span class='ocr_line' id='line_1_68' title="bbox 1005 2197 1883 2250; baseline -0.005 -12"><span class='ocrx_word' id='word_1_526' title='bbox 1005 2213 1110 2238; x_wconf 90' lang='lat' dir='ltr'>mum</span> <span class='ocrx_word' id='word_1_527' title='bbox 1125 2200 1226 2237; x_wconf 90' lang='lat' dir='ltr'>enim</span> <span class='ocrx_word' id='word_1_528' title='bbox 1242 2213 1335 2238; x_wconf 79' lang='lat' dir='ltr'>vero</span> <span class='ocrx_word' id='word_1_529' title='bbox 1348 2199 1413 2236; x_wconf 80' lang='lat' dir='ltr'>vel</span> <span class='ocrx_word' id='word_1_530' title='bbox 1428 2200 1511 2246; x_wconf 84' lang='lat' dir='ltr'>sed,</span> <span class='ocrx_word' id='word_1_531' title='bbox 1537 2198 1642 2250; x_wconf 91' lang='lat' dir='ltr'>quod</span> <span class='ocrx_word' id='word_1_532' title='bbox 1656 2199 1691 2236; x_wconf 93' lang='lat' dir='ltr'>in</span> <span class='ocrx_word' id='word_1_533' title='bbox 1707 2197 1883 2249; x_wconf 85' lang='lat' dir='ltr'>plurimis</span> 
     </span>
     <span class='ocr_line' id='line_1_69' title="bbox 1006 2253 1883 2307; baseline -0.005 -13"><span class='ocrx_word' id='word_1_534' title='bbox 1006 2255 1109 2294; x_wconf 85' lang='lat' dir='ltr'>Mss.</span> <span class='ocrx_word' id='word_1_535' title='bbox 1126 2256 1284 2307; x_wconf 85' lang='lat' dir='ltr'>legitur,</span> <span class='ocrx_word' id='word_1_536' title='bbox 1309 2256 1539 2294; x_wconf 87' lang='lat' dir='ltr'>auctoritate</span> <span class='ocrx_word' id='word_1_537' title='bbox 1559 2254 1646 2294; x_wconf 91' lang='lat' dir='ltr'>cod.</span> <span class='ocrx_word' id='word_1_538' title='bbox 1662 2254 1706 2293; x_wconf 91' lang='lat' dir='ltr'>F.</span> <span class='ocrx_word' id='word_1_539' title='bbox 1721 2258 1758 2295; x_wconf 87' lang='lat'>3.</span> <span class='ocrx_word' id='word_1_540' title='bbox 1772 2253 1883 2298; x_wconf 89' lang='lat' dir='ltr'>eieci,</span> 
     </span>
     <span class='ocr_line' id='line_1_70' title="bbox 1006 2311 1881 2364; baseline -0.005 -13"><span class='ocrx_word' id='word_1_541' title='bbox 1006 2312 1236 2364; x_wconf 85' lang='lat' dir='ltr'>particulam</span> <span class='ocrx_word' id='word_1_542' title='bbox 1260 2325 1311 2350; x_wconf 86' lang='lat' dir='ltr'>ex</span> <span class='ocrx_word' id='word_1_543' title='bbox 1329 2311 1574 2364; x_wconf 86' lang='lat' dir='ltr'>glossemate</span> <span class='ocrx_word' id='word_1_544' title='bbox 1593 2311 1766 2352; x_wconf 87' lang='lat' dir='ltr'>additam</span> <span class='ocrx_word' id='word_1_545' title='bbox 1787 2322 1881 2348; x_wconf 87' lang='lat' dir='ltr'>esse</span> 
     </span>
     <span class='ocr_line' id='line_1_71' title="bbox 1014 2367 1883 2420; baseline -0.005 -13"><span class='ocrx_word' id='word_1_546' title='bbox 1014 2369 1251 2407; x_wconf 86' lang='lat' dir='ltr'>librariorum</span> <span class='ocrx_word' id='word_1_547' title='bbox 1264 2372 1386 2415; x_wconf 86' lang='lat' dir='ltr'>ratus,</span> <span class='ocrx_word' id='word_1_548' title='bbox 1398 2370 1462 2420; x_wconf 86' lang='lat' dir='ltr'>qui</span> <span class='ocrx_word' id='word_1_549' title='bbox 1477 2368 1771 2407; x_wconf 82' lang='lat' dir='ltr'>enunciationes</span> <span class='ocrx_word' id='word_1_550' title='bbox 1785 2367 1883 2405; x_wconf 88' lang='lat' dir='ltr'>inter</span> 
     </span>
     <span class='ocr_line' id='line_1_72' title="bbox 1011 2425 1883 2478; baseline -0.005 -14"><span class='ocrx_word' id='word_1_551' title='bbox 1011 2439 1058 2464; x_wconf 89' lang='lat' dir='ltr'>se</span> <span class='ocrx_word' id='word_1_552' title='bbox 1072 2426 1364 2477; x_wconf 87' lang='lat' dir='ltr'>coniungendas</span> <span class='ocrx_word' id='word_1_553' title='bbox 1378 2439 1474 2464; x_wconf 85' lang='lat' dir='ltr'>esse</span> <span class='ocrx_word' id='word_1_554' title='bbox 1487 2425 1755 2478; x_wconf 85' lang='lat' dir='ltr'>opinabantur,</span> <span class='ocrx_word' id='word_1_555' title='bbox 1766 2435 1883 2474; x_wconf 90' lang='lat' dir='ltr'>quos-</span> 
     </span>
     <span class='ocr_line' id='line_1_73' title="bbox 1012 2478 1883 2534; baseline -0.006 -13"><span class='ocrx_word' id='word_1_556' title='bbox 1012 2495 1089 2532; x_wconf 88' lang='lat' dir='ltr'>que</span> <span class='ocrx_word' id='word_1_557' title='bbox 1106 2482 1321 2534; x_wconf 87' lang='lat' dir='ltr'>particulae</span> <span class='ocrx_word' id='word_1_558' title='bbox 1340 2482 1521 2520; x_wconf 82' lang='lat' dir='ltr'>defectus</span> <span class='ocrx_word' id='word_1_559' title='bbox 1540 2481 1813 2521; x_wconf 78' lang='lat' dir='ltr'>adversativae</span> <span class='ocrx_word' id='word_1_560' title='bbox 1827 2478 1883 2516; x_wconf 82' lang='lat' dir='ltr'>of-</span> 
     </span>
     <span class='ocr_line' id='line_1_74' title="bbox 1011 2537 1883 2588; baseline -0.006 -11"><span class='ocrx_word' id='word_1_561' title='bbox 1011 2538 1208 2578; x_wconf 76' lang='lat' dir='ltr'>fendebat.</span> <span class='ocrx_word' id='word_1_562' title='bbox 1229 2539 1309 2577; x_wconf 63' lang='lat' dir='ltr'>vix</span> <span class='ocrx_word' id='word_1_563' title='bbox 1322 2539 1425 2577; x_wconf 87' lang='lat' dir='ltr'>enim</span> <span class='ocrx_word' id='word_1_564' title='bbox 1438 2539 1550 2578; x_wconf 89' lang='lat' dir='ltr'>aliter</span> <span class='ocrx_word' id='word_1_565' title='bbox 1562 2537 1723 2588; x_wconf 81' lang='lat' dir='ltr'>intelligi</span> <span class='ocrx_word' id='word_1_566' title='bbox 1738 2538 1883 2587; x_wconf 89' lang='lat' dir='ltr'>potest,</span> 
     </span>
     <span class='ocr_line' id='line_1_75' title="bbox 1010 2592 1886 2646; baseline -0.007 -12"><span class='ocrx_word' id='word_1_567' title='bbox 1010 2595 1206 2646; x_wconf 81' lang='lat' dir='ltr'>quomodo</span> <span class='ocrx_word' id='word_1_568' title='bbox 1226 2595 1339 2634; x_wconf 90' lang='lat' dir='ltr'>codd.</span> <span class='ocrx_word' id='word_1_569' title='bbox 1361 2595 1459 2633; x_wconf 90' lang='lat' dir='ltr'>inter</span> <span class='ocrx_word' id='word_1_570' title='bbox 1474 2596 1546 2634; x_wconf 84' lang='lat' dir='ltr'>sed</span> <span class='ocrx_word' id='word_1_571' title='bbox 1566 2598 1605 2633; x_wconf 76' lang='lat' dir='ltr'>et</span> <span class='ocrx_word' id='word_1_572' title='bbox 1624 2607 1718 2632; x_wconf 81' lang='lat' dir='ltr'>vero</span> <span class='ocrx_word' id='word_1_573' title='bbox 1738 2592 1886 2630; x_wconf 88' lang='lat' dir='ltr'>variare</span> 
     </span>
     <span class='ocr_line' id='line_1_76' title="bbox 1011 2648 1886 2703; baseline -0.006 -13"><span class='ocrx_word' id='word_1_574' title='bbox 1011 2653 1178 2703; x_wconf 89' lang='lat' dir='ltr'>possint.</span> <span class='ocrx_word' id='word_1_575' title='bbox 1204 2651 1326 2690; x_wconf 88' lang='lat' dir='ltr'>Plura</span> <span class='ocrx_word' id='word_1_576' title='bbox 1338 2651 1522 2702; x_wconf 82' lang='lat' dir='ltr'>exempla</span> <span class='ocrx_word' id='word_1_577' title='bbox 1536 2651 1651 2690; x_wconf 85' lang='lat' dir='ltr'>huius</span> <span class='ocrx_word' id='word_1_578' title='bbox 1661 2648 1886 2688; x_wconf 87' lang='lat' dir='ltr'>omissionis</span> 
     </span>
     <span class='ocr_line' id='line_1_77' title="bbox 1011 2703 1887 2761; baseline -0.007 -14"><span class='ocrx_word' id='word_1_579' title='bbox 1011 2708 1114 2747; x_wconf 89' lang='lat' dir='ltr'>dabo</span> <span class='ocrx_word' id='word_1_580' title='bbox 1140 2708 1239 2747; x_wconf 79' lang='lat' dir='ltr'>infra</span> <span class='ocrx_word' id='word_1_581' title='bbox 1261 2721 1298 2760; x_wconf 91' lang='lat' dir='ltr'>p.</span> <span class='ocrx_word' id='word_1_582' title='bbox 1325 2712 1419 2749; x_wconf 86' lang='lat'><strong>532.</strong></span> <span class='ocrx_word' id='word_1_583' title='bbox 1447 2708 1647 2761; x_wconf 78' lang='lat' dir='ltr'>Alioquin</span> <span class='ocrx_word' id='word_1_584' title='bbox 1672 2718 1758 2744; x_wconf 91' lang='lat' dir='ltr'>cum</span> <span class='ocrx_word' id='word_1_585' title='bbox 1783 2703 1887 2742; x_wconf 85' lang='lat' dir='ltr'><strong>Oud.</strong></span> 
     </span>
     <span class='ocr_line' id='line_1_78' title="bbox 1010 2760 1889 2813; baseline -0.006 -10"><span class='ocrx_word' id='word_1_586' title='bbox 1010 2765 1166 2812; x_wconf 87' lang='lat' dir='ltr'>retinui,</span> <span class='ocrx_word' id='word_1_587' title='bbox 1197 2766 1306 2804; x_wconf 85' lang='lat' dir='ltr'>euius</span> <span class='ocrx_word' id='word_1_588' title='bbox 1337 2765 1572 2803; x_wconf 83' lang='lat' dir='ltr'>sententiam</span> <span class='ocrx_word' id='word_1_589' title='bbox 1597 2762 1723 2801; x_wconf 84' lang='lat' dir='ltr'>fusius</span> <span class='ocrx_word' id='word_1_590' title='bbox 1748 2760 1889 2813; x_wconf 87' lang='lat' dir='ltr'>probat</span> 
     </span>
     <span class='ocr_line' id='line_1_79' title="bbox 1011 2819 1889 2871; baseline -0.008 -11"><span class='ocrx_word' id='word_1_591' title='bbox 1011 2820 1140 2860; x_wconf 87' lang='lat' dir='ltr'>Hand.</span> <span class='ocrx_word' id='word_1_592' title='bbox 1178 2820 1348 2861; x_wconf 79' lang='lat' dir='ltr'>Turseli.</span> <span class='ocrx_word' id='word_1_593' title='bbox 1387 2819 1434 2860; x_wconf 88' lang='lat' dir='ltr'><strong>T.</strong></span> <span class='ocrx_word' id='word_1_594' title='bbox 1469 2819 1514 2858; x_wconf 90' lang='lat'>11.</span> <span class='ocrx_word' id='word_1_595' title='bbox 1551 2833 1592 2871; x_wconf 88' lang='lat' dir='ltr'><strong>p.</strong></span> <span class='ocrx_word' id='word_1_596' title='bbox 1621 2822 1736 2863; x_wconf 74' lang='grc'><strong>238..</strong></span> <span class='ocrx_word' id='word_1_597' title='bbox 1772 2829 1889 2867; x_wconf 92' lang='lat' dir='ltr'>quum</span> 
     </span>
     <span class='ocr_line' id='line_1_80' title="bbox 1011 2873 1889 2929; baseline -0.008 -12"><span class='ocrx_word' id='word_1_598' title='bbox 1011 2878 1206 2929; x_wconf 88' lang='lat' dir='ltr'>Apuleius</span> <span class='ocrx_word' id='word_1_599' title='bbox 1236 2878 1324 2917; x_wconf 86' lang='lat' dir='ltr'>voci</span> <span class='ocrx_word' id='word_1_600' title='bbox 1354 2878 1546 2929; x_wconf 79' lang='lat' dir='ltr'>alioquin</span> <span class='ocrx_word' id='word_1_601' title='bbox 1574 2875 1705 2914; x_wconf 88' lang='lat' dir='ltr'>soleat</span> <span class='ocrx_word' id='word_1_602' title='bbox 1734 2873 1889 2912; x_wconf 86' lang='lat' dir='ltr'>subiun-</span> 
     </span>
     <span class='ocr_line' id='line_1_81' title="bbox 1016 2934 1892 2986; baseline -0.008 -13"><span class='ocrx_word' id='word_1_603' title='bbox 1016 2947 1112 2986; x_wconf 85' lang='lat' dir='ltr'>gere</span> <span class='ocrx_word' id='word_1_604' title='bbox 1151 2935 1314 2986; x_wconf 89' lang='lat' dir='ltr'>saepius</span> <span class='ocrx_word' id='word_1_605' title='bbox 1355 2934 1587 2972; x_wconf 89' lang='lat' dir='ltr'>adiectivum</span> <span class='ocrx_word' id='word_1_606' title='bbox 1627 2941 1892 2982; x_wconf 88' lang='lat' dir='ltr'>synonymum</span> 
     </span>
     <span class='ocr_line' id='line_1_82' title="bbox 1017 2986 1893 3043; baseline -0.009 -13"><span class='ocrx_word' id='word_1_607' title='bbox 1017 3004 1104 3029; x_wconf 89' lang='lat' dir='ltr'>cum</span> <span class='ocrx_word' id='word_1_608' title='bbox 1130 2991 1285 3043; x_wconf 89' lang='lat' dir='ltr'>copula.</span> <span class='ocrx_word' id='word_1_609' title='bbox 1333 2989 1532 3041; x_wconf 87' lang='lat' dir='ltr'>Exempla</span> <span class='ocrx_word' id='word_1_610' title='bbox 1560 2988 1719 3040; x_wconf 91' lang='lat' dir='ltr'>Apuleii</span> <span class='ocrx_word' id='word_1_611' title='bbox 1743 2986 1893 3025; x_wconf 88' lang='lat' dir='ltr'>haecce</span> 
     </span>
     <span class='ocr_line' id='line_1_83' title="bbox 1015 3041 1893 3098; baseline -0.007 -13"><span class='ocrx_word' id='word_1_612' title='bbox 1015 3047 1161 3086; x_wconf 90' lang='lat' dir='ltr'>inveni:</span> <span class='ocrx_word' id='word_1_613' title='bbox 1187 3047 1287 3086; x_wconf 91' lang='lat' dir='ltr'>Met.</span> <span class='ocrx_word' id='word_1_614' title='bbox 1305 3046 1332 3085; x_wconf 92' lang='lat' dir='ltr'>I.</span> <span class='ocrx_word' id='word_1_615' title='bbox 1351 3060 1391 3098; x_wconf 91' lang='lat' dir='ltr'>p.</span> <span class='ocrx_word' id='word_1_616' title='bbox 1410 3050 1477 3086; x_wconf 78' lang='lat'>44.</span> <span class='ocrx_word' id='word_1_617' title='bbox 1501 3044 1748 3098; x_wconf 71' lang='lat' dir='ltr'>yrabatzclus</span> <span class='ocrx_word' id='word_1_618' title='bbox 1771 3041 1893 3082; x_wconf 84' lang='lat' dir='ltr'>alio-</span> 
     </span>
     <span class='ocr_line' id='line_1_84' title="bbox 1017 3098 1893 3156; baseline -0.008 -13"><span class='ocrx_word' id='word_1_619' title='bbox 1017 3105 1102 3156; x_wconf 80' lang='lat' dir='ltr'>qui</span> <span class='ocrx_word' id='word_1_620' title='bbox 1140 3104 1369 3144; x_wconf 75' lang='lat' dir='ltr'>breviculus</span> <span class='ocrx_word' id='word_1_621' title='bbox 1399 3107 1440 3142; x_wconf 85' lang='lat' dir='ltr'>et</span> <span class='ocrx_word' id='word_1_622' title='bbox 1466 3115 1550 3142; x_wconf 84' lang='lat' dir='ltr'>uno</span> <span class='ocrx_word' id='word_1_623' title='bbox 1575 3102 1688 3153; x_wconf 79' lang='lat' dir='ltr'>pede</span> <span class='ocrx_word' id='word_1_624' title='bbox 1715 3098 1893 3139; x_wconf 80' lang='lat' dir='ltr'>mutilus.</span> 
     </span>
     <span class='ocr_line' id='line_1_85' title="bbox 1016 3154 1895 3212; baseline -0.006 -14"><span class='ocrx_word' id='word_1_625' title='bbox 1016 3173 1054 3211; x_wconf 89' lang='lat' dir='ltr'>p.</span> <span class='ocrx_word' id='word_1_626' title='bbox 1081 3164 1146 3202; x_wconf 87' lang='grc'><strong>56.</strong></span> <span class='ocrx_word' id='word_1_627' title='bbox 1166 3161 1306 3212; x_wconf 79' lang='lat' dir='ltr'>putris</span> <span class='ocrx_word' id='word_1_628' title='bbox 1330 3159 1563 3211; x_wconf 81' lang='lat' dir='ltr'>alioquin</span> <span class='ocrx_word' id='word_1_629' title='bbox 1587 3162 1628 3197; x_wconf 81' lang='lat' dir='ltr'>et</span> <span class='ocrx_word' id='word_1_630' title='bbox 1649 3162 1758 3197; x_wconf 83' lang='lat' dir='ltr'>vetus</span> <span class='ocrx_word' id='word_1_631' title='bbox 1779 3154 1895 3208; x_wconf 75' lang='lat' dir='ltr'>funis</span> 
     </span>
    </p>
   </div>
  </div>
 </body>
</html>
