2155 3590
687 156 875 197 IABER
902 156 1021 196 vni.
1083 132 1210 195 cAP}
1250 155 1297 194 v.

1807 156 1889 197 ‹5:25›

93 273 255 328 poplites
269 273 408 312 lancea
427 269 575 311 feriens
596 277 784 324 amputat.
811 267 1044 322 Quadrupes
1059 267 1256 317 recidens,
1283 279 1358 319 qua
1373 267 1537 321 sanguis
1552 267 1778 322 effluxerat,
1807 278 1889 311 toto

92 338 204 384 tergo
231 328 434 383 supinatus
472 326 621 367 invitus
647 326 845 366 dominum
883 339 995 365 suum
1027 323 1201 365 devolvit
1224 323 1271 363 ad
1297 330 1460 363 terrain.
1511 323 1598 365 Nec
1624 325 1709 378 diu,
1737 334 1778 367 et
1802 341 1887 368 eum

89 466 283 504 amputat-il
302 468 337 496 G.
359 468 388 496 1.
409 467 439 494 ἱ).
459 466 494 494 0.
514 466 551 494 L.
571 462 600 494 δ.
622 465 644 493 s.
681 467 892 501 amputatum
906 466 945 494 D.
993 461 1165 491 reccoe‘dens
1183 463 1219 492 F.
1233 464 1264 491 3.
1300 459 1450 490 residens
1465 472 1497 496 ᾳ.
1512 460 1541 492 ὃ.
1555 464 1660 494 Scriv.
1673 464 1794 496 Florid.
1808 468 1891 496 Elin.

90 515 176 542 Idem
190 513 254 548 legi
268 512 300 540 in
314 513 349 541 B.
364 511 458 539 testis
472 514 519 539 es!
533 512 616 539 Elm.
627 532 634 546 ‚
650 510 704 544 qui
719 514 826 539 tamen
840 513 934 538 errat.
960 509 1052 537 Certe
1067 509 1099 537 in
1119 510 1191 537 coll.
1207 508 1363 536 Modiana
1376 508 1458 536 nihil
1473 509 1655 543 corrigitur.
1692 509 1891 550 affinxerat

90 560 127 587 D.
177 560 249 585 toto
265 560 358 593 let-gn
373 564 436 584 nou
451 556 570 591 legitur
583 556 617 584 in
632 556 667 583 G.
686 556 713 583 1.
727 557 758 583 2.
773 557 811 583 D.
858 554 986 581 iaz-itus
1000 556 1091 583 abest
1105 561 1126 582 a
1139 556 1175 582 G.
1193 553 1221 581 1.
1235 555 1266 582 2.
1280 554 1316 581 P.
1332 552 1367 581 Ο.
1380 554 1419 580 D.
1432 561 1468 582 π.
1484 554 1562 582 coll.
1577 555 1673 584 Voss.
1688 560 1784 590 alque
1798 558 1893 585 uncis

90 602 343 636 circumscripsit
358 601 498 629 Scriver.
546 598 616 627 Nec
628 598 684 627 din
698 598 757 627 sed
767 599 974 638 eumfurens
989 606 1073 635 aper
1084 596 1218 626 invadit
1230 599 1266 627 F.
1280 599 1311 626 3.
1347 603 1407 624 nec
1427 596 1482 625 da'n
1502 601 1616 627 exulat
1630 606 1651 628 a
1664 603 1699 629 G.
1716 603 1744 629 1.
1760 604 1789 630 2.
1803 604 1837 630 Ρ.
1853 605 1892 631 l).

91 649 126 677 0.
140 649 176 676 L.
191 649 230 676 R.
248 647 268 675 f.
276 644 306 675 δ’.
318 648 446 682 *Incerh
461 646 550 674 Colv.
564 646 658 674 Vulc.
674 647 706 673 Μ
711 653 773 674 erc.
787 647 898 673 xvow.
913 644 998 672 Prie.
1028 652 1089 671 nec
1101 642 1158 671 de'u‘
1172 641 1303 671 scilicet
1314 651 1453 679 eumque
1467 644 1684 682 afim-furens
1698 647 1733 674 Β.
1758 655 1818 674 uec
1837 645 1892 674 diu

90 691 150 722 sed
160 700 233 720 eum
247 691 464 730 aper-furens
481 689 616 718 invadit
632 691 668 719 F.
685 692 713 718 1.
727 699 758 725 p.
778 693 859 718 teste
876 691 960 718 Elm.
974 689 1123 723 idemque
1135 689 1171 717 in
1183 688 1346 723 excerptis
1359 695 1460 724 marg.
1475 689 1525 718 ed.
1539 689 1629 718 Colv.
1644 691 1713 719 edd.
1729 695 1805 720 vett.
1819 696 1894 721 ante

90 739 179 768 Colv.

226 745 287 765 nec
300 735 356 764 diu
370 739 403 764 et
416 735 625 774 eumfurens
637 743 722 772 uper
732 733 866 762 invadit
880 735 915 763 F.
931 735 960 763 1.
975 737 1057 763 teste
1069 734 1163 762 Lind.
1201 736 1238 761 at
1253 738 1326 761 enm
1340 735 1376 762 G.
1393 735 1422 762 1.
1435 735 1466 763 ,2.
1480 735 1518 763 L.
1531 735 1568 763 P.
1582 735 1621 763 D.
1634 736 1674 764 R.
1688 735 1709 764 f.
1724 733 1753 764 δ.
1778 739 1893 765 Incert.

88 791 131 811 ac
143 791 216 811 eum
229 784 270 812 D.
294 785 333 810 at
346 782 431 810 enim
445 782 536 811 Colv.
549 782 644 810 Vulc.
660 780 689 810 1.
703 781 815 809 R’ow.
828 780 913 809 Prie.
938 786 1014 807 ecce
1026 786 1099 807 eum
1112 780 1209 808 Vulc.
1222 780 1256 808 2.
1281 786 1341 806 nec
1354 777 1410 807 diu
1423 780 1459 806 et
1460 778 1591 819 furens
1604 787 1690 817 aper
1707 787 1781 809 eum
1793 782 1892 810 inva-

90 906 164 932 non
190 895 336 944 potest.
361 891 409 931 cf.
435 891 485 929 de
508 890 584 930 hac
607 889 732 929 forma
755 888 891 928 Eckst.
912 887 964 926 ad

89 949 213 987 Voss.
237 948 359 987 Arist.
379 947 484 986 T.11.
511 961 547 998 p.
563 951 659 988 832.
684 947 750 986 De
772 945 964 996 temporis

89 1005 301 1043 variatione
326 1005 488 1055 saepius
514 1003 657 1042 dictum
681 1007 745 1041 est
769 1002 819 1043 cs.
844 1014 964 1053 supra

91 1075 130 1114 p.
156 1064 250 1102 516.
274 1062 491 1114 interficit.-
515 1059 769 1112 lransabiit]
824 1074 826 1076 ·

148 1119 222 1158 sed
258 1118 363 1170 equi.
438 1115 610 1168 Captans
658 1114 959 1168 paronomasian

90 1174 280 1213 Pricaeus
304 1172 457 1218 mallet,
481 1173 516 1211 si
540 1172 605 1210 vel
630 1186 730 1210 unus
751 1171 878 1210 codex
897 1169 962 1208 ad-

92 1231 255 1276 diceret,
274 1232 394 1280 ferae
408 1229 570 1281 quidem
580 1229 771 1280 pepercit
783 1227 856 1266 sed
864 1225 963 1276 feri.

90 1287 239 1324 Verum
264 1299 314 1323 ea
337 1285 401 1324 hic
424 1285 501 1322 loci
520 1284 633 1323 nimis
653 1283 836 1333 ambigua
854 1282 964 1320 soret.

90 1342 192 1380 Nam
214 1344 331 1393 ferus
361 1341 519 1391 quidem
543 1340 726 1378 absolute
756 1337 965 1388 aliquoties

92 1404 251 1437 vocatur
275 1411 417 1450 equus,
447 1395 552 1447 unde
580 1396 760 1448 semiferi
790 1395 964 1433 dicuntur

94 1454 287 1495 Centauri
309 1452 538 1492 Arnob.1V.
553 1466 584 1491 c.
599 1456 664 1492 26.
679 1452 859 1490 induisse
874 1451 963 1501 for-

91 1524 194 1550 mam
226 1511 328 1561 feri
366 1515 406 1548 et
439 1508 714 1548 hinnitibus
749 1507 964 1546 evolat-isse

90 1568 266 1606 iactatis.
305 1565 440 1604 Heius.
470 1564 522 1603 ad
546 1564 661 1604 Ovid.
692 1562 871 1602 Metvl.
899 1566 963 1603 77.

92 1624 239 1662 verum
263 1623 381 1661 etiam
406 1621 570 1673 quaevis
591 1624 728 1674 ferae,
753 1624 794 1658 ut
812 1629 965 1663 cervus,

92 1680 172 1725 leo,
206 1683 294 1718 cett.
330 1678 577 1730 appellantur
604 1678 700 1728 feri.
751 1676 799 1716 cs.
822 1675 960 1715 Heius.

91 1736 140 1774 ad
166 1735 282 1774 ovid.
295 1735 456 1774 Hei-oid.
470 1733 539 1774 IX.
558 1739 649 1774 114.
675 1732 891 1771 Comment.
913 1731 963 1770 ad

91 1791 260 1830 Phaedr.
286 1791 384 1830 Fab.
408 1790 438 1830 I.
467 1794 529 1831 13.
556 1794 592 1832 9.
619 1794 658 1828 et
683 1794 747 1830 22.
774 1794 810 1830 8.
842 1788 963 1827 Immo

91 1850 179 1900 ipse
209 1861 305 1899 aper
335 1847 490 1886 nomine
517 1848 602 1897 feri
626 1847 762 1884 crebro
789 1845 965 1890 occurrit,

93 1905 324 1943 docentibus
354 1904 394 1942 id
418 1903 556 1942 Heius.
581 1903 632 1942 ad
650 1902 768 1941 Ovid.
789 1902 886 1941 Met.
900 1899 965 1939 lli.

92 1965 185 2002 224.
206 1960 310 1999 Vlll.
324 1964 417 2001 335.
433 1964 525 2000 422.
550 1959 637 1998 lntt.
651 1959 702 1997 ad
714 1958 883 1997 Phaedr.
897 1956 965 1995 IV.

93 2021 129 2058 3.
156 2017 297 2070 [Miror
311 2017 493 2067 equidem
506 2015 877 2059 Oud.sententiam,
903 2013 966 2064 qui

93 2078 252 2125 propter
276 2072 353 2112 loci
371 2072 664 2123 ambiguitatem
675 2072 761 2122 feri
774 2071 967 2109 coniectu-

95 2143 177 2168 ram
212 2129 369 2169 refutat.
416 2128 529 2174 Quae
565 2128 667 2166 enim
697 2128 776 2166 ista
800 2131 865 2165 est
888 2139 967 2164 am-

94 2186 274 2237 biguitaS‚
293 2198 411 2237 quum
424 2188 628 2235 sequatur:
656 2197 737 2236 quo
751 2183 969 2222 vellebatur

94 2243 359 2294 Tlepolemus
382 2246 423 2279 et
445 2240 674 2292 praecedat:
703 2240 758 2279 At
781 2239 968 2293 Thrasyl-

97 2299 160 2338 lus
175 2300 294 2349 ferae
309 2299 517 2350 pepercit,
541 2297 645 2335 unde
669 2296 880 2347 colligitur,
904 2309 969 2334 no·

96 2355 199 2394 mine
213 2356 318 2405 feri,
341 2354 376 2392 si
389 2355 553 2406 probum
570 2357 699 2399 esset,
724 2366 870 2405 eqmtm
888 2355 970 2390 tan-

94 2411 296 2450 tummodo
327 2410 490 2461 intelligi
519 2411 711 2461 potuisse.
766 2407 850 2446 Sed
879 2408 971 2459 quia

98 2480 236 2506 omnes
266 2467 379 2505 codd.
409 2466 683 2511 adversantur,
713 2464 827 2503 istius
852 2477 969 2515 quem

95 2527 234 2576 putant
258 2523 444 2562 orationis
468 2522 620 2561 flosculi
644 2525 868 2572 captatores
892 2531 969 2559 non

97 2579 281 2619 audiendi
305 2583 406 2618 sunt.
443 2579 507 2618 De
531 2592 631 2617 voce
654 2579 770 2628 ferus
800 2576 847 2616 cf.
867 2575 970 2615 Non.

97 2651 134 2689 p.
156 2640 255 2678 307.
298 2636 412 2675 Serv.
435 2635 486 2674 ad
510 2635 612 2674 Aen.
637 2633 682 2672 Il.
709 2638 775 2674 51.
803 2633 852 2672 V.
877 2637 971 2674 818.

97 2691 184 2731 Vll.
209 2696 324 2738 489„
352 2693 420 2731 ubi
452 2705 606 2730 cervum
631 2690 823 2741 significat
845 2688 970 2728 Livin.

102 2749 153 2787 ad
167 2748 266 2788 Naz.
279 2747 479 2800 Panegyr.
493 2747 648 2787 XXlX.
665 2761 705 2798 p.
729 2750 793 2786 79.
819 2745 908 2784 Vol.
923 2745 969 2785 li.

102 2805 327 2856 ed.1aeger.
353 2805 437 2843 lntt.
448 2805 498 2844 ad
512 2805 663 2843 Auson.
678 2802 805 2853 Epist.
818 2800 969 2841 XXIV.

105 2866 167 2902 17.
203 2861 280 2900 Hic
305 2865 421 2914 ferus
446 2875 516 2913 pro
543 2874 669 2913 equus
700 2859 787 2897 ferri
819 2862 969 2909 potest3

103 2917 211 2969 quod
230 2918 449 2956 accuratius
469 2932 543 2956 non
558 2917 688 2955 solum
704 2929 754 2953 ex
767 2928 974 2967 praegres-

103 2974 180 3020 sis,
206 2974 279 3012 sed
295 2975 413 3012 etiam
433 2974 709 3019 additamento,
725 2971 853 3022 qualis
867 2971 974 3010 serus

102 3032 171 3076 sit,
192 3031 428 3082 intelligitur.
466 3030 628 3068 Priores
646 3029 747 3067 enim
761 3028 974 3079 scriptores

102 3087 141 3124 id
166 3087 351 3138 religiose
365 3088 591 3133 servabant,
617 3085 723 3137 quod
735 3084 845 3123 multi
863 3084 973 3123 inter-

103 3148 240 3194 pretes
253 3143 479 3195 neglexisse
492 3143 688 3188 videntur,
715 3154 764 3180 ex
783 3141 974 3192 prioribus

1023 887 1086 926 vel
1100 901 1150 926 ex
1163 891 1244 926 toto
1259 888 1538 927 sententiarum
1551 903 1656 928 nexu
1668 894 1706 929 et
1713 892 1844 930 verbis
1857 892 1895 930 id

1022 945 1152 995 colligi
1167 944 1326 985 debere.
1339 944 1462 996 quue
1475 946 1511 984 in
1526 946 1721 998 exemplis
1733 947 1894 987 aNonio

1021 1001 1184 1053 prolatis
1210 1005 1251 1040 et
1272 1002 1378 1052 apud
1394 1002 1596 1055 Virgilium
1621 1007 1662 1041 et
1678 1004 1894 1044 Arnobium

1023 1058 1243 1109 observavi.
1296 1057 1398 1096 Hinc
1433 1071 1562 1097 errare
1597 1059 1792 1108 videntur,
1830 1063 1894 1112 qui

1019 1114 1125 1165 apud
1138 1113 1429 1154 Ovid.Met.VI.
1445 1116 1510 1155 77.
1522 1116 1659 1166 ferum
1672 1116 1896 1164 defendant,

1021 1183 1070 1209 ne
1106 1174 1237 1208 cetera
1272 1175 1501 1221 argumenta
1535 1172 1750 1223 proferam,
1793 1187 1896 1226 quae

1021 1226 1112 1265 huic
1137 1226 1292 1263 lectioni
1325 1227 1590 1266 adversantur.
1617 1228 1765 1268 Unicus
1780 1244 1895 1281 quem

1023 1282 1152 1320 afferri
1183 1282 1275 1320 licet
1303 1282 1435 1328 locus,
1466 1284 1530 1321 ubi
1561 1284 1691 1324 minus
1716 1286 1821 1325 clare
1846 1287 1897 1325 de

1024 1351 1127 1390 equo
1159 1338 1234 1377 dici
1263 1339 1448 1385 vidimus,
1480 1352 1717 1392 quamquam
1748 1342 1812 1381 hic
1847 1343 1897 1382 de

1021 1408 1152 1446 pugna
1164 1408 1295 1433 sermo
1310 1398 1389 1441 est,
1414 1395 1450 1432 in
1465 1409 1542 1446 qua
1555 1398 1668 1448 equis
1682 1399 1898 1445 utebantur,

1023 1454 1087 1489 est
1126 1450 1226 1490 Naz.
1269 1449 1466 1502 Panegyr.
1510 1452 1570 1491 cit.
1630 1453 1732 1492 Hinc
1765 1460 1900 1508 potest

1022 1506 1203 1558 intelligi,
1231 1520 1345 1557 quam
1359 1508 1464 1546 male
1478 1512 1570 1559 agat
1585 1509 1766 1558 Servius,
1799 1513 1863 1563 qui
1877 1526 1901 1550 a

1023 1563 1199 1602 feriendo
1209 1564 1400 1602 vocabulo
1406 1568 1523 1617 ferus
1530 1567 1683 1617 repetit,
1691 1571 1731 1606 et
1742 1569 1900 1606 semise-

1023 1634 1091 1659 ros
1117 1619 1335 1658 Centauros
1348 1621 1438 1659 ideo
1453 1622 1678 1672 appellatos
1698 1637 1793 1662 esse
1812 1638 1899 1664 cen-

1019 1677 1209 1727 set,quod
1224 1677 1422 1716 dimidium
1436 1692 1578 1730 corpus
1592 1680 1774 1730 equinum
1787 1682 1899 1734 erat]

1078 1733 1276 1773 recidens.
1325 1734 1537 1785 Scioppius
1561 1736 1666 1774 male
1690 1738 1830 1789 probat
1847 1738 1901 1777 le-

1022 1790 1190 1829 ctionem
1221 1791 1421 1836 residens,
1454 1804 1570 1842 quam
1603 1791 1789 1832 Floridus
1814 1807 1901 1833 cum

1024 1846 1218 1884 Scriverio
1234 1847 1268 1884 in
1283 1850 1438 1885 textum
1450 1849 1612 1899 recepit.
1638 1848 1793 1900 Ubique
1808 1864 1901 1889 vero

1023 1903 1202 1941 residere
1226 1907 1433 1954 usurpatur
1457 1903 1507 1941 de
1532 1904 1688 1956 placida
1706 1909 1901 1946 sessione.

1025 1958 1074 1997 cs.
1102 1958 1199 1997 Met.
1225 1958 1253 1996 Ι.
1278 1972 1316 2010 p.
1345 1963 1409 2000 60.
1442 1961 1564 2000 iuxta
1590 1961 1812 2014 platanum
1837 1977 1902 2004 re-

1025 2015 1253 2055 sidamus.
1284 2029 1322 2067 p.
1349 2019 1416 2056 49.
1447 2031 1571 2068 super
1598 2020 1753 2070 faciem
1776 2035 1903 2060 meam

1025 2071 1307 2110 residentes.
1344 2072 1420 2110 Hic
1440 2076 1568 2111 autem
1585 2075 1710 2126 agitur
1723 2075 1774 2113 de
1788 2077 1904 2129 lapsu

1023 2127 1260 2165 vehementi.
1322 2127 1499 2180 [Equum
1541 2131 1660 2177 enim,
1711 2133 1775 2183 qui
1817 2134 1904 2171 sine

1027 2183 1143 2223 dubio
1158 2185 1239 2234 apri
1253 2184 1445 2235 adspectu
1459 2186 1629 2237 pedibus
1646 2190 1904 2232 anterioribus

1025 2240 1063 2278 in
1088 2240 1209 2278 altum
1234 2254 1281 2278 se
1306 2246 1502 2289 erexerat,
1533 2245 1748 2294 postremis
1778 2246 1904 2299 popli-

1025 2297 1131 2335 tibus
1156 2296 1345 2336 dissectis
1363 2312 1549 2338 corruens
1568 2304 1650 2339 toto
1670 2305 1779 2353 tergo
1800 2303 1905 2354 supi-

1027 2356 1142 2392 natus
1167 2357 1240 2391 est.
1290 2353 1422 2400 Quare
1436 2355 1610 2407 improbo
1625 2356 1728 2396 oud.
1749 2363 1905 2397 senten-

1027 2410 1139 2456 tiam,
1166 2410 1231 2460 qui
1255 2411 1444 2451 recidens
1467 2412 1532 2450 hic
1555 2426 1624 2464 pro
1650 2414 1818 2466 simplici
1839 2430 1903 2455 ca-

1029 2466 1129 2505 dens
1153 2466 1298 2505 dictum
1324 2481 1419 2506 esse
1443 2473 1619 2509 autumat
1642 2471 1731 2510 coll.
1758 2471 1854 2510 Met.
1876 2471 1904 2510 l.

1029 2535 1066 2573 p.
1093 2526 1178 2567 44..
1209 2523 1274 2561 ubi
1297 2525 1580 2564 sententiarum
1606 2540 1807 2565 connexus
1831 2541 1906 2567 sua

1027 2578 1310 2629 significatione
1335 2580 1399 2619 hic
1428 2594 1585 2632 quoque
1617 2596 1703 2622 voc.
1734 2585 1905 2634 positu-m

1030 2647 1125 2673 esse
1149 2635 1300 2686 probat.
1350 2635 1488 2688 Equus
1514 2639 1616 2677 enim
1642 2644 1797 2678 erectus
1821 2644 1906 2678 tota

1029 2692 1206 2742 corporis
1246 2692 1353 2730 mole
1383 2695 1634 2746 resupinatus
1677 2697 1904 2742 recide-rat,

1029 2751 1069 2786 et
1089 2747 1287 2787 dominum
1312 2749 1470 2787 invitum
1495 2750 1755 2804 devolverat.]

1084 2817 1160 2843 nec
1172 2804 1246 2844 diu
1260 2809 1307 2843 et.
1333 2804 1594 2845 Plurimorum
1614 2807 1730 2847 codd.
1743 2809 1906 2847 auctori-

1025 2863 1148 2899 tatem
1184 2860 1411 2911 relinquens
1437 2862 1527 2900 dedi
1552 2868 1608 2909 et,
1646 2864 1750 2915 quod
1787 2878 1906 2916 quum

1032 2919 1168 2967 aperte
1192 2917 1228 2955 in
1245 2916 1417 2956 Florent.
1435 2924 1468 2958 1.
1490 2917 1659 2969 legatur,
1686 2921 1820 2972 optimi
1841 2935 1906 2961 co-

1033 2971 1132 3010 dicis
1157 2972 1233 3010 fide
1258 2973 1488 3014 defenditur.
1539 2975 1627 3015 Sed
1649 2977 1768 3024 enim,
1801 2978 1908 3029 quod

1025 3029 1154 3066 ceteri
1170 3029 1291 3069 codd.
1317 3031 1524 3081 praebent,
1549 3033 1613 3070 vix
1632 3037 1710 3078 est,
1737 3035 1801 3086 qui
1816 3048 1906 3086 pro-

1032 3085 1113 3122 bari
1140 3089 1275 3136 queat,
1302 3090 1407 3124 certe
1424 3088 1543 3126 'ieiuni
1570 3090 1662 3140 quid
1685 3094 1726 3128 et
1749 3092 1907 3131 molesti

1033 3140 1165 3181 habet.
1217 3141 1305 3181 Hoc
1350 3143 1618 3194 intelligentes
1653 3148 1908 3188 emendarunt
