2221 3667
348 145 430 188 784
582 144 630 184 L.
659 142 877 184 APULEII
906 141 1304 180 MADACRENSIS
1334 142 1874 184 METAMORPHOSEON

345 258 500 308 virosa,
539 256 716 306 ebriosa,
756 253 972 310 pervicax,
1012 252 1217 308 pertinax,
1260 252 1299 293 in
1337 253 1485 307 rapinis
1522 254 1697 309 turpibus
1734 269 1881 308 avara,
1919 255 1958 296 in
1995 253 2131 296 sunni-

346 385 474 414 viriosa
487 386 523 414 F.
538 386 568 414 3.
584 386 619 413 G.
637 386 665 413 1.
680 386 709 412 ⁴2.
723 385 761 413 D.
776 385 814 412 R.
830 383 850 412 f.
865 384 899 412 0.
914 383 949 411 P.
965 391 993 417 p.
1008 379 1037 410 ὃ.
1051 382 1122 410 edd.
1141 384 1216 411 vett.
1252 380 1419 410 iniuriosa
1437 383 1474 411 L.
1510 381 1661 419 iurgium
1676 392 1708 416 φ.
1746 382 1860 411 virosa
1880 385 1914 413 F.
1940 386 1966 413 l.
1986 385 2079 412 vulo.
2100 384 2131 411 ⁸2.

346 433 455 459 U'ow.
470 432 554 459 Prie.
581 431 672 458 Errat
688 437 761 458 vero
776 430 854 457 Oud.
865 450 872 463 ,
899 436 938 456 ex
954 429 987 456 B.
1009 427 1180 456 lectionem
1200 426 1316 454 virosa
1329 427 1495 463 excitans,
1520 434 1604 460 quae
1616 429 1688 456 sola
1700 428 1800 456 Medii
1820 432 1870 456 est
1882 430 2063 457 coniectura
2078 436 2133 462 pro

345 475 490 511 viriosa,
517 476 597 511 qnod
612 476 644 503 in
659 475 749 504 Colv.
764 475 811 502 ed.
826 473 961 509 legitur,
988 474 1028 502 ad
1043 472 1220 506 marginem
1241 472 1474 500 adscribentis:
1501 472 1582 501 sorte
1600 473 1726 501 virosa.

344 525 392 550 est
408 524 487 550 teste
501 521 614 549 naam.
659 527 754 554 quam
770 519 937 547 lectionem
950 518 1021 546 suis
1035 517 1198 552 excerptis
1216 517 1396 545 confirmari
1418 521 1512 552 negat
1525 518 1604 546 Oud.
1647 517 1817 553 perna-aa·
1836 518 1871 546 G.
1896 519 1925 546 1.

1140 562 1175 589 ia
1188 566 1264 591 ante
1277 560 1408 599 rapinis
1427 563 1516 591 deest
1537 563 1587 591 ed.
1607 563 1685 591 Bas.
1704 564 1731 592 1.

343 574 512 601 perperam
525 542 634 595 exulat
650 568 689 594 ab
705 565 773 594 edd.
788 565 897 592 xvow.
911 567 941 591 et
957 562 1094 592 Pricaei.

343 671 449 706 rant.
497 664 685 703 Pricaeus
717 663 767 700 de
797 662 989 700 sententia
1018 664 1215 711 comparat

347 722 545 761 Cie.verr.
564 720 605 759 ll.
621 724 656 760 3.
673 724 707 760 9.
738 720 821 764 Qui
834 723 879 757 nt
891 720 977 770 ipse
991 732 1070 756 non
1086 717 1216 756 solum

346 781 428 818 vita
448 778 519 818 sed
539 778 654 816 etiam
675 789 852 826 corpore
870 780 993 826 atque
1009 788 1077 812 ore
1090 774 1214 826 siyni-

344 837 460 889 ficut,
487 835 673 872 immensa
691 831 834 884 aIana
856 845 1011 883 rorayo
1031 835 1102 870 aut
1117 844 1213 881 yur-

344 906 417 944 yes
443 892 630 929 ritiorwn.
655 888 991 939 turpide'nwnque
1019 888 1213 925 onmium.-

344 948 491 986 Arnob.
507 946 552 984 V.
568 949 634 986 22.
659 945 799 983 eadem
818 944 969 996 ubique
987 948 1044 982 est
1057 943 1213 995 Iupiter

342 1004 503 1058 fabula,
524 1015 652 1054 neque
665 1000 789 1041 ullum
804 1000 1074 1052 turpitudinis
1084 1013 1212 1051 ,qenus

345 1065 418 1105 est,
444 1061 485 1098 in
507 1072 599 1111 quo
619 1059 701 1096 eius
713 1072 794 1097 non
809 1070 949 1096 nomen
966 1056 1212 1096 consociatis

345 1115 584 1155 libidinibus
610 1114 887 1164 conferatis
925 1113 1001 1161 (ita
1032 1112 1132 1150 enim
1160 1112 1210 1150 le-

345 1172 513 1224 gendum
544 1175 617 1210 est.
667 1170 714 1209 cf.
746 1170 795 1209 ad
825 1169 918 1208 Met.
951 1168 977 1206 Ι.
1008 1183 1045 1221 p.
1072 1173 1131 1218 3.)
1169 1173 1213 1208 ut

344 1230 532 1269 videatur
574 1226 814 1267 miserabilis
851 1240 1025 1278 prorsus
1061 1225 1215 1265 nullam

344 1300 426 1325 non
451 1298 531 1324 esse
557 1298 737 1324 caussam
762 1283 812 1322 ob
833 1282 956 1322 aliam
976 1287 1110 1327 natus,
1138 1283 1215 1320 nisi

343 1348 389 1382 ut
401 1346 501 1381 esset
520 1342 730 1380 criminum
749 1353 878 1392 seyes,
904 1339 1214 1378 malectictorwn

344 1399 531 1443 materia,
569 1398 680 1437 locus
712 1396 874 1449 quidem
909 1396 1134 1446 empositus,
1169 1395 1213 1433 in

347 1469 461 1509 quem
496 1454 719 1505 spurcitiae
753 1466 793 1492 se
830 1465 960 1491 omnes
995 1465 1213 1491 coenorum

348 1511 642 1552 colluvionibus
668 1510 914 1549 derivarent.
964 1506 1020 1545 Ita
1049 1507 1211 1559 saepius

347 1568 420 1606 dici
439 1569 479 1605 in
499 1568 691 1605 sentinam
711 1567 911 1618 confluere
935 1564 1035 1601 idem
1056 1563 1210 1602 demon-

345 1628 443 1663 strat
468 1636 517 1661 ex
543 1622 639 1662 Sall.
667 1622 749 1661 Car.
774 1620 980 1659 XXXVII.
1012 1620 1041 1670 ᾧ.
1069 1626 1106 1661 5.
1135 1634 1210 1672 po·

345 1687 490 1720 stremo
517 1693 663 1724 omnes,
698 1692 797 1730 quos
823 1678 1028 1729 slaqitiztttz
1053 1682 1125 1717 aut
1144 1680 1209 1728 fa-

346 1740 461 1777 cinus
475 1736 596 1775 domo
610 1735 839 1787 expulerat,
854 1734 895 1771 lei
905 1734 1075 1772 Romam
1089 1733 1210 1772 sicuti

346 1796 387 1833 ‘in
411 1793 645 1832 sentinam
671 1792 969 1843 confluoeerunt.
996 1790 1135 1841 Script.
1162 1790 1212 1827 de

346 1845 731 1889 Excid.flier0s.lv.
749 1850 783 1887 6.
810 1860 863 1886 ex
888 1847 1055 1885 dirersis
1079 1847 1212 1899 reqio-

345 1908 460 1946 nibns
492 1905 705 1958 principes
738 1904 993 1956 flayitiorum
1026 1903 1141 1955 quasi
1166 1904 1213 1942 in

345 1964 577 2003 sentinam
614 1960 980 2011 confluoeerant.
1041 1958 1212 1997 Salvian.

346 2019 411 2059 ΙΙΙ.
443 2023 504 2059 18.
539 2018 670 2063 Quid
700 2022 766 2056 est
795 2016 936 2056 aliud
958 2029 1062 2068 pene
1089 2017 1214 2054 omnis

348 2081 482 2116 coetus
500 2074 819 2114 Christianorum
841 2086 959 2125 qnam
986 2073 1212 2112 vitiorum

347 2134 544 2173 sentina.
571 2130 635 2168 lv.
663 2134 725 2171 22.
750 2129 976 2180 foetebant,
1001 2133 1044 2168 ut
1068 2130 1126 2168 ita
1152 2129 1211 2167 ‹li-

346 2190 495 2234 xerbn,
527 2188 664 2227 cuncti
694 2187 802 2225 illius
833 2187 933 2225 eires
966 2199 1092 2225 coeno
1125 2185 1211 2224 libi-

347 2246 472 2290 dinis,
571 2258 691 2283 unam
717 2243 804 2281 illic
831 2247 949 2294 putes
969 2243 1097 2292 fuisse
1122 2242 1210 2280 libi-

348 2303 486 2342 dinum
520 2301 924 2352 fornicationumque
963 2300 1210 2343 sentinam,

348 2372 514 2399 coenum
546 2357 661 2409 quasi
692 2370 744 2395 esc
777 2356 882 2394 omni
908 2356 1145 2407 platearum
1176 2360 1215 2394 et

348 2415 582 2456 cloacarum
608 2413 698 2451 labe
723 2412 946 2452 collectum.

403 2472 546 2511 virosa.
605 2468 810 2508 Mulierem
850 2468 916 2506 viri
964 2472 1212 2520 appetentem

347 2527 531 2568 Beroald.
562 2528 756 2565 existimat
785 2525 985 2564 dicendam
1013 2526 1209 2569 viriosam‚

349 2587 438 2637 quia
462 2585 614 2624 virosus
637 2598 660 2621 a.
686 2584 790 2623 virus
815 2584 959 2627 veniat,
988 2582 1037 2620 de
1063 2595 1139 2633 quo
1160 2582 1210 2620 ad

348 2642 442 2681 Met.
457 2640 541 2679 Vll.
568 2654 604 2691 p.
629 2644 720 2680 483.
753 2640 860 2691 plura
886 2639 988 2677 dicta
1010 2643 1110 2678 sunt.
1159 2639 1214 2678 At

350 2698 451 2737 Oud.
483 2701 591 2749 putat
620 2698 790 2736 viriosas
820 2711 843 2735 a
869 2697 969 2734 vires
993 2696 1115 2747 repeti
1143 2709 1213 2734 nec

349 2755 557 2806 quidquam
573 2754 642 2792 nisi
659 2753 836 2792 validum
849 2753 1082 2803 significan-(³3
1107 2753 1210 2790 riro-

348 2826 432 2852 sum
455 2824 546 2849 vero
571 2810 694 2861 prima
711 2810 827 2860 longa
845 2824 868 2847 a
887 2810 1010 2855 virus,
1035 2813 1075 2847 at
1093 2810 1214 2860 prima

349 2871 525 2920 correpta
565 2881 589 2905 a
624 2867 683 2905 eir
718 2865 960 2904 descendere
992 2865 1078 2905 coll.
1111 2865 1211 2903 Non.

351 2938 387 2975 p.
408 2929 472 2964 21.
503 2937 536 2963 s·
563 2936 602 2961 v:
640 2924 796 2962 virosae
823 2922 1006 2961 mulieres
1038 2922 1213 2961 dicuntur

348 2981 508 3019 virorum
527 2984 759 3031 appetentes
779 2979 840 3018 vel
855 2979 1075 3018 luxuriosae
1089 2977 1213 3018 Lucil.

351 3037 431 3076 sat.
458 3035 540 3075 Vll.
567 3037 676 3075 dixi:
713 3037 771 3076 ad
798 3036 1049 3089 principium
1083 3037 1212 3081 υεηίο,

350 3093 515 3133 vetulam
541 3098 663 3145 atque
689 3094 891 3132 virosam
923 3093 1100 3132 Uxorem
1124 3105 1212 3131 cae-

351 3149 608 3202 «lampetius,
636 3164 756 3204 quam
782 3155 950 3190 cas-trem
968 3153 1125 3204 eyomet
1143 3161 1211 3188 me.

1774 472 1903 501 viriosa
1923 474 2039 501 m‘noso
2059 474 2091 501 in
2112 472 2134 500 f.

1967 518 2134 554 pertinax

1273 660 1456 699 Afranius
1482 660 1673 699 Divortioz
1707 661 1895 712 Visyilans
1925 676 1975 701 ac
1999 660 2135 706 solers,

1272 719 1395 762 steca,
1419 732 1532 763 sana,
1557 717 1715 756 sobria.-
1747 717 1916 756 Virosa
1939 731 2021 756 non
2039 731 2134 762 snm,

1274 778 1312 811 et
1334 774 1368 812 si
1391 787 1486 817 sunt,
1512 787 1594 812 non
1619 774 1767 813 desunt
1788 774 1902 820 milii,
1930 775 2000 826 qui
2024 773 2136 812 ultro

1274 830 1393 876 (lant,
1419 834 1531 868 aetas
1555 831 1717 882 inteyra
1743 835 1817 874 est,
1845 830 2005 879 formae
2029 830 2137 868 satis.

1274 885 1401 937 [Hane
1425 886 1527 924 Oud.
1558 886 1789 924 sententiam
1821 886 2046 936 comprobo,
2079 886 2135 924 υἱ-

1271 943 1402 982 riosus
1431 956 1616 993 perversa
1646 946 1708 980 est
1740 942 1872 987 lectio,
1905 941 2062 980 forsitan
2089 954 2138 978 ex

1271 999 1423 1049 ingenio
1440 998 1579 1037 librarii
1601 998 1790 1049 profecta,
1817 999 1879 1049 qui
1895 997 2016 1036 locum
2031 998 2138 1049 Apu-

1272 1054 1333 1093 leii
1360 1056 1420 1094 eit.
1439 1059 1529 1094 ante
1556 1054 1691 1093 oculos
1712 1055 1861 1099 habuit,
1887 1055 1949 1092 ubi
1971 1055 2138 1093 viriosas

1272 1111 1478 1163 legendum
1517 1125 1609 1149 esse
1640 1111 1934 1149 demonstrasse
1965 1109 2056 1148 mihi
2086 1110 2138 1147 vi·

1270 1168 1376 1207 deor.
1416 1167 1639 1206 Ceterorum
1665 1169 1763 1206 enim
1789 1167 2061 1207 adiectivorum
2085 1168 2137 1204 ita

1273 1225 1554 1264 terminantium
1586 1224 1782 1275 analogia,
1819 1228 1859 1262 ut
1889 1224 2136 1269 nnclierosus,

1271 1281 1510 1320 adversatur.
1551 1279 1671 1319 Unice
1695 1281 1847 1332 probari
1872 1284 2011 1332 posset
2034 1279 2137 1318 adie-

1272 1339 1373 1376 ctivo
1394 1339 1630 1383 uoeuriosus,
1656 1337 1729 1375 nisi
1749 1336 1964 1389 hoepotius
1979 1349 2002 1374 a
2016 1335 2138 1374 forma

1271 1395 1442 1434 arorites
1468 1394 1714 1432 derivandum
1741 1398 1870 1439 esset,
1895 1397 1935 1431 ut
1959 1393 2138 1431 ebriosus

1271 1451 1319 1490 ab
1345 1451 1488 1490 ebrius.
1535 1449 1594 1489 Ea
1618 1450 1716 1489 enim
1742 1450 1950 1495 adiectiva,
1977 1462 2076 1499 quae
2101 1448 2136 1486 in

1271 1521 1362 1547 osus
1377 1508 1578 1545 terminant
1598 1512 1637 1545 et
1656 1522 1678 1545 a
1696 1506 1952 1545 substantivis
1971 1505 2138 1549 veniunt,

1270 1577 1402 1601 eorum
1440 1564 1555 1602 radici
1590 1577 1678 1603 osus
1709 1563 2012 1600 terminationem
2047 1561 2138 1598 adii-

1269 1620 1380 1658 ciunt.
1408 1620 1564 1670 Est‚qui
1582 1621 1720 1658 vitiosa
1737 1618 1866 1670 legere
1881 1618 1999 1662 malit,
2013 1618 2138 1655 minus

1269 1677 1407 1714 idonea
1431 1676 1634 1714 sententia.
1673 1673 1783 1713 Male
1805 1689 1894 1713 vero
1913 1677 2049 1725 agunt,
2075 1673 2138 1724 qui

1268 1733 1318 1770 ad
1338 1732 1471 1771 Gloss.
1489 1732 1626 1771 Graec.
1646 1732 1732 1772 Lat.
1749 1745 1785 1782 p.
1803 1737 1894 1773 374.
1915 1734 2138 1783 provocant,

1271 1789 1334 1827 nbi
1364 1793 1470 1827 recte
1501 1789 1656 1840 legitur:
1689 1787 1831 1840 ἀνδρεῖς
1859 1789 1986 1839 sortis
2009 1786 2139 1826 virilis

1271 1847 1452 1885 viz-iosus.
1502 1845 1549 1883 cf.
1582 1845 1632 1883 du
1664 1844 1781 1896 Cang.
1809 1845 1943 1884 Gloss.
1970 1845 2071 1883 med.
2097 1846 2137 1880 et

1271 1902 1336 1939 inf.
1365 1901 1429 1940 lat.
1456 1915 1535 1940 s.v.
1562 1903 1744 1942 viriosa&
1772 1901 1819 1940 cs.
1847 1901 2006 1952 Sciopp.
2033 1899 2137 1950 apud

1274 1958 1467 1997 Geumi.
1487 1962 1546 1999 12.
1570 1960 1640 2010 qui
1657 1970 1737 1997 non
1755 1959 1878 1997 modo
1899 1958 2055 1996 vinosus
2067 1955 2138 1995 sed

1274 2016 1463 2054 virosus
1494 2029 1655 2067 quoque
1684 2016 1752 2060 sis,
1784 2027 1834 2052 ex
1859 2027 1934 2064 quo
1962 2013 2047 2051 loco
2074 2011 2136 2049 de-

1270 2075 1486 2109 monstrare
1523 2071 1655 2109 studet
1685 2071 1806 2116 Oud.,
1843 2072 2000 2115 vinosa,
2033 2068 2137 2119 quod

1271 2128 1368 2167 an.
1402 2128 1589 2179 praebere
1620 2128 1710 2166 dicit
1740 2126 1900 2171 Roald„
1931 2126 2006 2164 sed
2034 2124 2137 2163 Oud.

1271 2185 1466 2235 excerptis
1493 2199 1565 2222 non
1593 2185 1844 2229 confirmatur,
1871 2183 1932 2222 hic
1955 2182 2137 2233 recipien-

1271 2241 1360 2280 dum
1386 2254 1497 2287 esse,
1523 2244 1564 2279 ut
1583 2242 1741 2279 ebriosa
1759 2240 1897 2291 glossa
1916 2239 1967 2277 sit
1986 2237 2135 2276 librarii.

1271 2297 1480 2336 Praeterea
1506 2299 1666 2337 vinosus
1693 2301 1849 2347 propter
1875 2308 2009 2334 vocum
2035 2294 2137 2333 simi-

1272 2354 1469 2393 litudinem
1505 2360 1544 2392 et
1580 2367 1694 2404 pares
1729 2355 1873 2397 exitus,
1907 2352 2044 2403 quibus
2075 2350 2137 2389 hic

1271 2411 1404 2449 ludere
1430 2411 1639 2462 Apuleium
1665 2414 1838 2462 apertum
1862 2410 1929 2452 sit,
1962 2421 2135 2460 compro-

1268 2469 1360 2506 bari.
1416 2467 1542 2514 Quam
1591 2467 1819 2505 sententiani
1868 2464 2137 2504 lubentissime

1268 2525 1539 2575 amplecterer,
1571 2524 1605 2562 si
1641 2523 1756 2561 modo
1788 2537 1886 2561 unus
1917 2521 2039 2560 codex
2070 2519 2135 2559 ad-

1267 2581 1439 2634 diceret]

1322 2639 1545 2689 pervicax,
1567 2637 1777 2688 pertinum.
1809 2633 1974 2687 [Eadem
1989 2633 2136 2672 ratione

1271 2695 1360 2734 dicit
1384 2693 1500 2747 Apul.
1525 2694 1574 2731 de
1600 2693 1685 2731 Deo
1705 2693 1852 2731 Socrat.
1873 2706 1909 2743 p.
1928 2695 2018 2732 126.
2039 2703 2132 2742 per-

1272 2753 1400 2791 m'caci
1424 2751 1655 2794 antiocia,
1677 2749 1884 2801 pertinaci
1909 2761 2005 2799 spe.
2036 2745 2134 2784 Pes-

1269 2809 1367 2846 sime
1392 2807 1561 2846 nonnulli
1587 2806 1756 2844 editores
1778 2805 1977 2856 pertinax
1994 2803 2134 2841 omise-

1270 2869 1372 2910 runt,
1403 2865 1453 2902 de
1484 2863 1556 2902 loci
1587 2862 1841 2902 concinnitate
1866 2872 1999 2911 parum
2025 2859 2136 2897 solli-

1271 2921 1350 2968 citi,
1377 2934 1477 2972 quae
1495 2920 1722 2958 adiectivum
1741 2921 1926 2968 sequatur
1945 2915 2133 2954 vocabulo

1267 2979 1469 3030 pervicax
1498 2975 1758 3028 respondens,
1790 2973 2036 3025 apertissime
2065 2984 2133 3023 po-

1270 3034 1400 3073 stulat.
1450 3033 1638 3071 Fortasse
1679 3030 1742 3069 isti
1779 3030 1981 3081 putabant,
2030 3028 2132 3066 idem

1269 3090 1484 3142 significare
1513 3093 1714 3138 utrumque
1747 3086 1994 3132 vocabulum,
2029 3084 2133 3123 unde

1272 3162 1345 3186 non
1372 3161 1452 3187 raro
1478 3147 1514 3186 iu
1539 3145 1652 3187 codd.
1677 3158 1724 3183 ea
1749 3142 1928 3184 confundi
1954 3145 2128 3195 apertum
