2221 3667
222 463 286 506 :525

312 181 395 225 314
576 180 625 222 L.
654 180 874 221 APULEH
904 176 1304 220 MADAURENSIS
1334 177 1878 219 METAMORPHOSEON

310 282 478 325 refectui
501 297 573 324 suo
599 283 840 324 commodum
864 283 989 324 libens
1015 279 1222 321 accumbit.
1260 277 1315 319 Et
1337 279 1442 320 illico
1465 279 1548 321 vini
1573 279 1747 320 nectarei
1772 279 2016 333 eduliumque
2034 292 2101 321 va-

311 340 461 380 riorum
482 339 629 380 fercula
651 340 805 394 copiosa
819 372 829 389 ‚
859 339 963 378 nullo
984 336 1181 377 serviente
1202 335 1269 375 sed
1289 342 1438 375 tantum
1457 336 1596 389 spiritu
1616 337 1779 389 quodam
1799 335 1984 390 impulsa,
2012 335 2101 377 sub-

311 396 601 437 ministrantur.
649 395 736 437 Nec
763 408 990 449 quemquam
1017 399 1147 432 tamen
1173 392 1236 431 illa
1263 392 1397 432 videre
1423 399 1597 446 poterat,
1626 393 1691 432 sed
1718 392 1837 433 verbu
1866 399 2013 432 tautum
2039 405 2103 432 au-

311 452 440 494 diebat
463 452 707 503 excidentia,
730 450 736 507 Ι
758 460 797 492 et
821 451 924 491 solas
949 462 1067 490 voces
1093 449 1259 489 famulas
1285 448 1464 489 habebat.
1514 447 1612 489 Post
1636 449 1782 503 opimas
1809 449 1923 503 dapes
1951 448 2104 502 quidam

309 509 415 551 iutro
446 509 566 551 cessit
594 516 634 550 et
665 508 839 550 cantavit
861 506 1034 557 invisu83
1069 512 1108 546 et
1133 505 1231 546 alius
1257 505 1407 546 cithara
1433 505 1624 560 pulsavit,
1653 519 1751 559 quac
1777 519 1855 545 non
1880 505 2101 556 videbatur,

310 641 394 666 rata
412 637 562 678 refectui
578 646 637 666 sun
648 660 656 673 ‚
682 634 882 664 commodum
905 636 989 662 Iunt.
1004 636 1035 663 2.
1084 633 1246 662 occumbit
1261 632 1290 663 δ.
1338 637 1371 661 et
1385 638 1460 663 ante
1475 633 1563 662 illico
1579 635 1782 663 desideratur
1794 635 1826 663 iu
1841 636 1923 664 lunt.
1941 636 1969 663 1.
1984 636 2014 663 2.
2028 635 2104 664 ΑΜ.

309 682 518 722 eduliumque
530 684 565 712 F.
581 685 610 712 3.
627 684 661 711 G.
679 684 705 711 1.
720 683 750 709 2.
765 682 801 709 D.
815 677 844 709 δ.
859 681 894 708 0.
915 683 942 707 et
964 687 1075 708 omnes
1095 681 1165 709 edd.
1189 683 1266 709 vett.
1292 680 1397 709 Celeri
1411 681 1502 708 codd.
1518 684 1545 708 et
1562 682 1630 709 edd.
1646 684 1712 714 pos!
1730 681 2008 709 C‹›1viu1nhaue¹11
2024 678 2103 707 edu-

307 727 506 767 uarumque.
553 727 728 755 variarum
743 723 772 754 δ.
808 724 903 752 nulla
917 724 1093 754 serviente.
1117 727 1153 754 In
1168 728 1236 753 solo
1251 726 1355 759 reperi
1370 727 1436 754 cod.
1451 727 1486 754 F.
1501 727 1531 754 3.
1558 726 1661 755 Ceteri
1676 727 1765 754 codd.
1779 729 1807 753 et
1821 734 1931 754 omnes
1945 729 2020 754 vett.
2033 726 2104 754 edd.

308 777 464 810 praebent
482 772 583 801 nullo.
631 769 980 800 subministrabantur
999 771 1035 799 G.
1053 772 1085 799 2.
1105 769 1144 799 D.
1193 769 1324 797 viedere
1343 773 1378 799 G.
1394 773 1424 800 2.
1446 779 1466 799 a
1479 779 1519 799 m.
1534 779 1564 805 p.
1612 769 1807 798 euidentia
1828 773 1937 799 exulat
1958 773 1998 799 ab
2019 771 2054 800 Ο.
2075 773 2103 799 et

307 821 436 849 Vicent.
483 818 625 855 optimas
640 827 668 852 p.
683 818 720 845 D.
736 824 756 845 a
770 824 810 845 m.
825 824 852 844 s.
866 817 981 844 venet.
996 817 1024 844 4.
1039 820 1067 845 et
1082 817 1158 845 Bas.
1175 817 1206 844 1.
1230 818 1266 844 lu
1280 817 1425 851 margine
1445 818 1480 845 G.
1498 818 1526 844 1.
1546 817 1639 845 varia
1660 816 1756 844 lectio
1776 817 1904 844 adiecta
1922 819 1969 844 est
1990 823 2009 844 a
2021 823 2061 844 m.
2076 822 2103 844 s.

308 869 479 903 copiosas,
503 872 598 898 quam
613 867 718 891 tamen
734 862 841 896 potius
853 869 909 896 pro
924 863 1122 896 glossemate
1136 862 1314 890 habuerim.
1361 862 1554 889 intercessit
1570 862 1590 890 f.
1639 864 1775 888 eunium
1793 869 1847 895 pro
1861 860 2019 888 cantavit
2031 862 2069 889 D.
2083 868 2104 888 a

306 919 347 942 m.
362 920 391 947 p.
439 908 577 939 cithara
592 909 623 936 in
638 908 786 936 omuibus
802 907 899 936 Codd.
914 910 943 934 et
957 907 1026 935 edd.
1042 910 1119 936 vett.
1134 910 1222 935 extat
1237 910 1364 941 praeter
1378 907 1398 936 f.
1414 911 1442 935 et
1457 909 1491 935 0.
1507 916 1523 935 e
1537 907 1711 935 collatione
1725 907 1895 942 cronos-ii,
1921 906 1975 940 qui
1990 903 2103 932 citha-

307 964 381 985 ram
396 958 546 991 praebent
561 958 588 983 el
604 953 678 981 edit.
700 952 822 982 Floria.
869 960 956 988 quae
976 960 1041 979 mm
1061 950 1239 980 ridebatur
1257 959 1316 979 uer·
1328 951 1398 989 ipsse
1419 961 1448 987 p.
1463 949 1491 980 ὁ.
1518 959 1603 989 quae
1618 950 1794 978 videbatur
1806 959 1865 978 nec
1878 951 1947 987 ipse
1968 952 2003 980 F.
2018 952 2048 979 3.
2069 951 2105 980 B.

306 1009 394 1040 quae
407 999 583 1028 videbatur
595 1006 655 1026 nec
668 998 743 1034 ipsa
761 998 799 1026 F.
817 999 843 1026 1.
859 999 894 1026 G.
911 999 940 1026 1.
954 998 984 1026 2.
999 999 1038 1026 D.
1052 1002 1081 1026 et
1098 998 1208 1032 celeri,
1222 998 1287 1027 nisi
1304 997 1416 1035 fallor,
1443 999 1532 1026 codd.
1548 1005 1619 1026 cum
1635 998 1783 1026 omnihus
1798 998 1885 1025 editt.
1901 1000 1976 1025 vett.
2013 994 2105 1024 vide-

303 1046 430 1075 bantur
442 1046 557 1075 vitium
570 1048 616 1073 est
632 1045 680 1073 ed.
694 1044 798 1072 Basil.

305 1146 370 1184 riis
397 1143 648 1197 depravatum
675 1156 788 1189 esse,
815 1155 930 1194 quam
949 1142 1035 1181 vice
1051 1155 1176 1182 versa.

303 1202 369 1241 Ad
393 1201 627 1241 sententiam
651 1214 743 1239 vcro
759 1199 849 1252 quid
865 1201 961 1237 inter
973 1203 1177 1250 utramque

303 1258 510 1299 lectionem
530 1258 698 1303 intersit,
727 1271 799 1296 non
825 1257 1069 1308 perspicitur.
1113 1256 1176 1294 De

303 1317 366 1355 his
402 1315 660 1355 substantiv1s
696 1315 732 1352 in
761 1328 827 1360 or,
866 1326 1027 1364 quorum
1053 1326 1175 1351 novas

304 1374 450 1411 formas
465 1371 659 1423 Apuleius
680 1371 812 1422 plures
838 1370 974 1415 habet,
1001 1370 1076 1408 iam
1097 1369 1175 1407 dixi

302 1429 354 1469 ad
367 1430 463 1469 Met.
478 1428 505 1467 l.
524 1442 560 1480 p.
579 1433 640 1468 14.
666 1428 730 1466 ubi
757 1427 805 1466 cf.
832 1426 931 1464 Tum
958 1426 1174 1478 elegantior

302 1486 450 1526 videtur
475 1499 569 1525 esse
594 1484 828 1536 genitivus}

360 1600 630 1653 eduliumque.
679 1597 721 1636 ln
753 1595 948 1636 nonnullis
980 1596 1093 1635 codd.
1121 1596 1172 1634 le·

304 1659 402 1710 gitur
417 1657 741 1708 edulhrumque,
765 1668 865 1705 quae
887 1653 1020 1700 forma,
1043 1667 1174 1705 quam-

304 1728 418 1766 quam
449 1714 572 1766 proba
603 1716 683 1756 est,
714 1715 843 1750 tamen
875 1711 1105 1761 optimorum
1132 1709 1171 1747 li-

300 1773 455 1811 brorum
487 1770 714 1810 auctoritate
749 1768 926 1807 reiicitur.
973 1766 1060 1805 Nec
1089 1781 1171 1804 me-

300 1829 403 1874 mini,
412 1826 622 1878 Apuleium
636 1838 803 1875 unquam
817 1825 892 1864 hac
904 1824 1172 1863 terminatione

301 1885 424 1925 fuisse
447 1897 572 1922 usum.
599 1882 645 1921 cf.
670 1881 769 1922 Met.
793 1880 820 1920 l.
847 1894 885 1931 p.
900 1885 963 1922 78.
991 1881 1173 1920 edulium

302 1943 473 1983 caritate
497 1940 546 1980 V.
571 1954 609 1992 p.
636 1943 727 1980 348.
755 1938 940 1978 edulibus
953 1942 1075 1990 atque
1090 1941 1172 1976 tuc-

300 2000 410 2039 cetis.
436 1996 503 2037 VI.
534 2010 571 2048 p.
598 2000 694 2037 439.
727 1996 867 2036 edulia
891 1996 1070 2034 mitiora.
1117 1990 1172 2033 X.

300 2070 338 2107 p.
376 2058 468 2095 701.
513 2054 666 2093 mellita
709 2052 986 2092 concinnabat
1019 2050 1171 2090 edulia.

300 2111 446 2151 Florid.
477 2124 514 2163 p.
546 2114 610 2151 22.
643 2111 889 2162 priusquam
925 2108 1065 2147 edulia
1102 2107 1173 2146 ad-

295 2172 528 2221 ponuntur,
556 2180 656 2218 quos
681 2166 942 2204 nominativos
975 2164 1037 2202 vel
1063 2177 1171 2202 accu-

300 2225 449 2264 sativos
485 2228 645 2277 propter
682 2224 792 2262 locos
828 2234 1092 2274 praegressos
1123 2221 1173 2259 ab

300 2281 420 2322 edule
444 2282 688 2319 substantivo
716 2284 861 2331 repeto.
888 2278 1086 2317 Edulium
1106 2291 1170 2328 ge-

300 2339 443 2377 nitivus
467 2342 671 2389 praeterea
697 2337 835 2387 legitur
848 2335 943 2373 Met.
957 2333 1008 2373 X.
1024 2348 1060 2385 p.
1077 2338 1172 2375 707.

302 2409 415 2435 omne
427 2409 556 2448 yeuus
570 2395 781 2434 edulium
796 2393 1023 2432 solidorum
1035 2389 1066 2430 G
1076 2391 1170 2429 loss.

299 2451 455 2491 Philox.
479 2465 516 2502 p.
532 2455 598 2492 83.
624 2451 803 2491 edulium
826 2449 899 2488 τῶν
921 2450 1110 2502 βροσίμων
1135 2451 1175 2486 et

301 2507 437 2549 Gloss.
463 2508 577 2547 Vule.
609 2521 645 2558 p.
672 2511 737 2548 43.
773 2506 910 2546 edulia
941 2501 1109 2555 ἐδώδιμα
1135 2509 1174 2543 et

300 2566 432 2606 edult‘s
444 2563 643 2618 βρώσιμος.
669 2564 845 2602 Alteram
867 2562 1026 2601 formam
1050 2561 1172 2600 habet

299 2622 410 2661 Varr.
437 2622 488 2660 de
512 2621 560 2660 L.
586 2620 632 2660 L.
648 2619 734 2660 VH.
760 2619 789 2669 ᾧ.
807 2624 870 2660 61.
896 2623 1170 2673 sgstzcerastum

301 2684 359 2719 est
382 2693 496 2718 omne
520 2678 699 2718 edulium
721 2676 786 2715 vel
810 2681 852 2714 ut
876 2674 1056 2714 Mueller.
1083 2689 1170 2714 con-

300 2736 402 2776 iecit.
440 2736 713 2775 omnimodum
749 2734 940 2773 edulium.
988 2731 1169 2783 Fulgent.

300 2792 479 2844 Exposit.
510 2806 547 2844 p.
581 2795 672 2832 779.
711 2789 846 2829 Gloss.
874 2789 939 2829 Gr.
962 2789 1052 2828 Lat.
1079 2792 1171 2829 413.

300 2847 495 2903 βρώσιμονζ
525 2848 715 2888 edulium.
767 2846 876 2885 Unde
908 2846 1173 2885 necessarium

300 2920 375 2944 non
408 2910 486 2952 est,
516 2910 558 2944 ut
593 2918 679 2943 cum
710 2903 812 2942 Oud.
844 2902 1053 2955 genitivum
1079 2903 1173 2941 edu-

304 2964 452 3002 liorum
470 2962 649 3012 analogia
674 2965 896 2999 neutrorum
922 2960 958 2997 in
984 2961 1024 2998 ia
1048 2964 1090 2998 ut
1113 2972 1174 2998 ve-

303 3020 568 3070 ctiqaliorum
589 3018 849 3070 explicemus:
875 3015 924 3055 de
950 3029 1026 3067 qua
1050 3016 1173 3054 forma

303 3075 350 3113 cf.
366 3075 492 3113 Burin.
509 3079 546 3113 et
559 3075 690 3113 Brenni
717 3075 766 3112 ad
781 3074 890 3113 Suet.
904 3073 1008 3123 Aug.
1030 3087 1061 3111 c.
1080 3077 1170 3114 101.

303 3131 404 3169 Oud.
431 3131 480 3169 ad
507 3132 614 3170 Suet.
640 3131 768 3169 Tiber.
795 3144 826 3170 e.
843 3133 909 3170 49.
935 3133 974 3168 et
991 3129 1171 3180 Baumg.-

305 3186 413 3227 Crus.
438 3188 473 3226 in
501 3187 607 3227 Clav.
635 3188 741 3226 Suet.
767 3201 805 3238 p.
833 3186 944 3238 805]

1291 1143 1409 1183 nullo
1441 1143 1644 1182 serviente.

1236 1201 1439 1239 serviente.
1467 1213 1567 1250 quae
1584 1199 1643 1237 uni
1659 1199 1780 1237 codici
1809 1198 1850 1237 F.
1866 1202 1902 1239 3.
1930 1198 2104 1243 debetur,

1235 1256 1443 1296 notandum
1478 1269 1571 1293 esse
1607 1255 1750 1308 putavi.
1799 1253 2103 1306 Respiciendum

1234 1318 1297 1351 est
1316 1314 1365 1352 ud
1380 1313 1497 1350 verbu
1511 1326 1648 1351 vocum
1668 1313 1917 1350 servientium
1938 1325 1974 1362 p.
1990 1310 2102 1351 322:

1267 1371 1322 1409 *os
1348 1384 1549 1422 quarum
1572 1383 1684 1408 voees
1697 1371 1871 1420 accipis,
1899 1374 2008 1409 tuae
2029 1370 2104 1420 fa-

1232 1427 1404 1471 mulae,
1429 1426 1531 1465 unde
1557 1425 1729 1471 efficitur,
1755 1425 1921 1464 ibininas
1946 1424 2013 1461 ilia
2038 1424 2103 1461 mi-

1234 1484 1391 1522 nister-ia
1417 1483 1558 1527 fuisse,
1585 1495 1816 1533 quamquam
1837 1482 1924 1520 buic
1938 1481 2104 1532 scriptu-

1232 1554 1297 1579 rae
1335 1539 1534 1579 adversari
1572 1539 1739 1584 videtur,
1779 1538 1881 1589 quod
1920 1539 1953 1576 in
1991 1550 2102 1588 seqq.

1236 1611 1473 1650 quemquam.
1486 1596 1634 1647 legitur.
1684 1594 1797 1633 Unde
1817 1597 2016 1634 intextum
2029 1608 2102 1632 non

1232 1654 1401 1705 recepi]

1290 1711 1540 1749 excidentia.
1590 1707 1699 1747 Male
1730 1708 1868 1747 Heius.
1901 1708 1950 1746 ad
1986 1706 2101 1746 Ovid.

1230 1766 1340 1806 Fast.
1367 1766 1426 1804 ΙΙΙ.
1454 1770 1548 1807 360.
1575 1766 1757 1804 emendat
1781 1765 2026 1805 accidentia.
2052 1763 2102 1803 cf.

1230 1823 1339 1875 Yirg.
1366 1824 1465 1862 Aen.
1492 1822 1559 1861 IX.
1592 1828 1681 1863 111.

1287 1881 1396 1920 solus
1422 1894 1535 1919 voces
1555 1879 1735 1932 famulus
1760 1879 1944 1918 habebat.
1970 1876 2101 1930 [Fulg.

1229 1937 1399 1987 Mythol.
1425 1936 1486 1975 lll.
1515 1940 1549 1977 6.
1577 1950 1612 1987 p.
1640 1940 1733 1977 716.
1760 1936 1915 1975 Ibidem
1941 1935 2102 1974 vocibus

1230 1995 1306 2033 sibi
1332 1994 1609 2033 tantummodo
1634 1990 1929 2045 servientibus]

1287 2051 1444 2089 invisus.
1495 2049 1665 2102 [Invisus
1689 2050 1766 2087 hoc
1794 2049 1879 2087 loco
1912 2047 2102 2099 significat

1232 2121 1313 2146 uon
1330 2109 1442 2152 visus,
1458 2121 1560 2158 quae
1574 2107 1683 2145 vocis
1697 2105 1926 2157 significatio
1941 2106 1989 2144 ab
2005 2106 2099 2156 opti-

1232 2165 1305 2202 mis
1316 2165 1535 2214 quibusque
1543 2163 1797 2215 scriptoribus
1807 2176 1881 2201 non
1891 2161 2018 2200 aliena
2028 2166 2100 2199 est.

1233 2221 1281 2260 cf.
1307 2220 1403 2259 iufra
1427 2220 1475 2259 ad
1491 2221 1606 2272 Apol.
1622 2235 1658 2271 p.
1674 2223 1766 2260 891.
1792 2219 1855 2257 ubi
1883 2219 2030 2258 invidit
2048 2216 2100 2255 le-

1232 2279 1330 2327 gitur
1355 2291 1423 2328 pro
1450 2292 1533 2316 uon
1557 2278 1671 2315 vidit.
1710 2276 1871 2314 Taubm.
1898 2275 1948 2313 ad
1972 2274 2100 2313 Plaut.

1231 2334 1344 2385 Epid.
1366 2334 1433 2373 IV.
1460 2339 1493 2373 1.
1524 2338 1584 2374 12.
1611 2347 1650 2385 p.
1676 2336 1767 2373 599.
1798 2332 1847 2370 ad
1873 2330 2047 2383 Amphit.
2072 2330 2099 2369 I.

1235 2397 1267 2432 1.
1298 2394 1386 2431 131.
1413 2403 1449 2441 p.
1465 2394 1529 2430 33.
1556 2389 1678 2428 Orell.
1704 2389 1753 2428 ad
1768 2389 1915 2428 Arnob.
1934 2387 1962 2427 l.
1988 2391 2099 2428 c.31.

1233 2446 1277 2486 T.
1303 2446 1330 2485 l.
1356 2461 1393 2499 p.
1420 2451 1513 2487 311.
1538 2445 1661 2484 Buen.
1686 2446 1736 2484 ad
1760 2445 1870 2484 Lact.
1895 2444 1989 2484 lust.
2017 2442 2099 2482 Vll.

1233 2519 1265 2544 e.
1294 2507 1355 2544 16.
1382 2504 1412 2554 §.
1441 2507 1476 2544 9.
1503 2517 1541 2554 p.
1562 2507 1642 2543 947
1656 2517 1715 2554 sq.
1742 2501 1827 2540 Afri
1852 2498 2098 2552 potissimum

1228 2562 1264 2599 in
1290 2561 1352 2599 his
1379 2560 1727 2611 compositionibus
1754 2558 1900 2595 lusisse
1924 2557 2016 2595 mihi
2042 2557 2098 2594 vi-

1229 2618 1377 2656 dentur.
1426 2616 1479 2655 Ut
1492 2617 1591 2655 enim
1606 2629 1724 2667 supra
1737 2615 1810 2653 iam
1826 2611 1922 2653 Met.
1938 2612 1964 2653 Ι.
1979 2627 2016 2665 p.
2030 2617 2095 2655 56.

1229 2674 1545 2719 commemoravi,
1588 2672 1814 2723 particulam
1852 2672 1893 2709 in
1935 2672 2096 2721 saepius

1229 2731 1501 2776 addivoculis,
1527 2730 1590 2767 ubi
1606 2729 1836 2780 negativam,
1863 2739 1978 2778 quam
1992 2726 2097 2778 apud

1230 2788 1404 2838 reliquos
1435 2788 1646 2839 scriptores
1671 2786 1706 2823 in
1732 2785 1841 2823 hisce
1866 2784 2020 2829 retinet,
2046 2784 2096 2821 si-

1232 2845 1514 2896 gnificationem
1551 2843 1668 2894 plane
1706 2842 1860 2887 omittit,
1902 2845 1944 2878 ut
1968 2841 2095 2879 imme—

1232 2903 1332 2946 rito,
1357 2902 1536 2940 incastus
1549 2898 1642 2945 alia,
1667 2913 1691 2937 e
1710 2897 1897 2937 contrario
1912 2896 2096 2935 nonnulla

1233 2958 1475 2996 inveniuntur
1499 2954 1702 3000 vocabula,
1728 2956 1762 2992 in
1784 2954 1923 3005 quibus
1949 2953 2093 3004 negati-

1229 3028 1318 3052 vam
1336 3015 1412 3052 vim
1427 3013 1628 3059 adsciscit,
1654 3025 1768 3063 quam
1794 3009 1857 3049 alii
1882 3010 2094 3061 scriptores

1230 3071 1501 3122 neglexerunt,
1527 3073 1567 3107 ut
1590 3069 1795 3121 inqeuilus
1820 3066 1865 3106 cs.
1893 3066 2040 3105 Arnob.
2064 3064 2092 3104 I.

1231 3142 1262 3167 e.
1290 3132 1353 3168 31.
1379 3128 1577 3180 infinitus,
1602 3125 1869 3178 inqenitus,
1892 3125 2093 3162 immorta-

1231 3185 1290 3224 lis.
1319 3183 1478 3223 Tertull.
1505 3182 1658 3221 advers.
1684 3180 1805 3219 Marc.
1831 3179 1857 3220 l.
1884 3182 1920 3220 3.
1946 3192 1982 3230 p.
1997 3182 2090 3220 367.

1708 1141 1955 1194 [Lectionem
1992 1139 2106 1181 nullu
