2155 3590
692 121 880 162 LIBER
912 121 1008 162 vn.
1067 120 1194 161 CAP.
1217 119 1338 159 XXI.
1819 119 1900 163 605

106 234 234 287 pulsat
265 246 309 272 ac
343 231 536 273 morsitat.
589 232 700 286 Quae
733 248 795 274 res
829 234 940 274 nobis
973 248 1047 273 non
1080 233 1296 274 mediocres
1327 231 1415 270 lites
1448 238 1562 284 atque
1593 232 1743 285 iurgia,
1784 232 1900 271 immo

107 290 273 329 forsitan
313 296 349 329 et
383 289 545 328 crimina
580 289 718 343 pariet.
769 289 888 330 Nunc
920 291 1037 330 etiam
1068 290 1154 330 visa
1186 289 1350 342 quadam
1389 287 1552 327 honesta
1589 288 1753 337 iuvene,
1792 288 1901 342 ligno

105 346 204 398 quod
232 345 446 385 devehebat
472 346 623 386 abiecto
650 346 918 400 dispersoque,
941 346 980 386 in
1002 360 1087 386 eam
1108 345 1278 386 furiosos
1299 343 1446 383 direxit
1470 344 1651 397 impetus,
1680 351 1719 384 et
1738 344 1900 384 festivus

104 402 166 441 hic
191 401 338 441 amasio
367 401 481 441 humo
509 402 664 441 sordida
692 410 930 455 prostratam
956 403 1158 442 mulierem
1182 401 1322 441 ibidem
1350 400 1525 439 incoram
1552 401 1722 440 omnium
1757 400 1900 454 gestie-

102 458 169 497 bat
192 457 439 498 inscendere.
504 456 617 510 Quod
655 459 729 497 nisi
768 459 921 512 ploratu
946 466 1163 512 questuque
1197 457 1364 498 femineo
1396 456 1680 495 conclamatum
1705 456 1901 496 viatorum

102 514 336 568 praesidium
370 515 631 564 accurrisset,
666 529 710 554 ac
743 516 788 554 do
822 515 957 555 mediis
990 515 1148 568 ungulis
1180 514 1302 568 ipsius
1333 519 1439 553 esset
1469 519 1604 566 erepta
1641 512 1898 565 liberataque,

96 674 260 712 pnlsatG.
274 678 301 704 1.
312 685 378 705 am.
390 685 418 711 p.
445 685 503 703 eon
515 684 532 705 a
543 685 582 704 m.
593 686 618 705 s.
634 677 776 705 additum
793 681 851 705 est.
878 677 1038 704 nmrsitm
1053 678 1200 711 equidem
1215 676 1343 704 restitui
1357 676 1532 704 cf.Met.11.
1543 676 1656 710 p.113.
1683 682 1732 700 me
1743 682 1797 708 pro
1807 681 1862 700 ore
1874 682 1901 708 p.

100 730 157 748 ero
168 729 224 756 pro
233 723 334 750 orel).
361 720 537 748 mediocris
546 723 614 750 edd.
626 723 894 750 veuAEtmNulc.
905 724 934 750 ⁶2.
945 745 952 752 .
968 723 1061 750 cuius
1076 723 1245 750 lectionem
1254 722 1539 753 Lindenbrogmon
1554 720 1702 748 mutavit.
1727 720 1769 747 At
1786 720 1817 747 in
1833 720 1902 747 cod.

100 769 135 795 F.
157 769 186 795 3.
208 771 316 800 aperte
335 766 517 794 medina-res
540 768 620 803 legi,
647 767 828 801 descriptor
847 768 1011 795 adnotavit
1034 768 1131 795 huius
1151 769 1214 795 ΜΞ.
1263 769 1294 792 ee
1315 770 1390 794 aute
1415 765 1559 792 critm'na
1584 765 1788 794 desideratur
1814 765 1845 792 in
1868 765 1902 792 Ρ.

95 812 235 848 parient
250 809 279 841 δ,
327 810 506 839 honestate-
519 812 635 839 iurene
648 813 686 840 D.
735 820 798 849 quo
813 810 997 839 decehebat
1009 814 1045 840 G.
1061 814 1091 840 1.
1141 819 1205 848 quo
1224 814 1254 838 te
1271 809 1409 838 vehebat
1423 812 1459 839 0.
1495 810 1530 837 ia
1542 809 1682 849 eosfur.
1698 810 1719 838 f.
1760 810 1912 845 impetus-

101 859 135 885 G.
155 859 182 885 1.
230 855 359 884 dia-erit
387 865 441 891 pro
466 856 598 884 ditexit
621 858 748 885 Vicetit.
774 858 889 885 Venet.
912 860 941 885 2.
962 859 993 885 4.
1034 856 1193 896 festinus
1213 858 1248 884 G.
1274 858 1302 884 1.
1322 858 1353 884 2.
1372 858 1412 885 1).
1433 857 1468 884 P.
1487 857 1570 884 Elm.
1595 857 1632 884 111
1652 854 1902 894 cett-festinas.

101 902 250 930 amasius
266 900 293 930 «5.
311 903 330 930 f.
379 902 411 929 ιή
427 910 554 929 rot-mm
568 902 710 928 onnn'mn
724 902 850 930 Vivent.
864 904 947 931 lunt.
966 904 993 930 l.
1009 904 1038 930 2).
1053 903 1128 931 Ald.
1143 901 1246 931 Colin.
1263 903 1336 930 Bas.
1352 903 1382 929 2‘.
1416 901 1449 929 in
1470 908 1583 928 eorum
1603 900 1747 927 munium
1767 901 1803 928 B.
1818 901 1904 927 unde

101 948 230 976 Modius
245 948 382 975 coniecit
398 948 430 973 ιή
446 956 504 973 ore
517 947 671 975 omnium.
686 948 721 975 F.
737 955 799 975 non
816 950 895 975 bene
909 949 985 975 dare
1005 947 1037 974 ιή
1052 955 1181 974 corona
1195 946 1339 973 omnium
1359 947 1411 974 vir
1425 948 1538 974 doctus
1559 946 1676 974 adiecit
1692 946 1723 974 In
1737 953 1839 975 mare.
1853 945 1902 972 ed.

101 993 207 1021 coir..
233 993 287 1026 qui
303 993 374 1021 eins
390 996 540 1026 excerpta
555 993 738 1027 descripsit.
787 990 903 1018 ibidem
917 992 952 1018 in
966 1000 1080 1019 eoram
1096 991 1240 1019 omm'um
1255 993 1372 1020 absunt
1387 999 1407 1020 a
1421 994 1457 1020 G.
1474 994 1502 1019 1.
1518 993 1547 1019 2).
1561 992 1600 1019 D.
1614 992 1650 1019 P.
1665 991 1700 1019 Ο.
1715 998 1751 1018 π.
1775 992 1812 1018 In
1832 994 1905 1018 cett.

100 1038 190 1065 codd.
205 1042 234 1066 et
249 1039 318 1065 edd.
333 1037 452 1070 legitur
466 1037 616 1064 incorum
631 1037 774 1064 omnium
789 1035 838 1071 (et
853 1037 903 1065 vir
917 1039 1028 1065 doctus
1042 1037 1075 1065 in
1088 1044 1190 1072 marg.
1204 1038 1252 1065 ed.
1267 1044 1359 1065 meae
1373 1038 1499 1065 Vivent.
1514 1036 1720 1071 emendavit)
1735 1039 1862 1070 praeter
1876 1032 1905 1063 ὃ.

99 1086 127 1108 οη
146 1090 192 1117 p.,
207 1083 263 1116 qni
276 1082 378 1109 etiam
394 1090 508 1109 eoram
525 1082 667 1109 omnium
683 1085 848 1116 praebent.
894 1083 1101 1118 gestuquelr.
1115 1083 1140 1110 1.
1155 1086 1183 1110 et
1194 1083 1246 1115 Β..
1261 1083 1343 1115 quod
1358 1082 1455 1110 etiam
1464 1086 1580 1110 'omnes
1594 1082 1824 1109 anteu'ower.
1835 1081 1906 1108 edd.

99 1129 265 1160 praebent.
290 1129 325 1155 In
347 1131 419 1155 cett.
440 1130 636 1164 questuque.
684 1125 900 1154 conclamata
921 1128 958 1156 G.
979 1128 1008 1154 2.
1027 1128 1065 1155 D.
1086 1128 1121 1155 P.
1171 1127 1374 1154 accessisset
1388 1134 1442 1161 pro
1456 1126 1666 1154 accurrisset
1680 1126 1701 1154 f.
1750 1128 1854 1162 atque
1868 1123 1907 1150 de.

97 1170 214 1199 mediis
233 1173 269 1200 P.
316 1172 464 1209 {ungulis
478 1174 514 1200 G.
529 1174 559 1201 2.
581 1171 705 1206 (neque
718 1171 857 1205 iugulis,
884 1175 916 1199 ut
937 1173 1017 1200 Oud.
1038 1175 1193 1206 excerpta
1211 1173 1390 1207 habebant,
1415 1172 1498 1206 quod
1523 1171 1619 1200 etiam
1641 1172 1672 1200 in
1693 1172 1731 1200 D.
1750 1170 1907 1206 legitur.)

78 1207 86 1216 ¹
97 1215 241 1254 ungulas
256 1219 291 1246 G.
308 1219 336 1246 1.
352 1225 372 1246 a
384 1225 424 1246 m.
440 1226 469 1252 p.
484 1216 524 1251 (a
538 1226 577 1245 m.
593 1227 618 1245 s.
634 1215 794 1253 ungulis.)
842 1219 985 1253 ereppta
998 1218 1033 1245 G.
1052 1218 1078 1245 1.
1112 1219 1228 1244 erecta
1242 1217 1282 1244 D.

96 1359 290 1399 hostiliter
315 1360 468 1412 agentis
494 1359 608 1398 Ovid.
635 1358 747 1397 Pont.
764 1357 826 1396 III.
848 1363 885 1399 3.
910 1363 970 1399 18.

1087 1360 1255 1399 honesta
1271 1361 1423 1399 iurene.
1462 1360 1544 1412 [De
1560 1374 1655 1399 voce
1671 1361 1823 1400 incenis
1835 1373 1904 1410 pro

95 1417 227 1456 Amor.
248 1415 309 1454 III.
334 1421 394 1457 12.
425 1421 485 1457 17.
512 1415 648 1467 Itaque
673 1415 855 1454 audiendi
881 1419 972 1454 sunt
1024 1415 1172 1467 puella
1193 1415 1448 1455 ef.Munk.ad
1460 1416 1649 1468 Hyg.sab.
1666 1415 1906 1455 CLXXXII.

96 1473 295 1511 codices.“
320 1472 433 1511 Hanc
449 1473 574 1519 legem
589 1473 734 1524 ubique
750 1472 970 1517 observavi,

95 1529 262 1581 hincque
287 1533 417 1568 contra
443 1528 544 1568 Oud.
572 1543 711 1569 aversa
738 1541 787 1566 ex
813 1530 969 1579 optimis

96 1589 135 1624 et
161 1586 276 1638 longe
302 1585 474 1637 plurimis
506 1585 618 1624 codd.
651 1584 826 1637 praetuli.
877 1584 970 1624 Erat

96 1656 213 1693 quum
228 1642 409 1694 equidem
425 1656 475 1680 ex
488 1642 636 1692 aliquot
649 1641 759 1680 codd.
778 1641 968 1692 legerem:

96 1704 135 1738 et
160 1700 321 1752 ferinas
352 1699 580 1751 voluptates
611 1699 669 1736 ml
694 1712 873 1737 aversam
901 1699 970 1737 Ve-

95 1769 228 1795 nerem
253 1756 397 1795 incitat
417 1770 467 1795 ac
489 1758 667 1806 nuptias.
696 1755 847 1794 Aversa
866 1755 971 1793 enim

103 1813 248 1859 senus,
275 1823 376 1862 quae
402 1811 585 1863 opposita
611 1815 673 1849 est
694 1812 897 1861 femineae
922 1811 969 1850 cf.

95 1867 209 1907 Ovid.
242 1868 341 1907 Met.
373 1868 425 1908 X.
458 1872 522 1908 80.
562 1872 625 1905 est
656 1881 722 1912 ea,
765 1881 840 1918 qua
883 1869 970 1919 quis

95 1926 210 1963 utitur
235 1926 270 1963 in
296 1926 428 1976 pueris
456 1924 650 1966 vitiandis,
676 1923 779 1961 unde
806 1923 969 1977 Capitol.

95 1982 131 2019 in
146 1981 210 2019 vit.
225 1982 316 2020 Alb.
331 1996 363 2020 c.
377 1986 438 2021 11.
454 1980 559 2019 dicit:
585 1980 853 2020 Malim-arius
867 1983 971 2019 inter

91 2038 250 2089 primos
291 2043 493 2076 amatores
540 2050 738 2075 aversae
787 2037 971 2076 veneris

95 2107 250 2145 semper
276 2095 467 2147 iynaruS,
492 2097 624 2130 utnon
644 2092 771 2131 solum
791 2094 971 2145 feminae

96 2149 171 2187 sed
196 2150 312 2189 etiam
334 2151 458 2202 paeri
483 2148 796 2200 intelligerentur.
823 2149 880 2188 Ita
901 2149 971 2188 sor-

95 2207 195 2245 sitan
222 2220 297 2245 non
322 2207 409 2244 sine
440 2219 582 2244 caussa
615 2207 745 2256 posuit
775 2205 970 2257 Apuleius

96 2277 236 2302 (mersa
252 2263 410 2302 Venere.
433 2262 542 2300 Bene
558 2261 818 2309 monetOud.,
840 2263 970 2302 Venus

95 2319 158 2358 hic
180 2333 257 2358 non
283 2320 333 2358 de
357 2320 459 2357 coitu
478 2332 572 2357 esse
591 2318 839 2364 sumendum,
867 2332 969 2370 quae

95 2376 322 2427 significatio
337 2389 411 2413 non
428 2376 480 2413 ita
493 2389 575 2414 rara
591 2379 670 2422 est3
696 2374 801 2414 etad
817 2375 966 2414 Met.V.

97 2446 131 2483 p.
165 2436 258 2473 339.
304 2432 530 2472 Venerem
559 2446 683 2470 meam
714 2431 967 2471 recolentem.

97 2486 158 2527 De
201 2493 333 2527 nostro
372 2488 458 2526 loco
500 2489 580 2539 agit
621 2487 755 2526 Barth.
798 2488 968 2527 Advers.

94 2544 265 2584 XXXII.
295 2550 358 2586 15.
384 2559 421 2597 p.
452 2544 594 2596 1491]

150 2614 330 2665 nuptias.
380 2611 497 2664 [Prie.
523 2612 574 2650 ad
599 2612 702 2650 hune
728 2611 854 2650 locum
881 2612 972 2651 citat

95 2670 212 2708 Auet.
239 2670 290 2708 ad
314 2669 485 2708 Herenn.
512 2668 578 2707 lv.
607 2672 671 2708 34.
705 2669 820 2707 cuius
845 2674 972 2707 mater

98 2726 353 2778 quotidianis
394 2726 585 2776 nuptiis
626 2725 870 2765 delectatur.
921 2724 969 2764 cs.

97 2780 260 2822 Taubm.
284 2782 336 2821 ad
360 2780 487 2820 Plaut.
514 2780 705 2819 Pseudol.
730 2780 758 2819 Ι.
785 2784 821 2820 3.
841 2785 906 2822 80.
932 2784 972 2820 et

97 2837 252 2889 Fragm.
290 2852 341 2877 ex
376 2837 488 2877 Fest.
530 2851 563 2876 s.
596 2850 632 2877 v.
676 2838 797 2876 rerba
837 2844 971 2889 nupta

97 2908 137 2946 p.
153 2898 243 2935 108.
263 2895 360 2934 Met.
372 2893 424 2932 X.
446 2909 484 2947 p.
507 2898 600 2935 749.
619 2895 714 2932 meis
736 2894 972 2945 praeclaris

97 2951 286 3002 nuptiis
298 2952 554 2991 destinatam.
581 2949 638 2989 Ita
651 2954 779 3002 γιιμξῖν
793 2950 840 2988 cf.
856 2950 973 2989 Hom.

98 3005 227 3058 Odys.
241 3006 268 3046 l.
283 3011 347 3050 36.
374 3011 413 3047 et
437 3007 599 3047 Lucian.
624 3006 661 3046 h.
679 3006 701 3046 l.
728 3010 857 3058 γαμεῖν
881 3008 971 3045 item

99 3062 223 3116 dixit]

1029 1486 1065 1524 p.
1100 1476 1195 1513 301.
1234 1472 1342 1511 Stav.
1380 1474 1424 1511 in
1461 1474 1694 1513 iuvenes
1729 1477 1907 1513 mutatae

1028 1534 1134 1569 sunt.
1169 1528 1325 1568 Ruhnk.
1357 1528 1461 1568 Dict.
1493 1529 1542 1567 ad
1574 1529 1682 1568 Suet.
1711 1530 1813 1580 Aug.
1840 1532 1905 1569 31.

1028 1598 1066 1636 p.
1095 1590 1186 1626 147.
1213 1585 1418 1624 Foertsch.
1444 1586 1496 1624 ad
1521 1586 1643 1625 Voss.
1669 1584 1787 1625 Arist.
1812 1585 1857 1624 T.
1879 1584 1904 1622 I.

1027 1656 1067 1694 p.
1093 1642 1211 1694 326]

1083 1703 1347 1751 prostratam.
1398 1699 1685 1751 [Prosternere
1710 1712 1786 1738 vox
1820 1713 1905 1751 pro-

1028 1756 1112 1807 pria
1137 1759 1199 1794 est
1227 1769 1359 1795 earum
1389 1755 1589 1794 mulierum
1615 1770 1716 1807 quae
1742 1756 1906 1807 compri—

1028 1816 1182 1850 muntur
1224 1817 1264 1850 et
1299 1812 1350 1850 ad
1387 1825 1594 1851 veneream
1636 1813 1905 1864 turpitudinem

1030 1867 1191 1906 refertur
1204 1867 1251 1907 cf.
1262 1867 1365 1907 Oud.
1377 1869 1427 1908 ad
1438 1869 1546 1907 Suet.
1556 1869 1657 1920 Aug.
1668 1873 1732 1909 68.
1747 1868 1904 1908 Ruhnk.

1031 1925 1079 1962 ad
1106 1925 1232 1964 eiusd.
1247 1924 1364 1964 saeS.
1379 1939 1408 1963 c.
1426 1929 1461 1966 2.
1478 1939 1514 1977 p.
1532 1930 1568 1966 7.
1592 1924 1678 1965 Intt.
1693 1925 1743 1965 ad
1757 1925 1905 1964 Arnob.

1030 1980 1077 2020 11.
1103 1985 1170 2021 42.
1197 1979 1240 2020 Τ.
1267 1980 1310 2019 II.
1337 1995 1374 2033 p.
1401 1985 1468 2023 69.
1493 1981 1642 2034 Orell]

1088 2039 1273 2077 incoram
1299 2039 1483 2078 omnium.
1533 2037 1692 2090 ineptae
1706 2044 1796 2078 sunt
1811 2039 1905 2077 viro-

1028 2107 1112 2132 rum
1137 2094 1340 2132 doctorum
1359 2095 1624 2142 coniecturae,
1651 2110 1769 2146 quum
1789 2096 1904 2135 dictio

1029 2152 1131 2188 bene
1156 2164 1202 2188 se
1227 2150 1384 2190 habeat.
1433 2151 1481 2191 cf.
1517 2152 1612 2192 Met.
1645 2151 1713 2191 IX.
1746 2166 1782 2204 p.
1811 2157 1904 2195 611.

1029 2208 1214 2246 incoram
1247 2208 1422 2248 omnium
1452 2223 1617 2249 aureum
1646 2209 1904 2261 depromeret

1029 2263 1282 2303 cantharum.
1309 2263 1418 2302 Idem
1433 2266 1507 2303 iam
1522 2266 1700 2317 probavit
1709 2265 1904 2304 stewech.

1027 2319 1079 2358 ad
1103 2319 1199 2358 Met.
1214 2318 1298 2358 Vll.
1325 2334 1361 2371 p.
1388 2326 1480 2362 456.
1509 2321 1656 2374 [Burm.
1679 2322 1729 2361 ad
1743 2322 1904 2361 Anthot.

1027 2375 1116 2414 Lat.
1144 2375 1188 2414 T.
1214 2375 1241 2414 I.
1268 2390 1306 2428 p.
1335 2382 1425 2418 157.
1456 2377 1640 2417 Ruddim.
1667 2377 1761 2417 Inst.
1787 2378 1831 2417 T.
1860 2378 1904 2417 11.

1026 2447 1064 2485 p.
1092 2436 1187 2474 334.
1222 2432 1350 2473 Hand.
1377 2434 1548 2475 Tursell.
1573 2435 1617 2474 ll.
1651 2450 1688 2487 p.
1719 2439 1808 2476 131.
1841 2434 1905 2474 Ill.

1027 2503 1065 2541 p.
1092 2493 1185 2530 358.
1224 2488 1360 2530 Eckst.
1392 2491 1442 2530 ad
1473 2492 1594 2531 Voss.
1621 2493 1740 2531 Arist.
1769 2491 1814 2531 T.
1840 2489 1903 2530 Ill.

1029 2559 1067 2597 p.
1093 2546 1209 2598 999]

1090 2619 1242 2666 questu.
1293 2614 1467 2666 [Gruter.
1492 2616 1529 2655 in
1557 2616 1676 2668 Susp.
1694 2617 1793 2656 ined.
1821 2631 1851 2654 c.
1869 2620 1904 2656 7.

1029 2670 1135 2721 apud
1159 2670 1330 2710 Rossch.
1357 2670 1402 2710 T.
1419 2671 1479 2711 111.
1506 2687 1542 2724 p.
1563 2677 1657 2714 426.
1684 2673 1908 2712 emendavit

1031 2727 1213 2779 less-uque
1238 2741 1306 2779 pro
1330 2734 1529 2781 yestaqne
1553 2742 1604 2767 ex
1624 2729 1702 2767 Cic.
1720 2729 1844 2781 Legg.
1861 2728 1907 2769 ll.

1031 2786 1095 2824 23.
1121 2782 1152 2833 §.
1179 2787 1243 2824 59.
1270 2784 1319 2823 cf.
1344 2785 1474 2824 Doed.
1501 2785 1598 2836 Syn.
1613 2785 1677 2825 III.
1697 2799 1733 2836 p.
1753 2791 1825 2827 151
1843 2799 1905 2836 sq.

1029 2839 1177 2878 Verum
1206 2845 1350 2892 postea
1379 2841 1560 2887 affirmat,
1591 2841 1805 2893 Apuleium
1837 2855 1906 2894 per

1031 2900 1185 2946 gestum
1213 2898 1420 2936 lemineum
1455 2899 1704 2937 subindicare
1728 2900 1905 2939 voluisse

1029 2952 1159 3004 ipsum
1185 2952 1346 2992 lessum.
1396 2953 1513 3000 Quod
1538 2969 1612 3006 ego
1638 2956 1805 3006 probare
1830 2970 1903 2994 non

1030 3021 1206 3059 possum.
1259 3011 1449 3057 Questus,
1494 3012 1598 3062 quod
1630 3013 1763 3063 optimi
1791 3013 1904 3054 codd.

1030 3067 1235 3117 praebent,
1263 3067 1470 3121 praestat]
