2155 3590
636 169 820 213 LIBER
852 175 945 214 vll.
1000 178 1123 219 CAP.
1156 182 1271 222 vm.
1302 184 1380 229 IX.

1212 803 1218 810 .
1266 782 1361 812 orez-2¹
1373 787 1532 823 temporr's
1545 789 1659 825 spatio
1673 792 1708 821 F.
1725 794 1753 821 1.
1768 795 1798 822 3.
1815 796 1849 823 G.
1866 798 1896 825 1.

100 800 133 827 2.
154 801 189 829 0.
203 801 242 831 D.
256 803 293 832 B.
307 801 336 833 ὃ.
351 805 372 834 f.
386 807 467 836 Elui.
483 810 584 839 Scriv.
599 812 719 842 Florid.
743 817 781 843 In
800 822 871 847 cett.
886 822 967 849 MSS.
984 826 1012 850 et
1026 825 1106 853 Edd.
1123 829 1171 854 est
1184 825 1303 856 brevis.
1340 830 1380 858 ef.
1394 833 1520 862 Auson.
1539 835 1658 865 Pasch.
1681 838 1731 868 10.
1756 837 1896 868 brevis

101 846 196 873 aevi
218 855 362 879 cursum.
387 852 504 885 Qualia
518 856 642 888 passim
654 859 794 889 variant.
818 863 862 891 At
876 866 1006 898 optimis
1020 870 1108 897 codd.
1124 873 1405 906 obtemperandum
1418 881 1477 906 est.

190 890 340 922 calculus
361 897 396 923 G.
419 898 432 924 1
441 919 448 924 .

496 897 631 937 deferre
649 904 697 931 ed.
718 912 764 938 pr.
778 907 892 936 Vener.
914 912 943 938 2.
962 912 1090 942 Vicent.
1133 913 1167 951 d(

1168 913 1301 951 fferunt
1321 920 1356 947 G.
1372 921 1401 948 1.
1422 927 1441 949 a
1454 929 1494 950 m.
1510 930 1540 957 p.
1560 926 1659 954 solita
1678 929 1893 959 aberratione.

99 932 316 965 lalv'usculam
338 942 373 968 G.
394 943 423 970 2.
442 943 481 971 D.
496 945 531 972 P.
547 942 575 973 ὃ.
614 953 770 976 sumeret.
784 948 921 980 Abz'ecto
935 957 1132 985 centunculo
1147 958 1250 988 dicite
1263 962 1312 989 sic
1325 964 1550 1002 reformatus.
1575 971 1623 998 Ita
1637 972 1808 1007 distinguit
1822 977 1892 1004 cod.

97 980 198 1009 Oxon.
222 983 260 1010 In
273 988 344 1013 cett.
358 987 504 1016 omnibus
519 995 674 1021 sumeret.
689 993 819 1022 abiecto
835 1000 1032 1029 centunculo
1046 1001 1158 1033 dieite.
1186 1004 1240 1033 Sic
1253 1007 1475 1046 reformatus„
1496 1012 1644 1049 singulos
1658 1017 1890 1054 exosculatus,

97 1027 130 1050 ut
142 1025 179 1053 F.
195 1027 223 1054 1.
238 1028 267 1055 3.
283 1029 318 1057 G.
334 1031 363 1058 2.
377 1031 416 1058 D.
430 1032 466 1060 Β.
486 1034 557 1063 edd.
576 1040 652 1064 vett.
669 1039 753 1067 Elin.
773 1041 913 1072 vulcan.
932 1047 964 1073 2.
984 1047 1009 1073 F

93 1070 219 1104 scripta
230 1077 316 1102 sunt.
363 1081 494 1104 smttere
506 1075 536 1107 δ’.
571 1086 737 1115 summere!
749 1086 785 1114 G.
799 1087 830 1115 2.
843 1089 882 1116 D.

1014 1048 1105 1077 lorid.
1125 1050 1232 1078 Seriv.
1256 1053 1295 1080 ln
1308 1054 1343 1081 G.
1361 1055 1388 1081 1.
1407 1057 1488 1084 haec
1502 1061 1603 1087 verba
1616 1067 1679 1089 uno
1695 1065 1805 1092 tenore
1817 1072 1890 1098 per-

917 1095 1086 1120 sumereuc
1099 1095 1137 1122 P.
1184 1096 1359 1125 centuculo
1373 1100 1407 1128 G.
1423 1101 1452 1129 ⁶2.
1468 1101 1490 1130 f.
1527 1105 1703 1133 centumalo
1715 1108 1755 1136 D.

564 1178 671 1217 Nam
701 1186 741 1220 et
770 1184 961 1225 viriculas
1020 1189 1196 1230 ducatus
1208 1193 1244 1230 in
1258 1207 1331 1232 usu
1345 1200 1409 1233 est
1422 1199 1525 1247 apud
1540 1199 1671 1242 Afros.
1697 1203 1755 1243 Ita
1767 1205 1886 1258 Apul.

84 1228 328 1272 patrzmonu'
344 1235 695 1282 pereyrmationis
719 1241 961 1281 attriverant
1016 1243 1113 1283 Met.
1134 1246 1184 1285 X.
1210 1261 1246 1298 p.
1267 1250 1364 1290 679.
1398 1255 1470 1304 qui
1498 1256 1608 1295 mille
1638 1266 1886 1303 armatorum

78 1279 289 1329 impensae
301 1313 309 1321 .
319 1313 327 1322 .
337 1314 346 1322 .
357 1313 365 1322 .
375 1291 583 1336 postremo
598 1291 737 1336 iussus,
751 1299 851 1334 ceste
864 1297 879 1332 i
875 1310 956 1347 psa

85 1347 170 1373 mea
203 1341 380 1388 quamvis
403 1344 584 1392 parvula
616 1346 836 1396 distracta,
861 1356 954 1404 suf-

78 1390 336 1439 ficientem
361 1401 556 1437 corrasi
578 1405 882 1459 summulam]

138 1446 355 1498 lapideam.
394 1451 462 1491 Sic
481 1455 686 1506 Augustus
711 1461 815 1510 apud
839 1463 949 1502 Suet.

81 1514 112 1545 c.
139 1505 203 1544 29.
227 1505 426 1555 gloriatur,
457 1523 504 1548 se
527 1512 680 1560 urbem,
712 1528 829 1566 quam
854 1517 949 1558 late-

78 1557 207 1597 riciam
221 1569 438 1613 acceperat,
446 1579 701 1608 marmoream
714 1571 947 1625 relinquere.

135 1613 223 1655 CA».
248 1616 317 1657 IX.
365 1621 570 1663 ducatum.
619 1626 808 1669 Ducatus
832 1644 945 1670 voca-

74 1668 204 1710 bulum
220 1686 306 1712 cum
319 1678 471 1724 ceteris,
484 1691 583 1730 quae
597 1682 686 1720 inde
699 1687 943 1734 proficiscun-

74 1729 150 1772 tur,
169 1733 383 1779 argenteae
409 1732 608 1776 latinitatis
637 1739 790 1779 videtur
815 1742 940 1782 suisse

70 1786 284 1834 proprium,
321 1801 436 1838 quum
461 1796 584 1840 certe,
621 1800 806 1845 quantum
842 1802 939 1846 scio,

71 1837 257 1880 Suetonio
281 1844 384 1894 prior
407 1860 522 1886 nemo
547 1849 677 1889 afferri
701 1855 847 1903 possit,
873 1858 938 1907 qui

68 1893 107 1931 id
136 1900 390 1950 usurpaverit.
423 1902 550 1944 Tiber.
588 1920 621 1946 c.
649 1911 711 1948 19.
750 1911 793 1948 in
830 1914 939 1951 omui

68 1950 265 1994 ducatu.
301 1960 342 1994 et
364 1957 457 1998 Ner.
493 1974 525 1999 e.
552 1966 616 2002 35.
655 1964 865 2006 ducatus
900 1974 940 2007 et

65 2006 250 2058 imperia.
277 2010 472 2063 Spartian.
497 2014 692 2058 Pescenn.
721 2020 814 2071 Nig.
840 2036 873 2061 e.
898 2028 935 2064 4.

64 2073 104 2110 p.
130 2066 226 2104 650.
250 2066 477 2110 ducatum
500 2086 598 2112 moa:
622 2075 742 2114 dabo.
767 2076 856 2116 Nee
869 2079 935 2118 du-

61 2116 174 2156 bitari
209 2126 360 2171 potest,
403 2127 493 2176 quin
530 2128 606 2167 hoc
641 2132 876 2172 vocabulum
911 2148 934 2173 a

62 2173 218 2214 ducare
229 2179 281 2216 sit
291 2183 565 2230 repetendum,
580 2187 685 2235 quod
699 2201 932 2240 quamquam

58 2228 96 2266 in
111 2228 248 2271 lexicis
267 2234 410 2275 frustra
427 2242 620 2288 quaesivi,
646 2248 782 2294 aperte
801 2249 930 2285 tamen

60 2284 197 2326 Gloss.
210 2289 376 2331 Vulcan.
390 2297 583 2335 testantur
604 2298 727 2344 duce,
742 2302 775 2339 is
787 2295 928 2353 ἄγομαι

57 2341 170 2381 duco
187 2359 233 2384 as
253 2344 427 2399 ἡγέομαι,
459 2352 513 2390 ita
531 2357 574 2391 ut
591 2355 626 2392 in
647 2356 926 2406 significatione

54 2400 217 2447 regendi
252 2407 293 2441 et
327 2405 540 2456 imperandi
575 2410 664 2448 sola
699 2420 925 2464 usurpatum

53 2453 239 2495 videatur.
285 2458 379 2498 Inde
404 2462 444 2500 fit
468 2465 645 2504 ducator
671 2467 807 2508 Gloss.
821 2469 922 2510 Phil.

52 2505 162 2559 ἀγός,
186 2515 465 2567 προηγούμενος
490 2520 652 2561 Tertull.
671 2524 824 2563 advers.
839 2525 921 2566 Iud.

54 2569 117 2606 13.
141 2580 179 2619 p.
207 2573 299 2611 198.
322 2572 374 2612 Ι).
399 2574 563 2626 Rigalt:
595 2592 684 2618 cum
708 2581 921 2621 ducator

49 2622 133 2662 eius
155 2625 200 2663 in
224 2639 270 2665 eo
290 2631 388 2680 pati
398 2631 564 2672 haberet
576 2633 626 2672 du
647 2634 765 2687 Cang.
781 2637 918 2678 Gloss.

46 2689 82 2715 S.
98 2690 130 2717 v.
143 2678 203 2720 lta
221 2680 361 2734 legitur
379 2687 552 2727 ducatio
572 2690 676 2741 apud
691 2691 852 2732 Tertull.
867 2695 917 2732 de

49 2730 334 2785 Coron.c.11.,
358 2743 423 2780 ubi
447 2747 577 2783 tamen
603 2746 720 2785 hodie
744 2750 918 2789 scribunt

42 2790 194 2839 quibus
214 2797 538 2845 familiare'ssc'ma
563 2807 621 2841 est
649 2804 916 2844 advocatio

42 2848 306 2898 necessitatis,
332 2858 372 2892 et
385 2859 690 2905 excusationem,
715 2860 915 2911 allegatio-

45 2911 141 2939 nem>
163 2906 376 2956 explicant,
412 2916 455 2949 ut
489 2913 606 2963 paulo
642 2929 779 2966 supra:
814 2918 912 2956 Non

39 2955 377 3006 *admittitstatus
402 2969 505 3019 fidei
533 2969 822 3022 alle-qatc'onem
846 2987 910 3012 ue-

43 3014 249 3056 cessantis.
285 3019 537 3064 Inducatrix
562 3026 683 3065 habet
712 3028 909 3079 Apuleius

38 3065 92 3103 de
122 3068 263 3122 Dogm.
294 3074 394 3116 Plat.
425 3078 472 3118 ll.
504 3094 542 3132 p.
569 3086 662 3123 225.
694 3084 791 3123 illae
816 3099 909 3124 vero

39 3123 227 3166 vitiorum
270 3131 563 3176 ducatrices.
625 3139 796 3191 Saepius
832 3155 908 3179 vox

1015 1300 1246 1342 ducatum
1270 1308 1502 1349 sustinebat.
1529 1310 1690 1353 Tertull.
1721 1317 1770 1354 ad
1794 1318 1884 1357 Nat.

1012 1354 1057 1393 Π.
1084 1370 1115 1394 c.
1141 1362 1177 1396 5.
1203 1372 1240 1409 p.
1267 1365 1331 1402 56.
1359 1361 1400 1401 C.
1431 1362 1577 1417 Rigalt.
1609 1370 1680 1409 sub
1713 1385 1884 1423 quorum

1011 1411 1194 1453 ‹Zucatu
1225 1421 1264 1454 et
1291 1423 1496 1467 potestate
1528 1427 1719 1473 operatio
1750 1442 1884 1469 rerum.

1010 1467 1205 1508 decurrit.
1231 1472 1322 1510 ibid.
1335 1473 1385 1512 D.
1401 1480 1643 1519 catere-endis
1657 1486 1881 1534 temporum

1008 1523 1236 1565 ducatibus.
1262 1529 1415 1568 advers.
1447 1531 1529 1572 lud.
1556 1538 1621 1575 24.
1653 1549 1689 1587 p.
1717 1543 1809 1580 200.
1837 1540 1879 1579 C.

1005 1577 1152 1630 Rigalt.
1171 1582 1330 1623 Discite
1353 1600 1462 1626 meuc
1487 1602 1540 1628 ex
1563 1591 1795 1634 abundanti
1819 1610 1878 1635 er-

1003 1637 1111 1675 roris
1134 1641 1257 1678 vestri
1282 1641 1510 1683 ducatum
1535 1650 1575 1684 et
1587 1648 1739 1689 advers.
1753 1651 1875 1691 Marc.

1004 1695 1039 1730 7.
1060 1705 1098 1742 p.
1117 1698 1213 1734 400.
1230 1694 1270 1733 C.
1284 1695 1430 1747 Rigalt.
1457 1699 1608 1741 Discat
1629 1719 1739 1746 nune
1763 1708 1876 1748 ltere-

1000 1748 1104 1786 ticus
1138 1763 1192 1788 esc
1226 1752 1457 1793 abundanti
1495 1770 1584 1797 cum
1614 1761 1706 1811 ipso
1737 1763 1875 1803 licebit

998 1803 1158 1843 Iudaeo
1179 1809 1378 1847 rationem
1401 1825 1564 1864 quoque
1575 1828 1758 1857 errorum
1773 1821 1873 1865 eius,

997 1874 1024 1897 a
1051 1873 1132 1911 quo
1157 1862 1385 1904 ducatum
1409 1872 1614 1909 mutuatus
1628 1871 1869 1914 Gloss.Phi-

998 1913 1076 1954 lox.
1095 1921 1212 1966 p.81.
1239 1919 1414 1960 ducatus
1439 1921 1633 1974 ἡγεμονία,
1660 1928 1870 1971 ducatus

997 1970 1202 2012 latronum
1231 1972 1325 2026 ἀρχὴ
1356 1978 1539 2027 λῃστείας.
1589 1982 1724 2024 Gloss.
1753 1986 1866 2026 Vule.

994 2037 1033 2076 p.
1058 2027 1124 2067 43.
1151 2029 1326 2070 ducatus
1361 2030 1498 2086 ἀγωγή.
1530 2040 1569 2075 et
1592 2038 1659 2078 Du
1684 2039 1802 2094 Cang.
1828 2045 1865 2082 in

992 2081 1142 2120 Lexico
1168 2098 1200 2122 s.
1217 2085 1269 2138 ιη]

1061 2139 1281 2192 deferrent.
1351 2144 1547 2198 Deferre,
1597 2164 1698 2201 quae
1746 2153 1862 2194 lectio

992 2198 1055 2232 est
1089 2195 1235 2247 aliquot
1272 2198 1484 2241 editionum
1518 2206 1748 2256 priscarum,
1786 2226 1860 2251 non

989 2249 1230 2301 ineleganter
1277 2255 1419 2295 dictum
1467 2272 1562 2298 esse
1603 2268 1713 2314 putat
1756 2266 1859 2307 oud.

988 2319 1058 2356 per
1100 2306 1317 2361 Enallagen
1354 2326 1390 2351 s.
1427 2313 1595 2368 Ellipsin
1635 2319 1723 2360 coll.
1760 2323 1856 2363 Met.

985 2360 1031 2399 11.
1068 2375 1106 2414 p.
1146 2369 1238 2405 137.
1279 2371 1407 2419 pueri
1449 2372 1624 2424 obferre.
1661 2375 1750 2416 Nec
1790 2381 1856 2418 ob-

983 2421 1089 2456 stare
1121 2419 1228 2468 dicit,
1266 2424 1372 2474 quod
1401 2432 1588 2478 sequatur
1613 2437 1853 2485 proferunt,

983 2486 1100 2524 quum
1129 2490 1205 2515 non
1241 2493 1326 2517 raro
1351 2482 1403 2520 ita
1428 2483 1540 2522 codd.
1565 2489 1730 2533 varient,
1763 2492 1852 2530 coll.

980 2529 1070 2569 dict.
1095 2533 1180 2571 suis
1205 2534 1257 2573 ad
1280 2534 1383 2576 Hist.
1406 2537 1453 2578 B.
1478 2540 1562 2579 Afr.
1595 2556 1628 2582 c.
1655 2549 1691 2584 7.
1722 2550 1761 2584 et
1784 2551 1850 2587 25.

979 2599 1119 2627 rursus
1141 2602 1182 2628 se
1204 2593 1432 2643 recipere
1455 2618 1510 2623 —-
1535 2602 1683 2650 atque
1713 2605 1849 2641 auxi-

979 2641 1047 2681 tia
1071 2644 1284 2685 abduxit
1305 2647 1402 2688 Met.
1415 2649 1468 2690 X.
1493 2665 1530 2702 p.
1547 2656 1638 2694 696.
1664 2656 1729 2694 ubi
1754 2672 1848 2697 non-

976 2698 1071 2736 nulli
1091 2700 1203 2740 eodd.
1223 2702 1358 2753 legunt
1382 2709 1639 2759 corripere
1663 2714 1844 2763 trepida-

975 2754 1036 2791 tio
1133 2759 1363 2798 suceedz't
1377 2762 1534 2812 pallor.
1561 2764 1845 2809 Duk.adF10r.

974 2808 1041 2848 IV.
1056 2816 1136 2852 c.4.
1151 2811 1202 2851 Et
1215 2818 1346 2853 contra
1359 2819 1619 2866 praecedente
1638 2823 1842 2863 indicativo

975 2869 1014 2902 et
1037 2869 1218 2918 sequenti
1247 2870 1428 2910 infinitivo
1461 2888 1492 2912 e.
1519 2879 1584 2916 20.
1612 2879 1840 2931 frequen-

971 2922 1109 2961 tabat
1129 2938 1223 2963 suas
1237 2928 1407 2978 copias.-
1433 2932 1625 2981 officinas
1634 2937 1841 2984 ferrarias

969 2977 1221 3018 iustruere.
1254 2981 1366 3032 Sept.
1391 2984 1443 3022 de
1466 2984 1512 3024 B.
1540 2986 1693 3028 Troian.
1717 2990 1744 3029 I.
1774 2997 1835 3034 19.

968 3031 1076 3072 Lues
1100 3036 1209 3074 iuva
1220 3037 1296 3076 dit
1314 3043 1438 3091 atque
1450 3070 1475 3079 ..
1485 3072 1494 3080 .
1507 3043 1637 3084 millia
1646 3048 1836 3100 fatigare

967 3092 1250 3147 etpromc'scue
1267 3099 1503 3145 yrassarz'.
1529 3097 1626 3140 11.1.
1641 3103 1835 3144 evolant

966 3145 1151 3190 navibus,
1178 3161 1306 3200 neque
1324 3153 1445 3190 versis
1458 3153 1520 3193 lu's
1532 3161 1657 3208 atque
1669 3160 1710 3196 in
1721 3162 1830 3213 fuya

1461 3208 1512 3249 35
1530 3210 1550 3232 *
