2221 3667
207 563 271 595 755

298 163 406 205 1002
552 162 595 200 t..
625 158 847 200 APULEII
876 155 1277 196 MADAURENffls
1307 153 1848 195 METAMORPHosEoN

295 274 446 314 Adsum
479 280 566 314 tuos
598 271 786 312 miserata
817 282 954 319 casus,
990 269 1125 308 adsum
1158 268 1296 308 favens
1329 273 1368 306 et.
1397 266 1580 321 propitia.
1641 264 1759 306 Mitte
1783 266 1858 307 iam
1885 268 2021 318 fletus,
2053 274 2092 307 et

295 328 597 370 lamentationes
630 327 787 376 omitte,
821 325 968 379 depelle
999 337 1230 365 moerorem.
1290 322 1373 363 Iam
1410 322 1479 362 tibi
1516 321 1762 376 providentia
1791 337 1878 363 mea
1902 323 2093 364 illucescit

297 387 378 426 dies
416 385 616 426 salutaris.
681 382 790 436 Ergo
826 382 947 436 igitur
982 381 1156 435 imperiis
1198 380 1284 420 istis
1328 379 1425 420 meis
1463 378 1634 418 animum
1671 378 1829 419 intende
1865 379 2086 420 sollicitum.

296 442 433 492 Diem,
473 441 535 494 qui
568 440 652 480 dies
683 439 836 480 exista
867 445 981 479 nocte
1006 444 1212 487 nascetur,
1250 443 1413 477 aeterna
1437 435 1530 475 mihi
1556 434 1795 489 nuncupavit
1818 434 1980 489 religio3
2018 451 2093 489 quo

297 499 443 539 sedatis
477 496 650 537 bibernis
683 494 978 551 tempestatibus
1011 501 1050 534 et
1079 493 1211 534 lenitis
1242 492 1363 533 maris
1396 491 1625 547 procellosis
1651 490 1853 542 fluetibus,
1881 491 2093 545 navigabili

298 556 372 595 iam
395 554 402 610 1
424 554 583 609 pelago,
612 553 746 594 rudem
773 552 999 593 dedicantes
1025 550 1199 591 carinam
1225 549 1417 604 primitias
1443 555 1682 589 commeatus
1707 548 1832 588 libant
1862 548 1938 589 mei
1964 561 2095 590 sacer-

298 613 418 652 dotes.
478 610 521 651 ld
547 624 703 651 sacrum
729 623 801 650 nec
827 608 996 650 sollicita
1023 621 1095 647 nec
1120 607 1283 662 profana
1310 612 1440 646 mente
1465 604 1623 646 debebis
1650 604 1833 660 opperiri.

296 765 406 793 Verba
419 763 492 792 inde
507 763 630 792 amitte
640 770 742 796 usque
756 764 794 791 ad
805 760 990 789 omittenon
1005 763 1189 794 comparent
1205 760 1282 789 inL.
1293 759 1480 788 excusando
1495 757 1622 787 librarii
1636 765 1753 794 errore,
1764 757 1859 786 cuius
1873 757 1959 786 oculi
1973 760 2100 786 averho

297 810 393 837 mitte
417 809 528 838 statim
553 809 592 838 ad
619 807 735 835 omitte
755 807 880 841 delapsi
899 810 986 835 sunt.
1013 805 1151 833 obeunte
1170 807 1206 834 G.
1227 807 1256 834 2.
1304 804 1471 832 illm-esest
1488 804 1525 832 F.
1548 806 1578 832 1.
1599 805 1628 832 3.
1650 805 1686 831 G.
1701 805 1729 831 1.
1744 804 1779 831 0.
1794 804 1829 831 Β.
1845 799 1872 830 ὃ.
1889 811 1918 837 p.
1938 804 2007 831 edd.
2021 806 2099 832 vett.

298 863 401 889 usque
418 856 458 883 ad
477 855 566 883 Colv.
586 855 669 882 Elin.
690 852 829 881 scriver.
854 854 892 881 In
912 855 984 880 cett.
1004 850 1187 880 illucescet.
1214 851 1376 880 Praesens
1391 854 1516 884 tempus
1531 849 1679 878 beneficii
1693 848 1917 877 certitudinem
1932 848 2036 883 magis
2050 849 2100 876 in-

299 902 397 929 dicat.
444 898 594 936 impende
609 901 645 927 G.
662 900 692 926 2.
707 899 742 927 Ρ.
756 899 792 927 L.
806 899 844 926 D.
891 896 1099 933 nuncupabit
1111 897 1148 925 F.
1162 898 1192 924 3.
1208 897 1242 924 G.
1260 897 1289 924 1.
1303 897 1334 925 2.
1349 897 1383 923 0.
1399 896 1434 924 P.
1450 897 1488 923 D.
1503 892 1532 923 δ.
1556 897 1593 923 In
1607 897 1678 923 cett.
1693 892 1911 929 nuncupat-il.
1936 894 2100 922 Emenda-

298 950 363 975 tum
380 949 427 974 est
444 946 585 973 futurum
601 951 620 972 a
633 944 779 972 librariis
793 946 922 978 propter
936 944 1130 971 antecedens
1145 944 1300 969 aelerna.
1338 939 1507 979 fluetibus
1522 943 1612 968 abest
1628 947 1647 968 a
1660 940 1697 968 B.
1712 940 1795 973 quod
1810 938 1937 972 Sciopp.
1953 938 2101 973 probavit

297 1000 340 1020 ex
354 991 496 1024 eleganti
511 990 640 1019 dicendi
656 990 779 1017 ratione
788 987 982 1024 procellosa
995 987 1112 1016 muris.
1138 988 1200 1016 Sed
1215 986 1286 1015 eius
1301 987 1472 1015 varietatis
1492 985 1684 1014 mentionem
1704 985 1854 1013 faciendo
1869 985 1950 1012 Elm.
1971 983 2036 1012 iam
2050 987 2102 1012 sat

298 1036 496 1070 declaravit,
523 1042 594 1064 eam
614 1035 678 1063 sibi
697 1034 881 1068 displicere.
906 1035 1057 1068 Abrupta
1075 1033 1136 1061 illa
1161 1040 1224 1061 non
1249 1031 1465 1068 conveniunt,
1491 1031 1595 1065 inquit
1618 1031 1698 1059 oud.
1709 1051 1717 1067 ‚
1743 1029 1912 1058 luxurioso
1938 1032 1967 1057 et
1993 1029 2103 1057 florido

298 1082 435 1117 Apuleii
454 1082 540 1110 stilo.
565 1080 699 1109 Rectius
718 1079 872 1108 dixisset:
898 1082 1057 1114 repugnat
1076 1081 1136 1107 hoc
1155 1077 1395 1106 enuntiatorum
1420 1076 1644 1105 concinnitati.
1669 1075 1841 1104 Praecedit
1864 1075 1949 1102 enim
1974 1072 2103 1102 sedatis

298 1126 446 1155 hibernis
474 1129 624 1162 tempes
635 1129 677 1152 ta
688 1125 743 1152 til>
753 1132 773 1151 u
781 1132 807 1152 s.
854 1123 1042 1152 didicanees
1056 1126 1093 1152 G.
1108 1126 1138 1152 2.
1154 1125 1191 1151 D.
1239 1121 1285 1149 ad
1296 1130 1433 1150 sacrum
1449 1123 1483 1150 B.
1508 1121 1652 1150 Vocibus
1664 1119 1816 1148 sollicita
1828 1127 1888 1147 nec
1901 1119 2021 1148 desinit
2033 1120 2102 1149 cod.

299 1176 336 1203 G.
354 1175 397 1209 1.;
423 1173 455 1200 in
471 1176 616 1200 extrema
629 1173 691 1199 hac
705 1171 826 1206 pagina
839 1172 1033 1199 vocabulum
1043 1166 1227 1206 prophana
1240 1175 1260 1197 a
1273 1176 1371 1197 manu
1391 1166 1518 1196 librarii
1537 1167 1661 1200 scripta
1677 1166 1812 1202 legitur,
1840 1166 1923 1199 quod
1943 1172 2009 1199 seq.
2030 1172 2104 1200 pag.

299 1221 412 1247 abhoc
426 1219 586 1246 vocabulo
601 1216 765 1250 incepisse
777 1216 912 1244 indicat.
937 1216 979 1244 At
999 1215 1115 1244 mirum
1135 1217 1201 1251 est,
1227 1215 1309 1247 quod
1328 1214 1380 1242 hic
1406 1213 1452 1242 ita
1477 1212 1599 1241 sactum
1624 1214 1689 1248 est,
1715 1218 1813 1245 quum
1837 1218 1997 1244 nusquam
2015 1210 2102 1238 alias

299 1265 436 1298 primam
461 1263 628 1297 sequentis
653 1262 794 1296 paginae
817 1268 930 1290 vocem
955 1261 989 1289 in
1013 1261 1075 1289 fine
1100 1259 1326 1294 praecedentis
1351 1259 1488 1294 positam
1513 1257 1662 1286 viderim.

1721 1255 1873 1294 opperiri
1890 1257 1926 1285 F.
1953 1257 1984 1286 3.
2014 1256 2104 1286 cotv.

299 1311 394 1338 vute.
409 1310 438 1338 2.
453 1309 575 1338 Florid.
601 1306 741 1344 operari
752 1309 795 1336 M.
822 1314 958 1344 operam
972 1306 1007 1344 β.
1031 1308 1068 1335 In
1081 1308 1153 1335 cett.
1168 1303 1304 1342 operiri.

297 1444 459 1496 priam
482 1446 688 1494 ycstctmen
714 1445 782 1479 est.
828 1440 931 1492 [Ego
958 1453 1042 1478 cum
1069 1438 1173 1478 Oud.
1231 1442 1310 1476 tum
1335 1437 1471 1475 Iduum
1496 1436 1742 1483 Martiarumg
1780 1434 1898 1485 longe
1928 1433 2104 1485 profecto

299 1513 470 1552 prorsus
501 1498 669 1550 expunxi
701 1501 740 1535 et
770 1497 823 1535 ita
853 1496 1085 1534 vocabulum
1111 1509 1174 1533 ex-

303 1560 425 1594 ortum
457 1568 551 1593 esse
583 1554 808 1605 putaverim.
862 1552 1062 1591 Librarius
1094 1553 1174 1602 qui-

303 1614 391 1652 dam
413 1611 670 1664 percolentes
694 1609 897 1661 explicans
917 1623 984 1660 per
1006 1622 1177 1662 prorsus

304 1669 478 1709 colentes
501 1668 726 1706 adverbium
749 1681 918 1719 prorsus
937 1666 1034 1704 inter
1054 1666 1177 1703 lineas

302 1729 508 1779 posuerat,
546 1724 649 1776 quod
686 1727 830 1775 postea
859 1724 894 1761 in
932 1726 1079 1760 textum
1121 1735 1177 1759 re-

307 1789 462 1834 ceptum
488 1785 528 1820 et
551 1781 642 1832 quia
667 1784 756 1818 ante
774 1779 1029 1832 percolentes
1051 1778 1177 1816 locum

305 1839 448 1877 babere
479 1852 553 1876 non
586 1850 710 1888 posse
746 1836 1050 1888 intelligebatur,
1088 1838 1178 1873 ante

300 1897 490 1949 propriis
513 1895 682 1947 positum
710 1892 802 1946 est]

361 1976 567 2027 Reqinam
594 1974 749 2013 Isidem.
824 1971 1003 2024 [Gruter.
1040 1984 1079 2021 p.
1111 1974 1176 2011 83.

305 2048 339 2071 n.
387 2036 449 2072 12.
494 2031 649 2070 lslm.
687 2029 824 2069 REG.
869 2029 920 2067 P.
962 2028 1178 2068 POSTU-

305 2089 467 2129 mos,
506 2092 545 2126 et
587 2102 622 2126 n.
664 2090 729 2127 13.
767 2085 902 2125 [διο.
947 2084 1082 2125 REG.
1127 2085 1178 2124 P.

305 2144 611 2197 POSTUMI]
866 2153 869 2157 -

364 2227 512 2264 omitte.
562 2224 645 2277 [De
670 2224 778 2261 vocis
804 2221 1085 2273 significatione
1112 2234 1177 2271 pro

305 2284 462 2321 missum.
484 2283 630 2332 facere
659 2280 708 2318 cs.
741 2280 842 2318 Ded.
874 2279 922 2316 ad
950 2278 1050 2316 Dict.
1079 2277 1178 2316 Cret.

308 2340 372 2378 lV.
404 2343 440 2378 8.
492 2338 628 2377 Gloss.
659 2351 698 2389 p.
730 2340 823 2376 344.
857 2339 895 2372 et
926 2350 957 2373 c.
994 2339 1056 2374 11.
1088 2334 1178 2373 ibid.

306 2410 342 2447 p.
375 2399 467 2436 346.
517 2394 566 2434 cl'.
599 2395 693 2432 Met.
726 2392 790 2432 ltt.
823 2405 858 2443 p.
895 2396 985 2432 192.
1027 2405 1179 2430 onmem

306 2455 437 2505 mitur
474 2453 526 2490 de
563 2456 633 2490 tuo
674 2454 847 2502 pectore
887 2448 1179 2488 tristitudinem

306 2512 439 2549 unitio
464 2513 504 2547 et
527 2521 725 2560 megyorem
750 2506 877 2544 animi
900 2504 1092 2557 depelle]

362 2587 595 2640 uariyctbilt'
627 2586 801 2638 pelaJJO.
859 2583 1043 2622 Brantius
1079 2583 1180 2622 haec

305 2645 483 2683 adnotat:
509 2643 651 2691 „Diem
672 2642 771 2688 anni,
799 2654 874 2691 quo
895 2641 1179 2691 navigationem

305 2701 618 2753 auspicabantur,
646 2699 749 2737 scriis
776 2698 1013 2737 celebratum
1039 2711 1062 2735 a
1086 2697 1180 2734 nlul-

306 2760 373 2803 tis,
411 2771 461 2795 ex
493 2756 528 2794 h.
559 2756 582 2794 l.
609 2755 831 2793 observavit
862 2754 981 2792 Hadr.
1010 2752 1178 2792 Turneb.

306 2812 450 2853 XVltl.
476 2817 542 2854 24.
568 2817 607 2850 et.
630 2811 780 2850 XXIV.
809 2815 875 2851 34.
905 2810 1078 2849 adhibito
1103 2810 1181 2848 Ve-

307 2875 382 2922 get.
408 2870 474 2908 lV.
502 2873 566 2910 39.
623 2868 911 2907 claudebantur
941 2870 1069 2906 autem
1103 2880 1183 2905 ma-

306 2930 360 2966 ria
389 2930 494 2965 teste
525 2925 665 2964 eodem
696 2925 867 2976 Vegetio
900 2937 948 2962 ex
979 2924 1042 2961 die
1067 2925 1180 2962 tertio

306 2984 440 3023 lduum
466 2982 701 3021 Novembris
727 2994 855 3033 usque
887 2981 922 3018 in
955 2980 1058 3019 diem
1091 2993 1180 3019 sex-

1233 1499 1351 1546 atque
1376 1493 1494 1532 hodie
1521 1492 1631 1532 aliter
1645 1522 1774 1532 ......
1806 1491 1846 1529 In
1876 1490 2104 1530 calendario

1231 1552 1376 1589 rustico
1393 1550 1535 1588 festum
1547 1549 1683 1601 legitur
1697 1549 1843 1587 mensis
1853 1547 1992 1595 Martii,
2002 1547 2106 1598 quod

1235 1608 1357 1647 Isidis
1376 1608 1585 1659 naz-iffimn
1605 1605 1838 1658 appellatur,
1865 1604 1968 1654 quod
1988 1603 2108 1642 innuit

1235 1664 1431 1715 Apuleius
1458 1677 1542 1699 euni
1569 1662 1678 1700 dicit:
1704 1663 1846 1702 rudem
1872 1661 2110 1699 dedicantes

1237 1721 1460 1760 carinam.“
1506 1718 1551 1757 ld
1576 1718 1769 1769 navigium
1794 1717 2001 1768 quotannis
2025 1729 2108 1754 mu-

1235 1777 1392 1816 neribus
1426 1775 1543 1826 largis
1581 1778 1760 1813 onustum
1790 1775 1918 1812 ventis
1956 1773 2107 1811 ferenti-

1234 1835 1310 1872 bus
1337 1833 1518 1871 committi
1544 1832 1689 1885 pelago
1720 1831 1897 1876 solebatg
1947 1830 1995 1870 cs.
2021 1829 2108 1868 lntt.

1236 1891 1287 1929 ad
1311 1889 1489 1929 Laetant.
1522 1888 1666 1934 Institt.
1690 1887 1718 1929 I.
1747 1893 1808 1929 11.
1842 1887 1872 1937 ὁ.
1900 1891 1964 1928 21.
1996 1886 2111 1940 quod

1238 1952 1369 1987 certas
1395 1947 1481 1985 dles
1506 1946 1677 1985 habetur
1695 1946 1737 1983 2772
1760 1945 1894 1998 fastis,
1922 1958 2003 1996 quo
2030 1943 2112 1982 Isi-

1238 2005 1313 2043 dis
1349 2003 1600 2055 oravi-qiam
1636 2002 1876 2042 celebratur.
1928 1999 2017 2052 [De
2041 2014 2110 2038 ηα-

1238 2061 1346 2111 vigio
1375 2060 1494 2098 Isidis
1523 2059 1636 2110 plura
1667 2058 1791 2097 dicam
1823 2057 1918 2096 infra
1947 2071 1984 2108 p.
2017 2059 2110 2097 786.

1237 2117 1314 2155 lsis
1342 2118 1441 2155 enim
1469 2116 1657 2154 inventrix
1683 2120 1764 2153 erat
1788 2114 1928 2164 navigii
1955 2113 2003 2151 cf.
2030 2113 2112 2163 Hy-

1239 2175 1315 2224 gin.
1348 2188 1379 2212 e.
1407 2177 1500 2214 276.
1531 2186 1567 2223 p.
1594 2176 1688 2212 399.
1736 2171 1917 2221 Fulgent.
1950 2184 1987 2222 p.
2017 2174 2110 2210 655.

1241 2232 1347 2269 Stav.
1374 2233 1413 2267 et
1439 2230 1554 2267 maris
1579 2229 1655 2267 (lea
1680 2228 1726 2267 cf.
1755 2228 1896 2266 Atbric.
1923 2227 1971 2265 de
1987 2226 2105 2265 Deor.

1238 2287 1357 2338 lmag.
1383 2301 1420 2339 p.
1437 2290 1543 2333 912„
1569 2286 1672 2323 unde
1698 2299 1783 2324 cum
1809 2285 1935 2323 Diana
1962 2284 2109 2322 confer-

1237 2348 1297 2382 tur
1322 2358 1358 2395 p.
1380 2347 1473 2383 911.
1499 2355 1594 2394 prae
1620 2342 1760 2380 ceteris
1786 2342 1917 2380 Burni.
1943 2341 1993 2378 ad
2020 2339 2110 2378 Pro-

1238 2405 1333 2454 pert.
1362 2400 1407 2439 11.
1434 2404 1498 2441 21.
1526 2403 1590 2440 22.
1616 2412 1655 2450 p.
1680 2403 1772 2438 414.
1800 2396 1931 2449 sant]

1295 2469 1437 2509 rudem.
1456 2496 1608 2507 .......
1627 2467 1834 2519 primitias
1859 2470 2111 2505 commeatus.

1238 2525 1327 2564 Hoc
1358 2525 1408 2563 (le
1439 2525 1521 2563 rudi
1560 2527 1599 2562 et
1637 2522 1813 2575 impolita
1850 2523 1935 2573 capi
1969 2521 2115 2560 fabrica

1238 2586 1346 2621 vetat
1375 2582 1485 2619 locus
1517 2594 1554 2632 p.
1587 2584 1680 2621 785.
1711 2594 1849 2619 mtrem
1886 2579 2114 2631 faberrime

1237 2643 1408 2693 factam.
1446 2638 1557 2677 Bene
1582 2638 1695 2689 igitur
1720 2636 1906 2686 explicuit
1929 2634 2112 2674 Beroald.

1240 2709 1379 2735 novant
1428 2709 1499 2733 nec
1546 2694 1663 2732 maris
1711 2692 1841 2731 adhuc
1894 2694 2112 2742 expertam3

1241 2753 1288 2791 cs.
1314 2752 1399 2791 Intt.
1427 2752 1473 2789 ad
1501 2751 1619 2803 Prop.
1645 2748 1709 2788 Ill.
1737 2753 1800 2789 20.
1831 2752 1893 2788 17.
1942 2746 2112 2786 Broukb.

1239 2809 1290 2848 ad
1322 2808 1364 2847 ll.
1398 2813 1463 2849 20.
1496 2812 1560 2849 39.
1611 2806 1683 2859 [cf.
1710 2806 1757 2844 ad
1784 2804 1878 2843 Met.
1906 2803 1932 2842 l.
1959 2817 1995 2855 p.
2026 2803 2112 2856 18]

1239 2866 1303 2904 De
1335 2870 1577 2905 commeatus
1608 2878 1676 2916 pro
1707 2862 1825 2900 rebus
1862 2874 1930 2912 per
1961 2861 2113 2912 naviga-

1241 2924 1384 2961 tionem
1421 2922 1542 2961 illatis
1597 2920 1645 2959 cf.
1688 2918 1790 2958 Oud.
1828 2918 1878 2956 ad
1917 2917 2030 2956 Caes
2066 2916 2113 2955 B.

1242 2980 1288 3019 G.
1314 2979 1362 3018 V.
1392 2982 1456 3020 23.
