2221 3667
223 303 288 335 419
315 298 357 332 ut
380 297 420 331 et
444 290 614 330 molliter
645 288 819 328 assidere
845 291 884 324 et
910 282 916 337 Ι
945 277 1120 334 prandim

313 123 396 165 462

566 120 612 158 L.
646 116 863 158 APULEll
895 105 1294 154 MADACRENSls
1322 96 1861 144 METAMORPHOSEON

313 236 361 275 ad
381 234 580 289 ipsamque
602 231 779 286 protinus
795 224 1070 279 Proserpinam
1098 218 1279 260 introibis
1292 249 1303 268 ‚
1332 230 1432 270 quae
1447 222 1483 255 te
1499 212 1661 254 comiter
1674 210 1844 264 excipiet
1858 222 1901 248 ac
1915 205 2100 258 benigne,

1121 291 1147 316 n
1173 275 1330 329 opipare
1355 272 1519 313 suadeat
1549 281 1718 310 sumere.
1768 264 1846 306 Sed
1873 272 1913 304 tu
1938 270 1977 303 ct
2001 259 2106 301 humi

313 347 458 397 reside,
486 353 527 387 et
550 359 685 400 panem
708 341 904 384 sordidum
926 336 1086 390 petitum
1107 339 1210 373 esto:
1237 330 1374 371 deinde
1395 327 1591 376 nuntiato,
1619 324 1709 378 quid
1729 320 1952 370 adveneris,
1975 329 2107 359 susce-

314 409 477 459 ptoque,
511 402 611 456 quod
645 401 853 445 offeretur,
889 405 1028 433 rursus
1054 402 1236 431 remeans
1262 386 1371 427 canis
1397 383 1601 425 saevitiem
1627 380 1743 420 offula
1769 376 1919 430 reliqua
1943 373 2105 422 redime,

313 556 420 592 t’psam
435 554 559 583 omissa
572 552 732 588 particula
746 555 807 586 que
821 548 856 574 Ρ.
869 547 952 573 lunt.
964 545 992 572 1.
1002 542 1115 571 2.A1d.
1136 542 1244 569 Verba
1259 539 1332 567 inde
1345 539 1384 566 ab
1399 535 1562 573 adipsum
1578 541 1679 567 usque
1693 531 1733 560 ad
1748 537 1835 567 quae
1849 535 1911 556 non
1927 526 2111 559 comparent

314 601 347 629 in
365 601 400 628 G.
420 601 457 628 D.
472 602 501 628 et
515 599 589 627 hinc
604 595 766 631 probabile
779 595 843 627 ent,
870 590 967 618 eniam
982 589 1015 617 in
1028 589 1063 616 P.
1078 593 1116 615 ea
1131 584 1322 614 desiderari.

1373 585 1404 609 te
1418 583 1528 609 exulat
1543 588 1563 609 a
1577 577 1605 607 δ.
1653 575 1797 612 accipiet
1811 575 1848 602 D.
1896 573 1936 599 ut
1947 567 2113 598 emolliam·

313 646 352 675 Ι).
379 644 435 680 [cf.
449 646 544 673 Gron.
559 644 598 671 ad
614 642 683 670 Liv.
699 641 722 667 1.
737 639 789 666 37.
803 638 834 671 S.
850 637 881 663 2.
896 636 950 663 Dr.
965 633 1006 662 ad
1020 632 1092 661 Liv.
1107 631 1202 659 eund.
1215 631 1269 658 111.
1287 627 1355 663 1Ί.]
1403 625 1462 654 sed
1478 623 1572 653 Ιιιιηιι·
1588 625 1626 652 D.
1673 621 1812 658 opipare
1831 619 1928 652 vulgo
1947 616 2113 650 exponunt

314 689 419 718 laute.
443 691 507 717 Sed
520 686 692 717 Acidalius
707 683 791 717 capit
809 680 970 710 adiectivc
983 678 1165 707 adVell.11.
1176 677 1228 703 77.
1254 681 1359 701 coena
1373 671 1544 708 exciperet
1559 669 1601 698 cf.
1617 668 1656 697 ad
1671 670 1747 696 Met.
1760 667 1798 694 11.
1814 664 1927 698 p.134.
1964 657 2114 688 res-'dem

315 738 351 765 G.
379 734 454 769 (sed
469 735 578 763 littera
591 739 606 759 s
621 732 660 759 ab
674 729 784 757 eadem
805 733 901 755 manu
916 724 1014 753 minio
1028 725 1077 751 est
1090 722 1279 753 obductum.
1306 722 1338 747 ut
1353 715 1484 745 residere
1498 723 1584 743 nunc
1598 710 1742 748 legatur}
1756 712 1794 739 D.
1831 706 1979 736 residere
1992 707 2068 733 Bas.
2086 705 2114 731 1.

314 782 409 810 Vulc.
425 781 455 808 4.
497 778 607 815 petito
627 777 698 802 estu
717 775 800 801 Iuni.
816 773 846 800 2.
867 771 980 799 Venel.
996 770 1026 797 4.
1047 766 1154 796 PariS.
1167 766 1243 794 Ald.
1258 766 1334 793 Bas.
1350 765 1379 791 1.
1393 764 1423 790 2.
1439 762 1541 790 Colin.
1556 761 1650 788 Vulc.
1666 759 1696 785 2.
1729 755 1843 792 petita
1862 754 1911 781 ed.
1926 760 1973 787 pr.
1986 750 2116 779 Vicent.

314 827 428 855 Venet.
449 826 478 852 2.
500 823 575 851 ΑΜ.
595 823 671 849 Bas,
691 820 720 847 2.
741 819 832 847 Colv.

316 871 461 899 emendat
483 870 561 904 pete
588 869 655 892 eum
683 866 765 891 esto.
813 864 886 889 eslo
914 862 1005 889 abest
1031 866 1052 887 a
1076 858 1172 886 Vulc.
1222 877 1229 883 .

875 817 1055 852 portatum
1068 814 1140 839 esto
1156 818 1212 845 pro
1226 809 1369 847 petitum
1386 810 1458 835 esto
1474 808 1528 834 Al.
1542 807 1606 833 Ms.
1625 805 1706 831 teste
1718 801 1847 834 Sciopp.
1862 799 1894 826 in
1909 797 2020 831 symb.
2033 795 2117 822 unde

1277 852 1431 890 numptitt
1455 851 1523 878 cito
1549 857 1606 884 pro
1625 846 1785 875 nuntiato
1803 845 1842 872 D.
1890 837 2068 880 quodquod
2079 840 2117 867 D.

316 913 482 952 eff'eretur
495 915 531 941 G.
544 913 581 940 D.
598 919 627 945 p.
643 909 664 938 f.
679 912 709 938 et
722 916 834 937 omnes
847 907 916 935 edd.
933 908 1008 933 vett.
1023 906 1151 939 praeter
1162 902 1277 929 venet.
1294 901 1322 928 4.
1337 903 1366 927 et
1381 897 1486 926 Paris.
1513 892 1663 931 offertur
1677 894 1712 922 0.
1727 888 1756 919 ὃ.
1794 894 1924 917 remeat
1938 887 1974 916 F.
1988 887 2019 913 3·
2033 884 2116 919 (1¹¹0d

317 959 444 989 defendi
458 960 560 993 potest
575 956 616 984 cf.
631 956 671 984 ad
685 957 761 982 Met.
774 954 828 982 w.
843 960 872 987 p.
887 953 962 980 405.

316 1082 352 1119 in
379 1079 579 1118 'l'artarum
605 1075 848 1115 descendere
874 1072 1069 1116 volebant,
1097 1068 1185 1107 Cer-

317 1138 449 1175 berum
492 1134 571 1173 offa
606 1131 754 1171 mellita
790 1135 829 1169 et
863 1127 1085 1181 soporifera
1122 1126 1187 1163 de-

316 1193 424 1232 linire
449 1191 663 1236 debebant,
694 1202 742 1227 ne
767 1188 814 1225 ab
840 1186 991 1224 introitu
1023 1196 1094 1221 eos
1120 1182 1184 1220 de-

315 1250 504 1289 fenderet.
520 1243 790 1286 cfiLueanNI.
802 1238 1187 1289 701.,ubiErechtho

316 1308 467 1345 viscera
490 1305 655 1342 humana
683 1301 765 1340 cani
792 1313 913 1337 saevo
938 1299 1103 1336 obiicere
1125 1294 1188 1332 fin-

318 1364 416 1415 gitur
441 1362 549 1412 Virg.
575 1360 677 1398 Aen.
692 1356 759 1395 Vl.
775 1361 868 1397 420.
895 1356 1037 1395 cuim.
1065 1350 1189 1391 Melle

317 1423 553 1471 soporatam
573 1421 611 1455 et
629 1414 840 1454 medicatis
857 1411 1054 1464 fruyibus
1069 1411 1190 1462 offam

321 1477 473 1516 obiicit.
500 1474 555 1512 At
577 1472 712 1510 mirum
738 1473 817 1515 est,
850 1467 1044 1519 quomodo
1078 1467 1189 1503 inter·

319 1536 470 1584 protes,
503 1532 686 1582 qnantum
715 1527 816 1572 scio,
851 1537 988 1562 omnes
1020 1523 1069 1560 de
1094 1532 1191 1558 voce

316 1589 481 1642 pracda
506 1586 693 1624 adnotare
718 1582 810 1621 nihil
838 1580 1049 1633 potuerint,
1075 1589 1191 1628 quum

319 1645 502 1684 inusitata
520 1642 636 1694 plane
656 1639 849 1679 sententia
868 1638 929 1676 hic
943 1637 1085 1674 dictum
1100 1646 1193 1671 esse

321 1703 522 1753 appareat.
537 1697 640 1744 Quid
655 1697 754 1735 enim
771 1699 831 1733 est
842 1690 1194 1748 offulaepraeda?

323 1757 503 1797 Floridus
540 1756 641 1792 bene
685 1753 822 1792 omittit
858 1754 1031 1787 vertens:
1078 1746 1193 1785 facile

321 1811 662 1867 praetergrediens
688 1809 789 1848 hunc
813 1807 1022 1846 coercitum
1052 1805 1192 1842 iniecto

322 1884 396 1909 uno
425 1882 473 1907 ex
498 1869 594 1906 cibis
620 1867 714 1914 tuis3
740 1878 812 1903 nec
837 1861 1117 1903 alite1·R0dius
1143 1860 1194 1896 in-

322 1927 449 1966 sulse:
478 1924 597 1964 Zolle
624 1923 703 1961 illm
736 1923 851 1961 einen
876 1916 1196 1970 Houiylcuclien,

324 1998 369 2023 so
384 1984 435 2022 ist
448 1983 554 2021 seine
578 1977 637 2017 W
636 1980 705 2019 ιιίΙι
727 1977 921 2021 beu'ilimt,
947 1974 1034 2015 und
1046 1972 1197 2012 soncler

330 2039 492 2092 Gefalir·
523 2039 674 2076 kannst
703 2035 761 2074 du
791 2033 930 2073 vorbei
960 2030 1196 2082 sclzliipfen,

327 2101 365 2134 et
402 2096 597 2145 interpres
635 2090 918 2141 l'rancogallus:
955 2088 987 2126 si
1015 2099 1113 2125 vous
1145 2084 1197 2122 lui

321 2153 446 2205 jettez
464 2165 513 2190 un
530 2151 578 2188 de
593 2162 664 2187 vos
678 2148 864 2199 gziteaux,
890 2158 989 2183 vous
1009 2153 1198 2195 passerez

328 2210 471 2248 devant
496 2208 546 2245 lui
570 2219 666 2244 sans
689 2205 815 2256 peine.
849 2201 1020 2241 Praeda
1039 2212 1129 2237 vero
1149 2197 1200 2235 ad

327 2267 576 2304 voracitatem
596 2266 635 2300 et
649 2261 935 2299 festinationem
954 2256 1097 2302 refero,
1124 2266 1201 2305 qua

329 2322 436 2362 canis
445 2318 707 2359 illeCerberus
717 2316 874 2355 offulam
885 2314 1054 2352 oblatam
1062 2323 1200 2363 rapere

330 2379 484 2418 solebat
509 2373 863 2426 cf.Yirg.Aen.V1.
879 2375 972 2411 421.
1000 2370 1074 2408 Ille
1085 2371 1199 2421 fame

329 2435 481 2475 rabida
505 2434 588 2472 tria
610 2435 782 2485 yuttura
797 2429 993 2481 pandens
1016 2425 1203 2476 Corripit

334 2492 541 2531 obiectam.
568 2488 644 2534 Qui
669 2487 769 2525 enim
791 2486 939 2536 rapiunt
959 2487 998 2521 et
1016 2480 1201 2533 praedan-

331 2554 402 2595 tur,
429 2560 569 2597 magna
589 2558 673 2583 cum
687 2545 724 2581 vi
739 2543 864 2580 omnia
889 2540 1095 2590 corripiunt
1119 2550 1203 2575 cor-

330 2606 556 2653 raduntque.
593 2601 650 2639 lta
667 2600 842 2651 rapinae
859 2597 1001 2636 dictum
1020 2598 1082 2633 est
1099 2593 1205 2645 apud

334 2660 457 2700 Lucil.
472 2661 588 2698 Aetn.
605 2661 698 2701 613.
724 2657 823 2695 Τιιηι
838 2668 929 2693 vero
947 2657 992 2691 ut
1013 2652 1205 2703 cuiquam

337 2723 398 2756 est
427 2718 583 2756 aninms
612 2716 715 2753 vires
745 2711 939 2763 rapinis
965 2708 1109 2748 Τιιίανί
1140 2719 1204 2744 co-

335 2779 487 2813 nantur
513 2785 609 2824 opes
634 2772 656 2809 i.
682 2783 715 2807 e.
743 2768 924 2806 festinata
948 2777 1066 2815 opum
1091 2762 1206 2801 colle-

338 2831 480 2877 ctione,
506 2842 606 2879 quae
632 2825 802 2878 praedae
827 2825 879 2862 sit
901 2820 1069 2872 similis]

408 2887 604 2937 excipiet.
665 2882 785 2935 [Cod.
821 2879 966 2919 Dresd.
1010 2890 1079 2928 per
1114 2874 1206 2914 soli-

341 2947 419 2980 tam
465 2941 734 2981 confusionem
780 2938 843 2976 hic
894 2935 1056 2987 praebet
1102 2932 1208 2972 acci-

340 3000 443 3050 piet,
474 2997 577 3049 quod
609 2998 724 3035 etiam
755 2995 812 3032 vir
840 2994 980 3032 doctus
1011 2989 1060 3029 ad
1091 3001 1208 3039 marg.

344 3054 404 3092 ed.
453 3068 564 3092 meae
608 3053 708 3091 lunt.
750 3049 994 3094 emendavit,
1042 3058 1118 3096 qua
1159 3046 1209 3082 de

346 3123 488 3149 caussa
517 3111 661 3148 nescio.
722 3107 837 3155 Quod
862 3106 963 3145 enim
994 3104 1212 3156 proponunt

1010 946 1192 977 saeviciam
1206 948 1242 974 G.
1256 947 1295 974 D.
1312 945 1346 973 Ο.
1361 941 1390 972 ὁ.
1406 944 1563 978 perpetua
1576 938 1770 967 variatione.

1246 1066 1335 1104 W.
1362 1064 1450 1103 DD.
1483 1062 1619 1101 harum
1650 1070 1790 1097 vocum
1822 1054 2044 1097 discrimen,
2081 1055 2121 1088 ut

1247 1123 1437 1174 accipere
1484 1119 1653 1169 aliquem
1701 1113 1950 1167 potissimum
1996 1109 2020 1145 ii
2069 1106 2122 1145 di-

1248 1183 1397 1224 cantur,
1435 1177 1498 1227 qui
1536 1174 1711 1212 lubenter
1747 1169 1916 1220 hospitio
1953 1163 2123 1215 aliquem

1249 1235 1456 1285 excipiunt,
1483 1232 1521 1270 id
1536 1230 1633 1268 locis
1648 1242 1721 1266 non
1737 1227 1869 1278 potest
1881 1219 2122 1273 comprobari

1250 1292 1298 1330 cf.
1324 1289 1462 1329 Heind.
1490 1288 1539 1327 ad
1565 1286 1698 1325 Horat.
1725 1283 1808 1321 Sat.
1830 1280 1856 1320 l.
1879 1283 1968 1320 5.1.
1995 1275 2122 1315 Doed.

1251 1349 1467 1399 Synonym.
1494 1343 1561 1382 IV.
1589 1357 1623 1394 p.
1655 1344 1744 1381 130.
1778 1338 1885 1378 cuius
1911 1332 2122 1386 explicatio

1250 1403 1487 1443 artificiosior
1502 1404 1573 1438 est.
1599 1399 1684 1436 Res
1699 1409 1748 1434 ex
1762 1393 1901 1433 iudicio
1916 1389 2124 1430 scribentis

1251 1475 1325 1499 non
1340 1462 1471 1512 potest
1493 1456 1671 1499 discerni,
1698 1452 1771 1491 sed
1797 1464 1846 1488 ex
1869 1447 1970 1487 Mss.
1997 1449 2124 1484 aucto-

1253 1519 1364 1556 ritate
1391 1514 1544 1567 pendet.
1571 1513 1626 1551 At
1653 1510 1849 1560 echpere
1875 1505 1956 1543 fere
1982 1504 2126 1553 ubique

1254 1574 1391 1619 inveni,
1407 1571 1470 1609 ubi
1484 1569 1667 1608 adverbia
1681 1570 1722 1605 ut
1737 1564 1916 1606 comiter,
1941 1560 2126 1611 beniyne.

1255 1629 1419 1674 blande,
1435 1628 1508 1665 alia
1524 1625 1708 1677 apposita
1722 1623 1848 1665 erant,
1874 1621 1915 1656 ut
1931 1616 2128 1667 excipere

1254 1687 1380 1737 magis
1401 1685 1543 1723 dictum
1565 1694 1660 1719 esse
1680 1676 1895 1731 putaverim
1911 1674 1960 1712 de
1976 1686 2037 1716 eo,
2064 1670 2126 1721 qui

1254 1744 1374 1781 maior
1399 1745 1438 1778 et
1462 1738 1658 1791 potentior
1678 1750 1751 1774 suo
1772 1731 1942 1783 hospitio
1965 1729 2129 1767 alterum

1255 1799 1366 1838 tutari
1381 1802 1419 1836 et
1432 1797 1642 1835 honestare
1656 1794 1799 1845 potest.
1813 1788 1872 1826 lta
1884 1786 2130 1838 potissimum

1257 1855 1462 1894 exulantes
1478 1852 1647 1902 hospitio
1664 1848 1914 1898 excipiuntur.
1939 1842 1989 1882 cf,
2003 1841 2070 1879 Dr.
2080 1839 2129 1877 ad

1256 1912 1344 1951 Liv.
1364 1911 1391 1950 1.
1409 1915 1472 1951 22.
1499 1909 1528 1960 ᾧ.
1545 1912 1580 1948 5.
1608 1906 1692 1945 lntt.
1719 1901 1892 1954 inprimis
1920 1898 2061 1949 Wagn.
2081 1895 2131 1933 ad

1257 1969 1367 2019 Virg.
1403 1967 1504 2006 Aen.
1541 1963 1603 2002 ΙΙΙ.
1641 1965 1734 2003 210.
1783 1958 1890 1997 lahn.
1925 1955 1975 1994 ad
2007 1951 2130 1991 eiusd.

1259 2025 1402 2074 Georg.
1423 2022 1450 2061 l.
1466 2025 1561 2063 340.
1587 2019 1649 2058 De
1674 2016 1904 2057 confusione
1929 2011 2129 2059 utriusque

1258 2079 1440 2120 vocabuli
1489 2077 1538 2117 cf.
1569 2076 1700 2115 Burm.
1733 2072 1784 2112 ad
1808 2069 1923 2109 Ovid.
1949 2066 2058 2105 Fast.
2087 2063 2130 2102 ll.

1260 2142 1354 2179 787.
1379 2135 1446 2174 Vl.
1473 2138 1569 2175 485.
1594 2132 1645 2170 ad
1668 2130 1786 2181 Prop.
1812 2126 1840 2166 I.
1866 2129 1903 2166 8.
1937 2127 2001 2165 20.
2050 2121 2134 2160 Fea

1259 2195 1310 2233 ad
1335 2193 1469 2232 Horat.
1496 2191 1519 2229 l.
1546 2189 1598 2242 d.]

1303 2263 1452 2303 panem
1465 2245 1681 2287 sordidum
1690 2242 1866 2296 petitum
1879 2242 1973 2278 esto.
1993 2235 2134 2274 Mirum

1261 2312 1340 2354 est,
1367 2303 1564 2358 quomodo
1590 2301 1693 2341 hune
1718 2299 1847 2336 locum
1872 2293 1985 2333 codd.
2007 2295 2045 2329 et
2059 2288 2135 2328 edi-

1261 2366 1389 2403 tiones
1420 2364 1473 2400 ita
1507 2358 1733 2412 perturbare
1770 2351 1982 2406 potuerint,
2020 2359 2136 2399 quum

1260 2419 1457 2460 sententia
1488 2415 1707 2455 clarissima
1737 2412 1804 2450 sit:
1841 2408 1944 2446 edito
1983 2416 2135 2457 panem,

1263 2489 1379 2528 quem
1411 2474 1595 2527 petieras.
1648 2469 1734 2509 Hoc
1767 2467 1884 2505 etiam
1909 2462 2010 2502 Oud.
2035 2461 2136 2498 bene

1263 2532 1466 2577 intellexit,
1493 2531 1555 2580 qui
1581 2527 1718 2566 Heins.
1749 2523 1801 2562 ad
1825 2520 1939 2560 Ovid.
1965 2518 2047 2557 Art.
2073 2514 2136 2553 Ill.

1266 2595 1358 2631 757.
1385 2589 1537 2626 excitat.
1562 2584 1751 2622 Pricaeus
1773 2579 1978 2618 lectionem
1998 2572 2138 2624 petitu

1264 2661 1333 2699 pro
1362 2644 1571 2697 petitione
1603 2638 1763 2678 ridicule
1794 2648 1864 2686 per
1898 2628 2137 2683 hypallagen

1266 2702 1441 2754 exponit:
1464 2704 1558 2752 pete
1574 2698 1674 2739 esui.
1699 2698 1741 2733 ut
1752 2692 1887 2744 petitu
1899 2685 2139 2727 archaismus

1266 2761 1320 2799 sit
1332 2773 1400 2810 pro
1415 2756 1582 2810 patitui.
1602 2752 1716 2790 Yulc.
1731 2748 1804 2788 Ed.
1818 2759 1898 2785 see.
1919 2747 2000 2783 esto
2015 2741 2139 2785 eiecit,

1267 2820 1310 2854 ut
1329 2816 1463 2868 petilo
1482 2809 1733 2863 imperativus
1758 2805 1820 2843 sit.
1845 2801 1909 2839 De
1925 2813 2040 2851 pane
2056 2810 2139 2836 sor·

1269 2873 1374 2912 dido
1399 2870 1446 2908 cf.
1473 2865 1672 2918 exempla,
1699 2871 1860 2913 quorum
1885 2857 2027 2894 nubem
2053 2866 2141 2890 con-

1269 2928 1396 2981 gessit
1419 2925 1519 2965 Pric.
1546 2923 1596 2962 ad
1620 2922 1658 2960 h.
1684 2918 1709 2957 l.
1735 2920 1775 2955 et
1799 2927 1860 2953 me
1886 2912 1936 2951 ad
1961 2911 2058 2950 Met.
2073 2907 2140 2947 Vl.

1267 3000 1306 3038 p.
1323 2989 1418 3025 401.
1441 2982 1506 3021 De
1519 2981 1642 3019 forma
1654 2980 1736 3015 esto
1762 2969 1959 3010 cs.Heins.
1977 2967 2140 3006 Advers.

1268 3042 1297 3081 I.
1316 3045 1377 3082 13.
1392 3054 1428 3092 p.
1446 3041 1556 3082 137.‚
1581 3034 1645 3085 qui
1659 3033 1834 3071 nostrum
1848 3026 1974 3065 locum
1987 3023 2142 3071 excitat,

1270 3103 1311 3137 et
1333 3098 1383 3136 ad
1408 3095 1506 3135 Met.
1530 3090 1601 3131 XI.
1624 3102 1662 3140 p.
1687 3088 1781 3127 803.
