2155 3590
630 124 817 164 LIBER
840 123 915 165 IX.
962 123 1091 163 CAP.
1115 121 1325 162 XXVIII.

1801 119 1882 162 825

107 239 201 286 mis,
229 249 340 288 quam
366 234 554 275 altissime
578 234 729 275 sublato
754 249 894 290 puero,
922 236 1048 276 ferula
1072 242 1183 275 nates
1209 234 1292 274 eius
1317 233 1603 274 obverberans:
1641 231 1704 271 Tu
1734 238 1879 281 autem,

107 291 252 344 inquit,
280 298 358 330 tam
383 290 509 331 mollis
531 289 538 347 Ι
557 304 602 331 ac
628 298 740 332 tener
763 299 803 332 et
826 292 1028 332 admodum
1053 305 1168 345 puer,
1202 289 1441 329 defraudatis
1472 288 1710 328 amatoribus
1742 286 1881 326 aetatis

106 355 196 388 tuae
221 348 331 397 flore,
359 346 541 386 mulieres
567 347 715 401 appetis
740 354 855 401 atque
879 361 945 388 eas
969 348 1134 396 liberas,
1162 352 1202 386 et
1224 345 1418 385 connubia
1435 345 1522 398 lege
1542 344 1690 384 sociata
1709 357 1883 384 corrum-

107 403 185 457 pis,
213 410 249 443 et
274 403 587 456 intempestivum
613 403 683 443 tibi
707 417 848 444 nomen
872 403 1024 444 adulter
1047 402 1248 443 vindicas?
1279 400 1352 440 His
1377 407 1416 440 et
1434 400 1608 453 pluribus
1627 399 1760 441 verbis
1781 413 1882 439 com-

107 550 288 580 naz-emera
295 554 326 579 to
351 553 388 580 D.

439 546 505 579 tt‘ca'
521 554 558 581 D.
606 556 641 580 et
666 556 758 580 tener
782 554 862 582 αἱ).
881 554 919 581 Ρ.
936 554 976 581 D.
1017 552 1120 588 pueri
1140 553 1176 580 G·
1200 553 1229 580 1.

1276 548 1482 589 defraudilz‘s
1507 551 1542 578 P.
1567 550 1680 577 Venet.
1700 551 1730 577 4.
1776 550 1885 577 Verba

106 600 210 634 atque
221 604 280 624 eas
293 604 396 630 usque
408 597 449 625 ad
463 597 647 634 corrumpis
665 606 727 626 non
746 600 899 633 leguntur
916 598 950 626 in
969 599 1004 625 G.
1025 599 1049 625 l.
1064 598 1095 624 2.
1109 598 1143 624 0.
1153 598 1188 624 P.
1202 597 1240 624 D.
1255 603 1290 624 π.
1327 601 1451 631 easque
1472 598 1589 622 temere
1606 594 1759 622 Floridus
1774 598 1886 622 contra

107 644 188 670 Mss.
208 644 239 670 et
255 642 335 670 Eud.
355 649 465 670 omnes
484 642 579 671 dedit.
625 650 699 670 eam
718 651 748 677 p.
796 646 900 680 atque
919 649 976 669 eas
997 640 1104 669 libans
1123 650 1156 675 φ.
1203 640 1337 668 sociata
1354 648 1418 668 non
1437 642 1599 673 comparet
1618 638 1652 666 in
1667 639 1702 666 L.

106 689 223 715 habent
241 687 278 715 F.
298 688 329 714 3.
349 687 385 715 L.
406 687 442 714 R.
463 686 484 715 f.
504 694 532 720 p.
555 684 585 715 ὃ.
604 689 672 716 edd.
692 691 768 717 vett.
787 696 890 722 usque
910 687 951 716 ad
970 687 1059 715 Colv.
1083 688 1120 715 In
1134 688 1206 714 cett.
1221 685 1382 713 sociatas.
1431 683 1517 721 leges
1530 685 1568 712 R.

1751 638 1886 665 sociam

1617 683 1803 719 corrumpis
1823 690 1886 711 non

105 735 288 767 agnoscunt
304 732 340 759 L.
360 727 389 760 ὃ.
404 739 432 765 p.
481 729 616 759 adulter
631 730 779 761 vindicas
791 731 827 762 F.
842 734 872 761 3.
897 734 933 761 In
947 735 1019 760 cett.
1034 729 1191 758 adulteri.

104 852 204 890 ctivo
220 852 363 890 diesita
377 865 500 902 saepe
513 856 714 904 usurpatur
727 854 775 891 ab
783 851 964 904 Apuleio.

105 908 171 947 Sic
185 908 263 946 init.
275 907 361 946 Lib.
375 906 437 946 IL:
465 908 542 947 Sol
559 922 683 948 novus
707 909 829 948 diem
850 909 964 960 fecit,

103 964 166 1002 ubi
191 964 308 1016 paulo
333 967 423 1014 post
448 977 482 1014 p.
504 968 569 1004 83.
594 963 779 1003 Pricaeus
803 964 964 1002 mavult:

104 1020 258 1060 iubaris
279 1019 373 1058 orbe
387 1020 540 1060 lucido.
572 1020 634 1059 Ac
646 1021 719 1065 sol,
746 1021 855 1065 luna,
880 1021 966 1059 stel-

107 1076 187 1122 lae,
227 1076 365 1115 sz'dera
401 1077 624 1114 sexcenties
661 1077 802 1115 lucida
840 1078 965 1127 poetis

105 1132 288 1170 dicuntur.
305 1131 368 1183 [cf.
383 1130 538 1171 Peerlk.
553 1132 602 1170 ad
615 1131 708 1171 Hor.
725 1132 798 1170 Od.
814 1131 840 1169 Ι.
856 1136 891 1171 3.
908 1131 964 1184 2.]

159 1188 297 1240 ferula
310 1193 422 1226 uates
435 1189 516 1227 eius
531 1188 804 1227 obverberans.
824 1187 968 1226 Ferula

103 1244 376 1282 obverberatur
388 1243 616 1282 moechulus
629 1244 703 1281 iste
712 1273 722 1289 ‚
745 1248 786 1281 ut
798 1243 967 1282 tenellae

103 1299 263 1345 aetatis,
301 1299 350 1337 de
382 1312 457 1349 qua
486 1312 689 1350 puerorum
714 1313 841 1351 poena
865 1299 966 1338 Elm.

101 1356 214 1409 plura.
247 1355 428 1407 exempla
463 1355 589 1399 affert,
625 1354 808 1394 prudent.
844 1355 965 1406 praef.

104 1411 275 1450 cathem.
291 1416 401 1450 aetas
409 1412 545 1463 prima
565 1412 823 1464 crepantibus
840 1413 969 1450 Flevit

104 1468 174 1508 sub
196 1468 395 1520 ferulis,
420 1466 711 1513 luvenat.l.15‚
736 1467 963 1506 ubics.lntt.

105 1524 307 1574 Augustin.
335 1524 384 1561 de
410 1522 516 1562 Civit.
542 1523 592 1562 D.
615 1523 745 1562 XXII.
772 1527 836 1564 22.
868 1523 965 1561 Con-

104 1580 200 1618 sess.
220 1579 246 1618 l.
264 1584 326 1620 14.
353 1579 486 1619 Sidon.
501 1579 673 1631 Apollin.
689 1579 731 1618 11.
752 1584 811 1621 10.
838 1579 964 1618 Natos

104 1637 218 1675 etiam
249 1649 321 1674 nec
351 1635 478 1673 solum
511 1649 647 1674 manus
679 1636 966 1687 ludimagistros

104 1692 296 1732 cecidisse
320 1692 434 1730 docet
458 1705 508 1729 ex
531 1691 658 1730 Plaut.
683 1691 826 1730 Bacch.
848 1692 909 1730 111.
930 1697 965 1733 3.

104 1753 276 1800 27seqq.
292 1748 423 1786 Tzetz.
439 1746 646 1786 Chitflist.
658 1753 693 1789 9.
709 1752 802 1788 258.
814 1751 967 1793 Σκῦτος

102 1803 145 1844 τὸ
170 1813 282 1844 nasot·
306 1802 373 1850 τὰς
396 1801 515 1855 πυγὰς
539 1806 682 1843 παίδων
712 1808 786 1842 τῶν
815 1809 964 1855 μανθα-

102 1859 252 1901 νόντων.
302 1860 436 1912 [Adde
459 1859 591 1911 Kopp.
625 1860 676 1898 ad
700 1860 878 1899 Martian.
902 1860 967 1900 lll.

103 1919 135 1969 ᾧ.
167 1921 260 1957 224.
295 1930 332 1967 p.
364 1920 456 1956 258.
494 1915 674 1954 Ceterum
709 1916 967 1955 adulterorum

103 1986 255 2024 poenae
285 1972 616 2024 deprehensorum
645 1974 769 2022 magis
795 1973 830 2010 in
854 1973 966 2011 mari-

104 2034 226 2067 torum
250 2028 314 2066 vel
332 2028 622 2078 magistratuum
642 2029 793 2067 arbitrio
814 2029 967 2079 positae

105 2098 220 2136 quam
256 2097 304 2123 ex
340 2084 494 2134 legibus
530 2085 760 2122 constitutae
790 2085 967 2123 videntur

105 2142 246 2188 luisse3
271 2140 318 2181 cs.
339 2139 423 2178 Intt.
443 2140 492 2178 ad
513 2139 681 2179 Iuvenal.
694 2139 745 2179 X.
761 2144 842 2181 312
856 2154 963 2192 sqq:

107 2198 201 2237 Fuit
229 2197 392 2236 adulter
422 2196 621 2236 Publicus
652 2201 691 2235 el·
709 2211 863 2248 poenas
889 2211 965 2236 me-

103 2257 187 2294 tuet
211 2266 472 2305 quascunque
495 2253 836 2305 mariusEoee'yere
854 2255 964 2299 irati,

103 2323 178 2349 nec
209 2309 286 2347 erit
310 2309 480 2359 felicior
505 2314 614 2347 astro
643 2306 813 2355 sslarte‘s,
850 2315 893 2349 ut
922 2311 966 2349 in

104 2366 269 2418 laqueos
293 2379 498 2416 nunquam
520 2365 691 2404 incidat.
729 2365 881 2418 Exi-fit
897 2381 965 2406 au-

103 2427 180 2461 tem
210 2421 417 2461 Interdum
447 2420 516 2459 ille
545 2421 668 2459 dolor
693 2421 807 2473 plus,
847 2436 966 2474 quam

104 2478 174 2517 lez
197 2477 286 2517 ulla
311 2477 450 2516 dolori
477 2476 692 2517 Concessa.
739 2477 875 2517 Necat
897 2478 965 2517 lu'e

101 2537 235 2586 ferro,
266 2538 379 2572 secat
404 2533 476 2572 ille
506 2535 683 2573 eruentis
716 2533 962 2580 Verberibus,

104 2590 300 2641 quosdam
335 2589 519 2628 moechos
555 2594 591 2628 et
627 2590 790 2641 mussilt’s
825 2591 961 2629 intrat.

102 2644 160 2683 lta
197 2645 260 2684 alii
295 2645 483 2697 pecunias
520 2647 813 2696 extorquebant.
845 2645 893 2685 cf.
919 2646 970 2684 ad

103 2701 274 2752 Apolog.
290 2705 456 2752 p.553.‚
481 2701 544 2738 vel
569 2715 683 2739 nares
709 2701 884 2740 adultero
906 2703 968 2741 ab·

103 2757 332 2797 scindebant
338 2773 349 2806 3
374 2757 421 2796 cf.
432 2757 597 2796 Turneb.
608 2758 773 2796 Advers.
782 2757 967 2798 XXVHI.

105 2816 170 2853 46.
184 2827 222 2864 p.
239 2818 356 2855 1095.
377 2814 441 2852 vel
454 2814 679 2865 depilabant
691 2815 753 2852 vel
768 2815 966 2853 necabant.

106 2866 264 2908 Taubm.
289 2870 340 2909 ad
363 2869 490 2908 Plaut.
517 2869 688 2921 Amphit.
715 2870 758 2908 11.
786 2874 821 2910 2.
849 2875 939 2911 222.

159 2925 299 2965 mollis.
331 2926 422 2979 [Hic
445 2927 737 2978 intelligendum
763 2926 811 2964 de
835 2927 967 2978 puello

103 2980 269 3019 nondum
282 2982 431 3031 adulto3
457 2982 563 3021 Colv.
585 2987 783 3034 comparat
797 2982 966 3022 Glossas

105 3035 236 3087 cyrill.
260 3051 298 3090 p.
324 3042 416 3080 640.
439 3037 641 3091 τρυφερόςι
666 3044 788 3085 tener,
820 3039 967 3086 mollis;

102 3091 445 3144 Hesych.0‘cna2.63‚
456 3094 598 3164 μιΙᾈρός,
613 3092 804 3149 τρυφερός.
824 3094 966 3142 Quam-

1022 865 1136 902 quam
1160 851 1294 890 mollis
1319 855 1358 888 et
1382 850 1587 893 intollities,
1610 852 1652 887 ut
1676 848 1739 887 alii
1766 848 1885 899 expli-

1022 911 1119 953 cant,
1135 908 1250 947 etiam
1264 907 1314 945 de
1327 907 1483 945 libidine
1502 906 1574 943 dici
1588 906 1689 943 bene
1703 908 1887 955 possunt3

1023 964 1071 1002 cf.
1090 963 1258 1003 Iuvenal.
1279 962 1323 1001 11.
1344 967 1409 1002 48.
1435 966 1542 1005 164..
1568 962 1811 1012 potissimum
1838 961 1887 998 de

1021 1020 1187 1072 pathicis
1236 1019 1283 1058 cf.
1315 1019 1399 1057 Intt.
1432 1019 1479 1057 ad
1513 1017 1650 1055 Catuli.
1687 1015 1817 1055 XXV.
1852 1021 1885 1056 1.

1022 1076 1177 1116 Petron.
1204 1076 1286 1114 Sat.
1313 1077 1376 1116 23.
1402 1074 1459 1112 Ita
1490 1073 1694 1123 legendum
1724 1076 1816 1123 puto
1848 1073 1887 1110 in

1023 1133 1183 1172 Anthol.
1209 1131 1294 1170 Lat.
1320 1131 1450 1169 Burm.
1477 1130 1521 1169 T.
1537 1130 1563 1168 Ι.
1588 1144 1624 1181 p.
1641 1133 1738 1170 628:
1767 1129 1887 1167 Hanc

1022 1190 1136 1239 fovet
1171 1188 1364 1238 atriplexu
1394 1187 1569 1230 mollis,
1609 1186 1887 1237 vulvamque

1026 1244 1243 1296 caballae]

1082 1302 1226 1340 aetatis
1256 1304 1349 1338 tuae
1375 1300 1488 1351 flore.
1539 1297 1602 1349 [οἵ.
1629 1296 1714 1336 Intt.
1739 1296 1790 1334 ad
1815 1296 1885 1334 Sil.

1023 1356 1049 1395 1.
1078 1360 1142 1397 61.
1174 1355 1233 1393 111.
1260 1359 1323 1394 84.
1372 1354 1504 1393 Klotz.
1537 1354 1585 1392 ad
1618 1353 1726 1404 Tyrt.
1757 1366 1794 1403 p.
1822 1356 1888 1393 68.

1022 1412 1182 1463 Rupert.
1208 1412 1258 1450 ad
1284 1410 1412 1449 luven.
1440 1410 1486 1448 V.
1518 1411 1598 1459 56]

1079 1469 1226 1507 liberas
1240 1473 1276 1506 et
1290 1467 1493 1505 connubia
1509 1466 1597 1517 leffe
1611 1465 1778 1504 sociata.
1797 1464 1887 1502 Non

1023 1528 1206 1575 ceperunt
1225 1524 1337 1562 huius
1360 1522 1431 1560 loci
1458 1522 1690 1572 elegantiam
1715 1521 1889 1571 plerique

1022 1581 1280 1632 interpretum.
1330 1579 1444 1617 Certe
1474 1592 1548 1616 non
1580 1576 1768 1616 intellexit
1793 1578 1888 1615 Gru-

1024 1641 1151 1683 terus,
1189 1638 1252 1687 qui
1284 1634 1506 1686 SuspA'll.
1548 1638 1581 1674 1.
1617 1634 1889 1684 suspicabatur

1025 1693 1233 1744 legendum
1258 1705 1367 1730 esse:
1392 1704 1521 1743 neque
1545 1704 1611 1729 eas
1637 1690 1794 1736 liberas,
1819 1690 1890 1728 sed

1024 1750 1228 1788 connubia
1260 1749 1350 1801 leffe
1379 1749 1573 1791 sociatas,
1606 1747 1717 1796 quasi
1749 1759 1820 1796 per
1845 1745 1888 1783 Ιί-

1025 1806 1139 1844 beras
1150 1804 1340 1855 Apuleius
1355 1803 1604 1853 designasset
1617 1801 1793 1847 feminas,
1803 1815 1888 1839 con-

1025 1861 1142 1911 iugali
1167 1860 1320 1898 vinculo
1346 1873 1420 1897 non
1447 1859 1662 1910 copulatas.
1688 1857 1796 1896 Nihil
1821 1858 1889 1895 mi-

1023 1931 1107 1955 nus.
1132 1916 1324 1967 Ingenuas
1348 1915 1548 1965 significat,
1574 1914 1609 1952 in
1635 1915 1775 1965 quibus
1801 1926 1889 1964 pec-

1025 1986 1112 2012 care
1136 1986 1206 2023 per
1230 1972 1457 2010 adulterium
1482 1971 1572 2022 plus
1598 1984 1691 2008 esse
1711 1970 1889 2015 criminis,

1025 2043 1139 2080 quam
1152 2030 1187 2067 in
1201 2028 1369 2074 ancillis,
1397 2028 1581 2065 libertinis
1596 2031 1634 2064 et
1652 2026 1796 2075 togatis
1812 2026 1890 2064 cni-

1025 2099 1100 2137 que
1115 2089 1245 2123 notum
1258 2088 1329 2122 est.
1367 2083 1488 2122 Tales
1502 2097 1591 2120 vero
1611 2083 1771 2132 intelligi
1785 2086 1892 2132 patet

1024 2155 1045 2177 e
1059 2155 1171 2192 seqq.
1193 2141 1397 2180 connubia
1413 2141 1502 2191 leye
1515 2140 1682 2178 sociata.
1710 2139 1776 2176 Sic
1791 2139 1890 2176 enim

1024 2196 1229 2248 legendum
1255 2211 1348 2235 esse
1372 2200 1477 2234 reete
1504 2196 1596 2234 vidit
1620 2194 1814 2233 Fini-idus.
1847 2195 1889 2232 Si

1024 2255 1124 2292 enim
1140 2255 1324 2293 sociatas
1349 2252 1500 2303 legitur,
1526 2252 1729 2291 connubia
1755 2264 1889 2289 neces-

1022 2312 1125 2349 sario
1147 2314 1208 2348 est
1226 2309 1476 2354 adiectivum,
1503 2308 1606 2359 quod
1620 2311 1747 2345 tamen
1763 2307 1890 2345 Latini

1023 2366 1211 2404 habuisse
1234 2379 1310 2404 non
1334 2365 1521 2403 videntur.
1563 2364 1773 2403 Commbt'a
1798 2376 1890 2401 vero

1022 2427 1113 2461 sunt
1143 2423 1254 2473 ipsae
1283 2426 1498 2467 matronae,
1535 2420 1647 2458 iustis
1684 2419 1826 2470 nuptiis
1852 2423 1890 2457 et

1022 2479 1193 2529 legitimo
1209 2478 1398 2517 connubio
1414 2478 1577 2516 vinctae.
1613 2475 1671 2514 lta
1694 2475 1889 2526 Apuleius

1021 2535 1071 2573 de
1080 2535 1267 2585 Cupidine
1281 2533 1700 2584 dixitMet.IV.p.304.
1718 2532 1890 2571 omnium

1020 2592 1277 2631 matrimonia
1303 2590 1542 2641 corrumpis.
1580 2587 1889 2638 Distinguendus

1027 2652 1155 2686 autem
1186 2647 1296 2685 locus
1332 2647 1407 2684 hoc
1441 2645 1556 2683 modo
1593 2648 1672 2682 est:
1709 2643 1891 2682 mulit‘res

1027 2704 1189 2755 appetis
1209 2708 1332 2754 alque
1351 2716 1417 2741 eas
1437 2702 1604 2746 llberas3
1629 2705 1668 2739 et
1687 2699 1891 2739 connubia

1029 2759 1118 2812 leye
1142 2760 1296 2798 sociata
1324 2758 1565 2809 corrumpis.

1083 2815 1250 2855 adulter
1274 2815 1471 2853 vindleas.
1521 2812 1655 2864 [Hanc
1684 2810 1891 2849 lectionem

1027 2884 1075 2909 ex
1089 2871 1176 2909 solo
1192 2871 1274 2909 cod.
1291 2870 1459 2909 Florent.
1475 2872 1510 2908 3.
1525 2868 1727 2914 vindicavi,
1748 2867 1892 2919 quippe

1026 2940 1128 2977 quae
1157 2928 1243 2965 sine
1269 2926 1383 2964 (lubio
1408 2925 1594 2963 difficilior
1617 2926 1684 2970 sit,
1716 2924 1791 2961 etsi
1817 2937 1890 2962 non

1025 2983 1181 3033 ignarus
1194 2996 1294 3029 sum,
1313 2982 1585 3020 nominativum
1598 2981 1700 3019 bene
1713 2979 1892 3032 potuisse

1026 3040 1130 3084 oriri,
1163 3040 1288 3077 littera
1316 3040 1331 3075 z·
1363 3038 1528 3082 omissa,
1558 3051 1582 3075 a
1612 3050 1690 3088 qua
1717 3048 1891 3086 sequens

1024 3094 1255 3135 vocabulum
1278 3095 1464 3134 vindicas
1481 3093 1623 3146 incipit.
1659 3093 1744 3132 Sed
1762 3105 1785 3130 e
1803 3106 1890 3132 con-

1907 293 1971 324 (iffi
