2155 3590
617 141 805 181 LIBER
834 141 912 183 III.

968 140 1097 181 cAP.
1128 138 1295 180 XXIII.
1772 139 1851 180 193

562 358 599 406 C
658 359 703 405 A
760 359 797 404 P
856 359 899 406 U
957 359 1001 405 T
1104 355 1344 404 XXIII.

168 491 224 531 At
259 491 352 531 mihi
384 490 514 530 scelus
545 490 648 530 istud
679 490 873 544 depellant
904 491 1086 541 coelites,
1118 490 1298 542 iuquam,
1334 494 1376 527 ut
1399 500 1473 539 ego
1514 486 1690 539 quamvis
1729 486 1849 539 ipsius

59 546 209 600 aquilae
240 546 415 605 sublimis
441 546 636 587 volatibus
662 553 744 586 toto
783 546 891 586 coelo
923 547 1103 601 pervius,
1138 552 1177 586 et
1200 543 1372 599 supremi
1397 540 1503 583 Iovis
1531 549 1662 582 certus
1690 541 1849 582 nuntius

146 678 206 703 ηιιι
226 673 311 704 mila·
324 677 359 704 F.
376 677 404 704 1.
419 677 448 704 3.
471 676 518 703 ed.
539 683 584 709 pr.
598 675 726 703 Vicent.
740 676 853 703 Vener.
869 676 897 703 2.
917 676 993 703 Bas.
1011 677 1037 703 1.
1065 673 1121 709 [at
1133 678 1162 702 et
1177 677 1238 701 aut
1258 672 1414 701 confundi
1434 672 1547 700 docent
1564 672 1703 699 Broukh.
1718 671 1759 698 ad
1772 672 1852 698 Pro-

56 725 135 754 pert.
148 722 246 750 1513.
261 721 469 749 5.Burn1.ad
483 721 576 750 ovid.
589 721 700 749 Amor.
712 721 766 748 III.
782 721 811 748 7.
828 721 855 748 ·1.
875 721 930 748 Dr.
945 721 984 748 ad
999 720 1070 748 Liv.
1080 721 1134 749 111.
1150 721 1202 748 57.
1215 718 1247 754 S.
1266 717 1331 753 12³]
1379 720 1420 745 at
1431 725 1453 744 a
1467 724 1517 743 me
1530 717 1565 745 Ο.
1591 718 1627 743 αἱ
1648 723 1698 742 me
1720 715 1740 744 f.
1766 723 1789 742 a
1801 722 1852 741 me

56 768 91 795 G.
105 767 143 795 D.
158 766 194 795 B.
207 768 244 795 L.
258 768 295 795 R.
310 763 338 795 δ.
354 769 468 794 010011.
482 766 550 794 edd.
565 769 640 793 ven.
687 762 773 792 illud
783 766 820 794 D.

56 877 147 928 ipsa
173 876 324 928 lupulis
356 889 546 915 conservo
573 875 784 914 Thessalis.
833 874 864 911 F
869 874 919 912 lo-

54 931 178 970 ridus:
195 933 357 971 Siccine
371 946 493 971 meum
510 933 602 983 ipsa
618 932 791 970 Lucium
800 931 919 982 Intel-

56 989 116 1027 lt's.
147 988 356 1027 Heinsius.-
383 988 545 1027 Siccine
559 993 614 1032 te,
641 1001 725 1026 ntea
742 988 836 1025 rita.
858 987 917 1024 1·οΙ

53 1058 141 1083 mea
166 1045 257 1084 lux.
285 1044 345 1081 vel
371 1045 423 1082 mi
445 1043 565 1090 Luci,
591 1043 713 1083 ululis
738 1043 800 1080 vel
822 1042 920 1080 forte

52 1102 205 1152 upupis
230 1115 419 1140 conservo
442 1100 651 1139 leessalis.
678 1099 915 1137 Salmasius:

54 1157 216 1195 Siccine
247 1170 371 1195 meum
408 1158 498 1207 ipsa
531 1156 684 1207 lupulis
709 1169 817 1194 cons.
846 1155 915 1194 Th.

52 1211 173 1257 oud..
199 1213 262 1263 qui
287 1213 436 1251 siccine
466 1225 514 1249 ex
539 1211 632 1249 Met.
659 1210 726 1248 IX.
759 1224 794 1261 p.
822 1214 914 1251 (500.

53 1268 248 1307 Siccine
274 1282 423 1307 racem-s
448 1273 486 1306 et
511 1268 661 1306 otiosus
686 1270 724 1304 et
750 1266 818 1304 Sil.
846 1265 913 1303 IX.

51 1328 116 1364 25.
148 1325 392 1374 comprobat.
431 1328 556 1361 tamen
595 1323 644 1360 ob
685 1323 846 1360 litteram
887 1336 917 1359 r.

51 1393 165 1431 quam
190 1379 302 1418 codd.
328 1383 503 1425 servant,
528 1380 655 1418 siccin
675 1392 776 1430 eryo
801 1378 918 1415 scribi

49 1437 198 1483 maluit;
229 1440 268 1474 et
298 1449 412 1486 quum
446 1435 569 1487 lupae
598 1434 674 1472 hoc
699 1438 803 1472 certe
830 1434 916 1471 loco

49 1493 84 1530 01
129 1492 378 1544 displiceant.
432 1496 558 1530 cetera
609 1491 659 1528 ita
701 1490 914 1528 constituit:

50 1563 172 1588 meum
216 1550 305 1601 ipsa
344 1549 517 1588 Lucium
554 1548 686 1599 pullis
728 1551 917 1585 concerto

56 1603 260 1644 Thessalis.
289 1604 555 1655 Corruptelam
577 1617 625 1641 ex
639 1604 827 1655 scriptura
842 1604 916 1641 iata

48 1675 117 1712 pro
155 1663 246 1713 ipsa
282 1665 454 1699 exortam
492 1674 603 1705 esse,
640 1674 741 1710 quae
777 1659 914 1697 eadem

50 1718 232 1769 probetur
264 1718 349 1755 loco
383 1718 490 1755 Suet.
523 1718 625 1768 Aug.
664 1730 694 1755 c.
727 1720 813 1757 88..
851 1716 914 1752 ubi

52 1775 203 1825 legatus
229 1773 383 1825 quidam
410 1775 474 1812 zzz-i
498 1788 565 1825 pro
592 1774 672 1824 ipsi
703 1772 916 1824 scripsisse

49 1830 218 1869 traditur.
266 1829 314 1868 cs.
340 1830 437 1868 infra
461 1831 511 1868 ad
535 1829 631 1868 Met.
660 1829 727 1867 IX.
760 1843 795 1880 p.
825 1833 916 1868 755.

51 1886 148 1925 Tum
170 1887 219 1925 L.
242 1887 370 1939 pullis
395 1890 667 1924 commutatum
693 1900 786 1923 esse.
807 1886 840 1922 in
863 1885 918 1923 la-

45 1943 168 1995 pnlis.
207 1943 349 1981 Alitem
377 1944 476 1980 enim
502 1946 642 1980 tactum
657 1941 820 1979 Lucium
842 1941 918 1978 ele-

49 2004 183 2050 ganter
218 2000 306 2050 fingi
342 2002 577 2036 sectaturum
613 2011 707 2036 esse
750 1997 917 2048 puellas,

50 2069 283 2106 quamquam
309 2069 383 2093 non
405 2055 680 2093 inconvenieus
699 2055 749 2092 sit
769 2054 916 2092 Heinsii

50 2113 269 2150 coniectura
301 2111 436 2151 ululis.
476 2112 562 2161 quia
602 2114 739 2148 noctua
773 2110 916 2148 Lucius

50 2169 171 2207 fieret.
219 2168 286 2206 Sic
310 2171 391 2206 tota
416 2166 519 2206 Oud.
545 2167 739 2205 sententia
765 2180 812 2204 ea
837 2170 915 2204 est:

51 2226 112 2263 An
139 2238 212 2276 ego
238 2225 311 2261 iani
333 2223 450 2261 stulta
471 2223 609 2267 sorem,
635 2227 675 2261 ut
694 2236 820 2261 meum
841 2222 917 2260 Lu·

51 2282 150 2319 cium
177 2280 343 2318 facerem
370 2280 500 2318 alitem
526 2281 559 2317 in
586 2293 698 2317 usum
725 2278 915 2331 pullorum

51 2336 345 2376 Thessalorum.
373 2336 540 2388 [Pullus
554 2340 593 2373 ut
605 2348 828 2387 graecorum
843 2338 917 2372 πώ-

50 2395 115 2440 20.-
138 2393 211 2432 dici
237 2393 288 2430 ‹le
312 2393 594 2435 meretricibus,
620 2396 771 2443 praeter
796 2391 917 2429 Salm.

51 2449 99 2488 ad
132 2449 254 2488 Solin.
288 2463 324 2501 p.
356 2454 450 2489 471.
483 2462 598 2498 quem
630 2447 732 2486 01111.
771 2447 918 2486 1111111111.

50 2507 316 2544 demonstrant
341 2505 423 2543 lntt.
449 2505 498 2543 ad
514 2505 659 2543 Arnob.
674 2503 740 2541 lv,
755 2518 786 2542 c.
807 2508 867 2544 16.
882 2508 920 2541 et

50 2561 226 2614 Hesych.
264 2561 390 2608 πῶλος
413 2585 468 2590 ——
493 2563 632 2612 ἑταίρα.
669 2556 818 2606 aniam-‚-
851 2557 920 2611 γὰρ

51 2616 169 2666 αὐτὰς
200 2617 323 2669 ἔλεγον
355 2616 431 2657 οἷον
458 2616 680 2669 ’,ἠίσροδίτης
715 2614 866 2663 πώλους
897 2616 914 2668 ἢ

51 2672 137 2722 τοὺς
165 2678 266 2721 νέους
295 2677 358 2712 καὶ
390 2673 455 2720 τὰς
487 2677 568 2720 νέας
600 2675 662 2711 καὶ
694 2676 917 2725 παρθένους.

53 2725 133 2770 Sed
158 2732 376 2770 consentire
396 2744 479 2769 cum
500 2730 601 2768 Oud.
624 2744 788 2780 nequeo,
815 2731 917 2779 quod

51 2787 135 2826 eius
160 2788 377 2826 coniectura
404 2801 424 2825 a
453 2787 564 2825 codd.
591 2787 742 2824 nimium
764 2786 917 2824 recedit.

51 2841 220 2882 Primum
244 2857 319 2882 vox
343 2845 469 2883 sicine
489 2857 560 2881 uon
582 2843 774 2894 probatur,
802 2856 916 2893 quum

52 2901 184 2938 mirum
221 2901 291 2946 sit.
329 2914 393 2938 cur
429 2900 506 2937 hoc
530 2903 675 2938 tantuin
703 2898 788 2936 loco
816 2898 917 2937 Mss.

53 2957 105 2994 ita
147 2956 385 3009 discrepent,
429 2955 547 2995 altero
590 2968 680 2992 vero
717 2955 813 2993 Met.
849 2954 918 2993 IX.

52 3025 89 3063 p.
116 3016 207 3054 600.
235 3026 282 3051 ne
307 3013 419 3051 unius
451 3012 605 3062 quidem
637 3011 724 3049 rod.
749 3012 917 3049 varietas

53 3070 326 3120 conspiciatur,
352 3069 452 3107 1111111·
479 3072 659 3120 apparet,
685 3067 759 3106 hoc
783 3067 916 3105 adver-

55 3124 156 3162 bium
184 3124 344 3164 librariis
370 3126 539 3175 ignotum
565 3139 638 3163 non
667 3124 799 3162 fuisse.
835 3125 915 3163 sed

869 763 1060 793 volantibus
1081 765 1185 793 Paris.

982 874 1106 925 magis
1133 888 1194 912 me
1219 877 1366 918 movet,
1393 872 1495 924 quod
1521 871 1632 910 salva
1657 871 1851 909 sententia

980 931 1042 968 hic
1074 930 1160 968 ferri
1196 944 1270 968 non
1305 932 1448 980 potest.
1497 927 1571 966 Est
1602 928 1702 966 enim
1726 928 1852 966 sicine

978 1000 1134 1037 semper
1165 987 1452 1036 interrogantiS,
1492 988 1529 1022 et
1559 986 1593 1022 si
1624 988 1702 1022 tota
1735 997 1851 1021 enun-

980 1044 1091 1081 ciatio
1122 1056 1190 1093 per
1215 1042 1553 1092 interrogationem
1579 1040 1754 1086 effertur,
1780 1041 1852 1078 τίω

977 1103 1014 1136 01
1048 1099 1277 1136 indicativus
1310 1112 1504 1137 consere-o
1542 1097 1670 1135 locum
1705 1096 1852 1134 habere

975 1159 1182 1204 nequeunt.
1230 1154 1469 1192 Alterutrum
1499 1154 1602 1191 reiici
1639 1153 1775 1190 debet:
1813 1157 1851 1189 et

974 1211 1223 1247 verisimilius
1249 1210 1416 1247 videtur.
1448 1211 1573 1247 sicine
1598 1209 1851 1260 depravatum

975 1270 1013 1303 et
1043 1265 1145 1304 aliud
1178 1265 1268 1316 quid
1304 1265 1509 1316 legendum
1536 1278 1648 1304 esse.
1674 1278 1851 1317 praeser-

979 1323 1044 1360 tim
1072 1336 1156 1360 cum
1183 1323 1217 1359 in
1247 1322 1402 1372 optimis
1430 1321 1537 1358 libris
1564 1322 1687 1359 littera
1713 1335 1734 1359 r
1759 1335 1848 1360 con-

978 1382 1126 1417 stanter
1162 1377 1386 1416 adhaereat.
1454 1376 1608 1415 (fex-uun
1648 1378 1737 1427 quid
1774 1382 1850 1415 sta·

979 1440 1085 1473 tuere.
1107 1448 1179 1472 non
1196 1433 1340 1479 audeo,
1367 1433 1468 1471 unde
1488 1433 1615 1471 locum
1631 1433 1739 1472 dedi.
1760 1447 1851 1484 qua-

979 1491 1026 1529 lis
1051 1505 1072 1528 a
1100 1490 1258 1541 vulgata
1285 1490 1500 1541 praebetur.
1527 1488 1556 1527 C
1560 1490 1620 1528 od.
1647 1493 1775 1528 tamen
1801 1490 1850 1527 l).

977 1547 1092 1586 lectio
1117 1548 1260 1586 sicicer
1285 1546 1334 1585 ad
1354 1547 1613 1584 coniecturam
1632 1559 1694 1584 me
1714 1548 1851 1584 movit:

979 1605 1097 1643 Sicce
1117 1617 1227 1648 νοτ-ο.
1254 1607 1293 1640 01
1313 1603 1346 1639 si
1367 1617 1462 1641 sana
1480 1607 1589 1640 esset
1604 1602 1707 1654 apud
1722 1601 1851 1642 Plaut.

976 1659 1190 1699 11‘.ud.ll.4.
1210 1664 1272 1699 12.
1298 1661 1506 1710 scriptura.
1533 1664 1679 1697 textum
1694 1658 1851 1698 11110011-

974 1718 1134 1755 stituere
1161 1730 1232 1753 uon
1260 1716 1512 1754 dubitassem.
1541 1716 1744 1754 Sententia
1759 1729 1851 1754 vero

976 1773 1122 1812 haecce
1138 1772 1313 1810 eflicitur:
1334 1772 1435 1810 Ales
1450 1772 1576 1811 sanctus
1591 1776 1711 1811 totam
1726 1771 1851 1810 Thes-

977 1829 1115 1867 saliam
1141 1829 1418 1880 pervagaberis
1440 1834 1478 1866 et
1498 1842 1656 1880 semper
1675 1843 1697 1867 a
1716 1828 1851 1867 mulie·

977 1886 1083 1923 ribus
1103 1885 1320 1923 libidinosis
1335 1889 1549 1935 occupatus
1565 1886 1660 1930 eris.
1687 1885 1736 1923 ad
1751 1898 1850 1935 quas

978 1946 1017 1979 te
1055 1941 1258 1992 pervolare
1295 1941 1584 1980 transformatio
1621 1943 1733 1980 sinet.
1794 1941 1852 1981 lta

977 1998 1161 2048 equidem
1176 1998 1262 2048 ipsa
1277 1998 1466 2049 perditum
1483 1998 1555 2036 ibo.
1584 1997 1850 2038 Alluditenim

977 2054 1023 2093 ad
1043 2052 1464 2105 magiamPamphilae,
1492 2068 1591 2105 1111110
1618 2055 1721 2092 bubo
1750 2054 1851 2093 sacta

977 2115 1142 2148 amatum
1182 2111 1457 2160 investigabat.
1492 2125 1562 2149 nec
1599 2111 1708 2149 aliter
1738 2110 1850 2150 Fotis

976 2166 1138 2205 Lucium
1164 2170 1270 2217 putat
1292 2167 1604 2205 transformatum
1626 2164 1849 2207 meren-ibes

978 2224 1277 2274 conquisiturum
1305 2236 1408 2261 esse.
1442 2224 1509 2261 Sic
1529 2224 1655 2262 omnia
1674 2225 1744 2262 rite
1764 2239 1849 2276 pro-

977 2280 1118 2317 cedunt
1148 2283 1186 2316 et
1216 2281 1472 2329 sequentibus
1505 2294 1617 2331 quam
1645 2282 1849 2320 accuratis·

976 2337 1074 2373 sime
1098 2336 1349 2386 respondent.
1397 2335 1446 2374 [ft
1472 2340 1599 2375 tamen
1627 2339 1753 2376 sicine.
1777 2351 1850 2375 nec

976 2393 1126 2431 siccine
1160 2392 1407 2431 scribendum
1444 2395 1672 2439 curaverim,
1709 2393 1848 2431 Ritteri

979 2449 1026 2487 ad
1054 2448 1141 2487 Ter.
1168 2449 1287 2487 Andr.
1311 2448 1336 2487 1.
1360 2455 1396 2489 5.
1426 2455 1458 2489 1.
1487 2449 1616 2489 effecit
1641 2451 1848 2491 sententia.

980 2519 1092 2555 quani
1119 2505 1245 2544 Hand.
1273 2506 1307 2543 in
1335 2506 1447 2544 Tuus.
1475 2505 1535 2544 111.
1562 2521 1598 2558 11.
1620 2511 1672 2547 83
1699 2519 1759 2556 sq.
1786 2520 1848 2544 se-

978 2566 1089 2600 cutus
1115 2566 1188 2607 est,
1215 2561 1339 2600 fusius
1365 2562 1414 2600 de
1441 2562 1617 2601 vocabuli
1650 2563 1847 2612 orthogra-

977 2618 1068 2669 phia
1093 2619 1325 2671 disputans]
1773 2612 1781 2614 ἡ

1036 2675 1121 2712 (Ἂν.
1148 2673 1295 2712 XXlll.
1345 2680 1388 2713 a!
1413 2676 1508 2714 milei
1540 2706 1548 2714 .
1565 2706 1595 2714 ..
1625 2675 1846 2726 depellant.

978 2729 1045 2768 Yir
1071 2731 1209 2769 doctus
1235 2732 1269 2768 in
1299 2731 1409 2769 Misc.
1431 2730 1528 2769 Obs.
1546 2731 1693 2771 Yohll.
1722 2730 1766 2769 T.
1783 2731 1846 2771 ΠΙ.

977 2800 1013 2837 11.
1029 2791 1120 2827 391.
1149 2788 1368 2826 emendavit
1394 2801 1442 2825 ex
1456 2787 1630 2826 Plorent.
1658 2789 1847 2839 scriptura

977 2848 1039 2882 as!
1062 2845 1159 2883 mihi
1186 2844 1244 2881 vel
1261 2849 1305 2883 at
1318 2846 1387 2889 mi,
1414 2844 1515 2893 quod
1532 2844 1727 2896 posterius
1742 2843 1844 2884 Oud.

979 2901 1089 2937 unice
1121 2900 1404 2952 comprobavit.
1439 2914 1550 2938 suam
1588 2901 1847 2940 coniecturam

977 2956 1031 2994 ale.
1061 2957 1158 2994 mihi
1190 2957 1249 2994 vel
1285 2959 1336 2994 mi
1368 2957 1521 2994 ‹mmiuo
1553 2957 1742 2996 reiiciens.
1777 2956 1847 3009 [[’1

977 3026 1052 3063 ego
1090 3013 1187 3051 milei
1226 3014 1427 3058 retineam,
1467 3027 1540 3051 non
1573 3013 1701 3051 solum
1733 3013 1845 3052 codd.

976 3069 1108 3119 optimi
1135 3074 1312 3115 monent,
1344 3069 1417 3107 sed
1444 3069 1546 3120 quod
1578 3071 1629 3107 ita
1655 3070 1767 3108 etiam
1794 3071 1846 3108 in-

976 3124 1095 3176 telligi
1135 3125 1240 3171 licet.
1279 3125 1380 3164 uude
1417 3141 1441 3165 a
1480 3139 1538 3165 me
1575 3130 1747 3165 exortum
1783 3127 1845 3164 sit.

1477 3193 1529 3235 13
