2221 3667
232 348 291 382 011

319 123 401 164 770
581 121 628 162 L.
659 119 878 161 APULElI
906 117 1305 160 MADAURENSIS
1335 120 1873 164 METAMORPHOSEON

321 234 455 274 volant
485 233 608 283 avidi,
647 232 821 286 colloque
853 233 1067 273 constricto
1098 239 1137 273 et
1171 233 1386 288 sacrilegos
1411 233 1660 288 impurosque
1686 236 1960 289 compellantes
1985 234 2105 273 inler-

320 291 408 329 dum
435 290 574 344 pugnis
600 289 884 340 obverberant,
913 303 984 330 nec
1010 303 1088 329 non
1109 289 1270 330 manicis
1290 290 1406 330 etiam
1426 290 1580 330 vinctos
1601 298 1800 342 coartant,
1829 299 1867 331 et
1886 290 2104 331 idemtidem

328 345 334 401 l
356 347 512 399 urgenti
533 359 713 385 somnone
733 346 1011 400 comprimunt,
1040 353 1265 399 promerent
1284 347 1412 400 potius
1432 360 1591 386 aureum
1613 347 1857 398 cantharum,
1886 352 2110 401 promerent

321 408 657 441 auctoramentum
688 402 780 442 illud
801 403 860 442 sui
881 401 1064 452 sceleris,
1093 403 1193 455 quod
1221 402 1470 442 simulatione
1495 402 1746 453 solemnium,
1781 417 1878 455 quae
1902 403 1942 442 in
1974 408 2107 456 operto

321 459 619 508 l'actitaverant,
648 458 695 498 ab
721 458 814 512 ipsis
839 457 1110 511 pulvinaribus
1135 459 1272 499 matris
1292 457 1420 498 Deum
1446 459 1622 499 clanculo
1650 459 1784 507 furati,
1813 472 1972 512 prorsus
1999 457 2109 511 quasi

320 521 480 568 possent
507 515 601 554 tanti
631 514 817 554 facinoris
844 515 1012 555 evadere
1037 515 1289 569 supplicium,
1320 515 1437 555 tacita
1463 515 1705 570 profectione
1737 516 1861 556 adhuc
1886 514 1971 554 luce
1996 514 2110 554 dubia

318 572 531 626 pomerium
560 571 821 626 pervaserint.

915 720 1525 770 CAPUT2X.

432 852 518 894 Nec
545 852 687 903 defuit,
716 851 780 906 qui
805 866 924 893 manu
949 867 1068 908 super
1093 853 1250 894 dorsum
1275 868 1401 894 meum
1429 855 1573 895 iniecta
1598 854 1638 895 in
1663 854 1748 909 ipso
1772 853 1882 895 Deae
1908 867 2021 908 quam
2047 866 2113 907 ge—

320 909 453 950 rebam
481 910 630 964 gremio
657 916 855 950 scrutatus
882 910 1097 964 reperiret,
1135 918 1251 964 atque
1284 912 1459 951 incoram
1487 912 1658 951 omnium
1684 924 1845 951 aureum
1872 911 2116 965 depromeret

321 967 565 1007 cantharum.
616 965 703 1007 Nec
728 966 804 1006 isto
829 966 970 1007 saltem
994 974 1072 1008 tam
1099 967 1252 1007 nefario
1278 968 1427 1008 scelere
1452 967 1758 1023 impuratissima
1783 968 1848 1008 illa
1873 967 1999 1022 capita
2024 980 2115 1006 con-

320 1093 507 1133 soerr‘logos
523 1097 558 1124 G.
572 1097 597 1124 1.
613 1095 647 1124 Ο.
685 1097 824 1123 cunctos
838 1104 911 1124 esse
925 1094 959 1124 in
973 1098 1054 1125 Mss.
1070 1098 1098 1124 et
1111 1097 1192 1125 Edu.
1207 1097 1356 1126 omnibus
1370 1100 1445 1125 ante
1458 1105 1524 1126 sec.
1538 1097 1634 1126 Vulc.
1649 1097 1704 1131 qui
1724 1105 1764 1125 cx
1783 1096 1970 1125 coniectura
1988 1094 2117 1122 vinctos

321 1142 510 1177 reposuerit,
525 1141 735 1175 sequentibus
743 1141 1113 1170 Elin.scriver.Floriu0
1127 1143 1256 1170 adnotat
1273 1143 1498 1177 Oud.1np.est
1513 1149 1634 1170 cuneos
1653 1142 1685 1170 in
1697 1142 1717 1170 t.
1743 1144 1878 1177 cuncta,
1893 1148 1951 1170 nec
1964 1140 2117 1169 librarius

321 1187 592 1222 diligentissimus
607 1187 639 1214 in
654 1188 726 1215 coll.
741 1186 827 1214 Flor.
842 1187 872 1214 3.
886 1187 1034 1215 Elmenli.
1048 1187 1220 1215 lectionem
1234 1186 1364 1215 vinctos
1379 1191 1529 1217 correxit.
1548 1188 1657 1216 Nihilo
1673 1190 1777 1216 tamen
1792 1187 1899 1215 minus
1914 1194 1970 1221 per
1982 1192 2118 1214 errorem

320 1241 395 1260 esse
419 1231 541 1260 factum
562 1232 711 1260 existimo
730 1235 761 1259 et
775 1233 914 1259 cunctos
929 1239 1000 1260 cum
1014 1232 1132 1260 ceteris
1146 1232 1295 1261 omnibus
1309 1233 1399 1261 codd.
1414 1233 1542 1261 retinui.
1573 1231 1711 1260 Vinctos
1726 1240 1781 1261 eos
1795 1233 1898 1260 fuisse
1910 1231 1993 1261 satis
2007 1231 2120 1258 docent

320 1280 422 1305 verba
436 1276 520 1304 eollo
535 1276 738 1313 constricto,
763 1275 905 1304 manicis
919 1275 1023 1303 etiam
1037 1279 1212 1305 eom-tant.
1249 1275 1436 1305 cohartunt
1456 1280 1491 1306 G.
1510 1279 1537 1306 l.
1574 1276 1764 1306 chum-eant
1782 1279 1817 1306 G.
1836 1279 1867 1305 2.
1903 1275 1950 1304 ad
1966 1273 2066 1303 idem.
2089 1283 2117 1309 p,

321 1330 363 1349 ac
388 1324 458 1351 edd.
484 1326 559 1351 ante
585 1323 674 1351 Colv.
699 1325 775 1350 vett.
800 1325 930 1356 praeter
951 1323 1036 1351 lunt.
1056 1324 1087 1350 2.
1099 1345 1107 1359 ,
1133 1323 1216 1356 quou
1240 1327 1314 1351 ante
1333 1325 1480 1352 vocalem
1499 1323 1653 1352 vitiosum
1680 1326 1744 1359 est,
1771 1326 1804 1351 ut
1829 1329 1928 1357 saepe
1952 1321 2117 1349 monitum.

322 1368 458 1405 urgenti
474 1370 585 1396 exulat
604 1374 624 1396 a
642 1368 676 1396 Ρ.
692 1370 773 1396 Mss.
788 1370 818 1395 et
831 1367 911 1395 Eud.
927 1371 1054 1401 praeter
1065 1367 1172 1396 ScrIv.
1201 1367 1339 1405 urgenti
1350 1369 1407 1396 sed
1421 1369 1458 1397 de
1472 1369 1551 1396 oud.
1567 1369 1729 1397 sententia
1742 1368 1849 1396 minus
1863 1366 2120 1401 ortliograpbice.

322 1413 518 1449 comprimat
534 1414 569 1441 G.
585 1414 615 1441 1.
659 1412 774 1448 potins
789 1419 845 1446 pro
860 1412 968 1449 ocius,
994 1413 1075 1446 quod
1090 1413 1286 1441 recentiores
1299 1414 1369 1442 edd.
1384 1417 1414 1442 et
1428 1415 1465 1442 B.
1479 1415 1615 1450 liabent,
1641 1414 1765 1442 obsidet
1779 1420 1889 1441 omues
1903 1415 1984 1440 MSS.
1999 1415 2027 1439 et
2050 1411 2121 1438 edd.

323 1466 425 1492 usque
446 1459 487 1487 ad
508 1458 598 1487 Colv.
636 1455 750 1486 canth.
767 1460 969 1493 promerunt
988 1457 1009 1486 f.
1028 1459 1063 1486 1..
1089 1458 1198 1486 verba
1212 1461 1408 1494 promerent
1427 1467 1529 1492 usque
1548 1460 1587 1487 ad
1607 1456 1813 1486 cantharum
1833 1465 1896 1486 non
1915 1459 2067 1492 leguntur
2087 1456 2120 1484 iu

324 1506 359 1533 G.
379 1506 405 1532 l.
420 1506 450 1533 2.
464 1505 502 1531 D.
517 1504 552 1532 0.
567 1510 603 1531 π.
618 1506 646 1531 et
661 1503 733 1531 sine
747 1502 843 1530 dubio
857 1504 955 1530 eiiam
968 1502 1002 1530 in
1016 1503 1068 1539 P.‚
1096 1502 1128 1530 in
1143 1510 1203 1536 quo
1217 1506 1321 1532 solum
1334 1502 1447 1539 pocius
1468 1503 1647 1532 desiderari
1669 1504 1713 1531 ait
1728 1504 1807 1532 Oud.
1832 1502 1956 1531 Vitium
1976 1505 2121 1531 exortum

323 1553 383 1585 est,
399 1550 479 1583 quod
495 1548 700 1576 librariorum
714 1547 800 1575 oculi
814 1548 853 1575 ad
868 1555 1008 1581 sequens
1017 1551 1213 1583 promerent
1229 1550 1472 1577 delabebantur.
1508 1551 1727 1576 auctoratum
1742 1549 1777 1576 P.
1813 1546 1852 1574 de
1865 1545 2080 1575 simulatione
2089 1548 2122 1575 0.

324 1594 534 1629 probabiliter
548 1594 585 1621 ile
599 1593 683 1622 Prie.
698 1596 727 1621 et
741 1594 819 1621 oud.
835 1593 1008 1629 sententia,
1029 1593 1084 1627 qui
1098 1593 1309 1630 recepissent,
1326 1594 1355 1622 si
1370 1594 1403 1622 in
1417 1594 1566 1628 pluribus
1580 1595 1670 1622 codd.
1687 1594 1813 1629 fuisset,
1834 1595 1908 1621 coll.
1923 1593 1963 1621 ad
1978 1594 2053 1621 Met.
2067 1592 2123 1620 IV.

325 1649 353 1674 p.
368 1642 444 1668 250.
470 1637 512 1665 de
528 1641 596 1665 tam
611 1645 690 1665 sera
703 1637 889 1676 refectione
903 1636 1061 1665 solatium
1078 1637 1214 1665 triones.

324 1686 427 1714 Colin.
465 1684 708 1722 satitaoerant
729 1685 765 1712 G.
787 1684 816 1711 1.

1263 1641 1381 1675 oporto
1397 1647 1426 1673 1).
1452 1641 1570 1675 aperto
1584 1640 1711 1667 Vicent.
1726 1640 1840 1667 Venet.
1854 1640 1885 1666 2.
1898 1639 1982 1667 lunt.
1999 1638 2028 1666 1.
2047 1637 2124 1665 Ald.

865 1681 989 1710 (lumini
1004 1683 1112 1717 inepte
1133 1691 1246 1712 rursus
1273 1684 1394 1718 aliquot
1414 1686 1495 1713 Mss.
1515 1687 1545 1713 et
1565 1685 1634 1712 edd.
1657 1685 1779 1718 primae
1798 1686 1881 1711 lunt.
1904 1684 1932 1713 l.
1952 1683 2027 1712 Alu.
2046 1683 2123 1710 Bas.

325 1731 422 1759 solita
435 1729 648 1758 aberratione.
674 1730 708 1757 ln
720 1728 867 1763 margine
882 1729 958 1756 Bas.
979 1730 1009 1756 l.
1034 1725 1180 1757 deorum.
1211 1730 1276 1757 Nec
1295 1738 1331 1756 eo
1346 1729 1498 1757 convenit
1514 1729 1567 1758 liic
1588 1727 1756 1766 dominae,
1782 1729 1865 1763 quod
1885 1730 2019 1763 putabat
2038 1728 2125 1756 Gan-

324 1783 442 1809 graeus
457 1775 497 1803 ad
509 1775 621 1803 Iuven.
636 1774 765 1802 Satvl.
780 1774 856 1800 530.
870 1774 1043 1809 legendum
1057 1781 1141 1803 esse.
1180 1772 1311 1812 furari
1327 1776 1364 1803 G.
1379 1776 1408 1803 2.
1422 1774 1457 1803 P.
1471 1774 1511 1802 D.

321 1818 513 1857 pomeriont
530 1820 569 1847 1).

1562 1773 1642 1801 ιᾶῖα
1655 1774 1751 1814 prof.
1771 1776 1808 1803 L.
1851 1771 2068 1811 professione
2088 1773 2124 1802 P.

414 1873 549 1892 omnum
573 1871 674 1900 snper
698 1862 833 1891 dorsum
858 1871 963 1890 meum
988 1861 1148 1891 iniectam
1174 1866 1210 1893 G.
1232 1865 1261 1891 1.
1282 1864 1316 1892 0.
1338 1863 1359 1892 f.
1407 1872 1512 1891 meum
1539 1866 1632 1893 abest
1656 1862 1685 1893 δ.
1734 1863 1786 1891 die
1804 1872 1860 1898 pro
1879 1862 1961 1891 deae
1980 1865 2016 1892 G.
2036 1864 2068 1892 2.
2086 1863 2125 1891 D.

326 1913 524 1947 sernptntns
539 1911 574 1938 G.
588 1911 619 1937 2.
634 1911 671 1938 D.
686 1911 722 1938 P.
759 1911 936 1936 scut-tatus
951 1910 987 1937 G.
1003 1910 1032 1936 1.

327 1959 362 1985 G.
379 1958 407 1984 l.
439 1956 471 1983 in
492 1958 582 1983 abest
596 1956 636 1983 ab
651 1956 686 1983 Ο.

326 2010 345 2028 ν
353 2010 374 2028 α
383 2010 413 2029 m
434 2000 566 2028 omnin
576 2008 606 2027 ηι
628 1999 799 2037 gestiebat
810 1997 1017 2029 inscendere.

328 2113 579 2153 personarum
594 2099 656 2146 sit,
672 2098 734 2137 vel
748 2098 833 2137 vice
844 2112 978 2144 versa,
1003 2102 1045 2137 ut
1058 2112 1092 2150 p.
1105 2102 1197 2139 613.

326 2156 566 2210 perviqilcm
589 2157 783 2207 farinam.
814 2169 851 2206 p.
874 2159 966 2196 627.
992 2155 1200 2195 ardentem

330 2213 616 2253 Pleilesietaeri
652 2212 923 2265 viyilanttam.
981 2211 1071 2263 lpse
1107 2225 1198 2250 vero

331 2269 483 2322 ingenio
513 2269 721 2319 indulgens
751 2269 785 2306 si
817 2268 910 2320 quid
933 2268 996 2306 hic
1020 2269 1199 2307 innovan-

332 2327 421 2365 dum
445 2326 563 2372 soret,
594 2325 670 2364 alia
698 2338 778 2363 rem
810 2325 1081 2364 instituendam
1107 2338 1200 2363 esse

333 2384 395 2422 via
433 2385 555 2434 putat.
632 2381 793 2420 Scilicet.
832 2394 969 2420 vocem
1006 2395 1201 2434 equorum.

333 2439 495 2479 aPalat.
516 2440 701 2478 omissam
721 2438 847 2477 otiose
867 2438 1064 2477 abundare
1079 2443 1118 2477 et
1131 2451 1200 2489 pro

334 2510 382 2534 ea
406 2508 499 2534 esse
524 2509 668 2548 equum
688 2495 723 2532 in
739 2494 824 2533 edd.
847 2493 968 2533 Colin.
990 2498 1029 2533 et
1041 2493 1134 2533 Bas.
1151 2499 1201 2540 2.,

335 2565 528 2604 quumque
566 2552 793 2591 cohibentes
833 2550 985 2602 legatur
1025 2553 1059 2589 in
1097 2551 1202 2590 Rei-t.

334 2609 438 2648 Pith.
455 2613 493 2646 et
507 2609 593 2647 edd.
610 2612 699 2647 ante
714 2607 842 2653 Colv.,
868 2607 1064 2646 emendari
1078 2621 1204 2659 posse

336 2666 532 2704 existimat
568 2664 777 2704 cohibente
811 2678 850 2703 se
887 2665 1044 2704 carrula·
1080 2665 1204 2711 rabie,

337 2736 450 2774 quani
477 2722 733 2760 coniecturam
759 2721 949 2759 neminem
974 2734 1090 2772 spero
1120 2734 1205 2773 pro-

336 2782 511 2819 baturum
538 2792 643 2816 esse.

391 2839 626 2888 promerent
656 2834 810 2887 potins.
859 2832 1094 2873 Emendatio
1130 2833 1206 2871 Be-

338 2892 458 2930 roaldi
486 2892 596 2930 ocius
620 2891 656 2929 in
683 2904 817 2930 omnes
843 2891 932 2930 edd.
956 2891 1063 2937 abiit,
1095 2895 1134 2929 et
1158 2892 1206 2930 ab

339 2949 442 2987 oud.
469 2960 622 2998 quoque
648 2948 898 2998 comprobata
924 2952 1002 2992 est,
1029 2947 1207 2997 quiidem

338 3003 570 3043 vocabulum
595 3005 757 3056 saepius
782 3004 882 3056 apud
898 3002 1107 3055 Apuleium
1129 3018 1210 3042 eor-

342 3065 491 3112 ruptum
522 3059 596 3111 logi
628 3064 850 3108 asseverat3
898 3060 985 3099 coll.
1024 3059 1118 3098 Met.
1139 3060 1208 3099 VI.

342 3130 380 3170 p.
396 3121 488 3158 ⁴410.
519 3117 648 3156 abiret
667 3118 876 3162 innoxius,
901 3130 970 3169 pro
992 3130 1067 3169 quo
1082 3131 1209 3155 enien-

1081 1909 1250 1945 reperiret
1261 1910 1297 1938 P.
1317 1911 1420 1938 abest.

736 1954 879 1981 ηηιηίηηι
893 1954 1096 1982 desideratur
1110 1954 1143 1982 in
1157 1956 1193 1983 G.
1207 1956 1238 1984 2.
1253 1956 1288 1983 P.
1303 1956 1342 1982 D.
1368 1953 1517 1982 omnibns
1531 1956 1568 1985 L.
1594 1949 1713 1984 cf.'V11.
1729 1963 1758 1989 p.
1773 1956 1848 1983 488.
1872 1952 1990 1982 ibidem
2014 1953 2126 1981 inco-

1064 2002 1221 2027 azar-eum
1235 2001 1273 2029 D.
1299 2007 1420 2027 aarum
1435 2002 1472 2029 G.
1490 2001 1516 2028 l.
1532 2001 1566 2029 0.

1466 1908 1514 1937 ibi
1531 1918 1647 1937 coram
1661 1910 1741 1939 coll.
1755 1911 1852 1938 Voss.
1887 1908 1990 1936 etiam
2011 1916 2126 1935 coram

1259 2098 1324 2137 dat
1336 2097 1475 2138 'abit-et
1493 2099 1592 2138 inde
1618 2100 1762 2139 ocius.
1791 2097 1904 2150 [Met.
1917 2098 1967 2136 V.
1981 2111 2018 2151 p.
2034 2101 2126 2139 358.

1258 2154 1428 2193 Primum
1459 2169 1552 2194 vero
1586 2156 1700 2195 ocius
1730 2169 1804 2193 non
1835 2155 1888 2194 ita
1916 2167 2039 2193 rarum
2065 2159 2128 2193 est

1259 2212 1509 2258 vocabulum,
1559 2212 1661 2264 quod
1709 2213 1745 2250 in
1788 2213 1931 2264 potius
1965 2209 2128 2250 librariis

1260 2269 1468 2307 emendare
1511 2269 1679 2315 libuerit,
1727 2272 1806 2306 tani
1847 2271 2068 2307 constanter
2107 2282 2132 2306 a

1260 2325 1371 2364 codd.
1391 2329 1595 2365 retentum.
1643 2325 1686 2363 Si
1707 2325 1794 2375 quis
1813 2325 1937 2364 obiter
1953 2337 2035 2363 rem
2058 2328 2131 2362 tra-

1262 2383 1389 2427 ctarit,
1420 2395 1470 2420 ex
1501 2382 1638 2420 lexicis
1671 2381 1989 2433 significationem
2020 2381 2131 2433 parti-

1262 2438 1373 2476 culae
1396 2438 1588 2490 probabit,
1615 2451 1716 2489 quae
1742 2438 1823 2477 tere
1847 2439 1973 2477 omnia
1993 2440 2132 2490 potins

1261 2508 1331 2547 per
1366 2497 1514 2547 maqis,
1553 2496 1691 2548 prins,
1736 2497 1882 2535 citius
1923 2494 2131 2547 explicant,

1263 2564 1496 2603 quamquam
1529 2553 1624 2590 locis
1655 2552 1779 2589 citatis
1805 2550 1906 2589 haec
1928 2552 2031 2590 notio
2057 2564 2132 2589 non

1264 2608 1476 2647 conveniat.
1529 2609 1676 2648 I’otias
1711 2607 1774 2645 hic
1809 2621 1882 2646 sua
1918 2609 1954 2646 vi
1991 2607 2133 2646 dictum

1265 2677 1358 2702 esse
1383 2664 1562 2703 existimo
1588 2665 1638 2702 de
1656 2664 1939 2711 sacerdotibus,
1965 2664 2030 2716 qui
2048 2677 2133 2715 per-

1266 2721 1386 2759 fracte
1416 2722 1627 2772 negabant,
1659 2733 1705 2758 se
1737 2720 1958 2759 cantharum
1984 2720 2133 2758 furatos

1265 2791 1378 2825 esse,
1403 2791 1475 2816 nec
1499 2778 1681 2816 instantia
1704 2779 1875 2828 equitum
1901 2778 2134 2815 commoveri

1265 2838 1462 2886 poterant,
1488 2838 1528 2873 ut
1552 2833 1831 2873 confiterentur.
1879 2833 1965 2872 Hac
1988 2837 2134 2872 tantum

1266 2891 1314 2929 de
1323 2902 1464 2929 caussa
1473 2903 1543 2928 eos
1558 2891 1696 2941 pagani
1711 2894 1884 2929 coartant
1895 2894 1933 2929 et
1946 2890 2135 2929 interdum

1265 2948 1406 2999 pugnis
1430 2948 1701 2991 obverberant,
1733 2947 1806 2998 ipsi
1832 2947 2064 2993 suadentes,
2094 2949 2136 2985 ut

1263 3006 1402 3056 potius
1416 3003 1637 3043 cantharum
1653 3003 1935 3055 depromerent,
1962 3016 2076 3054 quam
2094 3006 2136 3040 ut

1266 3061 1441 3112 pessima
1465 3072 1645 3112 quaeque
1668 3063 1899 3111 paterentur.
1926 3059 1983 3098 lta
2007 3059 2135 3099 locum

1269 3116 1475 3169 explicanti
1496 3118 1637 3170 potins
1662 3119 1765 3154 recte
1789 3130 1835 3154 se
1859 3115 2054 3168 habebit]
