2155 3590
634 127 822 170 LIBER
853 130 899 170 V.
961 129 1082 171 CAP.
1111 128 1231 170 xm.
1728 124 1806 167 341

35 241 118 282 lore
149 241 354 282 fervidum.
406 240 471 283 Sic
501 242 540 281 in
572 242 643 281 hoc
668 242 802 282 saltem
835 242 996 305 parvulo
1027 254 1258 296 cognoscam
1286 240 1422 280 faciem
1443 237 1452 295 1
1473 246 1597 289 tuam,
1625 237 1806 292 supplic-is
1828 236 1930 277 [165]

35 297 178 338 anxiae
193 297 264 351 piis
279 298 455 351 precibus
471 305 670 349 erogatus,
698 298 873 351 germani
889 298 1112 352 complexus
1127 297 1283 353 indulge
1299 297 1480 346 fructum,
1509 303 1548 335 et
1562 295 1627 335 tibi
1645 296 1714 335 dev
1719 301 1806 334 otae

34 353 259 407 dicataeque
272 352 352 394 Psv
345 354 445 394 ches
466 354 631 393 animam
653 354 792 406 gaudio
814 367 960 394 recrea.
995 354 1080 394 iNec
1100 353 1106 409 1
1128 329 1328 407 quicquam
1354 351 1550 405 amplius
1541 365 1580 391 ιιι
1605 358 1671 391 tuo
1695 351 1806 390 xultu
1831 351 1895 383 346

34 409 206 462 requiro.
252 409 334 450 Iam
359 411 412 450 nil
438 410 607 450 officiunt
630 410 722 449 mihi
747 423 817 449 ne(
842 410 948 463 ipsae
975 418 1188 450 nocturnae
1212 408 1410 449 tenebrae.
1449 407 1585 447 Teneo
1605 414 1658 457 te,
1679 420 1805 447 meum

33 465 176 505 lumen.
201 464 280 505 His
287 464 417 506 verbis
431 465 469 505 et'
481 465 724 520 amplexibus
738 466 915 505 mollibus
931 467 997 506 ἀει
1002 473 1156 506 antatus
1171 465 1332 505 maritus
1339 463 1614 516 ‚lacrimasque
1628 463 1710 503 eius
1725 463 1805 503 suis

32 521 204 562 crinibus
223 520 445 576 detergenS,
464 523 653 562 facturum
675 522 895 576 spopondit:
922 529 959 562 et
979 522 1192 576 praevertit
1203 521 1334 562 statim
1347 521 1476 561 lumen
1490 519 1688 560 nascentis
1713 519 1806 559 diei.

23 637 154 678 faeiem
169 646 225 673 pro
239 637 358 666 saltem
372 640 446 668 BaS.
465 641 490 668 l.
539 641 713 666 recreatus
728 647 783 674 pro
796 641 955 676 erogatus
968 641 1002 668 Ο.
1033 642 1174 677 rogatus
1193 641 1228 669 G.
1246 640 1273 668 1.
1286 640 1318 667 2.
1332 639 1368 667 P.
1381 639 1418 666 Ι).
1433 639 1470 666 R.
1487 637 1508 666 f.
1554 635 1694 663 dez-otae
1714 634 1808 663 deca·

34 686 153 721 tueque
165 684 201 713 F.
215 685 245 712 3.
258 685 294 712 Β.
308 688 338 712 et
351 685 420 713 edd.
434 687 510 713 velt.
535 682 673 711 devotae
688 692 855 721 caraeque
870 683 989 720 Psych.
1009 686 1044 713 F.
1062 686 1090 713 1.
1104 686 1142 713 R.
1158 685 1178 714 f.
1193 694 1225 718 φ.
1240 681 1268 712 δ.
1294 682 1351 717 (in
1370 683 1463 711 cuius
1481 682 1626 717 margine
1645 684 1693 710 est
1711 679 1807 708 dica-

34 728 172 766 taeque)
185 728 218 766 β.
232 731 276 758 Μ.
301 727 496 766 dae'clareque
510 738 538 764 [ι.
564 727 763 766 dicataeque
777 732 872 763 plane
885 732 974 758 abest
989 738 1007 758 a
1022 731 1057 758 G.
1069 731 1137 759 ’1.2.
1152 731 1186 758 P.
1200 730 1233 757 Ο.
1249 730 1286 757 D.
1311 729 1394 756 Hinc
1407 727 1485 756 Oud.
1499 734 1664 762 perperam
1678 726 1809 754 coniicit

32 771 232 811 dz‘cataeque
256 782 274 802 e
296 776 407 809 glossa
433 774 522 802 vocis
547 772 686 802 decome
711 775 895 808 irrepsisse.
921 780 948 802 et
970 782 1137 811 caraeque
1155 775 1246 803 modo
1265 774 1388 802 evaria
1401 773 1540 801 lectione
1554 774 1605 800 vel
1617 771 1807 800 correctoris

31 825 130 847 manu
148 827 220 847 esse
239 823 349 848 natum
364 826 401 848 ac
414 824 557 847 neutram
573 827 683 848 vocem
698 820 840 848 relictam
861 822 899 847 ab
914 824 1051 848 auctore.
1099 817 1236 856 Psyche?
1257 820 1292 848 G.
1312 819 1396 847 2.1).
1444 815 1570 853 Psyche
1584 824 1638 852 pro
1653 813 1807 852 Psychae

32 865 68 892 G.
84 865 112 892 1.
127 860 156 892 δ.
172 863 192 893 f.
207 872 235 898 p.
252 871 293 892 ex
304 872 390 892 more
404 867 500 893 Mss..
527 866 608 898 quod
630 865 768 898 proferre
787 873 850 893 non
871 865 1003 892 debebat
1017 866 1112 901 Oud.‚
1137 872 1211 893 nam
1232 864 1312 892 talia
1333 867 1466 898 possunt
1485 862 1665 891 enumerari
1684 861 1808 890 infinita

30 916 91 938 nec
109 909 280 943 quisquam
301 910 331 937 in
353 917 389 937 eo
408 910 552 938 offendit.
579 910 633 944 qui
652 910 683 937 in
704 912 784 938 Mss.
805 910 905 937 uniter
923 913 1046 938 tantum
1064 914 1215 938 versatus
1233 913 1291 937 est.

839 952 990 989 efficiunt
1005 956 1039 982 G.
1058 956 1084 983 1.
1100 962 1120 983 a
1132 962 1171 983 m.
1187 963 1216 989 p.
1263 952 1410 989 amplat.
1426 951 1562 980 mellitis
1582 953 1617 980 G.
1630 953 1661 980 2.
1675 953 1710 980 P.
1725 952 1762 979 D.
1778 959 1807 984 p.

30 960 168 982 recreas
182 955 216 982 G.
233 954 262 982 1.
276 961 296 982 a
309 963 349 982 nl.
365 963 393 988 p.
440 952 526 981 nihil
536 955 573 982 D.
622 953 765 981 obiciunt
782 954 801 982 f.

30 997 170 1027 molibus·
183 1001 218 1027 G.
235 1001 262 1027 1.

88 1087 158 1125 Sic
187 1087 227 1124 in
260 1086 337 1125 leoc
368 1087 506 1125 saltem.
533 1086 710 1137 port-ulo
737 1100 890 1138 σοφισ-

31 1156 148 1181 scam.
181 1141 240 1180 Ex
266 1147 443 1194 corrupta
467 1141 559 1180 Bas.
583 1147 616 1182 1.
646 1142 808 1180 lectione
833 1143 890 1180 sic

31 1199 74 1237 in
99 1198 178 1237 lzoc
197 1200 350 1250 faciem
375 1212 490 1249 quum
515 1197 674 1236 folvius
688 1199 745 1236 sic
759 1200 798 1236 ἰη
814 1198 891 1236 laeoc

28 1258 125 1308 face
141 1255 316 1306 porculo
338 1254 598 1295 emendasset.
624 1254 735 1291 solus
750 1253 823 1292 hoc
836 1266 891 1291 re-

32 1311 135 1362 cepit
165 1311 326 1348 vulcan.
359 1310 458 1348 Edit.
490 1323 569 1348 sec.
598 1314 717 1350 1600.
749 1310 890 1354 forsan,

33 1367 122 1419 quia
150 1380 224 1404 non
254 1366 374 1404 multo
406 1370 494 1405 ante
525 1370 794 1417 praecesserat
817 1366 892 1405 sal-

31 1428 118 1462 tem.
156 1426 209 1461 At
232 1436 305 1461 non
331 1423 446 1461 modo
466 1423 564 1461 haec
584 1423 695 1461 lectio
713 1425 811 1475 face
824 1437 890 1474 pro

28 1482 105 1532 fac
140 1479 242 1517 haud
279 1479 519 1517 confirmatur
555 1481 603 1518 ab
639 1479 718 1516 ullo
745 1478 890 1525 codice,

31 1535 102 1574 sed
129 1537 243 1574 etiam
268 1537 384 1574 menti
410 1536 576 1574 auctoris
607 1540 668 1573 est
693 1536 891 1575 contraria.

30 1591 172 1644 Neque
209 1593 310 1630 enim
348 1591 505 1643 Psyche
541 1591 638 1638 vult,
676 1596 716 1629 ut
742 1590 890 1643 Cupido

33 1648 165 1694 saciat,
189 1662 235 1687 se
265 1662 502 1699 cognoscere
533 1649 654 1700 ipsius
686 1647 822 1686 faciem
859 1649 894 1686 iu

30 1705 296 1756 parvulo‚sed
313 1709 500 1757 precatur,
519 1705 555 1743 id
582 1705 682 1755 quod
708 1705 895 1743 ‚solemnis

30 1765 203 1800 votorum
218 1761 401 1813 particula
415 1763 473 1801 sic
493 1775 576 1800 cum
591 1762 828 1799 coniunctivo
844 1762 894 1799 in-

32 1817 149 1863 dicat,
180 1822 221 1855 ut
250 1831 407 1856 sorores
443 1818 571 1856 videat
601 1831 669 1868 per
697 1817 893 1863 infantem,

33 1887 147 1926 quem
180 1877 286 1912 utero
318 1878 448 1925 gestat
473 1878 511 1912 et
535 1876 569 1912 in
597 1888 671 1925 quo
697 1888 742 1912 se
769 1876 894 1925 cogni-

31 1934 151 1970 turam
181 1931 388 1980 aliquando
429 1931 512 1969 eius
545 1930 683 1969 facicm
715 1931 891 1968 devovet.

31 1985 151 2025 Porro
181 1985 366 2026 Pricaeus
397 1987 567 2025 malebat
603 2001 893 2038 recoqnoscwn

32 2056 81 2081 ex
104 2042 198 2081 Met.
225 2041 292 2081 XI.
318 2057 354 2094 p.
382 2043 479 2084 684:
506 2043 615 2082 illius
640 2044 741 2081 enim
765 2057 891 2084 reca—

32 2113 272 2152 ynoscens
298 2100 512 2150 ima-qinein
529 2101 566 2137 ῖιι
582 2104 650 2138 tua
663 2100 789 2151 facie.
815 2099 891 2136 Ve-

31 2169 111 2194 rum
132 2153 292 2207 Psyche
316 2155 482 2193 nondum
508 2159 738 2205 cognoverat
763 2155 891 2206 imagi-

32 2225 119 2250 nem
143 2212 283 2257 mariti‚
308 2212 486 2262 itaquein
507 2211 581 2249 filio
604 2225 677 2249 non
698 2225 895 2263 recoslno-

31 2282 158 2313 scere,
193 2267 265 2306 sed
293 2282 538 2319 coqnoscere
562 2272 706 2306 tantum
732 2272 895 2318 poterat.

32 2323 80 2363 cf.
104 2323 233 2363 Burni.
259 2324 308 2362 ad
334 2323 448 2362 Ovid.
474 2323 569 2362 Met.
597 2323 662 2361 lv.
690 2327 781 2364 290.

89 2386 290 2434 eroqcttzts.
340 2379 570 2433 [ΕΜ-φαίης
594 2380 657 2418 hic
682 2394 750 2432 pro
776 2380 895 2420 valde

4 2473 9 2476 .
31 2442 203 2490 roqatus
227 2437 375 2489 plurimi
402 2440 608 2488 exponunt.
643 2436 724 2475 Sed
750 2436 894 2475 nullum

31 2492 135 2532 aliud
159 2494 242 2531 eius
262 2492 550 2544 significationis
572 2493 791 2544 exemplum
812 2498 894 2544 pot-

33 2552 94 2587 est
121 2549 265 2594 afferri,
303 2562 417 2599 quum
449 2554 643 2601 eroqaius
673 2549 815 2598 ubique
845 2550 896 2588 sit

30 2604 94 2643 vel
107 2605 234 2652 datus,
249 2606 486 2649 distributus,
496 2605 776 2657 expensus,vel
792 2606 895 2656 apud

33 2659 254 2700 Tertullian.
270 2666 472 2706 enecatus,
497 2662 681 2712 perditus.
730 2661 784 2699 At
803 2666 894 2713 puto

31 2717 169 2762 melius
183 2717 417 2757 Beroaldum
437 2718 689 2768 exposuisse:
716 2718 896 2768 precibus

33 2775 180 2814 evictus
211 2779 250 2814 et
276 2774 474 2813 blanditiis
505 2775 649 2812 uxoriis
687 2773 893 2812 emollitus,

32 2829 88 2870 lta
114 2829 280 2870 Plautus
311 2830 628 2881 frequentativum
658 2829 776 2868 habet
811 2844 895 2868 ero-

31 2889 168 2941 9itare
180 2887 291 2938 Capt.
306 2887 355 2926 V.
373 2893 405 2927 1.
421 2890 484 2927 32.
510 2887 531 2925 i.
548 2900 580 2924 e.
606 2886 799 2938 royamlo
826 2900 894 2925 esc·

34 2948 236 2997 torquere.
282 2942 391 2981 Male
415 2956 505 2981 vero
531 2946 667 2993 agunt,
694 2942 757 2991 qui
782 2942 898 2992 signi-

33 2997 249 3038 ficationem
284 2999 491 3049 perdendi,
534 2998 739 3043 enecandi,
784 3010 897 3048 quam

34 3055 138 3106 apud
168 3054 464 3101 Tertullianum,
497 3059 678 3105 quantum
704 3055 804 3099 scio,
835 3068 897 3091 so-

36 3109 114 3149 lum
131 3111 229 3150 haec
247 3123 328 3149 vox
346 3112 502 3163 accipit.
529 3125 550 3149 e
563 3124 692 3163 rossus
704 3109 895 3149 vocabulo

309 999 379 1026 eius
394 1003 462 1034 post
475 998 636 1026 lacrimas
650 1002 740 1027 abest
755 1006 774 1028 a
789 1001 821 1028 Β.
870 1000 1039 1026 nassemis
1058 1001 1093 1027 G.
1110 1001 1138 1028 1.

1339 915 1437 936 recue
1456 915 1511 942 pro
1530 914 1650 934 recrea
1673 908 1709 934 G.
1724 907 1807 934 2-D.

1185 1001 1246 1027 Pro
1259 996 1325 1025 diei
1336 1001 1419 1027 male
1433 1000 1516 1026 Toll.
1535 998 1569 1026 in
1582 1004 1682 1032 marg.
1693 995 1729 1035 f.
1745 994 1808 1023 def.

948 1091 1100 1137 petunt,
1125 1086 1278 1137 proprie
1302 1086 1375 1123 dici
1400 1085 1448 1122 de
1469 1086 1513 1123 iis
1534 1083 1806 1134 intelligentes,

950 1155 1047 1191 quae
1072 1143 1106 1179 in
1131 1155 1264 1192 rogum
1289 1142 1550 1180 coniiciuntur.
1575 1144 1615 1178 ut
1634 1154 1708 1178 una
1723 1153 1808 1178 cum

948 1197 1135 1236 cadavere
1150 1202 1380 1244 crementur;
1405 1197 1449 1236 cs.
1459 1196 1518 1236 La
1529 1197 1636 1235 (ferd.
1647 1197 1695 1235 ad
1704 1195 1808 1235 Tert.

950 1254 998 1291 de
1031 1254 1162 1305 Spect.
1199 1258 1258 1294 12.
1291 1267 1327 1304 p.
1354 1257 1417 1293 78.
1445 1252 1483 1290 C.
1509 1253 1671 1303 Rigalt.
1703 1253 1809 1302 quod

950 1323 1024 1359 ego
1056 1311 1168 1348 aliter
1197 1323 1219 1347 a
1251 1310 1367 1347 verbo
1396 1323 1548 1362 royare
1573 1309 1807 1346 deduxerim.

950 1351 1034 1404 Hoc
1060 1366 1241 1404 facillime
1265 1366 1415 1416 probaui
1441 1369 1572 1415 potest
1585 1364 1808 1402 ex'lertull.

949 1422 998 1460 de
1011 1421 1187 1460 Idololat.
1204 1436 1233 1461 c.
1248 1427 1283 1462 5.
1299 1435 1334 1473 p
1347 1425 1410 1462 88.
1435 1420 1808 1472 ARigalt..ub1p10

950 1479 1188 1531 deroyator,
1216 1478 1317 1529 quod
1344 1479 1378 1516 in
1409 1481 1554 1516 textum
1580 1478 1811 1515 intruserunt

951 1535 1059 1580 edd..
1078 1534 1283 1585 legendum
1298 1539 1360 1573 est
1384 1540 1581 1587 eroyntor
1606 1535 1626 1572 i.
1643 1547 1674 1571 e.
1701 1534 1811 1572 abro-

951 1595 1072 1641 gator,
1098 1592 1273 1630 abolitor.
1322 1591 1421 1629 Hinc
1446 1605 1619 1642 cropore
1632 1590 1681 1629 de
1695 1589 1812 1627 omui-

954 1649 1027 1686 bus
1058 1648 1174 1687 rebus
1205 1648 1343 1686 (lictum
1376 1651 1454 1693 est,
1486 1661 1586 1698 quae
1611 1647 1720 1698 quasi
1746 1660 1812 1697 po-

953 1705 1045 1756 pulo
1087 1708 1244 1756 rogante
1280 1703 1463 1742 tolluntur
1499 1707 1537 1741 et
1572 1703 1813 1747 abolescunt,

954 1765 1031 1799 tum
1046 1774 1144 1813 quae
1159 1760 1376 1812 perduntur.
1403 1760 1449 1798 cs.
1467 1759 1625 1798 Tertull.
1641 1758 1812 1811 Apolog.

955 1822 1019 1857 44.
1046 1832 1080 1868 p.
1097 1821 1148 1858 34
1175 1816 1214 1856 C.
1243 1817 1290 1854 ‹le
1317 1818 1539 1869 praescript.
1566 1816 1697 1854 Heret.
1725 1830 1754 1853 c.
1777 1820 1814 1855 2.

953 1888 990 1925 p.
1017 1878 1107 1914 202.
1144 1874 1199 1919 A,
1225 1875 1397 1924 saepius.
1424 1872 1548 1911 Etiam
1575 1872 1677 1924 apud
1702 1871 1814 1910 istos

953 1944 1126 1981 eroqare
1153 1934 1215 1968 est
1240 1928 1500 1981 consumere]

1009 1992 1122 2025 teneo
1142 1991 1188 2025 tc.
1239 1986 1423 2038 [Tenere.
1449 1990 1489 2023 ut
1509 1985 1655 2025 habere
1669 1989 1707 2023 et
1723 1999 1815 2036 pos-

951 2043 1082 2081 sidere
1105 2044 1311 2080 amantium
1336 2046 1397 2080 est
1420 2042 1662 2086 vocabulum,
1686 2046 1727 2080 ut
1752 2055 1815 2079 no-

950 2097 1141 2136 tissimum
1158 2098 1251 2136 illud
1267 2097 1333 2137 οὐκ
1348 2097 1417 2150 ἔχω
1431 2101 1562 2137 Λαΐδα
1577 2096 1656 2137 ἀλλ’
1675 2096 1815 2150 ἔχομαι.

951 2154 997 2192 cf.
1023 2154 1177 2193 Ruhuk.
1204 2154 1302 2194 Dict.
1328 2155 1377 2193 ad
1404 2155 1562 2193 Sueton.
1587 2169 1624 2207 p.
1651 2158 1717 2195 91.
1740 2154 1818 2193 Ru-

954 2215 1049 2262 pert.
1075 2211 1124 2248 ad
1155 2210 1284 2249 luven.
1309 2210 1370 2249 lll.
1403 2215 1488 2252 121.
1523 2210 1607 2249 lutt.
1635 2210 1683 2250 ad
1709 2211 1816 2261 Yirg.

954 2267 1038 2307 Ecl.
1063 2267 1089 2304 I.
1117 2271 1182 2307 31.
1208 2272 1246 2305 et
1271 2268 1319 2306 ad
1334 2267 1486 2306 Petron.
1508 2280 1538 2306 c.
1558 2271 1646 2308 139.
1669 2282 1703 2319 p.
1725 2271 1817 2307 853.

954 2325 1104 2364 Tenere
1123 2325 1222 2362 enim
1248 2324 1309 2362 hic
1334 2339 1406 2362 non
1433 2325 1559 2362 solum
1586 2324 1634 2362 (lc
1658 2322 1818 2375 Psyche

955 2379 1182 2431 Cupidinem
1197 2380 1442 2431 amplexante
1457 2381 1598 2419 dictum
1614 2393 1706 2419 esse
1728 2384 1818 2431 puto

953 2436 1025 2475 sed
1063 2437 1112 2475 de
1150 2437 1297 2475 Amore
1346 2437 1617 2476 ardentissime
1663 2450 1746 2474 amo
1730 2441 1819 2475 nte

955 2494 1015 2532 et·
1007 2507 1041 2531 ιιι
1057 2494 1320 2544 possessione
1336 2494 1445 2544 quasi
1462 2492 1544 2532 Psv
1549 2493 1643 2532 ches
1657 2497 1820 2538 retento,

953 2550 1173 2588 ιιῒιὼθιιᾱίι
1179 2549 1242 2587 elli
1260 2554 1434 2601 nequeat.
1450 2550 1496 2588 cf.
1506 2549 1601 2589 Met.
1611 2548 1672 2586 lll.
1683 2562 1716 2600 p
1728 2552 1819 2590 ⁶200.

956 2607 1012 2645 ris
1025 2607 1183 2651 amoris,
1202 2621 1283 2659 quo
1298 2606 1372 2645 thi
1386 2611 1532 2645 teneor.
1552 2606 1586 2641 Χ
1594 2603 1654 2643 111.
1664 2618 1698 2656 p.
1710 2603 1820 2656 540]

997 2665 1206 2714 facturum
1220 2663 1457 2714 spopondit.
1480 2661 1645 2713 [Eadem
1663 2660 1822 2699 formula

954 2719 1115 2770 saepius
1135 2719 1237 2770 apud
1257 2718 1466 2770 Apuleium
1492 2718 1666 2763 recurrit,
1692 2719 1726 2755 in
1748 2730 1823 2768 qua

954 2776 1086 2812 mirum
1106 2788 1262 2827 semper
1287 2775 1406 2813 omitti
1433 2775 1590 2812 verbum
1615 2773 1822 2812 substanti-

954 2844 1041 2869 vum
1056 2845 1146 2870 esse.
1174 2831 1222 2870 cf.
1237 2829 1331 2870 Mei.
1344 2831 1390 2870 V.
1406 2844 1441 2881 p.
1458 2834 1548 2870 328.
1563 2829 1823 2879 sefacluram

954 2887 1193 2938 spopondit.
1220 2902 1255 2939 p.
1279 2891 1369 2928 332.
1387 2891 1533 2926 cuncta
1559 2899 1598 2924 se
1612 2889 1823 2938 facturum

956 2944 1194 2994 spopondit.
1222 2943 1277 2982 lta
1293 2943 1498 2980 emendant
1513 2941 1594 2981 lntt.
1610 2941 1711 2993 apud
1721 2941 1823 2980 Dict.

957 2998 1130 3037 Creteus.
1149 2998 1216 3037 IV.
1237 3003 1296 3040 16.
1310 3000 1489 3037 uisurum
1502 3011 1541 3037 se
1556 3000 1662 3037 omni
1676 3012 1754 3051 ope
1767 3012 1824 3037 re-

956 3057 1149 3107 spondet:
1176 3056 1238 3093 ubi
1253 3054 1431 3105 equidem
1455 3054 1559 3105 lego:
1588 3056 1692 3093 omni
1708 3056 1825 3107 operi

956 3125 996 3150 se
1015 3112 1192 3163 spondet
1211 3124 1258 3148 ex
1273 3110 1375 3149 Mss.
1390 3109 1598 3162 vestigiis]
