<?xml version="1.0" encoding="UTF-8"?>
<!DOCTYPE html PUBLIC "-//W3C//DTD XHTML 1.0 Transitional//EN"
    "http://www.w3.org/TR/xhtml1/DTD/xhtml1-transitional.dtd">
<html xmlns="http://www.w3.org/1999/xhtml" xml:lang="en" lang="en">
 <head>
  <title>
</title>
<meta http-equiv="Content-Type" content="text/html;charset=utf-8" />
  <meta name='ocr-system' content='tesseract 3.04.00' />
  <meta name='ocr-capabilities' content='ocr_page ocr_carea ocr_par ocr_line ocrx_word'/>
</head>
<body>
  <div class='ocr_page' id='page_1' title='image "./operaomnia01apuluoft/operaomnia01apuluoft_0825.png"; bbox 0 0 2155 3590; ppageno 0'>
   <div class='ocr_carea' id='block_1_1' title="bbox 603 162 1845 205">
    <p class='ocr_par' dir='ltr' id='par_1_1' title="bbox 603 162 1845 205">
     <span class='ocr_line' id='line_1_1' title="bbox 603 162 1845 205; baseline -0.006 -4"><span class='ocrx_word' id='word_1_1' title='bbox 603 162 790 202; x_wconf 83' lang='lat' dir='ltr'>LIBER</span> <span class='ocrx_word' id='word_1_2' title='bbox 827 163 922 203; x_wconf 80' lang='lat' dir='ltr'><strong>VII.</strong></span> <span class='ocrx_word' id='word_1_3' title='bbox 983 162 1111 203; x_wconf 83' lang='lat' dir='ltr'>CAP.</span> <span class='ocrx_word' id='word_1_4' title='bbox 1146 162 1337 202; x_wconf 86' lang='lat' dir='ltr'><strong>XXVII.</strong></span> <span class='ocrx_word' id='word_1_5' title='bbox 1805 164 1845 205; x_wconf 72' lang='grc' dir='ltr'>6ί</span> 
     </span>
    </p>
   </div>
   <div class='ocr_carea' id='block_1_2' title="bbox 573 423 1014 471">
    <p class='ocr_par' dir='ltr' id='par_1_2' title="bbox 573 423 1014 471">
     <span class='ocr_line' id='line_1_2' title="bbox 573 423 1014 471; baseline 0 -1"><span class='ocrx_word' id='word_1_6' title='bbox 573 423 1014 471; x_wconf 84' lang='lat' dir='ltr'><strong>CAPUT</strong></span> 
     </span>
    </p>
   </div>
   <div class='ocr_carea' id='block_1_3' title="bbox 1837 165 1887 206">
    <p class='ocr_par' dir='ltr' id='par_1_3' title="bbox 1837 165 1887 206">
     <span class='ocr_line' id='line_1_3' title="bbox 1837 166 1859 206; textangle 90"><span class='ocrx_word' id='word_1_7' title='bbox 1837 166 1859 206; x_wconf 59' lang='lat' dir='ltr'>tv</span> 
     </span>
     <span class='ocr_line' id='line_1_4' title="bbox 1863 165 1887 204; textangle 90"><span class='ocrx_word' id='word_1_8' title='bbox 1863 165 1887 204; x_wconf 69' lang='lat'>:5¹</span> 
     </span>
    </p>
   </div>
   <div class='ocr_carea' id='block_1_4' title="bbox 1128 422 1394 474">
    <p class='ocr_par' dir='ltr' id='par_1_4' title="bbox 1128 422 1394 474">
     <span class='ocr_line' id='line_1_5' title="bbox 1128 422 1394 474; baseline 0.011 -3"><span class='ocrx_word' id='word_1_9' title='bbox 1128 422 1394 474; x_wconf 87' lang='lat' dir='ltr'><strong>XXVII.</strong></span> 
     </span>
    </p>
   </div>
   <div class='ocr_carea' id='block_1_5' title="bbox 90 572 1892 688">
    <p class='ocr_par' dir='ltr' id='par_1_5' title="bbox 90 572 1892 688">
     <span class='ocr_line' id='line_1_6' title="bbox 202 572 1888 631; baseline 0.001 -15"><span class='ocrx_word' id='word_1_10' title='bbox 202 574 290 616; x_wconf 85' lang='lat' dir='ltr'>Nec</span> <span class='ocrx_word' id='word_1_11' title='bbox 320 583 451 617; x_wconf 84' lang='lat' dir='ltr'>tamen</span> <span class='ocrx_word' id='word_1_12' title='bbox 489 576 684 617; x_wconf 86' lang='lat' dir='ltr'>tantillum</span> <span class='ocrx_word' id='word_1_13' title='bbox 721 572 858 617; x_wconf 85' lang='lat' dir='ltr'>saltem</span> <span class='ocrx_word' id='word_1_14' title='bbox 891 577 1148 631; x_wconf 78' lang='lat' dir='ltr'>gratulationi</span> <span class='ocrx_word' id='word_1_15' title='bbox 1178 591 1288 618; x_wconf 87' lang='lat' dir='ltr'>meae</span> <span class='ocrx_word' id='word_1_16' title='bbox 1325 577 1496 631; x_wconf 84' lang='lat' dir='ltr'><strong>quietive</strong></span> <span class='ocrx_word' id='word_1_17' title='bbox 1534 578 1704 630; x_wconf 80' lang='lat' dir='ltr'>spatium</span> <span class='ocrx_word' id='word_1_18' title='bbox 1741 579 1888 618; x_wconf 86' lang='lat' dir='ltr'>datum.</span> 
     </span>
     <span class='ocr_line' id='line_1_7' title="bbox 90 629 1892 688; baseline 0.002 -17"><span class='ocrx_word' id='word_1_19' title='bbox 90 629 194 672; x_wconf 86' lang='lat' dir='ltr'>Nam</span> <span class='ocrx_word' id='word_1_20' title='bbox 219 639 347 673; x_wconf 82' lang='lat' dir='ltr'>mater</span> <span class='ocrx_word' id='word_1_21' title='bbox 371 633 502 687; x_wconf 87' lang='lat' dir='ltr'>pueri,</span> <span class='ocrx_word' id='word_1_22' title='bbox 530 640 695 674; x_wconf 84' lang='lat' dir='ltr'>mortem</span> <span class='ocrx_word' id='word_1_23' title='bbox 721 633 929 687; x_wconf 79' lang='lat' dir='ltr'>deplorans</span> <span class='ocrx_word' id='word_1_24' title='bbox 956 634 1137 675; x_wconf 81' lang='lat' dir='ltr'>acerbam</span> <span class='ocrx_word' id='word_1_25' title='bbox 1163 634 1253 685; x_wconf 79' lang='lat' dir='ltr'>filii,</span> <span class='ocrx_word' id='word_1_26' title='bbox 1283 633 1375 675; x_wconf 87' lang='lat' dir='ltr'>fleta</span> <span class='ocrx_word' id='word_1_27' title='bbox 1398 640 1439 674; x_wconf 83' lang='lat' dir='ltr'>et</span> <span class='ocrx_word' id='word_1_28' title='bbox 1461 633 1673 675; x_wconf 85' lang='lat' dir='ltr'>lacrimosa</span> <span class='ocrx_word' id='word_1_29' title='bbox 1703 635 1892 688; x_wconf 83' lang='lat' dir='ltr'>fuscaque</span> 
     </span>
    </p>
   </div>
   <div class='ocr_carea' id='block_1_6' title="bbox 91 682 2016 771">
    <p class='ocr_par' dir='ltr' id='par_1_6' title="bbox 91 682 2016 771">
     <span class='ocr_line' id='line_1_8' title="bbox 91 682 2016 771; baseline 0.001 -43"><span class='ocrx_word' id='word_1_30' title='bbox 91 695 204 729; x_wconf 85' lang='lat' dir='ltr'>veste</span> <span class='ocrx_word' id='word_1_31' title='bbox 217 696 414 740; x_wconf 83' lang='lat' dir='ltr'>contecta,</span> <span class='ocrx_word' id='word_1_32' title='bbox 441 689 628 730; x_wconf 87' lang='lat' dir='ltr'>ambabus</span> <span class='ocrx_word' id='word_1_33' title='bbox 643 690 822 730; x_wconf 86' lang='lat' dir='ltr'>manibus</span> <span class='ocrx_word' id='word_1_34' title='bbox 836 691 998 731; x_wconf 82' lang='lat' dir='ltr'>trahens</span> <span class='ocrx_word' id='word_1_35' title='bbox 1013 690 1232 731; x_wconf 78' lang='lat' dir='ltr'>cinerosam</span> <span class='ocrx_word' id='word_1_36' title='bbox 1250 689 1257 747; x_wconf 77' lang='grc'>1</span> <span class='ocrx_word' id='word_1_37' title='bbox 1273 690 1473 741; x_wconf 81' lang='lat' dir='ltr'>canitiem,</span> <span class='ocrx_word' id='word_1_38' title='bbox 1501 690 1654 731; x_wconf 84' lang='lat' dir='ltr'>eiulans</span> <span class='ocrx_word' id='word_1_39' title='bbox 1671 698 1710 731; x_wconf 84' lang='lat' dir='ltr'>et</span> <span class='ocrx_word' id='word_1_40' title='bbox 1725 690 1732 747; x_wconf 83' lang='grc' dir='ltr'>Ι</span> <span class='ocrx_word' id='word_1_41' title='bbox 1748 682 2016 771; x_wconf 46' lang='grc' dir='ltr'>εκίιιάεἷξξᾏθ]</span> 
     </span>
    </p>
   </div>
   <div class='ocr_carea' id='block_1_7' title="bbox 93 849 1896 982">
    <p class='ocr_par' dir='ltr' id='par_1_7' title="bbox 93 849 1896 982">
     <span class='ocr_line' id='line_1_9' title="bbox 185 849 1895 890; baseline 0.002 -12"><span class='ocrx_word' id='word_1_42' title='bbox 185 849 354 879; x_wconf 80' lang='lat' dir='ltr'>tantulum</span> <span class='ocrx_word' id='word_1_43' title='bbox 371 852 409 880; x_wconf 85' lang='lat' dir='ltr'>B.</span> <span class='ocrx_word' id='word_1_44' title='bbox 450 850 609 880; x_wconf 74' lang='lat' dir='ltr'>tanez‘lum</span> <span class='ocrx_word' id='word_1_45' title='bbox 627 852 755 881; x_wconf 70' lang='lat' dir='ltr'>vicent.</span> <span class='ocrx_word' id='word_1_46' title='bbox 801 850 1036 889; x_wconf 74' lang='lat' dir='ltr'><em>gratulationi</em></span> <span class='ocrx_word' id='word_1_47' title='bbox 1052 850 1175 880; x_wconf 80' lang='lat' dir='ltr'>saltem</span> <span class='ocrx_word' id='word_1_48' title='bbox 1193 852 1306 881; x_wconf 81' lang='lat' dir='ltr'>ordine</span> <span class='ocrx_word' id='word_1_49' title='bbox 1324 852 1457 881; x_wconf 85' lang='lat' dir='ltr'>inverso</span> <span class='ocrx_word' id='word_1_50' title='bbox 1477 851 1517 890; x_wconf 84' lang='lat' dir='ltr'>f.,</span> <span class='ocrx_word' id='word_1_51' title='bbox 1543 859 1560 880; x_wconf 80' lang='lat' dir='ltr'>s</span> <span class='ocrx_word' id='word_1_52' title='bbox 1579 856 1709 887; x_wconf 72' lang='lat' dir='ltr'>propter</span> <span class='ocrx_word' id='word_1_53' title='bbox 1733 852 1895 882; x_wconf 75' lang='lat' dir='ltr'>initialem</span> 
     </span>
     <span class='ocr_line' id='line_1_10' title="bbox 93 895 1895 934; baseline 0.002 -11"><span class='ocrx_word' id='word_1_54' title='bbox 93 896 261 929; x_wconf 78' lang='lat' dir='ltr'>sequentis</span> <span class='ocrx_word' id='word_1_55' title='bbox 275 897 425 926; x_wconf 85' lang='lat' dir='ltr'>vocabuli</span> <span class='ocrx_word' id='word_1_56' title='bbox 439 898 579 926; x_wconf 73' lang='lat' dir='ltr'>litteram</span> <span class='ocrx_word' id='word_1_57' title='bbox 594 899 729 926; x_wconf 83' lang='lat' dir='ltr'>eandem</span> <span class='ocrx_word' id='word_1_58' title='bbox 743 898 874 926; x_wconf 86' lang='lat' dir='ltr'>omisso.</span> <span class='ocrx_word' id='word_1_59' title='bbox 923 897 1094 934; x_wconf 73' lang='lat' dir='ltr'>quietique</span> <span class='ocrx_word' id='word_1_60' title='bbox 1111 898 1148 926; x_wconf 89' lang='lat'>1..</span> <span class='ocrx_word' id='word_1_61' title='bbox 1168 898 1205 925; x_wconf 92' lang='lat' dir='ltr'>B.</span> <span class='ocrx_word' id='word_1_62' title='bbox 1225 900 1256 925; x_wconf 82' lang='lat' dir='ltr'>et</span> <span class='ocrx_word' id='word_1_63' title='bbox 1275 898 1345 926; x_wconf 84' lang='lat' dir='ltr'>edd.</span> <span class='ocrx_word' id='word_1_64' title='bbox 1365 900 1442 926; x_wconf 81' lang='lat' dir='ltr'>vett.</span> <span class='ocrx_word' id='word_1_65' title='bbox 1467 895 1585 925; x_wconf 81' lang='lat' dir='ltr'>datum</span> <span class='ocrx_word' id='word_1_66' title='bbox 1599 900 1649 926; x_wconf 80' lang='lat' dir='ltr'>est</span> <span class='ocrx_word' id='word_1_67' title='bbox 1665 899 1701 927; x_wconf 87' lang='lat' dir='ltr'>G.</span> <span class='ocrx_word' id='word_1_68' title='bbox 1717 899 1746 927; x_wconf 87' lang='lat'>1.</span> <span class='ocrx_word' id='word_1_69' title='bbox 1761 900 1792 927; x_wconf 86' lang='grc'>2.</span> <span class='ocrx_word' id='word_1_70' title='bbox 1806 900 1845 927; x_wconf 90' lang='lat' dir='ltr'>D.</span> <span class='ocrx_word' id='word_1_71' title='bbox 1860 900 1895 927; x_wconf 93' lang='grc' dir='ltr'>Ο.</span> 
     </span>
     <span class='ocr_line' id='line_1_11' title="bbox 93 937 1896 982; baseline 0.002 -14"><span class='ocrx_word' id='word_1_72' title='bbox 93 941 130 968; x_wconf 86' lang='grc' dir='ltr'>Ρ.</span> <span class='ocrx_word' id='word_1_73' title='bbox 143 942 180 969; x_wconf 82' lang='lat'>1..</span> <span class='ocrx_word' id='word_1_74' title='bbox 195 941 216 969; x_wconf 85' lang='lat' dir='ltr'>f.</span> <span class='ocrx_word' id='word_1_75' title='bbox 230 937 260 970; x_wconf 81' lang='grc' dir='ltr'>ὃ.</span> <span class='ocrx_word' id='word_1_76' title='bbox 284 943 321 969; x_wconf 90' lang='lat' dir='ltr'>In</span> <span class='ocrx_word' id='word_1_77' title='bbox 333 943 370 970; x_wconf 85' lang='lat' dir='ltr'>F.</span> <span class='ocrx_word' id='word_1_78' title='bbox 383 943 415 970; x_wconf 88' lang='grc'>3.</span> <span class='ocrx_word' id='word_1_79' title='bbox 430 943 549 978; x_wconf 79' lang='lat' dir='ltr'>legitur</span> <span class='ocrx_word' id='word_1_80' title='bbox 562 941 678 970; x_wconf 81' lang='lat' dir='ltr'>datum</span> <span class='ocrx_word' id='word_1_81' title='bbox 692 945 744 970; x_wconf 80' lang='lat' dir='ltr'>est</span> <span class='ocrx_word' id='word_1_82' title='bbox 757 951 835 970; x_wconf 81' lang='lat' dir='ltr'>nam</span> <span class='ocrx_word' id='word_1_83' title='bbox 849 944 907 972; x_wconf 85' lang='lat' dir='ltr'>sed</span> <span class='ocrx_word' id='word_1_84' title='bbox 921 945 975 971; x_wconf 73' lang='lat' dir='ltr'>est</span> <span class='ocrx_word' id='word_1_85' title='bbox 986 943 1143 977; x_wconf 74' lang='lat' dir='ltr'>scriptum</span> <span class='ocrx_word' id='word_1_86' title='bbox 1158 950 1199 971; x_wconf 84' lang='lat' dir='ltr'>ex</span> <span class='ocrx_word' id='word_1_87' title='bbox 1211 942 1381 977; x_wconf 81' lang='lat' dir='ltr'>posteriori</span> <span class='ocrx_word' id='word_1_88' title='bbox 1398 942 1581 982; x_wconf 76' lang='lat' dir='ltr'>additione,</span> <span class='ocrx_word' id='word_1_89' title='bbox 1609 946 1643 972; x_wconf 77' lang='lat' dir='ltr'>ut</span> <span class='ocrx_word' id='word_1_90' title='bbox 1661 943 1818 972; x_wconf 79' lang='lat' dir='ltr'>librarius</span> <span class='ocrx_word' id='word_1_91' title='bbox 1837 945 1896 972; x_wconf 83' lang='lat' dir='ltr'>ad-</span> 
     </span>
    </p>
   </div>
   <div class='ocr_carea' id='block_1_8' title="bbox 92 984 767 1017">
    <p class='ocr_par' dir='ltr' id='par_1_8' title="bbox 92 984 767 1017">
     <span class='ocr_line' id='line_1_12' title="bbox 92 984 767 1017; baseline 0.009 -5"><span class='ocrx_word' id='word_1_92' title='bbox 92 985 227 1015; x_wconf 82' lang='lat' dir='ltr'>notavit.</span> <span class='ocrx_word' id='word_1_93' title='bbox 273 984 486 1016; x_wconf 61' lang='lat' dir='ltr'>crinosamd‘.</span> <span class='ocrx_word' id='word_1_94' title='bbox 523 986 709 1015; x_wconf 74' lang='lat' dir='ltr'>cinerosam</span> <span class='ocrx_word' id='word_1_95' title='bbox 727 989 767 1017; x_wconf 90' lang='lat' dir='ltr'>D.</span> 
     </span>
    </p>
   </div>
   <div class='ocr_carea' id='block_1_9' title="bbox 76 1127 969 3146">
    <p class='ocr_par' dir='ltr' id='par_1_9' title="bbox 76 1127 968 2642">
     <span class='ocr_line' id='line_1_13' title="bbox 152 1127 963 1183; baseline 0.005 -17"><span class='ocrx_word' id='word_1_96' title='bbox 152 1127 237 1167; x_wconf 72' lang='lat' dir='ltr'>CAr.</span> <span class='ocrx_word' id='word_1_97' title='bbox 262 1127 430 1167; x_wconf 85' lang='lat' dir='ltr'><strong>XXVII.</strong></span> <span class='ocrx_word' id='word_1_98' title='bbox 482 1130 769 1183; x_wconf 72' lang='lat' dir='ltr'>yratulationi.</span> <span class='ocrx_word' id='word_1_99' title='bbox 809 1129 963 1183; x_wconf 84' lang='lat' dir='ltr'>[Inepte</span> 
     </span>
     <span class='ocr_line' id='line_1_14' title="bbox 95 1183 964 1226; baseline 0.005 -4"><span class='ocrx_word' id='word_1_100' title='bbox 95 1183 343 1224; x_wconf 80' lang='lat' dir='ltr'>Stewechius</span> <span class='ocrx_word' id='word_1_101' title='bbox 373 1187 590 1224; x_wconf 77' lang='lat' dir='ltr'>coniectura</span> <span class='ocrx_word' id='word_1_102' title='bbox 621 1186 697 1224; x_wconf 89' lang='lat' dir='ltr'>hoc</span> <span class='ocrx_word' id='word_1_103' title='bbox 730 1187 964 1226; x_wconf 84' lang='lat' dir='ltr'>vocabulum</span> 
     </span>
     <span class='ocr_line' id='line_1_15' title="bbox 76 1241 965 1282; baseline 0.004 -4"><span class='ocrx_word' id='word_1_104' title='bbox 76 1241 292 1279; x_wconf 73' lang='lat' dir='ltr'>emendat:</span> <span class='ocrx_word' id='word_1_105' title='bbox 324 1241 412 1281; x_wconf 79' lang='lat' dir='ltr'>Nec</span> <span class='ocrx_word' id='word_1_106' title='bbox 441 1247 572 1280; x_wconf 85' lang='lat' dir='ltr'>tamen</span> <span class='ocrx_word' id='word_1_107' title='bbox 596 1242 801 1281; x_wconf 83' lang='lat' dir='ltr'>tantillum</span> <span class='ocrx_word' id='word_1_108' title='bbox 825 1243 965 1282; x_wconf 84' lang='lat' dir='ltr'>saltem</span> 
     </span>
     <span class='ocr_line' id='line_1_16' title="bbox 92 1297 963 1351; baseline 0.003 -17"><span class='ocrx_word' id='word_1_109' title='bbox 92 1297 302 1348; x_wconf 69' lang='lat' dir='ltr'>qratiolae</span> <span class='ocrx_word' id='word_1_110' title='bbox 324 1311 435 1336; x_wconf 87' lang='lat' dir='ltr'>meae</span> <span class='ocrx_word' id='word_1_111' title='bbox 460 1299 666 1351; x_wconf 81' lang='lat' dir='ltr'>quietique</span> <span class='ocrx_word' id='word_1_112' title='bbox 690 1300 867 1350; x_wconf 84' lang='lat' dir='ltr'>spatium</span> <span class='ocrx_word' id='word_1_113' title='bbox 892 1299 963 1338; x_wconf 88' lang='lat' dir='ltr'>da-</span> 
     </span>
     <span class='ocr_line' id='line_1_17' title="bbox 95 1351 964 1406; baseline 0.003 -16"><span class='ocrx_word' id='word_1_114' title='bbox 95 1357 185 1392; x_wconf 87' lang='lat' dir='ltr'>tum.</span> <span class='ocrx_word' id='word_1_115' title='bbox 235 1351 443 1398; x_wconf 83' lang='lat' dir='ltr'>Quomodo</span> <span class='ocrx_word' id='word_1_116' title='bbox 469 1354 571 1391; x_wconf 91' lang='lat' dir='ltr'>enim</span> <span class='ocrx_word' id='word_1_117' title='bbox 601 1354 880 1406; x_wconf 76' lang='lat' dir='ltr'>yratulationi</span> <span class='ocrx_word' id='word_1_118' title='bbox 902 1367 964 1393; x_wconf 86' lang='lat' dir='ltr'>ac-</span> 
     </span>
     <span class='ocr_line' id='line_1_18' title="bbox 94 1407 964 1462; baseline 0.003 -17"><span class='ocrx_word' id='word_1_119' title='bbox 94 1407 314 1460; x_wconf 86' lang='lat' dir='ltr'>cipiendum</span> <span class='ocrx_word' id='word_1_120' title='bbox 344 1410 415 1454; x_wconf 82' lang='lat' dir='ltr'>sit,</span> <span class='ocrx_word' id='word_1_121' title='bbox 446 1422 564 1460; x_wconf 76' lang='lat' dir='ltr'>supra</span> <span class='ocrx_word' id='word_1_122' title='bbox 588 1411 663 1448; x_wconf 86' lang='lat' dir='ltr'>iam</span> <span class='ocrx_word' id='word_1_123' title='bbox 696 1411 874 1462; x_wconf 72' lang='lat' dir='ltr'>exposui,</span> <span class='ocrx_word' id='word_1_124' title='bbox 898 1411 964 1449; x_wconf 88' lang='lat' dir='ltr'>ubi</span> 
     </span>
     <span class='ocr_line' id='line_1_19' title="bbox 92 1464 965 1518; baseline 0.003 -15"><span class='ocrx_word' id='word_1_125' title='bbox 92 1464 242 1503; x_wconf 85' lang='lat' dir='ltr'>deloco</span> <span class='ocrx_word' id='word_1_126' title='bbox 261 1477 298 1515; x_wconf 89' lang='lat' dir='ltr'>p.</span> <span class='ocrx_word' id='word_1_127' title='bbox 312 1468 405 1505; x_wconf 75' lang='lat'>497.</span> <span class='ocrx_word' id='word_1_128' title='bbox 420 1466 603 1518; x_wconf 83' lang='lat' dir='ltr'>agebam:</span> <span class='ocrx_word' id='word_1_129' title='bbox 627 1479 740 1505; x_wconf 84' lang='lat' dir='ltr'>serae</span> <span class='ocrx_word' id='word_1_130' title='bbox 760 1467 965 1506; x_wconf 83' lang='lat' dir='ltr'>vindictae</span> 
     </span>
     <span class='ocr_line' id='line_1_20' title="bbox 92 1520 963 1575; baseline 0.003 -16"><span class='ocrx_word' id='word_1_131' title='bbox 92 1520 351 1573; x_wconf 78' lang='lat' dir='ltr'>yratulabar.</span> <span class='ocrx_word' id='word_1_132' title='bbox 377 1520 484 1560; x_wconf 84' lang='lat' dir='ltr'>Esse</span> <span class='ocrx_word' id='word_1_133' title='bbox 509 1524 609 1560; x_wconf 90' lang='lat' dir='ltr'>enim</span> <span class='ocrx_word' id='word_1_134' title='bbox 630 1525 764 1574; x_wconf 88' lang='lat' dir='ltr'>potest</span> <span class='ocrx_word' id='word_1_135' title='bbox 782 1525 849 1560; x_wconf 83' lang='lat' dir='ltr'>aut</span> <span class='ocrx_word' id='word_1_136' title='bbox 865 1537 963 1575; x_wconf 74' lang='lat' dir='ltr'>yra-</span> 
     </span>
     <span class='ocr_line' id='line_1_21' title="bbox 93 1577 964 1630; baseline 0.002 -15"><span class='ocrx_word' id='word_1_137' title='bbox 93 1577 174 1616; x_wconf 82' lang='lat' dir='ltr'>tiae</span> <span class='ocrx_word' id='word_1_138' title='bbox 187 1580 254 1615; x_wconf 83' lang='lat' dir='ltr'>aut</span> <span class='ocrx_word' id='word_1_139' title='bbox 267 1577 467 1624; x_wconf 83' lang='lat' dir='ltr'>laetitiae,</span> <span class='ocrx_word' id='word_1_140' title='bbox 493 1591 570 1630; x_wconf 84' lang='lat' dir='ltr'>qua</span> <span class='ocrx_word' id='word_1_141' title='bbox 588 1582 753 1630; x_wconf 86' lang='lat' dir='ltr'>utraque</span> <span class='ocrx_word' id='word_1_142' title='bbox 774 1579 964 1629; x_wconf 79' lang='lat' dir='ltr'>significa-</span> 
     </span>
     <span class='ocr_line' id='line_1_22' title="bbox 93 1633 964 1687; baseline 0.003 -17"><span class='ocrx_word' id='word_1_143' title='bbox 93 1633 198 1670; x_wconf 81' lang='lat' dir='ltr'>tione</span> <span class='ocrx_word' id='word_1_144' title='bbox 221 1634 453 1672; x_wconf 83' lang='lat' dir='ltr'>vocabulum</span> <span class='ocrx_word' id='word_1_145' title='bbox 477 1635 680 1687; x_wconf 87' lang='lat' dir='ltr'>reperitur,</span> <span class='ocrx_word' id='word_1_146' title='bbox 705 1636 882 1686; x_wconf 83' lang='lat' dir='ltr'>quamvis</span> <span class='ocrx_word' id='word_1_147' title='bbox 896 1648 964 1687; x_wconf 89' lang='lat' dir='ltr'>po-</span> 
     </span>
     <span class='ocr_line' id='line_1_23' title="bbox 94 1689 961 1741; baseline 0.005 -15"><span class='ocrx_word' id='word_1_148' title='bbox 94 1689 233 1727; x_wconf 80' lang='lat' dir='ltr'>sterior</span> <span class='ocrx_word' id='word_1_149' title='bbox 259 1690 388 1741; x_wconf 82' lang='lat' dir='ltr'>magis</span> <span class='ocrx_word' id='word_1_150' title='bbox 417 1690 508 1729; x_wconf 88' lang='lat' dir='ltr'>mihi</span> <span class='ocrx_word' id='word_1_151' title='bbox 540 1705 625 1730; x_wconf 87' lang='lat' dir='ltr'>cum</span> <span class='ocrx_word' id='word_1_152' title='bbox 654 1690 759 1730; x_wconf 88' lang='lat' dir='ltr'>Oud.</span> <span class='ocrx_word' id='word_1_153' title='bbox 784 1691 961 1731; x_wconf 81' lang='lat' dir='ltr'><strong>arrideat.</strong></span> 
     </span>
     <span class='ocr_line' id='line_1_24' title="bbox 93 1743 962 1798; baseline 0.005 -16"><span class='ocrx_word' id='word_1_154' title='bbox 93 1743 266 1784; x_wconf 79' lang='lat' dir='ltr'>Plurima</span> <span class='ocrx_word' id='word_1_155' title='bbox 306 1747 554 1798; x_wconf 87' lang='lat' dir='ltr'>potissimum</span> <span class='ocrx_word' id='word_1_156' title='bbox 592 1746 789 1786; x_wconf 70' lang='lat' dir='ltr'>Ciceronis</span> <span class='ocrx_word' id='word_1_157' title='bbox 833 1761 962 1787; x_wconf 85' lang='lat' dir='ltr'>exem-</span> 
     </span>
     <span class='ocr_line' id='line_1_25' title="bbox 94 1800 961 1854; baseline 0.005 -16"><span class='ocrx_word' id='word_1_158' title='bbox 94 1801 162 1852; x_wconf 84' lang='lat' dir='ltr'>pla</span> <span class='ocrx_word' id='word_1_159' title='bbox 185 1800 310 1840; x_wconf 81' lang='lat' dir='ltr'>lexica</span> <span class='ocrx_word' id='word_1_160' title='bbox 333 1803 586 1854; x_wconf 86' lang='lat' dir='ltr'>praebebunt.</span> <span class='ocrx_word' id='word_1_161' title='bbox 625 1803 674 1841; x_wconf 81' lang='lat' dir='ltr'>cs.</span> <span class='ocrx_word' id='word_1_162' title='bbox 701 1804 750 1842; x_wconf 90' lang='lat' dir='ltr'>ad</span> <span class='ocrx_word' id='word_1_163' title='bbox 774 1803 871 1843; x_wconf 80' lang='lat' dir='ltr'>Met.</span> <span class='ocrx_word' id='word_1_164' title='bbox 898 1803 961 1842; x_wconf 89' lang='lat' dir='ltr'><strong>III.</strong></span> 
     </span>
     <span class='ocr_line' id='line_1_26' title="bbox 93 1858 963 1911; baseline 0.003 -16"><span class='ocrx_word' id='word_1_165' title='bbox 93 1870 130 1908; x_wconf 86' lang='lat' dir='ltr'>p.</span> <span class='ocrx_word' id='word_1_166' title='bbox 147 1859 260 1904; x_wconf 80' lang='lat'>191·.&#39;,</span> <span class='ocrx_word' id='word_1_167' title='bbox 283 1859 333 1897; x_wconf 86' lang='lat' dir='ltr'>ad</span> <span class='ocrx_word' id='word_1_168' title='bbox 352 1872 467 1910; x_wconf 88' lang='lat' dir='ltr'>quem</span> <span class='ocrx_word' id='word_1_169' title='bbox 483 1859 608 1898; x_wconf 88' lang='lat' dir='ltr'>locum</span> <span class='ocrx_word' id='word_1_170' title='bbox 627 1862 864 1911; x_wconf 87' lang='lat' dir='ltr'>praeceteris</span> <span class='ocrx_word' id='word_1_171' title='bbox 883 1858 963 1898; x_wconf 88' lang='lat' dir='ltr'>Pri-</span> 
     </span>
     <span class='ocr_line' id='line_1_27' title="bbox 95 1915 965 1962; baseline 0.005 -11"><span class='ocrx_word' id='word_1_172' title='bbox 95 1926 215 1952; x_wconf 87' lang='lat' dir='ltr'>caeus</span> <span class='ocrx_word' id='word_1_173' title='bbox 247 1915 512 1955; x_wconf 84' lang='lat' dir='ltr'>consulendus</span> <span class='ocrx_word' id='word_1_174' title='bbox 550 1919 630 1962; x_wconf 86' lang='lat' dir='ltr'>est,</span> <span class='ocrx_word' id='word_1_175' title='bbox 668 1919 708 1954; x_wconf 90' lang='lat' dir='ltr'>et</span> <span class='ocrx_word' id='word_1_176' title='bbox 737 1916 884 1955; x_wconf 85' lang='lat' dir='ltr'>Deder.</span> <span class='ocrx_word' id='word_1_177' title='bbox 914 1917 965 1955; x_wconf 83' lang='lat' dir='ltr'>ad</span> 
     </span>
     <span class='ocr_line' id='line_1_28' title="bbox 96 1968 965 2023; baseline 0.005 -16"><span class='ocrx_word' id='word_1_178' title='bbox 96 1968 199 2009; x_wconf 68' lang='lat' dir='ltr'>Dict&#39;.</span> <span class='ocrx_word' id='word_1_179' title='bbox 225 1969 325 2009; x_wconf 81' lang='lat' dir='ltr'>Cret.</span> <span class='ocrx_word' id='word_1_180' title='bbox 354 1971 401 2010; x_wconf 87' lang='lat' dir='ltr'>V.</span> <span class='ocrx_word' id='word_1_181' title='bbox 430 1976 513 2017; x_wconf 89' lang='grc'>10.,</span> <span class='ocrx_word' id='word_1_182' title='bbox 552 1973 617 2023; x_wconf 88' lang='lat' dir='ltr'>qui</span> <span class='ocrx_word' id='word_1_183' title='bbox 655 1971 766 2010; x_wconf 84' lang='lat' dir='ltr'>locus</span> <span class='ocrx_word' id='word_1_184' title='bbox 801 1972 904 2011; x_wconf 84' lang='lat' dir='ltr'>male</span> <span class='ocrx_word' id='word_1_185' title='bbox 941 1987 965 2011; x_wconf 85' lang='lat' dir='ltr'>a</span> 
     </span>
     <span class='ocr_line' id='line_1_29' title="bbox 94 2026 966 2079; baseline 0.005 -17"><span class='ocrx_word' id='word_1_186' title='bbox 94 2026 291 2065; x_wconf 84' lang='lat' dir='ltr'>nonnuliis</span> <span class='ocrx_word' id='word_1_187' title='bbox 322 2028 593 2079; x_wconf 82' lang='lat' dir='ltr'>interpretibus</span> <span class='ocrx_word' id='word_1_188' title='bbox 623 2028 858 2067; x_wconf 79' lang='lat' dir='ltr'>sollicItatus</span> <span class='ocrx_word' id='word_1_189' title='bbox 894 2032 966 2067; x_wconf 80' lang='lat' dir='ltr'>est.</span> 
     </span>
     <span class='ocr_line' id='line_1_30' title="bbox 95 2080 968 2137; baseline 0.006 -18"><span class='ocrx_word' id='word_1_190' title='bbox 95 2080 171 2120; x_wconf 82' lang='lat' dir='ltr'>Est</span> <span class='ocrx_word' id='word_1_191' title='bbox 182 2082 523 2134; x_wconf 84' lang='lat' dir='ltr'>enimlegendum:</span> <span class='ocrx_word' id='word_1_192' title='bbox 549 2084 731 2124; x_wconf 84' lang='lat' dir='ltr'>salutant</span> <span class='ocrx_word' id='word_1_193' title='bbox 751 2085 968 2137; x_wconf 74' lang='lat' dir='ltr'>yratulan-</span> 
     </span>
     <span class='ocr_line' id='line_1_31' title="bbox 95 2140 968 2190; baseline 0.003 -14"><span class='ocrx_word' id='word_1_194' title='bbox 95 2142 152 2177; x_wconf 85' lang='lat' dir='ltr'>tes</span> <span class='ocrx_word' id='word_1_195' title='bbox 173 2143 295 2190; x_wconf 79' lang='lat' dir='ltr'>atque</span> <span class='ocrx_word' id='word_1_196' title='bbox 308 2140 599 2180; x_wconf 74' lang='lat' dir='ltr'>exosculantur</span> <span class='ocrx_word' id='word_1_197' title='bbox 623 2140 646 2180; x_wconf 91' lang='lat' dir='ltr'>i.</span> <span class='ocrx_word' id='word_1_198' title='bbox 660 2153 693 2179; x_wconf 86' lang='lat' dir='ltr'>e.</span> <span class='ocrx_word' id='word_1_199' title='bbox 719 2140 968 2190; x_wconf 86' lang='lat' dir='ltr'>gaudibundi,</span> 
     </span>
     <span class='ocr_line' id='line_1_32' title="bbox 94 2193 966 2236; baseline 0.005 -5"><span class='ocrx_word' id='word_1_200' title='bbox 94 2193 329 2233; x_wconf 87' lang='lat' dir='ltr'>hilaritatem</span> <span class='ocrx_word' id='word_1_201' title='bbox 352 2196 461 2234; x_wconf 89' lang='lat' dir='ltr'>vultu</span> <span class='ocrx_word' id='word_1_202' title='bbox 483 2199 522 2235; x_wconf 90' lang='lat' dir='ltr'>et</span> <span class='ocrx_word' id='word_1_203' title='bbox 541 2197 672 2235; x_wconf 86' lang='lat' dir='ltr'>verbis</span> <span class='ocrx_word' id='word_1_204' title='bbox 695 2197 966 2236; x_wconf 75' lang='lat' dir='ltr'>testificantes.</span> 
     </span>
     <span class='ocr_line' id='line_1_33' title="bbox 96 2249 966 2308; baseline 0.005 -21"><span class='ocrx_word' id='word_1_205' title='bbox 96 2249 233 2288; x_wconf 78' lang='lat' dir='ltr'>Altera</span> <span class='ocrx_word' id='word_1_206' title='bbox 242 2251 519 2301; x_wconf 79' lang='lat' dir='ltr'>significatione</span> <span class='ocrx_word' id='word_1_207' title='bbox 528 2252 733 2305; x_wconf 75' lang='lat' dir='ltr'>yratulati</span> <span class='ocrx_word' id='word_1_208' title='bbox 739 2267 832 2308; x_wconf 86' lang='lat' dir='ltr'>ones</span> <span class='ocrx_word' id='word_1_209' title='bbox 846 2254 966 2304; x_wconf 89' lang='lat' dir='ltr'>potis-</span> 
     </span>
     <span class='ocr_line' id='line_1_34' title="bbox 96 2308 966 2359; baseline 0.005 -16"><span class='ocrx_word' id='word_1_210' title='bbox 96 2308 236 2344; x_wconf 83' lang='lat' dir='ltr'>simum</span> <span class='ocrx_word' id='word_1_211' title='bbox 259 2308 570 2359; x_wconf 81' lang='lat' dir='ltr'>supplicationes</span> <span class='ocrx_word' id='word_1_212' title='bbox 591 2313 682 2347; x_wconf 86' lang='lat' dir='ltr'>sunt</span> <span class='ocrx_word' id='word_1_213' title='bbox 702 2309 789 2347; x_wconf 85' lang='lat' dir='ltr'>Diis</span> <span class='ocrx_word' id='word_1_214' title='bbox 808 2309 966 2348; x_wconf 83' lang='lat' dir='ltr'>habitae</span> 
     </span>
     <span class='ocr_line' id='line_1_35' title="bbox 96 2362 966 2417; baseline 0.003 -17"><span class='ocrx_word' id='word_1_215' title='bbox 96 2362 146 2400; x_wconf 90' lang='lat' dir='ltr'>ob</span> <span class='ocrx_word' id='word_1_216' title='bbox 168 2364 450 2415; x_wconf 80' lang='lat' dir='ltr'>rempublicam</span> <span class='ocrx_word' id='word_1_217' title='bbox 469 2369 680 2404; x_wconf 86' lang='lat' dir='ltr'>servatam.</span> <span class='ocrx_word' id='word_1_218' title='bbox 732 2365 790 2403; x_wconf 82' lang='lat' dir='ltr'>lta</span> <span class='ocrx_word' id='word_1_219' title='bbox 810 2379 966 2417; x_wconf 90' lang='lat' dir='ltr'>quoque</span> 
     </span>
     <span class='ocr_line' id='line_1_36' title="bbox 97 2418 968 2474; baseline 0.005 -19"><span class='ocrx_word' id='word_1_220' title='bbox 97 2418 230 2457; x_wconf 84' lang='lat' dir='ltr'>asinus</span> <span class='ocrx_word' id='word_1_221' title='bbox 239 2420 536 2473; x_wconf 85' lang='lat' dir='ltr'>deaevindictae</span> <span class='ocrx_word' id='word_1_222' title='bbox 549 2422 693 2472; x_wconf 82' lang='lat' dir='ltr'>gratias</span> <span class='ocrx_word' id='word_1_223' title='bbox 708 2435 825 2472; x_wconf 81' lang='lat' dir='ltr'>agere</span> <span class='ocrx_word' id='word_1_224' title='bbox 838 2423 968 2474; x_wconf 84' lang='lat' dir='ltr'>possit</span> 
     </span>
     <span class='ocr_line' id='line_1_37' title="bbox 98 2475 966 2517; baseline 0.006 -6"><span class='ocrx_word' id='word_1_225' title='bbox 98 2475 148 2512; x_wconf 89' lang='lat' dir='ltr'>ob</span> <span class='ocrx_word' id='word_1_226' title='bbox 174 2476 289 2513; x_wconf 82' lang='lat' dir='ltr'>vitam</span> <span class='ocrx_word' id='word_1_227' title='bbox 306 2476 449 2515; x_wconf 83' lang='lat' dir='ltr'>diutius</span> <span class='ocrx_word' id='word_1_228' title='bbox 469 2481 676 2517; x_wconf 85' lang='lat' dir='ltr'>servatam.</span> <span class='ocrx_word' id='word_1_229' title='bbox 719 2478 828 2516; x_wconf 87' lang='lat' dir='ltr'>Male</span> <span class='ocrx_word' id='word_1_230' title='bbox 854 2478 966 2516; x_wconf 85' lang='lat' dir='ltr'>inter-</span> 
     </span>
     <span class='ocr_line' id='line_1_38' title="bbox 97 2531 966 2586; baseline 0.006 -18"><span class='ocrx_word' id='word_1_231' title='bbox 97 2543 186 2581; x_wconf 82' lang='lat' dir='ltr'>pres</span> <span class='ocrx_word' id='word_1_232' title='bbox 216 2531 500 2584; x_wconf 82' lang='lat' dir='ltr'>Francogallus</span> <span class='ocrx_word' id='word_1_233' title='bbox 538 2535 668 2572; x_wconf 78' lang='lat' dir='ltr'>vertit:</span> <span class='ocrx_word' id='word_1_234' title='bbox 711 2533 810 2572; x_wconf 82' lang='lat' dir='ltr'>mais</span> <span class='ocrx_word' id='word_1_235' title='bbox 836 2535 881 2586; x_wconf 86' lang='lat' dir='ltr'>je</span> <span class='ocrx_word' id='word_1_236' title='bbox 917 2549 966 2573; x_wconf 87' lang='lat' dir='ltr'>ne</span> 
     </span>
     <span class='ocr_line' id='line_1_39' title="bbox 90 2587 650 2642; baseline 0.007 -17"><span class='ocrx_word' id='word_1_237' title='bbox 90 2587 274 2638; x_wconf 56' lang='lat' dir='ltr'>jouis‘tle</span> <span class='ocrx_word' id='word_1_238' title='bbox 298 2590 470 2640; x_wconf 89' lang='lat' dir='ltr'>quelque</span> <span class='ocrx_word' id='word_1_239' title='bbox 494 2590 650 2642; x_wconf 67' lang='lat' dir='ltr'>repos]</span> 
     </span>
    </p>

    <p class='ocr_par' dir='ltr' id='par_1_10' title="bbox 93 2645 969 3146">
     <span class='ocr_line' id='line_1_40' title="bbox 148 2645 966 2697; baseline 0.004 -15"><span class='ocrx_word' id='word_1_240' title='bbox 148 2645 258 2697; x_wconf 80' lang='lat' dir='ltr'>fleta.</span> <span class='ocrx_word' id='word_1_241' title='bbox 308 2645 373 2697; x_wconf 86' lang='lat' dir='ltr'>[cs.</span> <span class='ocrx_word' id='word_1_242' title='bbox 404 2645 538 2685; x_wconf 84' lang='lat' dir='ltr'>Barth.</span> <span class='ocrx_word' id='word_1_243' title='bbox 563 2645 732 2685; x_wconf 79' lang='lat' dir='ltr'>Advers.</span> <span class='ocrx_word' id='word_1_244' title='bbox 757 2645 904 2686; x_wconf 82' lang='lat' dir='ltr'><strong>XXIII.</strong></span> <span class='ocrx_word' id='word_1_245' title='bbox 931 2650 966 2688; x_wconf 87' lang='grc'>9.</span> 
     </span>
     <span class='ocr_line' id='line_1_41' title="bbox 93 2701 968 2754; baseline 0.003 -15"><span class='ocrx_word' id='word_1_246' title='bbox 93 2703 270 2750; x_wconf 86' lang='lat' dir='ltr'>p.1131.</span> <span class='ocrx_word' id='word_1_247' title='bbox 295 2701 353 2740; x_wconf 81' lang='lat' dir='ltr'>lta</span> <span class='ocrx_word' id='word_1_248' title='bbox 378 2702 534 2741; x_wconf 80' lang='lat' dir='ltr'>defendi</span> <span class='ocrx_word' id='word_1_249' title='bbox 549 2704 674 2754; x_wconf 84' lang='lat' dir='ltr'>possit</span> <span class='ocrx_word' id='word_1_250' title='bbox 689 2702 798 2740; x_wconf 86' lang='lat' dir='ltr'>locus</span> <span class='ocrx_word' id='word_1_251' title='bbox 812 2702 968 2742; x_wconf 88' lang='lat' dir='ltr'>Lucret.</span> 
     </span>
     <span class='ocr_line' id='line_1_42' title="bbox 95 2753 969 2812; baseline 0.007 -20"><span class='ocrx_word' id='word_1_252' title='bbox 95 2753 146 2794; x_wconf 74' lang='lat'>11.</span> <span class='ocrx_word' id='word_1_253' title='bbox 160 2759 262 2811; x_wconf 27' lang='grc'>1632.</span> <span class='ocrx_word' id='word_1_254' title='bbox 286 2759 392 2797; x_wconf 87' lang='lat' dir='ltr'>inter</span> <span class='ocrx_word' id='word_1_255' title='bbox 415 2773 455 2798; x_wconf 86' lang='lat' dir='ltr'>se</span> <span class='ocrx_word' id='word_1_256' title='bbox 475 2762 590 2812; x_wconf 83' lang='lat' dir='ltr'>forte</span> <span class='ocrx_word' id='word_1_257' title='bbox 614 2763 780 2798; x_wconf 87' lang='lat' dir='ltr'>catenas</span> <span class='ocrx_word' id='word_1_258' title='bbox 794 2759 969 2799; x_wconf 81' lang='lat' dir='ltr'>Ludunt</span> 
     </span>
     <span class='ocr_line' id='line_1_43' title="bbox 94 2810 967 2867; baseline 0.006 -17"><span class='ocrx_word' id='word_1_259' title='bbox 94 2810 140 2848; x_wconf 78' lang='lat' dir='ltr'>in</span> <span class='ocrx_word' id='word_1_260' title='bbox 173 2825 462 2867; x_wconf 77' lang='lat' dir='ltr'>numerumque</span> <span class='ocrx_word' id='word_1_261' title='bbox 499 2815 723 2862; x_wconf 71' lang='lat' dir='ltr'>exsultant,</span> <span class='ocrx_word' id='word_1_262' title='bbox 766 2816 967 2867; x_wconf 66' lang='lat' dir='ltr'>sanquine</span> 
     </span>
     <span class='ocr_line' id='line_1_44' title="bbox 93 2866 965 2920; baseline 0.007 -16"><span class='ocrx_word' id='word_1_263' title='bbox 93 2866 220 2918; x_wconf 80' lang='lat' dir='ltr'>fletei,</span> <span class='ocrx_word' id='word_1_264' title='bbox 243 2869 310 2920; x_wconf 78' lang='lat' dir='ltr'>ubi</span> <span class='ocrx_word' id='word_1_265' title='bbox 334 2871 462 2919; x_wconf 82' lang='lat' dir='ltr'>tamen</span> <span class='ocrx_word' id='word_1_266' title='bbox 488 2871 601 2910; x_wconf 88' lang='lat' dir='ltr'>codd.</span> <span class='ocrx_word' id='word_1_267' title='bbox 629 2875 668 2909; x_wconf 91' lang='lat' dir='ltr'>et</span> <span class='ocrx_word' id='word_1_268' title='bbox 692 2871 780 2910; x_wconf 81' lang='lat' dir='ltr'>edd.</span> <span class='ocrx_word' id='word_1_269' title='bbox 806 2871 965 2910; x_wconf 86' lang='lat' dir='ltr'>variant.</span> 
     </span>
     <span class='ocr_line' id='line_1_45' title="bbox 96 2919 966 2981; baseline 0.008 -23"><span class='ocrx_word' id='word_1_270' title='bbox 96 2919 155 2960; x_wconf 84' lang='lat' dir='ltr'>Ita</span> <span class='ocrx_word' id='word_1_271' title='bbox 179 2924 278 2962; x_wconf 85' lang='lat' dir='ltr'>enim</span> <span class='ocrx_word' id='word_1_272' title='bbox 302 2924 508 2966; x_wconf 88' lang='lat' dir='ltr'>Lucretius</span> <span class='ocrx_word' id='word_1_273' title='bbox 537 2929 638 2981; x_wconf 82' lang='lat' dir='ltr'>flere</span> <span class='ocrx_word' id='word_1_274' title='bbox 674 2927 771 2966; x_wconf 84' lang='lat' dir='ltr'>dixit</span> <span class='ocrx_word' id='word_1_275' title='bbox 805 2940 876 2978; x_wconf 86' lang='lat' dir='ltr'>pro</span> <span class='ocrx_word' id='word_1_276' title='bbox 912 2929 966 2965; x_wconf 83' lang='lat' dir='ltr'>ri-</span> 
     </span>
     <span class='ocr_line' id='line_1_46' title="bbox 95 2978 967 3035; baseline 0.007 -19"><span class='ocrx_word' id='word_1_277' title='bbox 95 2990 200 3029; x_wconf 76' lang='lat' dir='ltr'>yare</span> <span class='ocrx_word' id='word_1_278' title='bbox 221 2978 249 3018; x_wconf 91' lang='lat'>1.</span> <span class='ocrx_word' id='word_1_279' title='bbox 275 2984 367 3023; x_wconf 86' lang='lat'>350.</span> <span class='ocrx_word' id='word_1_280' title='bbox 394 2989 434 3022; x_wconf 89' lang='lat' dir='ltr'>et</span> <span class='ocrx_word' id='word_1_281' title='bbox 457 2984 647 3024; x_wconf 81' lang='lat' dir='ltr'>uberibus</span> <span class='ocrx_word' id='word_1_282' title='bbox 673 2984 808 3035; x_wconf 78' lang='lat' dir='ltr'>slent</span> <span class='ocrx_word' id='word_1_283' title='bbox 831 2985 967 3022; x_wconf 85' lang='lat' dir='ltr'>omnia</span> 
     </span>
     <span class='ocr_line' id='line_1_47' title="bbox 94 3036 967 3092; baseline 0.006 -20"><span class='ocrx_word' id='word_1_284' title='bbox 94 3036 257 3084; x_wconf 76' lang='lat' dir='ltr'>yutteis.</span> <span class='ocrx_word' id='word_1_285' title='bbox 327 3037 518 3079; x_wconf 77' lang='lat' dir='ltr'>Fortasse</span> <span class='ocrx_word' id='word_1_286' title='bbox 566 3053 615 3078; x_wconf 88' lang='lat' dir='ltr'>ex</span> <span class='ocrx_word' id='word_1_287' title='bbox 664 3040 834 3078; x_wconf 89' lang='lat' dir='ltr'>lectione</span> <span class='ocrx_word' id='word_1_288' title='bbox 877 3041 967 3092; x_wconf 84' lang='lat' dir='ltr'>ficti</span> 
     </span>
     <span class='ocr_line' id='line_1_48' title="bbox 96 3091 965 3146; baseline 0.007 -21"><span class='ocrx_word' id='word_1_289' title='bbox 96 3091 377 3132; x_wconf 83' lang='lat' dir='ltr'>emendandum</span> <span class='ocrx_word' id='word_1_290' title='bbox 399 3100 462 3134; x_wconf 83' lang='lat' dir='ltr'>est</span> <span class='ocrx_word' id='word_1_291' title='bbox 487 3098 616 3135; x_wconf 82' lang='lat' dir='ltr'>tincti.</span> <span class='ocrx_word' id='word_1_292' title='bbox 668 3097 804 3135; x_wconf 74' lang='lat' dir='ltr'>Fletus</span> <span class='ocrx_word' id='word_1_293' title='bbox 822 3107 893 3146; x_wconf 86' lang='lat' dir='ltr'>pro</span> <span class='ocrx_word' id='word_1_294' title='bbox 914 3095 965 3132; x_wconf 81' lang='lat' dir='ltr'>la-</span> 
     </span>
    </p>
   </div>
   <div class='ocr_carea' id='block_1_10' title="bbox 1001 2142 1354 2181">
    <p class='ocr_par' dir='ltr' id='par_1_11' title="bbox 1001 2142 1354 2181">
     <span class='ocr_line' id='line_1_49' title="bbox 1001 2142 1354 2181; baseline -0.003 0"><span class='ocrx_word' id='word_1_295' title='bbox 1001 2178 1004 2181; x_wconf 87' lang='lat'>.</span> <span class='ocrx_word' id='word_1_296' title='bbox 1025 2154 1110 2180; x_wconf 81' lang='lat' dir='ltr'>sam</span> <span class='ocrx_word' id='word_1_297' title='bbox 1153 2142 1354 2180; x_wconf 80' lang='lat' dir='ltr'>canitiem.</span> 
     </span>
    </p>
   </div>
   <div class='ocr_carea' id='block_1_11' title="bbox 1022 1129 1897 1182">
    <p class='ocr_par' dir='ltr' id='par_1_12' title="bbox 1022 1129 1897 1182">
     <span class='ocr_line' id='line_1_50' title="bbox 1022 1129 1897 1182; baseline 0 -13"><span class='ocrx_word' id='word_1_298' title='bbox 1022 1129 1293 1169; x_wconf 83' lang='lat' dir='ltr'>crimahundus</span> <span class='ocrx_word' id='word_1_299' title='bbox 1340 1134 1495 1181; x_wconf 87' lang='lat' dir='ltr'>praeter</span> <span class='ocrx_word' id='word_1_300' title='bbox 1524 1130 1735 1182; x_wconf 87' lang='lat' dir='ltr'>Apuleium</span> <span class='ocrx_word' id='word_1_301' title='bbox 1783 1144 1897 1170; x_wconf 84' lang='lat' dir='ltr'>nemo</span> 
     </span>
    </p>
   </div>
   <div class='ocr_carea' id='block_1_12' title="bbox 1002 1185 1899 1296">
    <p class='ocr_par' dir='ltr' id='par_1_13' title="bbox 1002 1185 1899 1296">
     <span class='ocr_line' id='line_1_51' title="bbox 1002 1185 1897 1239; baseline 0.001 -14"><span class='ocrx_word' id='word_1_302' title='bbox 1002 1185 1174 1225; x_wconf 72' lang='lat' dir='ltr'>-dixisse</span> <span class='ocrx_word' id='word_1_303' title='bbox 1199 1186 1368 1232; x_wconf 89' lang='lat' dir='ltr'>videtur,</span> <span class='ocrx_word' id='word_1_304' title='bbox 1393 1191 1433 1225; x_wconf 87' lang='lat' dir='ltr'>at</span> <span class='ocrx_word' id='word_1_305' title='bbox 1455 1186 1702 1225; x_wconf 85' lang='lat' dir='ltr'>referendum</span> <span class='ocrx_word' id='word_1_306' title='bbox 1728 1192 1791 1226; x_wconf 80' lang='lat' dir='ltr'>est</span> <span class='ocrx_word' id='word_1_307' title='bbox 1813 1202 1897 1239; x_wconf 84' lang='lat' dir='ltr'>par·</span> 
     </span>
     <span class='ocr_line' id='line_1_52' title="bbox 1002 1242 1899 1296; baseline 0.006 -17"><span class='ocrx_word' id='word_1_308' title='bbox 1002 1242 1192 1293; x_wconf 87' lang='lat' dir='ltr'>·ticipium</span> <span class='ocrx_word' id='word_1_309' title='bbox 1224 1243 1323 1280; x_wconf 85' lang='lat' dir='ltr'>inter</span> <span class='ocrx_word' id='word_1_310' title='bbox 1347 1255 1395 1280; x_wconf 84' lang='lat' dir='ltr'>ea</span> <span class='ocrx_word' id='word_1_311' title='bbox 1419 1243 1556 1289; x_wconf 84' lang='lat' dir='ltr'>verba,</span> <span class='ocrx_word' id='word_1_312' title='bbox 1597 1256 1698 1294; x_wconf 86' lang='lat' dir='ltr'>quae</span> <span class='ocrx_word' id='word_1_313' title='bbox 1733 1245 1899 1296; x_wconf 83' lang='lat' dir='ltr'>passiva</span> 
     </span>
    </p>
   </div>
   <div class='ocr_carea' id='block_1_13' title="bbox 1020 1296 1902 1690">
    <p class='ocr_par' dir='ltr' id='par_1_14' title="bbox 1020 1296 1902 1690">
     <span class='ocr_line' id='line_1_53' title="bbox 1023 1296 1897 1339; baseline 0.003 -3"><span class='ocrx_word' id='word_1_314' title='bbox 1023 1298 1146 1336; x_wconf 86' lang='lat' dir='ltr'>forma</span> <span class='ocrx_word' id='word_1_315' title='bbox 1181 1296 1348 1336; x_wconf 82' lang='lat' dir='ltr'>activam</span> <span class='ocrx_word' id='word_1_316' title='bbox 1383 1298 1530 1337; x_wconf 88' lang='lat' dir='ltr'>habent</span> <span class='ocrx_word' id='word_1_317' title='bbox 1566 1303 1699 1339; x_wconf 83' lang='lat' dir='ltr'>contra</span> <span class='ocrx_word' id='word_1_318' title='bbox 1724 1304 1897 1339; x_wconf 85' lang='lat' dir='ltr'>ceterum</span> 
     </span>
     <span class='ocr_line' id='line_1_54' title="bbox 1020 1354 1900 1406; baseline 0.002 -14"><span class='ocrx_word' id='word_1_319' title='bbox 1020 1367 1136 1392; x_wconf 86' lang='lat' dir='ltr'>usum</span> <span class='ocrx_word' id='word_1_320' title='bbox 1168 1354 1509 1405; x_wconf 83' lang='lat' dir='ltr'>significationem,</span> <span class='ocrx_word' id='word_1_321' title='bbox 1546 1359 1588 1393; x_wconf 84' lang='lat' dir='ltr'>ut</span> <span class='ocrx_word' id='word_1_322' title='bbox 1612 1357 1784 1406; x_wconf 81' lang='lat' dir='ltr'>punitus</span> <span class='ocrx_word' id='word_1_323' title='bbox 1814 1371 1900 1396; x_wconf 84' lang='lat' dir='ltr'>sum</span> 
     </span>
     <span class='ocr_line' id='line_1_55' title="bbox 1022 1410 1899 1461; baseline 0.003 -13"><span class='ocrx_word' id='word_1_324' title='bbox 1022 1423 1091 1461; x_wconf 87' lang='lat' dir='ltr'>pro</span> <span class='ocrx_word' id='word_1_325' title='bbox 1104 1411 1266 1461; x_wconf 77' lang='lat' dir='ltr'>punici,</span> <span class='ocrx_word' id='word_1_326' title='bbox 1292 1410 1343 1448; x_wconf 89' lang='lat' dir='ltr'>de</span> <span class='ocrx_word' id='word_1_327' title='bbox 1357 1411 1498 1461; x_wconf 82' lang='lat' dir='ltr'>quibus</span> <span class='ocrx_word' id='word_1_328' title='bbox 1525 1411 1572 1450; x_wconf 81' lang='lat' dir='ltr'>cs.</span> <span class='ocrx_word' id='word_1_329' title='bbox 1588 1411 1711 1450; x_wconf 86' lang='lat' dir='ltr'>Voss.</span> <span class='ocrx_word' id='word_1_330' title='bbox 1726 1412 1899 1451; x_wconf 80' lang='lat' dir='ltr'>Arist.V.</span> 
     </span>
     <span class='ocr_line' id='line_1_56' title="bbox 1022 1465 1899 1518; baseline 0 -12"><span class='ocrx_word' id='word_1_331' title='bbox 1022 1470 1060 1506; x_wconf 84' lang='lat'>5.</span> <span class='ocrx_word' id='word_1_332' title='bbox 1086 1465 1131 1504; x_wconf 82' lang='lat' dir='ltr'>T.</span> <span class='ocrx_word' id='word_1_333' title='bbox 1147 1465 1190 1504; x_wconf 91' lang='lat' dir='ltr'>II.</span> <span class='ocrx_word' id='word_1_334' title='bbox 1205 1480 1242 1518; x_wconf 91' lang='lat' dir='ltr'>p.</span> <span class='ocrx_word' id='word_1_335' title='bbox 1259 1470 1339 1506; x_wconf 79' lang='lat'>744</span> <span class='ocrx_word' id='word_1_336' title='bbox 1353 1479 1441 1517; x_wconf 85' lang='lat' dir='ltr'>sqq.</span> <span class='ocrx_word' id='word_1_337' title='bbox 1468 1466 1608 1506; x_wconf 86' lang='lat' dir='ltr'>Eckst.</span> <span class='ocrx_word' id='word_1_338' title='bbox 1634 1466 1784 1506; x_wconf 86' lang='lat' dir='ltr'>Ceteris</span> <span class='ocrx_word' id='word_1_339' title='bbox 1801 1468 1899 1506; x_wconf 88' lang='lat' dir='ltr'>locis</span> 
     </span>
     <span class='ocr_line' id='line_1_57' title="bbox 1022 1522 1902 1575; baseline 0.003 -15"><span class='ocrx_word' id='word_1_340' title='bbox 1022 1522 1216 1573; x_wconf 84' lang='lat' dir='ltr'>Apuleius</span> <span class='ocrx_word' id='word_1_341' title='bbox 1240 1522 1385 1574; x_wconf 89' lang='lat' dir='ltr'>ubique</span> <span class='ocrx_word' id='word_1_342' title='bbox 1401 1524 1503 1575; x_wconf 83' lang='lat' dir='ltr'>flens</span> <span class='ocrx_word' id='word_1_343' title='bbox 1522 1524 1665 1574; x_wconf 82' lang='lat' dir='ltr'>posuit.</span> <span class='ocrx_word' id='word_1_344' title='bbox 1701 1524 1902 1563; x_wconf 83' lang='lat' dir='ltr'>Nonnulla</span> 
     </span>
     <span class='ocr_line' id='line_1_58' title="bbox 1021 1578 1902 1631; baseline 0.002 -14"><span class='ocrx_word' id='word_1_345' title='bbox 1021 1582 1152 1617; x_wconf 80' lang='lat' dir='ltr'>tamen</span> <span class='ocrx_word' id='word_1_346' title='bbox 1186 1580 1221 1617; x_wconf 92' lang='lat' dir='ltr'>in</span> <span class='ocrx_word' id='word_1_347' title='bbox 1253 1578 1330 1618; x_wconf 86' lang='lat' dir='ltr'>hoc</span> <span class='ocrx_word' id='word_1_348' title='bbox 1356 1580 1562 1618; x_wconf 87' lang='lat' dir='ltr'>verborum</span> <span class='ocrx_word' id='word_1_349' title='bbox 1596 1593 1742 1631; x_wconf 82' lang='lat' dir='ltr'>genere</span> <span class='ocrx_word' id='word_1_350' title='bbox 1767 1584 1902 1619; x_wconf 86' lang='lat' dir='ltr'>auctor</span> 
     </span>
     <span class='ocr_line' id='line_1_59' title="bbox 1022 1634 1779 1690; baseline 0 -16"><span class='ocrx_word' id='word_1_351' title='bbox 1022 1635 1196 1683; x_wconf 82' lang='lat' dir='ltr'>novavit3</span> <span class='ocrx_word' id='word_1_352' title='bbox 1228 1634 1276 1673; x_wconf 88' lang='lat' dir='ltr'>cf.</span> <span class='ocrx_word' id='word_1_353' title='bbox 1302 1635 1352 1674; x_wconf 84' lang='lat' dir='ltr'>ad</span> <span class='ocrx_word' id='word_1_354' title='bbox 1376 1635 1477 1674; x_wconf 85' lang='lat' dir='ltr'>Met.</span> <span class='ocrx_word' id='word_1_355' title='bbox 1503 1635 1569 1675; x_wconf 86' lang='grc' dir='ltr'>ΙΙΙ.</span> <span class='ocrx_word' id='word_1_356' title='bbox 1592 1650 1631 1688; x_wconf 89' lang='lat' dir='ltr'>p.</span> <span class='ocrx_word' id='word_1_357' title='bbox 1659 1636 1779 1690; x_wconf 88' lang='lat'>213.]</span> 
     </span>
    </p>
   </div>
   <div class='ocr_carea' id='block_1_14' title="bbox 1020 1726 1907 2058">
    <p class='ocr_par' dir='ltr' id='par_1_15' title="bbox 1020 1726 1907 2058">
     <span class='ocr_line' id='line_1_60' title="bbox 1074 1726 1899 1778; baseline -0.001 -13"><span class='ocrx_word' id='word_1_358' title='bbox 1074 1727 1278 1778; x_wconf 80' lang='lat' dir='ltr'>fuscaque</span> <span class='ocrx_word' id='word_1_359' title='bbox 1301 1730 1405 1765; x_wconf 71' lang='lat' dir='ltr'>veste</span> <span class='ocrx_word' id='word_1_360' title='bbox 1430 1729 1630 1765; x_wconf 86' lang='lat' dir='ltr'>contecta.</span> <span class='ocrx_word' id='word_1_361' title='bbox 1657 1726 1724 1778; x_wconf 84' lang='lat' dir='ltr'>[ef.</span> <span class='ocrx_word' id='word_1_362' title='bbox 1739 1726 1789 1766; x_wconf 83' lang='lat' dir='ltr'>ad</span> <span class='ocrx_word' id='word_1_363' title='bbox 1803 1726 1899 1765; x_wconf 84' lang='lat' dir='ltr'>Met.</span> 
     </span>
     <span class='ocr_line' id='line_1_61' title="bbox 1020 1780 1901 1832; baseline 0.002 -13"><span class='ocrx_word' id='word_1_364' title='bbox 1020 1780 1137 1832; x_wconf 85' lang='lat' dir='ltr'>111.p.</span> <span class='ocrx_word' id='word_1_365' title='bbox 1154 1785 1246 1822; x_wconf 86' lang='lat'>185.</span> <span class='ocrx_word' id='word_1_366' title='bbox 1273 1786 1367 1821; x_wconf 84' lang='lat' dir='ltr'>atra</span> <span class='ocrx_word' id='word_1_367' title='bbox 1391 1787 1494 1821; x_wconf 76' lang='lat' dir='ltr'>ceste</span> <span class='ocrx_word' id='word_1_368' title='bbox 1519 1787 1706 1822; x_wconf 81' lang='lat' dir='ltr'>contecta</span> <span class='ocrx_word' id='word_1_369' title='bbox 1726 1782 1901 1822; x_wconf 87' lang='lat' dir='ltr'>Kirchm.</span> 
     </span>
     <span class='ocr_line' id='line_1_62' title="bbox 1021 1837 1900 1888; baseline 0.003 -13"><span class='ocrx_word' id='word_1_370' title='bbox 1021 1838 1072 1876; x_wconf 82' lang='lat' dir='ltr'>de</span> <span class='ocrx_word' id='word_1_371' title='bbox 1098 1837 1175 1876; x_wconf 88' lang='lat' dir='ltr'>sun.</span> <span class='ocrx_word' id='word_1_372' title='bbox 1202 1850 1239 1888; x_wconf 87' lang='lat' dir='ltr'>p.</span> <span class='ocrx_word' id='word_1_373' title='bbox 1258 1842 1348 1878; x_wconf 85' lang='lat'>155.</span> <span class='ocrx_word' id='word_1_374' title='bbox 1375 1841 1414 1876; x_wconf 89' lang='lat' dir='ltr'>et</span> <span class='ocrx_word' id='word_1_375' title='bbox 1438 1837 1627 1876; x_wconf 82' lang='lat' dir='ltr'>Buenem.</span> <span class='ocrx_word' id='word_1_376' title='bbox 1648 1839 1698 1877; x_wconf 86' lang='lat' dir='ltr'>ad</span> <span class='ocrx_word' id='word_1_377' title='bbox 1717 1838 1828 1878; x_wconf 87' lang='lat' dir='ltr'>Lact.</span> <span class='ocrx_word' id='word_1_378' title='bbox 1850 1839 1900 1878; x_wconf 87' lang='lat' dir='ltr'>de</span> 
     </span>
     <span class='ocr_line' id='line_1_63' title="bbox 1022 1892 1907 1946; baseline 0.002 -15"><span class='ocrx_word' id='word_1_379' title='bbox 1022 1893 1138 1933; x_wconf 84' lang='lat' dir='ltr'>Mort.</span> <span class='ocrx_word' id='word_1_380' title='bbox 1152 1892 1264 1932; x_wconf 81' lang='lat' dir='ltr'>Pers.</span> <span class='ocrx_word' id='word_1_381' title='bbox 1280 1897 1346 1934; x_wconf 77' lang='lat'>39.</span> <span class='ocrx_word' id='word_1_382' title='bbox 1360 1893 1391 1944; x_wconf 82' lang='lat'>§.</span> <span class='ocrx_word' id='word_1_383' title='bbox 1408 1897 1445 1934; x_wconf 88' lang='lat'>3.</span> <span class='ocrx_word' id='word_1_384' title='bbox 1461 1907 1498 1945; x_wconf 90' lang='lat' dir='ltr'>p.</span> <span class='ocrx_word' id='word_1_385' title='bbox 1516 1897 1658 1942; x_wconf 61' lang='lat'>1462„</span> <span class='ocrx_word' id='word_1_386' title='bbox 1684 1895 1749 1946; x_wconf 90' lang='lat' dir='ltr'>qui</span> <span class='ocrx_word' id='word_1_387' title='bbox 1764 1894 1907 1946; x_wconf 80' lang='lat' dir='ltr'>plures.</span> 
     </span>
     <span class='ocr_line' id='line_1_64' title="bbox 1023 1948 1900 2001; baseline 0.003 -14"><span class='ocrx_word' id='word_1_388' title='bbox 1023 1950 1128 1988; x_wconf 79' lang='lat' dir='ltr'>viros</span> <span class='ocrx_word' id='word_1_389' title='bbox 1152 1948 1291 1988; x_wconf 78' lang='lat' dir='ltr'>doctos</span> <span class='ocrx_word' id='word_1_390' title='bbox 1317 1951 1424 1996; x_wconf 84' lang='lat' dir='ltr'>citat,</span> <span class='ocrx_word' id='word_1_391' title='bbox 1451 1951 1516 2001; x_wconf 90' lang='lat' dir='ltr'>qui</span> <span class='ocrx_word' id='word_1_392' title='bbox 1540 1951 1591 1989; x_wconf 86' lang='lat' dir='ltr'>de</span> <span class='ocrx_word' id='word_1_393' title='bbox 1616 1950 1691 1990; x_wconf 88' lang='lat' dir='ltr'>hoc</span> <span class='ocrx_word' id='word_1_394' title='bbox 1709 1964 1816 1991; x_wconf 86' lang='lat' dir='ltr'>more</span> <span class='ocrx_word' id='word_1_395' title='bbox 1835 1965 1900 1990; x_wconf 82' lang='lat' dir='ltr'>ex-</span> 
     </span>
     <span class='ocr_line' id='line_1_65' title="bbox 1024 2005 1276 2058; baseline 0.008 -15"><span class='ocrx_word' id='word_1_396' title='bbox 1024 2005 1276 2058; x_wconf 63' lang='lat' dir='ltr'>posuerunt]</span> 
     </span>
    </p>
   </div>
   <div class='ocr_carea' id='block_1_15' title="bbox 1023 2083 1904 3090">
    <p class='ocr_par' dir='ltr' id='par_1_16' title="bbox 1023 2083 1904 3090">
     <span class='ocr_line' id='line_1_66' title="bbox 1083 2083 1901 2126; baseline 0.001 -3"><span class='ocrx_word' id='word_1_397' title='bbox 1083 2083 1276 2124; x_wconf 81' lang='lat' dir='ltr'>ambabus</span> <span class='ocrx_word' id='word_1_398' title='bbox 1311 2085 1496 2124; x_wconf 84' lang='lat' dir='ltr'>manibus</span> <span class='ocrx_word' id='word_1_399' title='bbox 1538 2086 1703 2126; x_wconf 76' lang='lat' dir='ltr'>trahens</span> <span class='ocrx_word' id='word_1_400' title='bbox 1745 2087 1901 2126; x_wconf 85' lang='lat' dir='ltr'>cinero-</span> 
     </span>
     <span class='ocr_line' id='line_1_67' title="bbox 1427 2140 1901 2193; baseline 0 -14"><span class='ocrx_word' id='word_1_401' title='bbox 1427 2140 1543 2193; x_wconf 89' lang='lat' dir='ltr'>[Mos</span> <span class='ocrx_word' id='word_1_402' title='bbox 1586 2143 1770 2192; x_wconf 84' lang='lat' dir='ltr'>antiquus</span> <span class='ocrx_word' id='word_1_403' title='bbox 1820 2142 1901 2188; x_wconf 82' lang='lat' dir='ltr'>suit,</span> 
     </span>
     <span class='ocr_line' id='line_1_68' title="bbox 1026 2194 1903 2245; baseline 0 -10"><span class='ocrx_word' id='word_1_404' title='bbox 1026 2198 1062 2235; x_wconf 90' lang='lat' dir='ltr'>in</span> <span class='ocrx_word' id='word_1_405' title='bbox 1077 2197 1200 2242; x_wconf 86' lang='lat' dir='ltr'>luctu,</span> <span class='ocrx_word' id='word_1_406' title='bbox 1225 2209 1300 2235; x_wconf 90' lang='lat' dir='ltr'>non</span> <span class='ocrx_word' id='word_1_407' title='bbox 1315 2194 1444 2235; x_wconf 87' lang='lat' dir='ltr'>solum</span> <span class='ocrx_word' id='word_1_408' title='bbox 1458 2199 1585 2237; x_wconf 87' lang='lat' dir='ltr'>crines</span> <span class='ocrx_word' id='word_1_409' title='bbox 1601 2198 1810 2245; x_wconf 85' lang='lat' dir='ltr'>evellendi,</span> <span class='ocrx_word' id='word_1_410' title='bbox 1826 2199 1903 2237; x_wconf 86' lang='lat' dir='ltr'>sed</span> 
     </span>
     <span class='ocr_line' id='line_1_69' title="bbox 1026 2254 1901 2294; baseline 0.001 -3"><span class='ocrx_word' id='word_1_411' title='bbox 1026 2254 1142 2291; x_wconf 87' lang='lat' dir='ltr'>etiam</span> <span class='ocrx_word' id='word_1_412' title='bbox 1166 2257 1270 2291; x_wconf 83' lang='lat' dir='ltr'>terra</span> <span class='ocrx_word' id='word_1_413' title='bbox 1293 2266 1340 2291; x_wconf 86' lang='lat' dir='ltr'>ac</span> <span class='ocrx_word' id='word_1_414' title='bbox 1364 2255 1493 2292; x_wconf 88' lang='lat' dir='ltr'>cinere</span> <span class='ocrx_word' id='word_1_415' title='bbox 1518 2267 1589 2293; x_wconf 84' lang='lat' dir='ltr'>eos</span> <span class='ocrx_word' id='word_1_416' title='bbox 1622 2255 1815 2294; x_wconf 83' lang='lat' dir='ltr'>foedandi.</span> <span class='ocrx_word' id='word_1_417' title='bbox 1853 2256 1901 2294; x_wconf 80' lang='lat' dir='ltr'>ci&#39;.</span> 
     </span>
     <span class='ocr_line' id='line_1_70' title="bbox 1024 2309 1899 2362; baseline 0.002 -15"><span class='ocrx_word' id='word_1_418' title='bbox 1024 2309 1199 2348; x_wconf 89' lang='lat' dir='ltr'>Met.IV.</span> <span class='ocrx_word' id='word_1_419' title='bbox 1213 2322 1250 2361; x_wconf 88' lang='lat' dir='ltr'>p.</span> <span class='ocrx_word' id='word_1_420' title='bbox 1261 2313 1357 2350; x_wconf 81' lang='lat'>314.</span> <span class='ocrx_word' id='word_1_421' title='bbox 1376 2311 1480 2362; x_wconf 82' lang='lat' dir='ltr'>quid</span> <span class='ocrx_word' id='word_1_422' title='bbox 1494 2312 1690 2350; x_wconf 76' lang='lat' dir='ltr'>canitiem</span> <span class='ocrx_word' id='word_1_423' title='bbox 1703 2313 1899 2351; x_wconf 75' lang='lat' dir='ltr'>scinditis.</span> 
     </span>
     <span class='ocr_line' id='line_1_71' title="bbox 1025 2365 1903 2417; baseline 0.001 -14"><span class='ocrx_word' id='word_1_424' title='bbox 1025 2365 1127 2404; x_wconf 84' lang='lat' dir='ltr'><strong>VIII.</strong></span> <span class='ocrx_word' id='word_1_425' title='bbox 1158 2379 1194 2417; x_wconf 91' lang='lat' dir='ltr'>p.</span> <span class='ocrx_word' id='word_1_426' title='bbox 1222 2369 1315 2406; x_wconf 90' lang='lat'>562.</span> <span class='ocrx_word' id='word_1_427' title='bbox 1350 2368 1538 2406; x_wconf 80' lang='lat' dir='ltr'>canitiem</span> <span class='ocrx_word' id='word_1_428' title='bbox 1573 2367 1839 2407; x_wconf 74' lang='lat' dir='ltr'>distrahentis</span> <span class='ocrx_word' id='word_1_429' title='bbox 1864 2371 1903 2404; x_wconf 83' lang='lat' dir='ltr'>et</span> 
     </span>
     <span class='ocr_line' id='line_1_72' title="bbox 1024 2421 1901 2474; baseline 0.001 -14"><span class='ocrx_word' id='word_1_430' title='bbox 1024 2421 1124 2460; x_wconf 86' lang='lat' dir='ltr'>Prie.</span> <span class='ocrx_word' id='word_1_431' title='bbox 1144 2422 1195 2460; x_wconf 86' lang='lat' dir='ltr'>ad</span> <span class='ocrx_word' id='word_1_432' title='bbox 1214 2426 1333 2461; x_wconf 84' lang='lat' dir='ltr'>nostr.</span> <span class='ocrx_word' id='word_1_433' title='bbox 1361 2422 1386 2460; x_wconf 94' lang='lat' dir='ltr'>l.</span> <span class='ocrx_word' id='word_1_434' title='bbox 1408 2427 1447 2461; x_wconf 88' lang='lat' dir='ltr'>et</span> <span class='ocrx_word' id='word_1_435' title='bbox 1473 2423 1523 2462; x_wconf 85' lang='lat' dir='ltr'>ad</span> <span class='ocrx_word' id='word_1_436' title='bbox 1543 2423 1641 2463; x_wconf 87' lang='lat' dir='ltr'>Met.</span> <span class='ocrx_word' id='word_1_437' title='bbox 1657 2422 1726 2461; x_wconf 84' lang='lat' dir='ltr'>IX.</span> <span class='ocrx_word' id='word_1_438' title='bbox 1748 2436 1783 2474; x_wconf 88' lang='lat' dir='ltr'>p.</span> <span class='ocrx_word' id='word_1_439' title='bbox 1807 2427 1901 2464; x_wconf 82' lang='lat'>650.</span> 
     </span>
     <span class='ocr_line' id='line_1_73' title="bbox 1025 2479 1902 2531; baseline 0.001 -14"><span class='ocrx_word' id='word_1_440' title='bbox 1025 2483 1064 2517; x_wconf 91' lang='lat' dir='ltr'>et</span> <span class='ocrx_word' id='word_1_441' title='bbox 1093 2479 1329 2531; x_wconf 79' lang='lat' dir='ltr'>discerptae</span> <span class='ocrx_word' id='word_1_442' title='bbox 1359 2492 1499 2518; x_wconf 88' lang='lat' dir='ltr'>comae</span> <span class='ocrx_word' id='word_1_443' title='bbox 1535 2481 1782 2525; x_wconf 81' lang='lat' dir='ltr'>semicanae,</span> <span class='ocrx_word' id='word_1_444' title='bbox 1819 2492 1902 2518; x_wconf 81' lang='lat' dir='ltr'>sor-</span> 
     </span>
     <span class='ocr_line' id='line_1_74' title="bbox 1025 2534 1901 2587; baseline 0.003 -15"><span class='ocrx_word' id='word_1_445' title='bbox 1025 2534 1164 2573; x_wconf 86' lang='lat' dir='ltr'>dentes</span> <span class='ocrx_word' id='word_1_446' title='bbox 1187 2536 1373 2587; x_wconf 82' lang='lat' dir='ltr'>inspersu</span> <span class='ocrx_word' id='word_1_447' title='bbox 1399 2536 1557 2574; x_wconf 86' lang='lat' dir='ltr'>cineris.</span> <span class='ocrx_word' id='word_1_448' title='bbox 1584 2535 1635 2574; x_wconf 85' lang='lat' dir='ltr'>X.</span> <span class='ocrx_word' id='word_1_449' title='bbox 1650 2550 1685 2587; x_wconf 90' lang='lat' dir='ltr'>p.</span> <span class='ocrx_word' id='word_1_450' title='bbox 1703 2538 1794 2576; x_wconf 87' lang='lat'>690.</span> <span class='ocrx_word' id='word_1_451' title='bbox 1821 2540 1901 2575; x_wconf 82' lang='lat' dir='ltr'>tra-</span> 
     </span>
     <span class='ocr_line' id='line_1_75' title="bbox 1028 2591 1901 2643; baseline 0.002 -15"><span class='ocrx_word' id='word_1_452' title='bbox 1028 2591 1204 2643; x_wconf 81' lang='lat' dir='ltr'>hensque</span> <span class='ocrx_word' id='word_1_453' title='bbox 1251 2593 1388 2630; x_wconf 84' lang='lat' dir='ltr'>cinere</span> <span class='ocrx_word' id='word_1_454' title='bbox 1434 2591 1664 2630; x_wconf 82' lang='lat' dir='ltr'>sordentem</span> <span class='ocrx_word' id='word_1_455' title='bbox 1701 2592 1901 2630; x_wconf 82' lang='lat' dir='ltr'>canitiem.</span> 
     </span>
     <span class='ocr_line' id='line_1_76' title="bbox 1026 2645 1903 2699; baseline 0.002 -15"><span class='ocrx_word' id='word_1_456' title='bbox 1026 2645 1324 2685; x_wconf 84' lang='lat' dir='ltr'>Catull.LX.lV.</span> <span class='ocrx_word' id='word_1_457' title='bbox 1341 2651 1435 2687; x_wconf 85' lang='grc'>224.</span> <span class='ocrx_word' id='word_1_458' title='bbox 1451 2648 1641 2686; x_wconf 81' lang='lat' dir='ltr'>canitiem</span> <span class='ocrx_word' id='word_1_459' title='bbox 1655 2652 1766 2686; x_wconf 78' lang='lat' dir='ltr'>terra</span> <span class='ocrx_word' id='word_1_460' title='bbox 1778 2652 1903 2699; x_wconf 82' lang='lat' dir='ltr'>atque</span> 
     </span>
     <span class='ocr_line' id='line_1_77' title="bbox 1025 2702 1902 2755; baseline 0.002 -15"><span class='ocrx_word' id='word_1_461' title='bbox 1025 2703 1165 2755; x_wconf 83' lang='lat' dir='ltr'>infuso</span> <span class='ocrx_word' id='word_1_462' title='bbox 1175 2703 1346 2755; x_wconf 69' lang='lat' dir='ltr'>pulvere</span> <span class='ocrx_word' id='word_1_463' title='bbox 1353 2703 1545 2755; x_wconf 84' lang='lat' dir='ltr'>foedans.</span> <span class='ocrx_word' id='word_1_464' title='bbox 1562 2703 1678 2742; x_wconf 81' lang='lat' dir='ltr'>Ovid.</span> <span class='ocrx_word' id='word_1_465' title='bbox 1691 2702 1788 2741; x_wconf 79' lang='lat' dir='ltr'>Met.</span> <span class='ocrx_word' id='word_1_466' title='bbox 1799 2702 1902 2742; x_wconf 87' lang='lat' dir='ltr'><strong>VIII.</strong></span> 
     </span>
     <span class='ocr_line' id='line_1_78' title="bbox 1026 2758 1903 2812; baseline -0.001 -13"><span class='ocrx_word' id='word_1_467' title='bbox 1026 2763 1120 2800; x_wconf 78' lang='lat'>528.</span> <span class='ocrx_word' id='word_1_468' title='bbox 1145 2759 1369 2812; x_wconf 72' lang='lat' dir='ltr'>‘Planyunt</span> <span class='ocrx_word' id='word_1_469' title='bbox 1400 2773 1476 2797; x_wconf 82' lang='lat' dir='ltr'>ora</span> <span class='ocrx_word' id='word_1_470' title='bbox 1504 2760 1625 2798; x_wconf 85' lang='lat' dir='ltr'>simul</span> <span class='ocrx_word' id='word_1_471' title='bbox 1653 2764 1801 2798; x_wconf 79' lang='lat' dir='ltr'>matres</span> <span class='ocrx_word' id='word_1_472' title='bbox 1829 2758 1903 2798; x_wconf 83' lang='lat' dir='ltr'>Ca-</span> 
     </span>
     <span class='ocr_line' id='line_1_79' title="bbox 1026 2814 1902 2869; baseline 0.001 -16"><span class='ocrx_word' id='word_1_473' title='bbox 1026 2815 1244 2869; x_wconf 71' lang='lat' dir='ltr'>lydonides</span> <span class='ocrx_word' id='word_1_474' title='bbox 1274 2815 1374 2854; x_wconf 82' lang='lat' dir='ltr'>eheu</span> <span class='ocrx_word' id='word_1_475' title='bbox 1406 2814 1584 2854; x_wconf 77' lang='lat' dir='ltr'>Pulvere</span> <span class='ocrx_word' id='word_1_476' title='bbox 1614 2816 1803 2854; x_wconf 78' lang='lat' dir='ltr'>canitiem</span> <span class='ocrx_word' id='word_1_477' title='bbox 1834 2828 1902 2867; x_wconf 77' lang='lat' dir='ltr'>ye-</span> 
     </span>
     <span class='ocr_line' id='line_1_80' title="bbox 1024 2871 1904 2923; baseline 0 -13"><span class='ocrx_word' id='word_1_478' title='bbox 1024 2873 1136 2910; x_wconf 79' lang='lat' dir='ltr'>nitor</span> <span class='ocrx_word' id='word_1_479' title='bbox 1170 2872 1385 2923; x_wconf 81' lang='lat' dir='ltr'>vultusque</span> <span class='ocrx_word' id='word_1_480' title='bbox 1415 2871 1565 2909; x_wconf 83' lang='lat' dir='ltr'>seniles</span> <span class='ocrx_word' id='word_1_481' title='bbox 1596 2871 1760 2909; x_wconf 80' lang='lat' dir='ltr'>Foedat</span> <span class='ocrx_word' id='word_1_482' title='bbox 1793 2871 1904 2910; x_wconf 79' lang='lat' dir='ltr'>humi</span> 
     </span>
     <span class='ocr_line' id='line_1_81' title="bbox 1023 2925 1901 2979; baseline -0.001 -12"><span class='ocrx_word' id='word_1_483' title='bbox 1023 2930 1140 2979; x_wconf 84' lang='lat' dir='ltr'>fusos</span> <span class='ocrx_word' id='word_1_484' title='bbox 1163 2926 1306 2966; x_wconf 86' lang='lat' dir='ltr'>Markl.</span> <span class='ocrx_word' id='word_1_485' title='bbox 1333 2925 1383 2964; x_wconf 86' lang='lat' dir='ltr'>ad</span> <span class='ocrx_word' id='word_1_486' title='bbox 1409 2925 1508 2964; x_wconf 89' lang='lat' dir='ltr'>Stat.</span> <span class='ocrx_word' id='word_1_487' title='bbox 1541 2926 1638 2964; x_wconf 84' lang='lat' dir='ltr'>Silv.</span> <span class='ocrx_word' id='word_1_488' title='bbox 1653 2926 1701 2965; x_wconf 93' lang='lat' dir='ltr'>V.</span> <span class='ocrx_word' id='word_1_489' title='bbox 1738 2931 1773 2966; x_wconf 90' lang='lat'>1.</span> <span class='ocrx_word' id='word_1_490' title='bbox 1805 2930 1901 2968; x_wconf 84' lang='grc'>219.</span> 
     </span>
     <span class='ocr_line' id='line_1_82' title="bbox 1026 2979 1902 3033; baseline 0.002 -13"><span class='ocrx_word' id='word_1_491' title='bbox 1026 2982 1199 3022; x_wconf 84' lang='lat' dir='ltr'>Kirchm.</span> <span class='ocrx_word' id='word_1_492' title='bbox 1214 2983 1264 3021; x_wconf 90' lang='lat' dir='ltr'>de</span> <span class='ocrx_word' id='word_1_493' title='bbox 1278 2982 1355 3020; x_wconf 82' lang='lat' dir='ltr'>fun.</span> <span class='ocrx_word' id='word_1_494' title='bbox 1372 2981 1417 3020; x_wconf 90' lang='lat' dir='ltr'>II.</span> <span class='ocrx_word' id='word_1_495' title='bbox 1436 2986 1498 3022; x_wconf 87' lang='lat'>12.</span> <span class='ocrx_word' id='word_1_496' title='bbox 1515 2982 1733 3033; x_wconf 86' lang='lat' dir='ltr'>Virg.Aen.</span> <span class='ocrx_word' id='word_1_497' title='bbox 1746 2979 1799 3021; x_wconf 86' lang='lat' dir='ltr'>X.</span> <span class='ocrx_word' id='word_1_498' title='bbox 1809 2986 1902 3024; x_wconf 79' lang='lat'>644.</span> 
     </span>
     <span class='ocr_line' id='line_1_83' title="bbox 1027 3038 1901 3090; baseline 0 -13"><span class='ocrx_word' id='word_1_499' title='bbox 1027 3040 1217 3078; x_wconf 83' lang='lat' dir='ltr'>canitiem</span> <span class='ocrx_word' id='word_1_500' title='bbox 1231 3038 1359 3078; x_wconf 89' lang='lat' dir='ltr'>multo</span> <span class='ocrx_word' id='word_1_501' title='bbox 1379 3038 1589 3090; x_wconf 78' lang='lat' dir='ltr'>deformat</span> <span class='ocrx_word' id='word_1_502' title='bbox 1603 3039 1787 3090; x_wconf 81' lang='lat' dir='ltr'>pulvere.</span> <span class='ocrx_word' id='word_1_503' title='bbox 1814 3038 1901 3078; x_wconf 84' lang='lat' dir='ltr'>Intt.</span> 
     </span>
    </p>
   </div>
   <div class='ocr_carea' id='block_1_16' title="bbox 1014 3093 1475 3145">
    <p class='ocr_par' dir='ltr' id='par_1_17' title="bbox 1014 3093 1475 3145">
     <span class='ocr_line' id='line_1_84' title="bbox 1014 3093 1475 3145; baseline -0.004 -12"><span class='ocrx_word' id='word_1_504' title='bbox 1014 3095 1076 3133; x_wconf 72' lang='lat' dir='ltr'>ad</span> <span class='ocrx_word' id='word_1_505' title='bbox 1101 3093 1220 3145; x_wconf 84' lang='lat' dir='ltr'>Prop.</span> <span class='ocrx_word' id='word_1_506' title='bbox 1249 3093 1292 3131; x_wconf 93' lang='lat' dir='ltr'>II.</span> <span class='ocrx_word' id='word_1_507' title='bbox 1320 3098 1355 3132; x_wconf 92' lang='lat'>7.</span> <span class='ocrx_word' id='word_1_508' title='bbox 1383 3093 1475 3145; x_wconf 82' lang='lat'>51.]</span> 
     </span>
    </p>
   </div>
   <div class='ocr_carea' id='block_1_17' title="bbox 1510 3150 1566 3191">
    <p class='ocr_par' dir='ltr' id='par_1_18' title="bbox 1510 3150 1566 3191">
     <span class='ocr_line' id='line_1_85' title="bbox 1510 3150 1566 3191; baseline 0 0"><span class='ocrx_word' id='word_1_509' title='bbox 1510 3150 1566 3191; x_wconf 80' lang='lat'>40</span> 
     </span>
    </p>
   </div>
  </div>
 </body>
</html>
