2155 3590
628 143 818 185 LIBER
847 145 960 185 VIII.
1021 145 1143 186 CAP.
1173 145 1362 186 XXVII.
1793 147 1873 189 733

93 263 210 308 nunt,
238 256 483 311 brachiisque
509 257 589 297 suis
615 258 776 298 humero
804 265 914 298 tenus
940 258 1142 298 renudatis
1173 258 1396 298 attollentes
1427 257 1616 299 immanes
1648 258 1797 312 gladios
1830 273 1874 300 ac

92 327 273 363 secures,
301 320 462 353 evantes
488 313 698 363 exsiliunt,
727 314 915 354 incitante
940 314 1058 354 tibiae
1084 321 1200 354 cantu
1224 314 1500 368 lymphaticum
1526 315 1749 368 tripudium.
1788 315 1874 356 Nec

92 369 223 423 paucis
257 369 467 423 pererratis
500 369 643 410 casulis
674 371 721 410 ad
753 371 943 424 quandam
975 371 1103 410 villam
1130 370 1368 424 possessoris
1394 370 1496 410 beati
1523 371 1775 425 perveniunt,
1806 371 1811 428 Ῑ
1837 379 1875 412 et

92 425 138 465 ab
169 425 353 479 ingressu
383 426 507 480 primo
538 426 668 466 statim
700 426 859 467 absonis
889 427 1100 467 ululatibus
1134 433 1429 480 constrepentes
1456 427 1623 468 fanatice
1648 428 1873 482 pervolant3

90 539 238 570 brachiis
252 550 313 570 non
328 543 437 571 aduisa
451 551 512 580 qne
528 544 687 577 particula
699 545 736 571 1).
783 542 1014 571 hnmeratinus
1032 544 1158 572 Vicent.
1195 541 1448 571 lmnzeroscenns
1468 544 1504 571 G.
1520 545 1548 572 1.
1596 542 1773 572 denudatis
1792 546 1826 573 0.
1847 554 1876 580 p.

90 585 295 615 renudantes
309 589 344 616 G.
362 589 389 616 ¹1.
404 589 460 616 sed
474 591 512 617 ab
527 590 637 617 eadem
651 596 748 617 manu
763 589 793 617 in
814 593 963 617 contextu
984 593 1159 617 correctum
1177 592 1227 618 est
1244 586 1430 617 renudatis.
1478 597 1518 615 ac
1537 592 1613 617 ante
1633 596 1767 617 secures
1786 593 1876 618 abest

91 633 122 660 in
144 634 179 661 G.
201 635 230 661 1.
251 633 285 661 Ο.
335 631 484 661 levantes
504 635 539 662 F.
558 634 589 661 2.
610 635 640 662 3.
661 634 697 661 G.
720 635 748 663 1.
768 636 796 662 ⁴2.
818 635 854 662 D.
877 636 911 662 P.
930 635 963 661 0.
979 635 1016 662 R.
1032 633 1050 661 f.
1065 636 1101 663 Ι..
1116 631 1144 662 ὃ.
1182 637 1320 661 ovantes
1334 635 1369 661 F.
1384 635 1412 662 1.
1450 631 1613 661 vastantes
1627 635 1675 663 ed.
1690 635 1876 669 pr.Vicent.

91 679 203 706 Venet.
218 679 248 706 2.
273 679 308 706 In
323 681 395 706 cett.
409 681 559 706 evantes.
607 678 749 705 incitate
763 681 798 707 G.
815 681 842 707 ἱ).
858 681 895 707 D.
933 678 1114 706 incitantes
1128 680 1198 708 edd.
1213 682 1287 708 vett.
1302 685 1404 712 usque
1417 680 1456 707 ad
1472 679 1560 708 Colv.
1609 678 1686 706 tibia
1705 678 1877 707 contulum

87 721 262 759 phata-um
282 725 317 752 G.
338 725 368 751 2.
387 725 426 751 D.
465 724 653 751 inm'muree
674 721 774 751 thiln‘e
795 723 966 751 conculam
982 721 1159 759 phalicnm
1180 726 1215 753 G.
1238 726 1266 753 1.
1309 724 1526 760 pereni-satis
1548 724 1637 753 Colv.
1659 725 1753 753 Vulc.
1779 727 1877 754 Mero.

93 770 237 797 u'ower.
286 767 418 795 casibus
432 767 558 796 casulis
572 770 606 797 G.
623 770 652 797 ¹1.
669 769 765 802 priori
778 771 937 797 vocabulo
950 769 1038 797 linea
1051 771 1197 799 obducto.
1246 768 1396 797 castellis
1410 766 1439 797 ὃ.
1453 777 1488 797 π.
1504 770 1586 803 quod
1599 769 1772 803 irrepsisse
1791 774 1878 803 putat

92 814 171 842 oud.
191 821 233 842 ex
252 815 327 841 Met.
345 814 398 842 lx.
420 822 448 848 p.
469 815 545 842 599.
593 813 706 841 britv’m
726 821 782 848 pro
801 812 894 841 beati
910 815 958 842 ed.
977 821 1022 848 pr.
1039 814 1166 843 vicent.
1186 815 1299 844 Vener.
1320 816 1349 843 2.
1386 813 1505 842 brila'nz'
1521 815 1591 843 edd.
1610 818 1736 843 ceierae
1754 819 1881 849 praeter

90 861 174 887 lunt.
188 860 218 886 2.
233 858 336 887 Scriv.
350 859 468 887 Florid.
484 858 537 886 Ιῗιι
550 860 583 887 Ο.
600 868 628 894 p.
642 860 678 888 P.
728 858 769 886 ab
783 861 894 887 exulat
908 865 928 887 a
941 867 969 892 n.
994 857 1190 896 abz‘ngressu
1204 861 1239 888 G.
1256 861 1284 888 1.
1299 861 1337 888 D.
1374 857 1508 886 adsonis
1523 861 1558 888 G.
1577 861 1604 888 1.
1648 863 1880 896 contrepentes

93 906 129 932 G.
157 906 185 932 1.
229 902 385 939 fanotr'ce
409 906 444 932 G.
474 906 501 934 1.
543 902 729 941 provolant
753 913 781 939 p.
807 906 855 934 ed.
881 905 982 933 Scriv.

90 950 174 978 lunt.
189 950 218 978 2.
233 952 264 977 et
276 950 312 978 B.

92 1046 178 1085 ssavi
204 1047 357 1093 coloris.
384 1061 460 1098 qua
484 1049 648 1099 tingitur,
675 1047 961 1086 cf.B1·0ukh.et

93 1103 218 1155 Heyn-
246 1103 295 1142 ad
322 1103 462 1143 Tibull.
483 1103 508 1142 l.
531 1109 568 1144 8.
590 1109 653 1144 52.
681 1104 762 1142 Intt.
789 1105 837 1142 ad
857 1104 958 1143 Geli.

94 1159 138 1198 Il.
154 1165 217 1201 26.
244 1160 414 1200 Lutewn
439 1164 500 1198 est
523 1161 783 1213 splendidum,
808 1162 959 1198 rubrum

94 1216 269 1254 Munker.
313 1217 362 1253 ad
398 1215 579 1267 Fulgent.
619 1217 795 1267 Exposit.
834 1217 958 1254 Sei-nn.

96 1274 184 1311 Ant.
210 1287 246 1324 p.
263 1276 353 1312 783.
382 1271 507 1325 δῖαν]

150 1333 316 1368 evantes.
354 1328 464 1367 Hanc
490 1329 691 1367 deterioris
719 1333 833 1367 notae
859 1328 959 1366 codi-

93 1399 178 1424 cum
217 1384 438 1431 lectionem,
476 1399 588 1435 quam
626 1385 669 1423 F.
700 1392 732 1425 1.
770 1386 961 1435 scriptura

95 1446 255 1481 ovantes
290 1441 510 1479 confirmare
549 1442 715 1487 videtur,
756 1455 843 1479 meo
881 1442 960 1478 iure

93 1498 373 1549 praeposuisse
393 1498 500 1536 alteri
521 1498 692 1537 levantes
712 1498 800 1536 mihi
817 1497 958 1535 videor.

95 1554 291 1594 Lecantes
305 1555 404 1592 enim
419 1556 471 1593 ita
484 1558 629 1593 tantum
644 1559 775 1606 potest
788 1553 958 1599 defendi,

94 1615 135 1648 ut
164 1615 379 1648 neutrorum
409 1612 688 1661 significatione.
719 1625 879 1649 secures
909 1611 958 1648 in-

95 1668 198 1705 dicet
239 1667 434 1719 leviyatos
476 1672 515 1706 ot
556 1668 812 1720 splendidos,
851 1669 959 1705 cuius

95 1724 385 1775 significationis
410 1738 523 1775 quum
551 1726 711 1763 alterum
738 1723 959 1775 exemplum

95 1780 253 1832 proferri
275 1785 460 1831 nequeat,
487 1786 526 1819 et
545 1795 629 1819 cum
644 1781 767 1832 ipsius
784 1780 855 1818 loci
870 1793 958 1818 sen-

94 1838 213 1875 tentia
243 1842 398 1876 evantes
429 1838 690 1876 commendet.
722 1837 757 1875 in
790 1841 897 1875 textu
924 1836 961 1874 id

95 1907 180 1931 cum
217 1892 317 1932 Oud.
354 1893 520 1945 aliisque
564 1894 716 1939 retinui,
759 1894 959 1945 explicans

98 1950 339 1989 bacchantes
375 1954 414 1987 et
456 1964 558 1990 enan
596 1965 689 1989 evoe
732 1950 959 1995 clamantes,

95 2010 229 2056 utpote
243 2006 650 2047 colentesSalmdimn
665 2020 819 2057 quoque
833 2006 959 2051 deum,

97 2075 210 2112 quem
225 2061 422 2101 Bacchum
442 2076 535 2100 esse
554 2076 671 2114 supra
687 2062 957 2101 demonstravi.

95 2115 284 2170 Σαβάζειι·
320 2132 409 2157 vero
446 2120 518 2156 dici
557 2133 624 2169 pro
667 2117 807 2166 ειῗάζειν
843 2119 959 2156 docet

95 2174 232 2213 Heins.
258 2174 307 2213 ad
334 2175 403 2213 Sil.
430 2174 455 2213 I.
486 2180 545 2216 18.
573 2175 748 2226 Propert.
769 2174 814 2214 Il.
836 2179 872 2215 2.
893 2179 957 2215 28.

97 2231 392 2281 vi1·g.Aen.V1.
409 2235 500 2272 517.
528 2233 710 2271 ecancls
736 2233 857 2284 oryia
883 2233 957 2271 clv·-

96 2301 185 2326 cmn
201 2287 388 2327 Ducebat
403 2288 671 2342 [ΗΜ-μαίας,
696 2289 759 2326 ubi
785 2288 830 2327 cl'.
847 2289 958 2327 Serv.

97 2343 290 2395 [Ulzclare
315 2343 452 2382 eadem
479 2346 512 2382 in
539 2359 580 2383 re
606 2344 697 2383 dicit
721 2343 958 2383 luvenaINI.

97 2404 208 2446 314„
234 2400 297 2438 ubi
320 2400 542 2439 Maenades
568 2402 821 2439 nominantur:
847 2401 960 2440 Nota

97 2457 246 2495 Bonae
268 2462 422 2496 secreta
447 2458 565 2503 (leae,
599 2472 717 2510 qnam
744 2458 842 2496 tibia
868 2457 960 2497 lam-

96 2513 166 2551 bos
201 2513 352 2552 Incitat
383 2519 420 2552 el
451 2528 579 2553 cornu
607 2515 766 2565 pariter
792 2515 961 2566 cinoque

92 2570 284 2619 feruntur
317 2569 539 2609 Adtonitae
570 2572 798 2622 crinemque
822 2575 961 2609 rotant

94 2625 383 2678 ululantque
413 2627 566 2678 Priapi
591 2627 860 2666 Maenades.
909 2626 958 2665 ct'.

96 2680 180 2721 Intt.
206 2682 255 2720 ad
279 2682 425 2721 Lucan.
454 2682 477 2720 I.
504 2684 620 2734 562]

151 2739 346 2778 incae‘tanle
382 2739 505 2778 tibiae
541 2745 676 2779 canln.
729 2739 958 2785 Incilanles,

97 2794 198 2845 quod
237 2794 396 2834 Colvius
434 2795 546 2847 legit,
589 2797 834 2846 improbatur.
893 2798 959 2834 Sic

96 2851 196 2888 enim
220 2852 316 2891 tuba
341 2853 448 2891 clere
467 2856 506 2891 et
525 2852 627 2891 dare
647 2853 790 2891 bellum
809 2852 955 2891 dicitur.

97 2906 145 2945 cf.
171 2906 313 2947 Duker.
340 2908 390 2947 ad
415 2907 570 2947 Petron.
601 2912 690 2949 122.
723 2909 772 2947 V.
800 2913 889 2948 134.
922 2911 955 2947 in

97 2962 309 3002 Comment.
347 2964 452 3002 Flori
490 2964 561 3004 Ed.
592 2971 624 3005 1.
662 2979 698 3017 p.
725 2969 818 3005 925.
857 2970 895 3003 et
920 2970 956 3006 2.

96 3032 131 3069 p.
147 3023 239 3061 612.
264 3020 365 3060 Oud.
379 3022 428 3061 ad
442 3021 587 3061 Lucan.
603 3021 669 3060 lV.
695 3025 783 3062 186.
809 3021 957 3060 Eadem

95 3075 243 3115 ratione
278 3076 443 3128 loquitur
478 3078 607 3117 Iuven.
633 3077 701 3116 w.
740 3081 831 3119 314.
870 3093 958 3119 cum

97 3132 218 3174 tibia
233 3133 384 3176 lumbos
398 3136 442 3175 in
453 3136 584 3176 citat.
613 3134 830 3176 maedi-N.
845 3139 956 3179 7-15.

1031 902 1170 941 denique
1195 913 1250 939 pro
1275 903 1396 942 diuque
1420 912 1530 933 omnes
1555 906 1624 934 edd.
1651 908 1727 934 vett.
1756 909 1881 940 praeter

1019 1049 1067 1086 de
1092 1048 1261 1087 tibicine:
1287 1050 1401 1089 cuins
1423 1050 1588 1102 flatibus
1614 1049 1785 1089 Solebat
1809 1064 1880 1089 ea:-

1019 1106 1170 1143 citari
1193 1106 1380 1144 saltantis
1405 1107 1532 1157 cisson
1559 1106 1881 1147 L1101·et.11.621.

1019 1161 1073 1199 Et
1099 1161 1291 1214 Phryyio
1327 1163 1549 1201 stimulat
1582 1177 1749 1201 numero
1780 1177 1881 1202 caea

1019 1217 1140 1255 tibia
1166 1223 1320 1256 mentes.
1369 1217 1501 1256 Horat.
1534 1217 1609 1257 Od.
1635 1218 1697 1257 III.
1727 1224 1788 1260 15.
1819 1225 1879 1260 10.

1019 1273 1147 1312 Pulso
1179 1273 1310 1326 Thym
1340 1275 1402 1313 uti
1437 1276 1638 1313 concita
1675 1280 1881 1329 tympano,

1020 1342 1120 1378 quae
1152 1329 1333 1381 exempla
1362 1329 1548 1368 Pricaeus
1578 1333 1747 1383 protulit.
1796 1331 1879 1383 [De

1018 1386 1136 1431 tiln‘a,
1173 1398 1368 1423 sacrorum
1405 1385 1575 1437 Cybeles
1612 1388 1785 1439 propria,
1833 1388 1881 1427 cs.

1017 1455 1138 1493 supra
1161 1441 1210 1479 ad
1237 1455 1273 1492 p.
1289 1446 1380 1482 577.
1408 1443 1607 1483 clun-aula
1627 1448 1666 1481 et
1684 1444 1822 1495 Zoega
1836 1444 1882 1482 Li

1017 1496 1259 1536 Bassirilievi
1285 1498 1427 1536 antichi
1452 1499 1489 1536 di
1515 1499 1643 1537 Roma
1668 1499 1712 1539 T.
1739 1500 1766 1539 I.
1791 1500 1882 1539 Not.

1016 1555 1065 1592 ad
1092 1553 1229 1593 Tabul.
1256 1553 1361 1594 XIII.
1385 1569 1421 1606 p.
1447 1559 1555 1601 104„
1582 1556 1645 1606 qui
1672 1557 1797 1595 omnia
1821 1570 1884 1595 ve-

1017 1615 1141 1649 terum
1161 1611 1210 1649 de
1230 1611 1358 1650 Matre
1377 1611 1465 1650 Dea
1483 1613 1706 1651 testimoniav
1729 1627 1884 1665 compo-

1016 1668 1094 1706 suit
1119 1671 1157 1706 et
1182 1668 1402 1711 illustravit,
1429 1668 1544 1707 Ovid.
1572 1669 1678 1708 Fast.
1694 1669 1759 1708 vl.
1794 1674 1883 1711 189.

1017 1724 1117 1762 Hinc
1149 1724 1320 1775 Cybelen
1352 1725 1387 1762 in
1425 1726 1593 1776 antiquis
1623 1728 1881 1765 monumentis

1017 1795 1289 1831 nonnunquam
1303 1782 1473 1832 conspici
1493 1782 1585 1820 tibia
1603 1788 1792 1829 ornatam,
1819 1783 1883 1821 de-

1019 1842 1206 1875 monstrat
1229 1837 1350 1875 Orcll.
1381 1838 1430 1875 ad
1462 1838 1687 1877 Arnob.VI.
1720 1839 1754 1876 in
1780 1839 1884 1878 Add.

1018 1906 1054 1944 p.
1084 1898 1147 1934 65.
1179 1907 1228 1931 ex
1257 1894 1386 1945 Antiq.
1413 1893 1703 1933 Montcfalconii
1736 1894 1830 1935 Tab.
1858 1895 1883 1935 I.

1018 1951 1077 2000 fig.
1105 1954 1141 1990 5.
1168 1951 1370 2001 compend.
1397 1950 1556 2003 Scliaz]

1070 2008 1311 2057 possessoris
1325 2007 1442 2046 beati.
1491 2007 1664 2059 Ineptum
1680 2008 1884 2047 lectionem

1018 2064 1195 2109 Baiani,
1221 2076 1335 2114 quam
1355 2065 1487 2102 mirum
1508 2069 1569 2102 est
1589 2065 1623 2103 in
1644 2065 1774 2103 multis
1795 2065 1882 2103 edd.

1016 2121 1231 2164 mansisse,
1256 2119 1424 2170 ineptius
1438 2119 1883 2174 Hermolausexplicare

1018 2180 1178 2214 conatus
1204 2179 1277 2221 est,
1304 2177 1414 2226 quasi
1440 2177 1717 2228 intelligeretur
1741 2178 1883 2229 aliquis

1018 2246 1040 2269 e
1067 2233 1227 2278 Brt‘tia,
1253 2232 1462 2284 Bithyniae
1487 2234 1650 2274 civitate.
1710 2235 1793 2273 Sed
1818 2249 1883 2273 cur

1017 2288 1106 2327 talis
1132 2288 1297 2327 nationis
1323 2289 1516 2328 hominem
1536 2295 1797 2330 memorasset
1818 2305 1882 2330 au-

1019 2349 1117 2391 ctor,
1143 2360 1227 2384 cum
1253 2359 1316 2384 res
1336 2350 1470 2397 agatur
1489 2347 1523 2385 in
1540 2346 1751 2386 Thessalia
1769 2349 1883 2399 eique

1019 2402 1207 2441 continuis
1243 2403 1488 2451 regionibus?
1542 2403 1604 2442 De
1641 2404 1777 2444 beatus
1813 2418 1881 2455 pro

1020 2459 1233 2511 opulentas
1257 2459 1305 2497 cs.
1330 2459 1378 2497 ad
1405 2459 1499 2498 Met.
1526 2459 1593 2500 lv,
1618 2474 1654 2511 p.
1682 2464 1771 2501 239.

1071 2517 1267 2567 fimatc'ce.
1318 2515 1563 2567 [Fanaticus
1599 2519 1791 2568 proprium
1822 2520 1884 2555 est

1017 2572 1263 2610 sacerdotum
1275 2571 1328 2623 Cy
1336 2572 1447 2610 heles
1462 2573 1671 2623 epitheton.
1687 2573 1733 2611 ct'.
1748 2573 1883 2613 Heinr.

1016 2628 1066 2666 ad
1092 2627 1217 2666 Iuven.
1245 2628 1326 2667 Sat.
1348 2627 1414 2667 lV.
1444 2633 1532 2670 123.
1558 2644 1594 2682 p.
1612 2633 1701 2670 191.
1727 2629 1771 2668 II.
1792 2634 1880 2670 112.

1017 2683 1147 2731 Quint.
1160 2684 1226 2723 XI.
1242 2688 1278 2725 3.
1295 2689 1357 2725 71.
1383 2685 1517 2738 Capul·
1531 2687 1685 2725 iactare
1698 2691 1736 2725 et
1748 2700 1882 2725 comas

1014 2746 1153 2781 ‘rotare
1179 2743 1453 2793 fanaticam
1484 2747 1550 2782 est.
1598 2742 1684 2781 Liv.
1717 2741 1783 2781 IV.
1816 2746 1879 2783 33.

1015 2797 1046 2846 Q.
1073 2801 1108 2838 2.
1134 2796 1238 2838 Duk.
1262 2798 1310 2836 ad
1338 2797 1444 2836 Flor.
1469 2797 1531 2836 Ill.
1561 2801 1622 2839 19.
1649 2798 1678 2848 §-
1706 2798 1767 2851 2.]

1072 2854 1235 2905 diuque.
1260 2853 1506 2906 Ineptissime
1520 2854 1714 2893 archaizat
1727 2869 1795 2906 pro
1808 2869 1880 2893 suo

1015 2923 1122 2948 more
1135 2909 1328 2955 Brantius.
1349 2924 1418 2961 per
1430 2910 1586 2960 figuram
1600 2911 1740 2949 tmesin
1755 2912 1880 2965 dique

1017 2967 1152 3018 capite
1177 2967 1297 3006 misso
1327 2967 1539 3004 emendans
1576 2967 1643 3019 [de
1673 2980 1748 3018 qua
1779 2968 1879 3006 cons.

1015 3022 1099 3061 Intt.
1136 3022 1184 3059 ad
1221 3023 1429 3062 Arnob.V.
1457 3027 1520 3064 33.
1559 3022 1602 3062 T.
1635 3023 1681 3062 II.
1718 3037 1754 3075 p.
1786 3029 1879 3066 333.

1016 3078 1137 3117 Orell.
1177 3083 1216 3118 et
1250 3079 1299 3117 ad
1339 3078 1421 3118 VII.
1453 3084 1516 3120 48.
1555 3081 1779 3135 ιἠἰω·ι[ιιεΓ
1802 3095 1881 3124 esse

1017 3136 1222 3176 desidera!
1240 3135 1430 3194 Iniquis]

1900 380 1960 412 581
