<?xml version="1.0" encoding="UTF-8"?>
<!DOCTYPE html PUBLIC "-//W3C//DTD XHTML 1.0 Transitional//EN"
    "http://www.w3.org/TR/xhtml1/DTD/xhtml1-transitional.dtd">
<html xmlns="http://www.w3.org/1999/xhtml" xml:lang="en" lang="en">
 <head>
  <title>
</title>
<meta http-equiv="Content-Type" content="text/html;charset=utf-8" />
  <meta name='ocr-system' content='tesseract 3.04.00' />
  <meta name='ocr-capabilities' content='ocr_page ocr_carea ocr_par ocr_line ocrx_word'/>
</head>
<body>
  <div class='ocr_page' id='page_1' title='image "./operaomnia01apuluoft/operaomnia01apuluoft_0205.png"; bbox 0 0 2155 3590; ppageno 0'>
   <div class='ocr_carea' id='block_1_1' title="bbox 575 139 819 179">
    <p class='ocr_par' dir='ltr' id='par_1_1' title="bbox 575 139 819 179">
     <span class='ocr_line' id='line_1_1' title="bbox 575 139 819 179; baseline -0.004 0"><span class='ocrx_word' id='word_1_1' title='bbox 575 139 763 179; x_wconf 86' lang='lat' dir='ltr'>LIBER</span> <span class='ocrx_word' id='word_1_2' title='bbox 790 139 819 178; x_wconf 92' lang='lat' dir='ltr'><strong>l.</strong></span> 
     </span>
    </p>
   </div>
   <div class='ocr_carea' id='block_1_2' title="bbox 71 249 1968 418">
    <p class='ocr_par' dir='ltr' id='par_1_2' title="bbox 71 249 1968 418">
     <span class='ocr_line' id='line_1_2' title="bbox 73 249 1706 307; baseline -0.003 -13"><span class='ocrx_word' id='word_1_3' title='bbox 73 253 210 294; x_wconf 87' lang='lat' dir='ltr'><strong>cialem</strong></span> <span class='ocrx_word' id='word_1_4' title='bbox 237 267 349 294; x_wconf 90' lang='lat' dir='ltr'><strong>suum</strong></span> <span class='ocrx_word' id='word_1_5' title='bbox 379 252 540 307; x_wconf 87' lang='lat' dir='ltr'><strong>insuper</strong></span> <span class='ocrx_word' id='word_1_6' title='bbox 568 253 695 306; x_wconf 81' lang='lat' dir='ltr'><strong>pisces</strong></span> <span class='ocrx_word' id='word_1_7' title='bbox 724 252 977 303; x_wconf 79' lang='lat' dir='ltr'><strong>inscendere,</strong></span> <span class='ocrx_word' id='word_1_8' title='bbox 1010 266 1056 293; x_wconf 87' lang='lat' dir='ltr'><strong>ac</strong></span> <span class='ocrx_word' id='word_1_9' title='bbox 1085 251 1244 306; x_wconf 91' lang='lat' dir='ltr'><strong>pedibus</strong></span> <span class='ocrx_word' id='word_1_10' title='bbox 1275 249 1357 290; x_wconf 91' lang='lat' dir='ltr'><strong>suis</strong></span> <span class='ocrx_word' id='word_1_11' title='bbox 1383 256 1486 290; x_wconf 87' lang='lat' dir='ltr'><strong>totos</strong></span> <span class='ocrx_word' id='word_1_12' title='bbox 1510 249 1706 290; x_wconf 88' lang='lat' dir='ltr'><strong>obterere.</strong></span> 
     </span>
     <span class='ocr_line' id='line_1_3' title="bbox 71 305 1968 364; baseline -0.002 -15"><span class='ocrx_word' id='word_1_13' title='bbox 71 315 278 350; x_wconf 88' lang='lat' dir='ltr'><strong>contentus</strong></span> <span class='ocrx_word' id='word_1_14' title='bbox 313 323 463 349; x_wconf 91' lang='lat' dir='ltr'><strong>morum</strong></span> <span class='ocrx_word' id='word_1_15' title='bbox 505 308 770 349; x_wconf 80' lang='lat' dir='ltr'><strong>severitudine</strong></span> <span class='ocrx_word' id='word_1_16' title='bbox 813 323 922 349; x_wconf 90' lang='lat' dir='ltr'><strong>meus</strong></span> <span class='ocrx_word' id='word_1_17' title='bbox 960 307 1144 364; x_wconf 69' lang='lat' dir='ltr'><strong>Pylthias</strong></span> <span class='ocrx_word' id='word_1_18' title='bbox 1181 320 1226 347; x_wconf 88' lang='lat' dir='ltr'><strong>ac</strong></span> <span class='ocrx_word' id='word_1_19' title='bbox 1263 306 1356 346; x_wconf 86' lang='lat' dir='ltr'><strong>mihi</strong></span> <span class='ocrx_word' id='word_1_20' title='bbox 1392 313 1435 346; x_wconf 91' lang='lat' dir='ltr'><strong>ut</strong></span> <span class='ocrx_word' id='word_1_21' title='bbox 1476 305 1624 346; x_wconf 88' lang='lat' dir='ltr'><strong>abirem</strong></span> <span class='ocrx_word' id='word_1_22' title='bbox 1661 307 1847 346; x_wconf 81' lang='lat' dir='ltr'>suadens:</span> <span class='ocrx_word' id='word_1_23' title='bbox 1870 311 1968 352; x_wconf 78' lang='grc'><strong>[114]</strong></span> 
     </span>
     <span class='ocr_line' id='line_1_4' title="bbox 71 362 1480 418; baseline -0.004 -12"><span class='ocrx_word' id='word_1_24' title='bbox 71 364 227 407; x_wconf 87' lang='lat' dir='ltr'><strong>Sufficit</strong></span> <span class='ocrx_word' id='word_1_25' title='bbox 253 365 362 415; x_wconf 87' lang='lat' dir='ltr'><strong>mihi,</strong></span> <span class='ocrx_word' id='word_1_26' title='bbox 395 379 417 405; x_wconf 97' lang='lat' dir='ltr'><strong>o</strong></span> <span class='ocrx_word' id='word_1_27' title='bbox 452 364 572 415; x_wconf 83' lang='lat' dir='ltr'>Luci,</span> <span class='ocrx_word' id='word_1_28' title='bbox 605 365 751 418; x_wconf 85' lang='lat' dir='ltr'><strong>inquit,</strong></span> <span class='ocrx_word' id='word_1_29' title='bbox 784 365 948 405; x_wconf 88' lang='lat' dir='ltr'><strong>seniculi</strong></span> <span class='ocrx_word' id='word_1_30' title='bbox 978 372 1087 405; x_wconf 86' lang='lat' dir='ltr'><strong>tanta</strong></span> <span class='ocrx_word' id='word_1_31' title='bbox 1111 364 1206 404; x_wconf 85' lang='lat' dir='ltr'><strong>haec</strong></span> <span class='ocrx_word' id='word_1_32' title='bbox 1231 362 1480 403; x_wconf 87' lang='lat' dir='ltr'><strong>contumelia.</strong></span> 
     </span>
    </p>
   </div>
   <div class='ocr_carea' id='block_1_3' title="bbox 881 137 1853 180">
    <p class='ocr_par' dir='ltr' id='par_1_3' title="bbox 881 137 1853 180">
     <span class='ocr_line' id='line_1_5' title="bbox 881 137 1853 180; baseline 0.001 -1"><span class='ocrx_word' id='word_1_33' title='bbox 881 140 956 180; x_wconf 88' lang='lat' dir='ltr'><strong>CA</strong></span> <span class='ocrx_word' id='word_1_34' title='bbox 963 140 1010 180; x_wconf 88' lang='lat' dir='ltr'><strong>P.</strong></span> <span class='ocrx_word' id='word_1_35' title='bbox 1040 138 1174 179; x_wconf 82' lang='lat' dir='ltr'><strong>XXV.</strong></span> <span class='ocrx_word' id='word_1_36' title='bbox 1202 137 1281 177; x_wconf 87' lang='lat' dir='ltr'><strong>XX</strong></span> <span class='ocrx_word' id='word_1_37' title='bbox 1287 138 1351 177; x_wconf 69' lang='lat' dir='ltr'><strong>vl.</strong></span> <span class='ocrx_word' id='word_1_38' title='bbox 1803 137 1853 180; x_wconf 89' lang='grc'><strong>71</strong></span> 
     </span>
    </p>
   </div>
   <div class='ocr_carea' id='block_1_4' title="bbox 1767 249 1856 303">
    <p class='ocr_par' dir='ltr' id='par_1_4' title="bbox 1767 249 1856 303">
     <span class='ocr_line' id='line_1_6' title="bbox 1767 249 1856 303; baseline -0.022 -13"><span class='ocrx_word' id='word_1_39' title='bbox 1767 249 1856 303; x_wconf 72' lang='lat' dir='ltr'><strong>Qua</strong></span> 
     </span>
    </p>
   </div>
   <div class='ocr_carea' id='block_1_5' title="bbox 1542 361 1856 403">
    <p class='ocr_par' dir='ltr' id='par_1_5' title="bbox 1542 361 1856 403">
     <span class='ocr_line' id='line_1_7' title="bbox 1542 361 1856 403; baseline 0 -1"><span class='ocrx_word' id='word_1_40' title='bbox 1542 361 1615 402; x_wconf 87' lang='lat' dir='ltr'><strong>His</strong></span> <span class='ocrx_word' id='word_1_41' title='bbox 1640 363 1738 403; x_wconf 88' lang='lat' dir='ltr'><strong>actis</strong></span> <span class='ocrx_word' id='word_1_42' title='bbox 1764 377 1856 402; x_wconf 91' lang='lat' dir='ltr'><strong>con-</strong></span> 
     </span>
    </p>
   </div>
   <div class='ocr_carea' id='block_1_6' title="bbox 67 418 1856 531">
    <p class='ocr_par' dir='ltr' id='par_1_6' title="bbox 67 418 1856 531">
     <span class='ocr_line' id='line_1_8' title="bbox 69 418 1854 475; baseline -0.002 -13"><span class='ocrx_word' id='word_1_43' title='bbox 69 428 269 462; x_wconf 88' lang='lat' dir='ltr'><strong>sternatus</strong></span> <span class='ocrx_word' id='word_1_44' title='bbox 299 435 346 461; x_wconf 92' lang='lat' dir='ltr'><strong>ac</strong></span> <span class='ocrx_word' id='word_1_45' title='bbox 375 435 536 475; x_wconf 90' lang='lat' dir='ltr'><strong>prorsus</strong></span> <span class='ocrx_word' id='word_1_46' title='bbox 567 421 794 475; x_wconf 81' lang='lat' dir='ltr'><strong>obstupidus</strong></span> <span class='ocrx_word' id='word_1_47' title='bbox 825 422 872 461; x_wconf 84' lang='lat' dir='ltr'><strong>ad</strong></span> <span class='ocrx_word' id='word_1_48' title='bbox 902 421 1062 462; x_wconf 86' lang='lat' dir='ltr'><strong>balneas</strong></span> <span class='ocrx_word' id='word_1_49' title='bbox 1093 434 1154 461; x_wconf 91' lang='lat' dir='ltr'><strong>me</strong></span> <span class='ocrx_word' id='word_1_50' title='bbox 1178 420 1332 469; x_wconf 82' lang='lat' dir='ltr'><strong>refero,</strong></span> <span class='ocrx_word' id='word_1_51' title='bbox 1371 418 1572 472; x_wconf 87' lang='lat' dir='ltr'><strong>prudentis</strong></span> <span class='ocrx_word' id='word_1_52' title='bbox 1603 419 1854 472; x_wconf 81' lang='lat' dir='ltr'><strong>condiscipuli</strong></span> 
     </span>
     <span class='ocr_line' id='line_1_9' title="bbox 67 474 1856 531; baseline -0.002 -13"><span class='ocrx_word' id='word_1_53' title='bbox 67 477 197 518; x_wconf 90' lang='lat' dir='ltr'><strong>valido</strong></span> <span class='ocrx_word' id='word_1_54' title='bbox 233 477 396 518; x_wconf 89' lang='lat' dir='ltr'><strong>consilio</strong></span> <span class='ocrx_word' id='word_1_55' title='bbox 433 485 472 518; x_wconf 90' lang='lat' dir='ltr'><strong>et</strong></span> <span class='ocrx_word' id='word_1_56' title='bbox 505 478 672 518; x_wconf 89' lang='lat' dir='ltr'><strong>nummis</strong></span> <span class='ocrx_word' id='word_1_57' title='bbox 702 477 818 518; x_wconf 91' lang='lat' dir='ltr'><strong>simul</strong></span> <span class='ocrx_word' id='word_1_58' title='bbox 851 477 1028 531; x_wconf 87' lang='lat' dir='ltr'><strong>privatus</strong></span> <span class='ocrx_word' id='word_1_59' title='bbox 1066 484 1106 518; x_wconf 89' lang='lat' dir='ltr'><strong>et</strong></span> <span class='ocrx_word' id='word_1_60' title='bbox 1140 489 1284 528; x_wconf 82' lang='lat' dir='ltr'><strong>coena,</strong></span> <span class='ocrx_word' id='word_1_61' title='bbox 1323 475 1529 529; x_wconf 83' lang='lat' dir='ltr'><strong>lautusque</strong></span> <span class='ocrx_word' id='word_1_62' title='bbox 1564 475 1612 515; x_wconf 87' lang='lat' dir='ltr'><strong>ad</strong></span> <span class='ocrx_word' id='word_1_63' title='bbox 1648 474 1856 529; x_wconf 84' lang='lat' dir='ltr'><strong>hospitium</strong></span> 
     </span>
    </p>
   </div>
   <div class='ocr_carea' id='block_1_7' title="bbox 66 532 986 588">
    <p class='ocr_par' dir='ltr' id='par_1_7' title="bbox 66 532 986 588">
     <span class='ocr_line' id='line_1_10' title="bbox 66 532 986 588; baseline 0 -14"><span class='ocrx_word' id='word_1_64' title='bbox 66 532 228 575; x_wconf 89' lang='lat' dir='ltr'><strong>Milonis</strong></span> <span class='ocrx_word' id='word_1_65' title='bbox 253 547 299 575; x_wconf 91' lang='lat' dir='ltr'><strong>ac</strong></span> <span class='ocrx_word' id='word_1_66' title='bbox 323 533 461 574; x_wconf 88' lang='lat' dir='ltr'><strong>dehinc</strong></span> <span class='ocrx_word' id='word_1_67' title='bbox 485 534 702 575; x_wconf 85' lang='lat' dir='ltr'><strong>cubiculum</strong></span> <span class='ocrx_word' id='word_1_68' title='bbox 729 547 789 574; x_wconf 91' lang='lat' dir='ltr'><strong>me</strong></span> <span class='ocrx_word' id='word_1_69' title='bbox 813 541 986 588; x_wconf 87' lang='lat' dir='ltr'><strong>reporto.</strong></span> 
     </span>
    </p>
   </div>
   <div class='ocr_carea' id='block_1_8' title="bbox 581 682 1347 732">
    <p class='ocr_par' dir='ltr' id='par_1_8' title="bbox 581 682 1347 732">
     <span class='ocr_line' id='line_1_11' title="bbox 581 682 1347 732; baseline -0.004 0"><span class='ocrx_word' id='word_1_70' title='bbox 581 683 1020 732; x_wconf 90' lang='lat' dir='ltr'><strong>CAPUT</strong></span> <span class='ocrx_word' id='word_1_71' title='bbox 1122 682 1347 732; x_wconf 89' lang='lat' dir='ltr'><strong>XXVI.</strong></span> 
     </span>
    </p>
   </div>
   <div class='ocr_carea' id='block_1_9' title="bbox 176 803 1280 859">
    <p class='ocr_par' dir='ltr' id='par_1_9' title="bbox 176 803 1280 859">
     <span class='ocr_line' id='line_1_12' title="bbox 176 803 1280 859; baseline -0.001 -14"><span class='ocrx_word' id='word_1_72' title='bbox 176 803 232 845; x_wconf 91' lang='lat' dir='ltr'><strong>Et</strong></span> <span class='ocrx_word' id='word_1_73' title='bbox 256 818 347 846; x_wconf 89' lang='lat' dir='ltr'><strong>ecce</strong></span> <span class='ocrx_word' id='word_1_74' title='bbox 371 803 481 845; x_wconf 87' lang='lat' dir='ltr'><strong>Fotis</strong></span> <span class='ocrx_word' id='word_1_75' title='bbox 508 805 667 845; x_wconf 88' lang='lat' dir='ltr'><strong>ancilla:</strong></span> <span class='ocrx_word' id='word_1_76' title='bbox 698 804 833 859; x_wconf 84' lang='lat' dir='ltr'><strong>Rogat</strong></span> <span class='ocrx_word' id='word_1_77' title='bbox 857 812 910 855; x_wconf 84' lang='lat' dir='ltr'><strong>te,</strong></span> <span class='ocrx_word' id='word_1_78' title='bbox 945 805 1091 859; x_wconf 84' lang='lat' dir='ltr'><strong>inquit,</strong></span> <span class='ocrx_word' id='word_1_79' title='bbox 1125 806 1280 859; x_wconf 87' lang='lat' dir='ltr'><strong>hospes.</strong></span> 
     </span>
    </p>
   </div>
   <div class='ocr_carea' id='block_1_10' title="bbox 1342 801 1855 858">
    <p class='ocr_par' dir='ltr' id='par_1_10' title="bbox 1342 801 1855 858">
     <span class='ocr_line' id='line_1_13' title="bbox 1342 801 1855 858; baseline -0.004 -14"><span class='ocrx_word' id='word_1_80' title='bbox 1342 804 1399 844; x_wconf 89' lang='lat' dir='ltr'><strong>At</strong></span> <span class='ocrx_word' id='word_1_81' title='bbox 1423 817 1497 858; x_wconf 84' lang='lat' dir='ltr'><strong>ego</strong></span> <span class='ocrx_word' id='word_1_82' title='bbox 1521 803 1599 843; x_wconf 89' lang='lat' dir='ltr'><strong>iam</strong></span> <span class='ocrx_word' id='word_1_83' title='bbox 1623 803 1714 843; x_wconf 92' lang='lat' dir='ltr'><strong>inde</strong></span> <span class='ocrx_word' id='word_1_84' title='bbox 1737 801 1855 842; x_wconf 85' lang='lat' dir='ltr'><strong>Milo—</strong></span> 
     </span>
    </p>
   </div>
   <div class='ocr_carea' id='block_1_11' title="bbox 64 858 1857 915">
    <p class='ocr_par' dir='ltr' id='par_1_11' title="bbox 64 858 1857 915">
     <span class='ocr_line' id='line_1_14' title="bbox 64 858 1857 915; baseline -0.002 -14"><span class='ocrx_word' id='word_1_85' title='bbox 64 862 127 902; x_wconf 86' lang='lat' dir='ltr'><strong>nis</strong></span> <span class='ocrx_word' id='word_1_86' title='bbox 151 861 412 902; x_wconf 82' lang='lat' dir='ltr'><strong>abstinentiae</strong></span> <span class='ocrx_word' id='word_1_87' title='bbox 437 862 618 915; x_wconf 85' lang='lat' dir='ltr'><strong>cognitor</strong></span> <span class='ocrx_word' id='word_1_88' title='bbox 641 862 833 902; x_wconf 83' lang='lat' dir='ltr'><strong>excusavi</strong></span> <span class='ocrx_word' id='word_1_89' title='bbox 857 862 1035 912; x_wconf 81' lang='lat' dir='ltr'><strong>comiter,</strong></span> <span class='ocrx_word' id='word_1_90' title='bbox 1063 862 1165 915; x_wconf 90' lang='lat' dir='ltr'><strong>quod</strong></span> <span class='ocrx_word' id='word_1_91' title='bbox 1189 861 1277 902; x_wconf 84' lang='lat' dir='ltr'><strong>viae</strong></span> <span class='ocrx_word' id='word_1_92' title='bbox 1300 860 1555 902; x_wconf 81' lang='lat' dir='ltr'><strong>vexationem</strong></span> <span class='ocrx_word' id='word_1_93' title='bbox 1579 874 1659 900; x_wconf 89' lang='lat' dir='ltr'><strong>non</strong></span> <span class='ocrx_word' id='word_1_94' title='bbox 1684 858 1770 900; x_wconf 94' lang='lat' dir='ltr'><strong>cibo</strong></span> <span class='ocrx_word' id='word_1_95' title='bbox 1789 859 1857 899; x_wconf 90' lang='lat' dir='ltr'><strong>sed</strong></span> 
     </span>
    </p>
   </div>
   <div class='ocr_carea' id='block_1_12' title="bbox 64 919 700 959">
    <p class='ocr_par' dir='ltr' id='par_1_12' title="bbox 64 919 700 959">
     <span class='ocr_line' id='line_1_15' title="bbox 64 919 700 959; baseline -0.003 0"><span class='ocrx_word' id='word_1_96' title='bbox 64 932 202 959; x_wconf 91' lang='lat' dir='ltr'><strong>somno</strong></span> <span class='ocrx_word' id='word_1_97' title='bbox 234 931 434 958; x_wconf 77' lang='lat' dir='ltr'><strong>censerem</strong></span> <span class='ocrx_word' id='word_1_98' title='bbox 466 919 700 958; x_wconf 83' lang='lat' dir='ltr'><strong>diluendam.</strong></span> 
     </span>
    </p>
   </div>
   <div class='ocr_carea' id='block_1_13' title="bbox 762 915 1856 972">
    <p class='ocr_par' dir='ltr' id='par_1_13' title="bbox 762 915 1856 972">
     <span class='ocr_line' id='line_1_16' title="bbox 762 915 1856 972; baseline -0.003 -14"><span class='ocrx_word' id='word_1_99' title='bbox 762 917 844 958; x_wconf 88' lang='lat' dir='ltr'><strong>Isto</strong></span> <span class='ocrx_word' id='word_1_100' title='bbox 875 925 1034 972; x_wconf 82' lang='lat' dir='ltr'><strong>accepto</strong></span> <span class='ocrx_word' id='word_1_101' title='bbox 1066 918 1195 972; x_wconf 86' lang='lat' dir='ltr'><strong>pergit</strong></span> <span class='ocrx_word' id='word_1_102' title='bbox 1218 917 1321 972; x_wconf 82' lang='lat' dir='ltr'><strong>ipse,</strong></span> <span class='ocrx_word' id='word_1_103' title='bbox 1356 925 1395 957; x_wconf 92' lang='lat' dir='ltr'><strong>et</strong></span> <span class='ocrx_word' id='word_1_104' title='bbox 1418 917 1564 957; x_wconf 90' lang='lat' dir='ltr'><strong>iniecta</strong></span> <span class='ocrx_word' id='word_1_105' title='bbox 1589 916 1755 956; x_wconf 80' lang='lat' dir='ltr'><strong>dextera</strong></span> <span class='ocrx_word' id='word_1_106' title='bbox 1780 915 1856 955; x_wconf 88' lang='lat' dir='ltr'><strong>cle-</strong></span> 
     </span>
    </p>
   </div>
   <div class='ocr_carea' id='block_1_14' title="bbox 63 971 1856 1027">
    <p class='ocr_par' dir='ltr' id='par_1_14' title="bbox 63 971 1856 1027">
     <span class='ocr_line' id='line_1_17' title="bbox 63 971 1856 1027; baseline -0.001 -13"><span class='ocrx_word' id='word_1_107' title='bbox 63 981 218 1015; x_wconf 86' lang='lat' dir='ltr'><strong>menter</strong></span> <span class='ocrx_word' id='word_1_108' title='bbox 241 988 302 1014; x_wconf 91' lang='lat' dir='ltr'><strong>me</strong></span> <span class='ocrx_word' id='word_1_109' title='bbox 326 974 484 1015; x_wconf 82' lang='lat' dir='ltr'><strong>trahere</strong></span> <span class='ocrx_word' id='word_1_110' title='bbox 515 975 706 1014; x_wconf 81' lang='lat' dir='ltr'><strong>adoritur.</strong></span> <span class='ocrx_word' id='word_1_111' title='bbox 739 975 800 1015; x_wconf 87' lang='lat' dir='ltr'><strong>Ac</strong></span> <span class='ocrx_word' id='word_1_112' title='bbox 826 975 914 1014; x_wconf 91' lang='lat' dir='ltr'><strong>dum</strong></span> <span class='ocrx_word' id='word_1_113' title='bbox 940 982 1094 1025; x_wconf 83' lang='lat' dir='ltr'><strong>centor,</strong></span> <span class='ocrx_word' id='word_1_114' title='bbox 1124 975 1212 1015; x_wconf 93' lang='lat' dir='ltr'><strong>dum</strong></span> <span class='ocrx_word' id='word_1_115' title='bbox 1233 975 1406 1014; x_wconf 85' lang='lat' dir='ltr'><strong>modeste</strong></span> <span class='ocrx_word' id='word_1_116' title='bbox 1425 973 1595 1013; x_wconf 89' lang='lat' dir='ltr'><strong>renitor:</strong></span> <span class='ocrx_word' id='word_1_117' title='bbox 1620 971 1713 1013; x_wconf 89' lang='lat' dir='ltr'><strong>Non</strong></span> <span class='ocrx_word' id='word_1_118' title='bbox 1732 972 1856 1027; x_wconf 83' lang='lat' dir='ltr'><strong>prius,</strong></span> 
     </span>
    </p>
   </div>
   <div class='ocr_carea' id='block_1_15' title="bbox 62 1030 934 1085">
    <p class='ocr_par' dir='ltr' id='par_1_15' title="bbox 62 1030 934 1085">
     <span class='ocr_line' id='line_1_18' title="bbox 62 1030 934 1085; baseline -0.001 -14"><span class='ocrx_word' id='word_1_119' title='bbox 62 1031 211 1085; x_wconf 84' lang='lat' dir='ltr'><strong>inquit,</strong></span> <span class='ocrx_word' id='word_1_120' title='bbox 250 1030 464 1081; x_wconf 83' lang='lat' dir='ltr'><strong>discedam,</strong></span> <span class='ocrx_word' id='word_1_121' title='bbox 505 1045 620 1084; x_wconf 84' lang='lat' dir='ltr'><strong>quam</strong></span> <span class='ocrx_word' id='word_1_122' title='bbox 649 1045 711 1071; x_wconf 91' lang='lat' dir='ltr'><strong>me</strong></span> <span class='ocrx_word' id='word_1_123' title='bbox 741 1031 934 1084; x_wconf 87' lang='lat' dir='ltr'><strong>sequaris.</strong></span> 
     </span>
    </p>
   </div>
   <div class='ocr_carea' id='block_1_16' title="bbox 977 1027 1924 1086">
    <p class='ocr_par' dir='ltr' id='par_1_16' title="bbox 977 1027 1924 1086">
     <span class='ocr_line' id='line_1_19' title="bbox 977 1027 1924 1086; baseline 0 -15"><span class='ocrx_word' id='word_1_124' title='bbox 977 1030 983 1086; x_wconf 69' lang='grc' dir='ltr'>Ι</span> <span class='ocrx_word' id='word_1_125' title='bbox 1019 1030 1074 1071; x_wconf 92' lang='lat' dir='ltr'><strong>Et</strong></span> <span class='ocrx_word' id='word_1_126' title='bbox 1103 1031 1247 1071; x_wconf 83' lang='lat' dir='ltr'><strong>dictum</strong></span> <span class='ocrx_word' id='word_1_127' title='bbox 1277 1029 1531 1070; x_wconf 89' lang='lat' dir='ltr'><strong>iureiurando</strong></span> <span class='ocrx_word' id='word_1_128' title='bbox 1563 1036 1741 1079; x_wconf 89' lang='lat' dir='ltr'><strong>secutus,</strong></span> <span class='ocrx_word' id='word_1_129' title='bbox 1779 1027 1857 1068; x_wconf 86' lang='lat' dir='ltr'><strong>iam</strong></span> <span class='ocrx_word' id='word_1_130' title='bbox 1881 1039 1924 1071; x_wconf 84' lang='grc'><strong>80</strong></span> 
     </span>
    </p>
   </div>
   <div class='ocr_carea' id='block_1_17' title="bbox 65 1085 1857 1141">
    <p class='ocr_par' dir='ltr' id='par_1_17' title="bbox 65 1085 1857 1141">
     <span class='ocr_line' id='line_1_20' title="bbox 65 1085 1857 1141; baseline -0.001 -14"><span class='ocrx_word' id='word_1_131' title='bbox 65 1087 338 1128; x_wconf 88' lang='lat' dir='ltr'><strong>obstinationis</strong></span> <span class='ocrx_word' id='word_1_132' title='bbox 370 1101 465 1127; x_wconf 89' lang='lat' dir='ltr'><strong>suae</strong></span> <span class='ocrx_word' id='word_1_133' title='bbox 496 1101 557 1128; x_wconf 88' lang='lat' dir='ltr'><strong>me</strong></span> <span class='ocrx_word' id='word_1_134' title='bbox 587 1087 755 1141; x_wconf 83' lang='lat' dir='ltr'><strong>ingratis</strong></span> <span class='ocrx_word' id='word_1_135' title='bbox 787 1087 1030 1127; x_wconf 84' lang='lat' dir='ltr'><strong>obedientem</strong></span> <span class='ocrx_word' id='word_1_136' title='bbox 1062 1087 1238 1141; x_wconf 87' lang='lat' dir='ltr'><strong>perducit</strong></span> <span class='ocrx_word' id='word_1_137' title='bbox 1267 1087 1314 1127; x_wconf 91' lang='lat' dir='ltr'><strong>ad</strong></span> <span class='ocrx_word' id='word_1_138' title='bbox 1338 1086 1446 1126; x_wconf 89' lang='lat' dir='ltr'><strong>illum</strong></span> <span class='ocrx_word' id='word_1_139' title='bbox 1471 1100 1584 1126; x_wconf 89' lang='lat' dir='ltr'><strong>suum</strong></span> <span class='ocrx_word' id='word_1_140' title='bbox 1609 1085 1857 1140; x_wconf 83' lang='lat' dir='ltr'><strong>grabatulum</strong></span> 
     </span>
    </p>
   </div>
   <div class='ocr_carea' id='block_1_18' title="bbox 60 1202 1861 1420">
    <p class='ocr_par' dir='ltr' id='par_1_18' title="bbox 60 1202 1861 1420">
     <span class='ocr_line' id='line_1_21' title="bbox 64 1202 1861 1239; baseline -0.001 -8"><span class='ocrx_word' id='word_1_141' title='bbox 64 1202 217 1232; x_wconf 66' lang='lat' dir='ltr'><strong>incedere</strong></span> <span class='ocrx_word' id='word_1_142' title='bbox 235 1206 278 1232; x_wconf 82' lang='lat' dir='ltr'><strong>M.</strong></span> <span class='ocrx_word' id='word_1_143' title='bbox 299 1212 340 1233; x_wconf 82' lang='lat' dir='ltr'><strong>ex</strong></span> <span class='ocrx_word' id='word_1_144' title='bbox 358 1206 478 1239; x_wconf 84' lang='lat' dir='ltr'><strong>glossa.</strong></span> <span class='ocrx_word' id='word_1_145' title='bbox 527 1203 597 1232; x_wconf 72' lang='lat' dir='ltr'><strong>suis</strong></span> <span class='ocrx_word' id='word_1_146' title='bbox 616 1207 708 1233; x_wconf 77' lang='lat' dir='ltr'><strong>abest</strong></span> <span class='ocrx_word' id='word_1_147' title='bbox 728 1212 748 1232; x_wconf 91' lang='lat' dir='ltr'><strong>a</strong></span> <span class='ocrx_word' id='word_1_148' title='bbox 767 1203 788 1232; x_wconf 84' lang='lat' dir='ltr'><strong>f.</strong></span> <span class='ocrx_word' id='word_1_149' title='bbox 808 1205 863 1239; x_wconf 84' lang='lat' dir='ltr'><strong>R.‚</strong></span> <span class='ocrx_word' id='word_1_150' title='bbox 883 1205 967 1238; x_wconf 83' lang='lat' dir='ltr'><strong>quod</strong></span> <span class='ocrx_word' id='word_1_151' title='bbox 991 1204 1177 1239; x_wconf 78' lang='lat' dir='ltr'><strong>elegantius</strong></span> <span class='ocrx_word' id='word_1_152' title='bbox 1202 1212 1275 1232; x_wconf 87' lang='lat' dir='ltr'><strong>esse</strong></span> <span class='ocrx_word' id='word_1_153' title='bbox 1300 1204 1437 1237; x_wconf 73' lang='lat' dir='ltr'><strong>dictum.</strong></span> <span class='ocrx_word' id='word_1_154' title='bbox 1463 1205 1541 1232; x_wconf 85' lang='lat' dir='ltr'><strong>oud.</strong></span> <span class='ocrx_word' id='word_1_155' title='bbox 1562 1205 1647 1232; x_wconf 87' lang='lat' dir='ltr'><strong>male</strong></span> <span class='ocrx_word' id='word_1_156' title='bbox 1670 1203 1861 1238; x_wconf 73' lang='lat' dir='ltr'><strong>pronuntiat</strong></span> 
     </span>
     <span class='ocr_line' id='line_1_22' title="bbox 63 1246 1860 1285; baseline -0.003 -7"><span class='ocrx_word' id='word_1_157' title='bbox 63 1249 105 1278; x_wconf 85' lang='lat' dir='ltr'><strong>cf.</strong></span> <span class='ocrx_word' id='word_1_158' title='bbox 125 1251 166 1278; x_wconf 85' lang='lat' dir='ltr'><strong>ad</strong></span> <span class='ocrx_word' id='word_1_159' title='bbox 179 1257 208 1284; x_wconf 84' lang='lat' dir='ltr'><strong>p.</strong></span> <span class='ocrx_word' id='word_1_160' title='bbox 224 1251 276 1277; x_wconf 84' lang='grc'><strong>19.</strong></span> <span class='ocrx_word' id='word_1_161' title='bbox 322 1250 385 1277; x_wconf 89' lang='lat' dir='ltr'><strong>Pro</strong></span> <span class='ocrx_word' id='word_1_162' title='bbox 404 1256 531 1276; x_wconf 86' lang='lat' dir='ltr'><strong>morum</strong></span> <span class='ocrx_word' id='word_1_163' title='bbox 550 1250 686 1283; x_wconf 83' lang='lat' dir='ltr'><strong>Lipsius</strong></span> <span class='ocrx_word' id='word_1_164' title='bbox 705 1249 864 1277; x_wconf 80' lang='lat' dir='ltr'><strong>divinavit</strong></span> <span class='ocrx_word' id='word_1_165' title='bbox 878 1249 912 1275; x_wconf 67' lang='lat' dir='ltr'><strong>in</strong></span> <span class='ocrx_word' id='word_1_166' title='bbox 925 1256 993 1277; x_wconf 81' lang='lat' dir='ltr'><strong>ore.</strong></span> <span class='ocrx_word' id='word_1_167' title='bbox 1042 1251 1234 1285; x_wconf 77' lang='lat' dir='ltr'><strong>contempta</strong></span> <span class='ocrx_word' id='word_1_168' title='bbox 1248 1250 1286 1277; x_wconf 87' lang='lat' dir='ltr'><strong>D.</strong></span> <span class='ocrx_word' id='word_1_169' title='bbox 1333 1246 1518 1276; x_wconf 70' lang='lat' dir='ltr'><strong>mileiabest</strong></span> <span class='ocrx_word' id='word_1_170' title='bbox 1533 1256 1553 1277; x_wconf 84' lang='lat' dir='ltr'><strong>a</strong></span> <span class='ocrx_word' id='word_1_171' title='bbox 1566 1248 1587 1276; x_wconf 79' lang='lat' dir='ltr'><strong>f.</strong></span> <span class='ocrx_word' id='word_1_172' title='bbox 1604 1246 1774 1283; x_wconf 74' lang='lat' dir='ltr'><strong>obs-lupide</strong></span> <span class='ocrx_word' id='word_1_173' title='bbox 1786 1249 1824 1275; x_wconf 83' lang='lat' dir='ltr'><strong>D,</strong></span> <span class='ocrx_word' id='word_1_174' title='bbox 1839 1255 1860 1276; x_wconf 79' lang='lat' dir='ltr'><strong>a</strong></span> 
     </span>
     <span class='ocr_line' id='line_1_23' title="bbox 61 1291 1859 1330; baseline -0.001 -8"><span class='ocrx_word' id='word_1_175' title='bbox 61 1303 103 1323; x_wconf 90' lang='lat' dir='ltr'><strong>m.</strong></span> <span class='ocrx_word' id='word_1_176' title='bbox 122 1302 151 1329; x_wconf 82' lang='lat' dir='ltr'><strong>p.</strong></span> <span class='ocrx_word' id='word_1_177' title='bbox 171 1293 347 1330; x_wconf 81' lang='lat' dir='ltr'><strong>obstupens</strong></span> <span class='ocrx_word' id='word_1_178' title='bbox 365 1296 409 1322; x_wconf 82' lang='lat' dir='ltr'><strong>M.</strong></span> <span class='ocrx_word' id='word_1_179' title='bbox 430 1292 539 1320; x_wconf 68' lang='lat' dir='ltr'><strong>calido</strong></span> <span class='ocrx_word' id='word_1_180' title='bbox 559 1291 588 1321; x_wconf 82' lang='grc' dir='ltr'><strong>δ.</strong></span> <span class='ocrx_word' id='word_1_181' title='bbox 610 1301 630 1322; x_wconf 81' lang='lat' dir='ltr'><strong>a</strong></span> <span class='ocrx_word' id='word_1_182' title='bbox 650 1302 690 1322; x_wconf 86' lang='lat' dir='ltr'><strong>1n.</strong></span> <span class='ocrx_word' id='word_1_183' title='bbox 710 1302 737 1322; x_wconf 81' lang='lat' dir='ltr'><strong>s.</strong></span> <span class='ocrx_word' id='word_1_184' title='bbox 768 1294 874 1322; x_wconf 83' lang='lat' dir='ltr'><strong>Ceteri</strong></span> <span class='ocrx_word' id='word_1_185' title='bbox 893 1295 983 1322; x_wconf 81' lang='lat' dir='ltr'><strong>codd.</strong></span> <span class='ocrx_word' id='word_1_186' title='bbox 997 1297 1026 1322; x_wconf 80' lang='lat' dir='ltr'><strong>et</strong></span> <span class='ocrx_word' id='word_1_187' title='bbox 1040 1295 1110 1322; x_wconf 80' lang='lat' dir='ltr'><strong>edd.</strong></span> <span class='ocrx_word' id='word_1_188' title='bbox 1126 1298 1201 1322; x_wconf 80' lang='lat' dir='ltr'><strong>vett.</strong></span> <span class='ocrx_word' id='word_1_189' title='bbox 1216 1296 1336 1322; x_wconf 80' lang='lat' dir='ltr'><strong>hahent</strong></span> <span class='ocrx_word' id='word_1_190' title='bbox 1357 1291 1466 1320; x_wconf 74' lang='lat' dir='ltr'><strong>calido</strong></span> <span class='ocrx_word' id='word_1_191' title='bbox 1482 1292 1535 1327; x_wconf 83' lang='lat' dir='ltr'><strong>[de</strong></span> <span class='ocrx_word' id='word_1_192' title='bbox 1549 1301 1612 1327; x_wconf 81' lang='lat' dir='ltr'><strong>qua</strong></span> <span class='ocrx_word' id='word_1_193' title='bbox 1625 1293 1801 1322; x_wconf 71' lang='lat' dir='ltr'><strong>mutatione</strong></span> <span class='ocrx_word' id='word_1_194' title='bbox 1815 1293 1859 1321; x_wconf 83' lang='lat' dir='ltr'><strong>cf.</strong></span> 
     </span>
     <span class='ocr_line' id='line_1_24' title="bbox 60 1338 1858 1368; baseline -0.001 0"><span class='ocrx_word' id='word_1_195' title='bbox 60 1341 134 1368; x_wconf 87' lang='lat' dir='ltr'><strong>Intt.</strong></span> <span class='ocrx_word' id='word_1_196' title='bbox 154 1340 195 1368; x_wconf 84' lang='lat' dir='ltr'><strong>ad</strong></span> <span class='ocrx_word' id='word_1_197' title='bbox 213 1340 271 1367; x_wconf 86' lang='lat' dir='ltr'><strong>Sil.</strong></span> <span class='ocrx_word' id='word_1_198' title='bbox 283 1340 354 1367; x_wconf 88' lang='lat' dir='ltr'><strong>XV.</strong></span> <span class='ocrx_word' id='word_1_199' title='bbox 373 1340 448 1367; x_wconf 80' lang='lat'><strong>337.</strong></span> <span class='ocrx_word' id='word_1_200' title='bbox 462 1340 503 1368; x_wconf 83' lang='lat' dir='ltr'><strong>ad</strong></span> <span class='ocrx_word' id='word_1_201' title='bbox 515 1339 589 1368; x_wconf 84' lang='lat' dir='ltr'><strong>Liv.</strong></span> <span class='ocrx_word' id='word_1_202' title='bbox 603 1340 732 1367; x_wconf 84' lang='lat' dir='ltr'>XXXV.</span> <span class='ocrx_word' id='word_1_203' title='bbox 753 1340 806 1367; x_wconf 76' lang='lat'><strong>32.</strong></span> <span class='ocrx_word' id='word_1_204' title='bbox 826 1339 868 1367; x_wconf 82' lang='lat' dir='ltr'><strong>ad</strong></span> <span class='ocrx_word' id='word_1_205' title='bbox 886 1340 960 1366; x_wconf 73' lang='lat' dir='ltr'><strong>Yai.</strong></span> <span class='ocrx_word' id='word_1_206' title='bbox 980 1339 1090 1366; x_wconf 85' lang='lat' dir='ltr'><strong>Flacc.</strong></span> <span class='ocrx_word' id='word_1_207' title='bbox 1103 1340 1129 1366; x_wconf 94' lang='lat'><strong>1.</strong></span> <span class='ocrx_word' id='word_1_208' title='bbox 1151 1340 1227 1367; x_wconf 86' lang='lat'><strong>260.</strong></span> <span class='ocrx_word' id='word_1_209' title='bbox 1246 1339 1346 1367; x_wconf 89' lang='lat' dir='ltr'><strong>Bnrm</strong></span> <span class='ocrx_word' id='word_1_210' title='bbox 1365 1339 1406 1366; x_wconf 82' lang='lat' dir='ltr'><strong>ad</strong></span> <span class='ocrx_word' id='word_1_211' title='bbox 1419 1340 1543 1366; x_wconf 85' lang='lat' dir='ltr'><strong>Lucan.</strong></span> <span class='ocrx_word' id='word_1_212' title='bbox 1558 1339 1612 1366; x_wconf 75' lang='lat' dir='ltr'><strong>IV.</strong></span> <span class='ocrx_word' id='word_1_213' title='bbox 1626 1339 1702 1366; x_wconf 82' lang='lat'><strong>511.</strong></span> <span class='ocrx_word' id='word_1_214' title='bbox 1716 1338 1802 1366; x_wconf 84' lang='lat' dir='ltr'><strong>Cort.</strong></span> <span class='ocrx_word' id='word_1_215' title='bbox 1817 1339 1858 1366; x_wconf 80' lang='lat' dir='ltr'><strong>ad</strong></span> 
     </span>
     <span class='ocr_line' id='line_1_25' title="bbox 62 1381 1859 1420; baseline -0.001 -8"><span class='ocrx_word' id='word_1_216' title='bbox 62 1384 130 1413; x_wconf 85' lang='lat' dir='ltr'><strong>Cic.</strong></span> <span class='ocrx_word' id='word_1_217' title='bbox 148 1385 207 1418; x_wconf 77' lang='lat' dir='ltr'><strong>Ep.</strong></span> <span class='ocrx_word' id='word_1_218' title='bbox 227 1385 268 1412; x_wconf 84' lang='lat' dir='ltr'><strong>ad</strong></span> <span class='ocrx_word' id='word_1_219' title='bbox 286 1385 375 1413; x_wconf 86' lang='lat' dir='ltr'><strong>Fam.</strong></span> <span class='ocrx_word' id='word_1_220' title='bbox 389 1385 444 1412; x_wconf 89' lang='lat'><strong>111.</strong></span> <span class='ocrx_word' id='word_1_221' title='bbox 464 1386 494 1411; x_wconf 90' lang='grc'><strong>8.</strong></span> <span class='ocrx_word' id='word_1_222' title='bbox 512 1385 622 1412; x_wconf 88' lang='lat' dir='ltr'><strong>Burm.</strong></span> <span class='ocrx_word' id='word_1_223' title='bbox 641 1385 683 1412; x_wconf 83' lang='lat' dir='ltr'><strong>ad</strong></span> <span class='ocrx_word' id='word_1_224' title='bbox 696 1384 789 1412; x_wconf 79' lang='lat' dir='ltr'><strong>Ovid.</strong></span> <span class='ocrx_word' id='word_1_225' title='bbox 809 1386 885 1412; x_wconf 82' lang='lat' dir='ltr'><strong>Met.</strong></span> <span class='ocrx_word' id='word_1_226' title='bbox 899 1383 970 1411; x_wconf 79' lang='lat' dir='ltr'><strong>vn.</strong></span> <span class='ocrx_word' id='word_1_227' title='bbox 995 1382 1083 1419; x_wconf 68' lang='lat'><strong>12¹3]</strong></span> <span class='ocrx_word' id='word_1_228' title='bbox 1103 1391 1148 1410; x_wconf 53' lang='lat' dir='ltr'><strong>ex·</strong></span> <span class='ocrx_word' id='word_1_229' title='bbox 1166 1383 1274 1411; x_wconf 66' lang='lat' dir='ltr'><strong>mimis</strong></span> <span class='ocrx_word' id='word_1_230' title='bbox 1293 1392 1324 1419; x_wconf 82' lang='lat' dir='ltr'><strong>p.</strong></span> <span class='ocrx_word' id='word_1_231' title='bbox 1367 1382 1518 1420; x_wconf 67' lang='lat' dir='ltr'><strong>privatis</strong></span> <span class='ocrx_word' id='word_1_232' title='bbox 1538 1383 1665 1412; x_wconf 75' lang='lat' dir='ltr'><strong>Vicent.</strong></span> <span class='ocrx_word' id='word_1_233' title='bbox 1712 1381 1802 1410; x_wconf 80' lang='grc' dir='ltr'><em>Ιοιηε</em></span> <span class='ocrx_word' id='word_1_234' title='bbox 1820 1384 1859 1411; x_wconf 92' lang='lat' dir='ltr'><strong>D.</strong></span> 
     </span>
    </p>
   </div>
   <div class='ocr_carea' id='block_1_19' title="bbox 61 1427 558 1465">
    <p class='ocr_par' dir='ltr' id='par_1_19' title="bbox 61 1427 558 1465">
     <span class='ocr_line' id='line_1_26' title="bbox 61 1427 558 1465; baseline -0.002 -7"><span class='ocrx_word' id='word_1_235' title='bbox 61 1428 99 1465; x_wconf 79' lang='lat' dir='ltr'><strong>[a</strong></span> <span class='ocrx_word' id='word_1_236' title='bbox 111 1436 151 1458; x_wconf 89' lang='lat' dir='ltr'><strong>m.</strong></span> <span class='ocrx_word' id='word_1_237' title='bbox 167 1427 210 1464; x_wconf 88' lang='lat' dir='ltr'><strong>s.]</strong></span> <span class='ocrx_word' id='word_1_238' title='bbox 257 1427 406 1456; x_wconf 71' lang='lat' dir='ltr'><strong>cubiculo</strong></span> <span class='ocrx_word' id='word_1_239' title='bbox 419 1430 456 1457; x_wconf 88' lang='lat' dir='ltr'><strong>L.</strong></span> <span class='ocrx_word' id='word_1_240' title='bbox 470 1430 508 1457; x_wconf 78' lang='lat' dir='ltr'><strong>R.</strong></span> <span class='ocrx_word' id='word_1_241' title='bbox 522 1436 558 1457; x_wconf 88' lang='grc' dir='ltr'><strong>π.</strong></span> 
     </span>
    </p>
   </div>
   <div class='ocr_carea' id='block_1_20' title="bbox 61 1469 1861 1601">
    <p class='ocr_par' dir='ltr' id='par_1_20' title="bbox 61 1469 1861 1601">
     <span class='ocr_line' id='line_1_27' title="bbox 150 1469 1861 1522; baseline 0.001 -21"><span class='ocrx_word' id='word_1_242' title='bbox 150 1481 227 1501; x_wconf 83' lang='lat' dir='ltr'><strong>ecce</strong></span> <span class='ocrx_word' id='word_1_243' title='bbox 244 1476 375 1522; x_wconf 54' lang='lat' dir='ltr'><strong>abestsa</strong></span> <span class='ocrx_word' id='word_1_244' title='bbox 392 1474 430 1502; x_wconf 92' lang='lat' dir='ltr'><strong>D.</strong></span> <span class='ocrx_word' id='word_1_245' title='bbox 478 1475 620 1511; x_wconf 81' lang='lat' dir='ltr'><strong>rogaret</strong></span> <span class='ocrx_word' id='word_1_246' title='bbox 636 1474 751 1502; x_wconf 77' lang='lat' dir='ltr'><strong>venet.</strong></span> <span class='ocrx_word' id='word_1_247' title='bbox 765 1475 795 1502; x_wconf 82' lang='grc'><strong>2.</strong></span> <span class='ocrx_word' id='word_1_248' title='bbox 843 1481 885 1500; x_wconf 84' lang='lat' dir='ltr'><strong>ac</strong></span> <span class='ocrx_word' id='word_1_249' title='bbox 903 1480 961 1510; x_wconf 85' lang='lat' dir='ltr'><strong>ego</strong></span> <span class='ocrx_word' id='word_1_250' title='bbox 983 1469 1012 1502; x_wconf 80' lang='grc' dir='ltr'><strong>δ.</strong></span> <span class='ocrx_word' id='word_1_251' title='bbox 1059 1472 1128 1500; x_wconf 76' lang='lat' dir='ltr'><strong>iam</strong></span> <span class='ocrx_word' id='word_1_252' title='bbox 1147 1471 1230 1500; x_wconf 79' lang='grc' dir='ltr'><em>ηιιἹιι·</em></span> <span class='ocrx_word' id='word_1_253' title='bbox 1246 1475 1281 1502; x_wconf 84' lang='lat' dir='ltr'><strong>G.</strong></span> <span class='ocrx_word' id='word_1_254' title='bbox 1297 1481 1339 1502; x_wconf 83' lang='lat' dir='ltr'><strong>ex</strong></span> <span class='ocrx_word' id='word_1_255' title='bbox 1357 1474 1534 1503; x_wconf 73' lang='lat' dir='ltr'><strong>mutatione</strong></span> <span class='ocrx_word' id='word_1_256' title='bbox 1553 1473 1816 1507; x_wconf 78' lang='lat' dir='ltr'><strong>compendiorum</strong></span> <span class='ocrx_word' id='word_1_257' title='bbox 1826 1471 1861 1503; x_wconf 77' lang='grc' dir='ltr'><strong>ῖη</strong></span> 
     </span>
     <span class='ocr_line' id='line_1_28' title="bbox 61 1514 1859 1559; baseline -0.001 -11"><span class='ocrx_word' id='word_1_258' title='bbox 61 1517 99 1555; x_wconf 87' lang='lat' dir='ltr'><strong>[i.</strong></span> <span class='ocrx_word' id='word_1_259' title='bbox 119 1528 146 1548; x_wconf 91' lang='lat' dir='ltr'><strong>e.</strong></span> <span class='ocrx_word' id='word_1_260' title='bbox 166 1518 257 1554; x_wconf 79' lang='lat' dir='ltr'><strong>inde]</strong></span> <span class='ocrx_word' id='word_1_261' title='bbox 277 1523 306 1548; x_wconf 78' lang='lat' dir='ltr'><strong>et</strong></span> <span class='ocrx_word' id='word_1_262' title='bbox 324 1527 355 1546; x_wconf 85' lang='lat' dir='ltr'><strong>m</strong></span> <span class='ocrx_word' id='word_1_263' title='bbox 368 1517 405 1553; x_wconf 80' lang='lat' dir='ltr'><strong>[i.</strong></span> <span class='ocrx_word' id='word_1_264' title='bbox 425 1527 453 1548; x_wconf 85' lang='lat' dir='ltr'><strong>e.</strong></span> <span class='ocrx_word' id='word_1_265' title='bbox 472 1516 581 1554; x_wconf 65' lang='lat' dir='ltr'><strong>mimz]</strong></span> <span class='ocrx_word' id='word_1_266' title='bbox 627 1517 697 1545; x_wconf 73' lang='lat' dir='ltr'><strong>iam</strong></span> <span class='ocrx_word' id='word_1_267' title='bbox 716 1521 807 1548; x_wconf 79' lang='lat' dir='ltr'><strong>abest</strong></span> <span class='ocrx_word' id='word_1_268' title='bbox 827 1526 847 1547; x_wconf 86' lang='lat' dir='ltr'><strong>a</strong></span> <span class='ocrx_word' id='word_1_269' title='bbox 868 1519 888 1546; x_wconf 86' lang='lat' dir='ltr'><strong>f.</strong></span> <span class='ocrx_word' id='word_1_270' title='bbox 937 1518 1089 1546; x_wconf 76' lang='lat' dir='ltr'><strong>comitem</strong></span> <span class='ocrx_word' id='word_1_271' title='bbox 1104 1519 1125 1547; x_wconf 85' lang='lat' dir='ltr'><strong>f.</strong></span> <span class='ocrx_word' id='word_1_272' title='bbox 1172 1516 1224 1559; x_wconf 57' lang='grc' dir='ltr'><em>ᾗ</em></span> <span class='ocrx_word' id='word_1_273' title='bbox 1236 1526 1291 1553; x_wconf 80' lang='lat' dir='ltr'><strong>pro</strong></span> <span class='ocrx_word' id='word_1_274' title='bbox 1305 1518 1374 1555; x_wconf 74' lang='lat' dir='ltr'><strong>ipse</strong></span> <span class='ocrx_word' id='word_1_275' title='bbox 1388 1527 1417 1553; x_wconf 83' lang='lat' dir='ltr'><strong>p.</strong></span> <span class='ocrx_word' id='word_1_276' title='bbox 1464 1516 1613 1546; x_wconf 66' lang='lat' dir='ltr'><strong>dextera</strong></span> <span class='ocrx_word' id='word_1_277' title='bbox 1630 1519 1667 1548; x_wconf 82' lang='lat' dir='ltr'><strong>F.</strong></span> <span class='ocrx_word' id='word_1_278' title='bbox 1682 1520 1712 1547; x_wconf 86' lang='lat'><strong>3.</strong></span> <span class='ocrx_word' id='word_1_279' title='bbox 1727 1520 1763 1548; x_wconf 80' lang='lat' dir='ltr'><strong>G.</strong></span> <span class='ocrx_word' id='word_1_280' title='bbox 1777 1520 1815 1547; x_wconf 94' lang='lat' dir='ltr'><strong>D.</strong></span> <span class='ocrx_word' id='word_1_281' title='bbox 1831 1514 1859 1546; x_wconf 79' lang='grc' dir='ltr'><strong>ὃ.</strong></span> 
     </span>
     <span class='ocr_line' id='line_1_29' title="bbox 61 1561 1544 1601; baseline 0.001 -9"><span class='ocrx_word' id='word_1_282' title='bbox 61 1567 94 1592; x_wconf 76' lang='lat' dir='ltr'><strong>et</strong></span> <span class='ocrx_word' id='word_1_283' title='bbox 112 1563 189 1592; x_wconf 85' lang='lat' dir='ltr'><strong>dum</strong></span> <span class='ocrx_word' id='word_1_284' title='bbox 207 1562 292 1592; x_wconf 84' lang='lat' dir='ltr'><strong>mod.</strong></span> <span class='ocrx_word' id='word_1_285' title='bbox 312 1565 348 1593; x_wconf 87' lang='lat' dir='ltr'><strong>L.</strong></span> <span class='ocrx_word' id='word_1_286' title='bbox 368 1561 397 1593; x_wconf 86' lang='grc' dir='ltr'><strong>δ.</strong></span> <span class='ocrx_word' id='word_1_287' title='bbox 417 1564 439 1592; x_wconf 82' lang='lat' dir='ltr'><strong>f.</strong></span> <span class='ocrx_word' id='word_1_288' title='bbox 459 1565 493 1593; x_wconf 93' lang='lat' dir='ltr'><strong>O.</strong></span> <span class='ocrx_word' id='word_1_289' title='bbox 541 1563 691 1601; x_wconf 74' lang='lat' dir='ltr'><strong>sequeris</strong></span> <span class='ocrx_word' id='word_1_290' title='bbox 710 1566 745 1593; x_wconf 90' lang='grc' dir='ltr'><strong>Ο.</strong></span> <span class='ocrx_word' id='word_1_291' title='bbox 793 1562 909 1592; x_wconf 79' lang='lat' dir='ltr'><strong>deinde</strong></span> <span class='ocrx_word' id='word_1_292' title='bbox 928 1572 983 1599; x_wconf 83' lang='lat' dir='ltr'><strong>pro</strong></span> <span class='ocrx_word' id='word_1_293' title='bbox 997 1566 1029 1592; x_wconf 85' lang='lat' dir='ltr'><strong>el</strong></span> <span class='ocrx_word' id='word_1_294' title='bbox 1048 1562 1174 1592; x_wconf 74' lang='lat' dir='ltr'><strong>dictum</strong></span> <span class='ocrx_word' id='word_1_295' title='bbox 1193 1561 1222 1594; x_wconf 82' lang='grc' dir='ltr'><strong>δ,</strong></span> <span class='ocrx_word' id='word_1_296' title='bbox 1271 1563 1495 1592; x_wconf 73' lang='lat' dir='ltr'><strong>obstinationi</strong></span> <span class='ocrx_word' id='word_1_297' title='bbox 1508 1565 1544 1593; x_wconf 87' lang='grc' dir='ltr'><strong>Ο.</strong></span> 
     </span>
    </p>
   </div>
   <div class='ocr_carea' id='block_1_21' title="bbox 61 1662 937 3122">
    <p class='ocr_par' dir='ltr' id='par_1_21' title="bbox 61 1662 933 2000">
     <span class='ocr_line' id='line_1_30' title="bbox 63 1662 932 1715; baseline -0.001 -13"><span class='ocrx_word' id='word_1_298' title='bbox 63 1677 110 1702; x_wconf 90' lang='lat' dir='ltr'><strong>eo</strong></span> <span class='ocrx_word' id='word_1_299' title='bbox 141 1677 215 1702; x_wconf 89' lang='lat' dir='ltr'><strong>usu</strong></span> <span class='ocrx_word' id='word_1_300' title='bbox 241 1663 344 1715; x_wconf 86' lang='lat' dir='ltr'><strong>apud</strong></span> <span class='ocrx_word' id='word_1_301' title='bbox 368 1662 509 1708; x_wconf 80' lang='lat' dir='ltr'><strong>Afros,</strong></span> <span class='ocrx_word' id='word_1_302' title='bbox 539 1663 708 1714; x_wconf 85' lang='lat' dir='ltr'><strong>inprimis</strong></span> <span class='ocrx_word' id='word_1_303' title='bbox 734 1662 838 1713; x_wconf 87' lang='lat' dir='ltr'><strong>apud</strong></span> <span class='ocrx_word' id='word_1_304' title='bbox 862 1662 932 1701; x_wconf 89' lang='lat' dir='ltr'><strong>Ar-</strong></span> 
     </span>
     <span class='ocr_line' id='line_1_31' title="bbox 61 1718 931 1770; baseline -0.001 -12"><span class='ocrx_word' id='word_1_305' title='bbox 61 1721 216 1759; x_wconf 88' lang='lat' dir='ltr'><strong>nobium</strong></span> <span class='ocrx_word' id='word_1_306' title='bbox 240 1724 304 1758; x_wconf 87' lang='lat' dir='ltr'><strong>est</strong></span> <span class='ocrx_word' id='word_1_307' title='bbox 323 1719 578 1770; x_wconf 80' lang='lat' dir='ltr'><strong>frequentius3</strong></span> <span class='ocrx_word' id='word_1_308' title='bbox 599 1718 646 1758; x_wconf 88' lang='lat' dir='ltr'><strong>cs.</strong></span> <span class='ocrx_word' id='word_1_309' title='bbox 660 1719 804 1758; x_wconf 88' lang='lat' dir='ltr'><strong>Arnob.</strong></span> <span class='ocrx_word' id='word_1_310' title='bbox 819 1718 845 1758; x_wconf 89' lang='grc' dir='ltr'><strong>Ι.</strong></span> <span class='ocrx_word' id='word_1_311' title='bbox 867 1723 931 1760; x_wconf 90' lang='lat'><strong>30.</strong></span> 
     </span>
     <span class='ocr_line' id='line_1_32' title="bbox 62 1774 931 1827; baseline 0 -13"><span class='ocrx_word' id='word_1_312' title='bbox 62 1776 90 1815; x_wconf 93' lang='lat' dir='ltr'><strong>l.</strong></span> <span class='ocrx_word' id='word_1_313' title='bbox 106 1781 170 1817; x_wconf 89' lang='lat'><strong>54.</strong></span> <span class='ocrx_word' id='word_1_314' title='bbox 185 1776 249 1815; x_wconf 89' lang='lat' dir='ltr'><strong>ubi</strong></span> <span class='ocrx_word' id='word_1_315' title='bbox 266 1776 456 1827; x_wconf 85' lang='lat' dir='ltr'><strong>legendus</strong></span> <span class='ocrx_word' id='word_1_316' title='bbox 471 1779 532 1814; x_wconf 87' lang='lat' dir='ltr'><strong>est</strong></span> <span class='ocrx_word' id='word_1_317' title='bbox 553 1775 664 1814; x_wconf 88' lang='lat' dir='ltr'><strong>indic.</strong></span> <span class='ocrx_word' id='word_1_318' title='bbox 679 1789 729 1813; x_wconf 85' lang='lat' dir='ltr'><strong>ex</strong></span> <span class='ocrx_word' id='word_1_319' title='bbox 742 1775 820 1814; x_wconf 86' lang='lat' dir='ltr'><strong>Ms.</strong></span> <span class='ocrx_word' id='word_1_320' title='bbox 835 1774 879 1814; x_wconf 91' lang='lat' dir='ltr'><strong>ll.</strong></span> <span class='ocrx_word' id='word_1_321' title='bbox 899 1781 931 1816; x_wconf 88' lang='lat'><strong>1.</strong></span> 
     </span>
     <span class='ocr_line' id='line_1_33' title="bbox 64 1830 933 1883; baseline -0.003 -10"><span class='ocrx_word' id='word_1_322' title='bbox 64 1838 130 1874; x_wconf 83' lang='lat'><strong>54.</strong></span> <span class='ocrx_word' id='word_1_323' title='bbox 151 1837 216 1873; x_wconf 85' lang='lat'><strong>55.</strong></span> <span class='ocrx_word' id='word_1_324' title='bbox 236 1832 298 1871; x_wconf 86' lang='grc' dir='ltr'><strong>ΙΙΙ.</strong></span> <span class='ocrx_word' id='word_1_325' title='bbox 320 1836 356 1874; x_wconf 89' lang='grc'><strong>6.</strong></span> <span class='ocrx_word' id='word_1_326' title='bbox 376 1832 442 1870; x_wconf 81' lang='lat' dir='ltr'><strong>lv.</strong></span> <span class='ocrx_word' id='word_1_327' title='bbox 462 1837 494 1873; x_wconf 95' lang='lat'><strong>1.</strong></span> <span class='ocrx_word' id='word_1_328' title='bbox 522 1831 703 1871; x_wconf 89' lang='lat' dir='ltr'><strong>Fronton.</strong></span> <span class='ocrx_word' id='word_1_329' title='bbox 730 1830 856 1883; x_wconf 87' lang='lat' dir='ltr'><strong>Epist.</strong></span> <span class='ocrx_word' id='word_1_330' title='bbox 883 1832 933 1870; x_wconf 87' lang='lat' dir='ltr'><strong>ad</strong></span> 
     </span>
     <span class='ocr_line' id='line_1_34' title="bbox 62 1889 933 1940; baseline 0 -13"><span class='ocrx_word' id='word_1_331' title='bbox 62 1889 219 1928; x_wconf 82' lang='lat' dir='ltr'><strong>Verum.</strong></span> <span class='ocrx_word' id='word_1_332' title='bbox 245 1893 306 1930; x_wconf 82' lang='lat'><strong>12.</strong></span> <span class='ocrx_word' id='word_1_333' title='bbox 337 1903 373 1940; x_wconf 90' lang='lat' dir='ltr'><strong>p.</strong></span> <span class='ocrx_word' id='word_1_334' title='bbox 399 1893 488 1930; x_wconf 92' lang='lat'><strong>196.</strong></span> <span class='ocrx_word' id='word_1_335' title='bbox 520 1902 595 1928; x_wconf 79' lang='lat' dir='ltr'><strong>cur</strong></span> <span class='ocrx_word' id='word_1_336' title='bbox 626 1902 684 1928; x_wconf 85' lang='lat' dir='ltr'><strong>me</strong></span> <span class='ocrx_word' id='word_1_337' title='bbox 714 1902 795 1927; x_wconf 86' lang='lat' dir='ltr'><strong>non</strong></span> <span class='ocrx_word' id='word_1_338' title='bbox 825 1902 933 1928; x_wconf 80' lang='lat' dir='ltr'><strong>revo-</strong></span> 
     </span>
     <span class='ocr_line' id='line_1_35' title="bbox 62 1945 197 2000; baseline -0.022 -14"><span class='ocrx_word' id='word_1_339' title='bbox 62 1945 197 2000; x_wconf 63' lang='lat' dir='ltr'><strong>cavit]</strong></span> 
     </span>
    </p>

    <p class='ocr_par' dir='ltr' id='par_1_22' title="bbox 62 2000 931 2167">
     <span class='ocr_line' id='line_1_36' title="bbox 118 2000 931 2054; baseline 0 -14"><span class='ocrx_word' id='word_1_340' title='bbox 118 2003 286 2054; x_wconf 80' lang='lat' dir='ltr'><strong>insuper</strong></span> <span class='ocrx_word' id='word_1_341' title='bbox 322 2003 572 2041; x_wconf 81' lang='lat' dir='ltr'><strong>adscendere</strong></span> <span class='ocrx_word' id='word_1_342' title='bbox 608 2000 688 2053; x_wconf 90' lang='lat' dir='ltr'><strong>[est</strong></span> <span class='ocrx_word' id='word_1_343' title='bbox 715 2005 931 2053; x_wconf 80' lang='lat' dir='ltr'><strong>praeterea</strong></span> 
     </span>
     <span class='ocr_line' id='line_1_37' title="bbox 64 2056 929 2109; baseline 0 -13"><span class='ocrx_word' id='word_1_344' title='bbox 64 2059 317 2105; x_wconf 81' lang='lat' dir='ltr'><strong>inscendere3</strong></span> <span class='ocrx_word' id='word_1_345' title='bbox 331 2058 378 2097; x_wconf 80' lang='lat' dir='ltr'><strong>cl.</strong></span> <span class='ocrx_word' id='word_1_346' title='bbox 392 2058 519 2097; x_wconf 86' lang='lat' dir='ltr'><strong>Hand.</strong></span> <span class='ocrx_word' id='word_1_347' title='bbox 530 2056 772 2096; x_wconf 87' lang='lat' dir='ltr'><strong>Tursell.111.</strong></span> <span class='ocrx_word' id='word_1_348' title='bbox 786 2071 822 2109; x_wconf 91' lang='lat' dir='ltr'><strong>p.</strong></span> <span class='ocrx_word' id='word_1_349' title='bbox 837 2061 929 2098; x_wconf 87' lang='grc'><strong>385.</strong></span> 
     </span>
     <span class='ocr_line' id='line_1_38' title="bbox 62 2113 654 2167; baseline -0.002 -14"><span class='ocrx_word' id='word_1_350' title='bbox 62 2113 130 2153; x_wconf 90' lang='lat' dir='ltr'><strong>Dr.</strong></span> <span class='ocrx_word' id='word_1_351' title='bbox 156 2114 207 2153; x_wconf 87' lang='lat' dir='ltr'><strong>ad</strong></span> <span class='ocrx_word' id='word_1_352' title='bbox 229 2113 315 2152; x_wconf 82' lang='lat' dir='ltr'><strong>Liv.</strong></span> <span class='ocrx_word' id='word_1_353' title='bbox 340 2113 450 2152; x_wconf 86' lang='lat' dir='ltr'><strong>XXI.</strong></span> <span class='ocrx_word' id='word_1_354' title='bbox 480 2119 513 2154; x_wconf 94' lang='lat'><strong>1.</strong></span> <span class='ocrx_word' id='word_1_355' title='bbox 540 2114 571 2165; x_wconf 86' lang='lat'><strong>§.</strong></span> <span class='ocrx_word' id='word_1_356' title='bbox 598 2114 654 2167; x_wconf 89' lang='lat'><strong>5.]</strong></span> 
     </span>
    </p>

    <p class='ocr_par' dir='ltr' id='par_1_23' title="bbox 62 2168 937 2900">
     <span class='ocr_line' id='line_1_39' title="bbox 119 2168 929 2222; baseline -0.001 -13"><span class='ocrx_word' id='word_1_357' title='bbox 119 2170 260 2209; x_wconf 74' lang='lat' dir='ltr'><strong>valido</strong></span> <span class='ocrx_word' id='word_1_358' title='bbox 270 2169 410 2222; x_wconf 90' lang='lat' dir='ltr'><strong>[Unice</strong></span> <span class='ocrx_word' id='word_1_359' title='bbox 417 2169 618 2221; x_wconf 87' lang='lat' dir='ltr'><strong>probanda</strong></span> <span class='ocrx_word' id='word_1_360' title='bbox 627 2173 689 2208; x_wconf 89' lang='lat' dir='ltr'><strong>est</strong></span> <span class='ocrx_word' id='word_1_361' title='bbox 695 2169 794 2208; x_wconf 88' lang='lat' dir='ltr'><strong>haec</strong></span> <span class='ocrx_word' id='word_1_362' title='bbox 802 2168 929 2208; x_wconf 85' lang='lat' dir='ltr'><strong>lectio.</strong></span> 
     </span>
     <span class='ocr_line' id='line_1_40' title="bbox 62 2226 935 2278; baseline 0 -14"><span class='ocrx_word' id='word_1_363' title='bbox 62 2226 211 2266; x_wconf 85' lang='lat' dir='ltr'><strong>Ironice</strong></span> <span class='ocrx_word' id='word_1_364' title='bbox 235 2228 335 2265; x_wconf 91' lang='lat' dir='ltr'><strong>enim</strong></span> <span class='ocrx_word' id='word_1_365' title='bbox 359 2226 570 2278; x_wconf 86' lang='lat' dir='ltr'><strong>Apuleium</strong></span> <span class='ocrx_word' id='word_1_366' title='bbox 593 2226 693 2264; x_wconf 89' lang='lat' dir='ltr'><strong>hanc</strong></span> <span class='ocrx_word' id='word_1_367' title='bbox 716 2229 836 2265; x_wconf 87' lang='lat' dir='ltr'><strong>totam</strong></span> <span class='ocrx_word' id='word_1_368' title='bbox 855 2239 935 2265; x_wconf 90' lang='lat' dir='ltr'><strong>rem</strong></span> 
     </span>
     <span class='ocr_line' id='line_1_41' title="bbox 62 2281 934 2334; baseline -0.001 -12"><span class='ocrx_word' id='word_1_369' title='bbox 62 2286 225 2322; x_wconf 84' lang='lat' dir='ltr'><strong>tractare</strong></span> <span class='ocrx_word' id='word_1_370' title='bbox 250 2296 300 2321; x_wconf 84' lang='lat' dir='ltr'><strong>ex</strong></span> <span class='ocrx_word' id='word_1_371' title='bbox 322 2286 405 2322; x_wconf 82' lang='lat' dir='ltr'><strong>tota</strong></span> <span class='ocrx_word' id='word_1_372' title='bbox 428 2283 646 2322; x_wconf 84' lang='lat' dir='ltr'><strong>narratione</strong></span> <span class='ocrx_word' id='word_1_373' title='bbox 670 2286 804 2334; x_wconf 88' lang='lat' dir='ltr'><strong>potest</strong></span> <span class='ocrx_word' id='word_1_374' title='bbox 827 2281 934 2321; x_wconf 90' lang='lat' dir='ltr'><strong>intel-</strong></span> 
     </span>
     <span class='ocr_line' id='line_1_42' title="bbox 64 2338 933 2391; baseline 0.001 -14"><span class='ocrx_word' id='word_1_375' title='bbox 64 2338 140 2390; x_wconf 85' lang='lat' dir='ltr'><strong>ligi.</strong></span> <span class='ocrx_word' id='word_1_376' title='bbox 206 2339 399 2379; x_wconf 82' lang='lat' dir='ltr'><strong>Validum</strong></span> <span class='ocrx_word' id='word_1_377' title='bbox 440 2341 551 2391; x_wconf 87' lang='lat' dir='ltr'><strong>igitur</strong></span> <span class='ocrx_word' id='word_1_378' title='bbox 591 2340 760 2378; x_wconf 86' lang='lat' dir='ltr'><strong>nominat</strong></span> <span class='ocrx_word' id='word_1_379' title='bbox 796 2339 933 2378; x_wconf 86' lang='lat' dir='ltr'><strong>aedilis</strong></span> 
     </span>
     <span class='ocr_line' id='line_1_43' title="bbox 63 2394 935 2447; baseline 0 -13"><span class='ocrx_word' id='word_1_380' title='bbox 63 2394 285 2440; x_wconf 86' lang='lat' dir='ltr'><strong>consilium,</strong></span> <span class='ocrx_word' id='word_1_381' title='bbox 318 2395 423 2447; x_wconf 88' lang='lat' dir='ltr'><strong>quod</strong></span> <span class='ocrx_word' id='word_1_382' title='bbox 453 2396 563 2435; x_wconf 90' lang='lat' dir='ltr'><strong>caedi</strong></span> <span class='ocrx_word' id='word_1_383' title='bbox 588 2394 757 2447; x_wconf 82' lang='lat' dir='ltr'><strong>flagellis</strong></span> <span class='ocrx_word' id='word_1_384' title='bbox 782 2399 935 2446; x_wconf 87' lang='lat' dir='ltr'><strong>poterat</strong></span> 
     </span>
     <span class='ocr_line' id='line_1_44' title="bbox 64 2450 936 2502; baseline 0.001 -13"><span class='ocrx_word' id='word_1_385' title='bbox 64 2465 113 2489; x_wconf 83' lang='lat' dir='ltr'><strong>ex</strong></span> <span class='ocrx_word' id='word_1_386' title='bbox 143 2465 216 2490; x_wconf 88' lang='lat' dir='ltr'><strong>suo</strong></span> <span class='ocrx_word' id='word_1_387' title='bbox 242 2453 464 2502; x_wconf 82' lang='lat' dir='ltr'><strong>magisterio</strong></span> <span class='ocrx_word' id='word_1_388' title='bbox 484 2450 694 2498; x_wconf 74' lang='lat' dir='ltr'><strong>seniculus,</strong></span> <span class='ocrx_word' id='word_1_389' title='bbox 719 2465 792 2490; x_wconf 88' lang='lat' dir='ltr'><strong>nec</strong></span> <span class='ocrx_word' id='word_1_390' title='bbox 815 2451 936 2490; x_wconf 91' lang='lat' dir='ltr'><strong>ullum</strong></span> 
     </span>
     <span class='ocr_line' id='line_1_45' title="bbox 64 2506 936 2559; baseline 0 -13"><span class='ocrx_word' id='word_1_391' title='bbox 64 2521 114 2546; x_wconf 84' lang='lat' dir='ltr'><strong>ex</strong></span> <span class='ocrx_word' id='word_1_392' title='bbox 132 2506 302 2559; x_wconf 84' lang='lat' dir='ltr'><strong>Pythiae</strong></span> <span class='ocrx_word' id='word_1_393' title='bbox 327 2522 453 2559; x_wconf 87' lang='lat' dir='ltr'><strong>poena</strong></span> <span class='ocrx_word' id='word_1_394' title='bbox 472 2509 522 2546; x_wconf 85' lang='lat' dir='ltr'><strong>ad</strong></span> <span class='ocrx_word' id='word_1_395' title='bbox 541 2521 676 2547; x_wconf 87' lang='lat' dir='ltr'><strong>senem</strong></span> <span class='ocrx_word' id='word_1_396' title='bbox 696 2508 936 2548; x_wconf 84' lang='lat' dir='ltr'><strong>redundabat</strong></span> 
     </span>
     <span class='ocr_line' id='line_1_46' title="bbox 63 2563 935 2617; baseline 0.001 -15"><span class='ocrx_word' id='word_1_397' title='bbox 63 2564 355 2603; x_wconf 87' lang='lat' dir='ltr'><strong>incommodum.</strong></span> <span class='ocrx_word' id='word_1_398' title='bbox 388 2563 609 2617; x_wconf 88' lang='lat' dir='ltr'><strong>Tantopere</strong></span> <span class='ocrx_word' id='word_1_399' title='bbox 622 2566 723 2603; x_wconf 89' lang='lat' dir='ltr'><strong>enim</strong></span> <span class='ocrx_word' id='word_1_400' title='bbox 738 2564 935 2603; x_wconf 87' lang='lat' dir='ltr'><strong>sorticulus</strong></span> 
     </span>
     <span class='ocr_line' id='line_1_47' title="bbox 64 2619 934 2672; baseline 0 -13"><span class='ocrx_word' id='word_1_401' title='bbox 64 2619 303 2672; x_wconf 72' lang='lat' dir='ltr'><strong>ille-Pythias</strong></span> <span class='ocrx_word' id='word_1_402' title='bbox 316 2622 487 2666; x_wconf 81' lang='lat' dir='ltr'><strong>timebat,</strong></span> <span class='ocrx_word' id='word_1_403' title='bbox 500 2625 542 2659; x_wconf 89' lang='lat' dir='ltr'><strong>ut</strong></span> <span class='ocrx_word' id='word_1_404' title='bbox 556 2621 760 2660; x_wconf 89' lang='lat' dir='ltr'><strong>secederet</strong></span> <span class='ocrx_word' id='word_1_405' title='bbox 768 2620 849 2659; x_wconf 90' lang='lat' dir='ltr'><strong>foro</strong></span> <span class='ocrx_word' id='word_1_406' title='bbox 859 2621 934 2659; x_wconf 88' lang='lat' dir='ltr'><strong>Lu-</strong></span> 
     </span>
     <span class='ocr_line' id='line_1_48' title="bbox 65 2677 933 2725; baseline -0.001 -9"><span class='ocrx_word' id='word_1_407' title='bbox 65 2678 124 2716; x_wconf 89' lang='lat' dir='ltr'><strong>cio</strong></span> <span class='ocrx_word' id='word_1_408' title='bbox 149 2677 343 2716; x_wconf 83' lang='lat' dir='ltr'><strong>suaderet.</strong></span> <span class='ocrx_word' id='word_1_409' title='bbox 396 2677 586 2717; x_wconf 76' lang='lat' dir='ltr'><strong>Calidum</strong></span> <span class='ocrx_word' id='word_1_410' title='bbox 605 2678 699 2716; x_wconf 89' lang='lat' dir='ltr'><strong>illud</strong></span> <span class='ocrx_word' id='word_1_411' title='bbox 720 2677 933 2725; x_wconf 85' lang='lat' dir='ltr'><strong>consilium,</strong></span> 
     </span>
     <span class='ocr_line' id='line_1_49' title="bbox 65 2732 934 2785; baseline 0.002 -13"><span class='ocrx_word' id='word_1_412' title='bbox 65 2733 115 2772; x_wconf 89' lang='lat' dir='ltr'><strong>de</strong></span> <span class='ocrx_word' id='word_1_413' title='bbox 131 2747 205 2784; x_wconf 89' lang='lat' dir='ltr'><strong>quo</strong></span> <span class='ocrx_word' id='word_1_414' title='bbox 220 2733 267 2772; x_wconf 83' lang='lat' dir='ltr'><strong>cf.</strong></span> <span class='ocrx_word' id='word_1_415' title='bbox 282 2733 349 2772; x_wconf 88' lang='lat' dir='ltr'><strong>Dr.</strong></span> <span class='ocrx_word' id='word_1_416' title='bbox 370 2733 420 2772; x_wconf 87' lang='lat' dir='ltr'><strong>ad</strong></span> <span class='ocrx_word' id='word_1_417' title='bbox 432 2733 517 2772; x_wconf 81' lang='lat' dir='ltr'><strong>Liv.</strong></span> <span class='ocrx_word' id='word_1_418' title='bbox 531 2732 718 2779; x_wconf 73' lang='lat' dir='ltr'><strong>XXXV..</strong></span> <span class='ocrx_word' id='word_1_419' title='bbox 733 2738 796 2774; x_wconf 77' lang='lat'><strong>32.</strong></span> <span class='ocrx_word' id='word_1_420' title='bbox 811 2734 841 2785; x_wconf 59' lang='grc' dir='ltr'><strong>ᾧ.</strong></span> <span class='ocrx_word' id='word_1_421' title='bbox 860 2738 934 2780; x_wconf 78' lang='grc'><strong>13..</strong></span> 
     </span>
     <span class='ocr_line' id='line_1_50' title="bbox 66 2790 937 2841; baseline 0.002 -13"><span class='ocrx_word' id='word_1_422' title='bbox 66 2791 247 2828; x_wconf 88' lang='lat' dir='ltr'><strong>nominari</strong></span> <span class='ocrx_word' id='word_1_423' title='bbox 257 2804 327 2828; x_wconf 91' lang='lat' dir='ltr'><strong>non</strong></span> <span class='ocrx_word' id='word_1_424' title='bbox 338 2794 499 2841; x_wconf 83' lang='lat' dir='ltr'><strong>poterat,</strong></span> <span class='ocrx_word' id='word_1_425' title='bbox 509 2791 687 2840; x_wconf 83' lang='lat' dir='ltr'><strong>quoniam</strong></span> <span class='ocrx_word' id='word_1_426' title='bbox 697 2804 770 2829; x_wconf 91' lang='lat' dir='ltr'><strong>non</strong></span> <span class='ocrx_word' id='word_1_427' title='bbox 781 2804 829 2828; x_wconf 83' lang='lat' dir='ltr'><strong>ex</strong></span> <span class='ocrx_word' id='word_1_428' title='bbox 837 2790 891 2829; x_wconf 87' lang='lat' dir='ltr'><strong>ira</strong></span> <span class='ocrx_word' id='word_1_429' title='bbox 898 2795 937 2830; x_wconf 89' lang='lat' dir='ltr'><strong>et</strong></span> 
     </span>
     <span class='ocr_line' id='line_1_51' title="bbox 64 2845 934 2900; baseline 0.001 -15"><span class='ocrx_word' id='word_1_430' title='bbox 64 2845 238 2893; x_wconf 87' lang='lat' dir='ltr'><strong>libidine,</strong></span> <span class='ocrx_word' id='word_1_431' title='bbox 258 2847 332 2885; x_wconf 89' lang='lat' dir='ltr'><strong>sed</strong></span> <span class='ocrx_word' id='word_1_432' title='bbox 352 2860 401 2885; x_wconf 88' lang='lat' dir='ltr'><strong>ex</strong></span> <span class='ocrx_word' id='word_1_433' title='bbox 420 2847 500 2884; x_wconf 88' lang='lat' dir='ltr'><strong>iure</strong></span> <span class='ocrx_word' id='word_1_434' title='bbox 521 2847 650 2897; x_wconf 82' lang='lat' dir='ltr'><strong>legum</strong></span> <span class='ocrx_word' id='word_1_435' title='bbox 670 2847 744 2885; x_wconf 86' lang='lat' dir='ltr'><strong>iste</strong></span> <span class='ocrx_word' id='word_1_436' title='bbox 764 2847 934 2900; x_wconf 64' lang='lat' dir='ltr'><strong>agebat]</strong></span> 
     </span>
    </p>

    <p class='ocr_par' dir='ltr' id='par_1_24' title="bbox 67 2902 936 3122">
     <span class='ocr_line' id='line_1_52' title="bbox 123 2902 936 2955; baseline 0 -13"><span class='ocrx_word' id='word_1_437' title='bbox 123 2903 351 2942; x_wconf 79' lang='lat' dir='ltr'><strong>cubiculum</strong></span> <span class='ocrx_word' id='word_1_438' title='bbox 383 2902 462 2955; x_wconf 84' lang='lat' dir='ltr'><strong>[Ex</strong></span> <span class='ocrx_word' id='word_1_439' title='bbox 492 2906 597 2955; x_wconf 86' lang='lat' dir='ltr'><strong>oppt.</strong></span> <span class='ocrx_word' id='word_1_440' title='bbox 629 2903 740 2942; x_wconf 84' lang='lat' dir='ltr'><strong>codd.</strong></span> <span class='ocrx_word' id='word_1_441' title='bbox 766 2905 936 2955; x_wconf 87' lang='lat' dir='ltr'><strong>reposui,</strong></span> 
     </span>
     <span class='ocr_line' id='line_1_53' title="bbox 69 2959 936 3010; baseline 0.003 -14"><span class='ocrx_word' id='word_1_442' title='bbox 69 2971 300 3010; x_wconf 84' lang='lat' dir='ltr'><strong>quamquam</strong></span> <span class='ocrx_word' id='word_1_443' title='bbox 343 2959 502 2998; x_wconf 79' lang='lat' dir='ltr'><strong>alterum</strong></span> <span class='ocrx_word' id='word_1_444' title='bbox 539 2973 588 2997; x_wconf 83' lang='lat' dir='ltr'><strong>ex</strong></span> <span class='ocrx_word' id='word_1_445' title='bbox 622 2972 728 2998; x_wconf 90' lang='lat' dir='ltr'><strong>more</strong></span> <span class='ocrx_word' id='word_1_446' title='bbox 763 2963 936 2999; x_wconf 78' lang='lat' dir='ltr'><strong>veterum</strong></span> 
     </span>
     <span class='ocr_line' id='line_1_54' title="bbox 67 3016 935 3066; baseline 0.003 -14"><span class='ocrx_word' id='word_1_447' title='bbox 67 3018 223 3066; x_wconf 85' lang='lat' dir='ltr'><strong>poterat</strong></span> <span class='ocrx_word' id='word_1_448' title='bbox 259 3017 516 3066; x_wconf 74' lang='lat' dir='ltr'><strong>comprobari,</strong></span> <span class='ocrx_word' id='word_1_449' title='bbox 555 3016 618 3066; x_wconf 85' lang='lat' dir='ltr'><strong>qui</strong></span> <span class='ocrx_word' id='word_1_450' title='bbox 655 3017 781 3054; x_wconf 79' lang='lat' dir='ltr'><strong>varios</strong></span> <span class='ocrx_word' id='word_1_451' title='bbox 817 3030 935 3055; x_wconf 88' lang='lat' dir='ltr'><strong>casus</strong></span> 
     </span>
     <span class='ocr_line' id='line_1_55' title="bbox 69 3071 934 3122; baseline 0.006 -14"><span class='ocrx_word' id='word_1_452' title='bbox 69 3071 131 3109; x_wconf 88' lang='lat' dir='ltr'><strong>uni</strong></span> <span class='ocrx_word' id='word_1_453' title='bbox 155 3072 273 3109; x_wconf 77' lang='lat' dir='ltr'><strong>verbo</strong></span> <span class='ocrx_word' id='word_1_454' title='bbox 299 3072 456 3122; x_wconf 73' lang='lat' dir='ltr'><strong>iungere</strong></span> <span class='ocrx_word' id='word_1_455' title='bbox 480 3071 627 3119; x_wconf 79' lang='lat' dir='ltr'><strong>solent3</strong></span> <span class='ocrx_word' id='word_1_456' title='bbox 654 3072 700 3111; x_wconf 85' lang='lat' dir='ltr'><strong>cf.</strong></span> <span class='ocrx_word' id='word_1_457' title='bbox 716 3072 764 3112; x_wconf 87' lang='lat' dir='ltr'><strong>ad</strong></span> <span class='ocrx_word' id='word_1_458' title='bbox 778 3072 874 3112; x_wconf 80' lang='lat' dir='ltr'><strong>Met.</strong></span> <span class='ocrx_word' id='word_1_459' title='bbox 888 3072 934 3113; x_wconf 90' lang='lat' dir='ltr'><strong>Il.</strong></span> 
     </span>
    </p>
   </div>
   <div class='ocr_carea' id='block_1_22' title="bbox 68 3128 585 3180">
    <p class='ocr_par' dir='ltr' id='par_1_25' title="bbox 68 3128 585 3180">
     <span class='ocr_line' id='line_1_56' title="bbox 68 3128 585 3180; baseline 0 -14"><span class='ocrx_word' id='word_1_460' title='bbox 68 3140 105 3178; x_wconf 89' lang='lat' dir='ltr'><strong>p.</strong></span> <span class='ocrx_word' id='word_1_461' title='bbox 120 3130 184 3168; x_wconf 87' lang='lat'><strong>97.</strong></span> <span class='ocrx_word' id='word_1_462' title='bbox 209 3128 272 3166; x_wconf 81' lang='lat' dir='ltr'><strong>ubi</strong></span> <span class='ocrx_word' id='word_1_463' title='bbox 297 3128 406 3180; x_wconf 88' lang='lat' dir='ltr'><strong>plura</strong></span> <span class='ocrx_word' id='word_1_464' title='bbox 430 3128 585 3180; x_wconf 72' lang='lat' dir='ltr'><strong>dicam]</strong></span> 
     </span>
    </p>
   </div>
   <div class='ocr_carea' id='block_1_23' title="bbox 990 1661 1863 1771">
    <p class='ocr_par' dir='ltr' id='par_1_26' title="bbox 990 1661 1863 1771">
     <span class='ocr_line' id='line_1_57' title="bbox 1048 1661 1863 1714; baseline 0 -13"><span class='ocrx_word' id='word_1_465' title='bbox 1048 1662 1309 1702; x_wconf 45' lang='lat' dir='ltr'><strong>CARXXVI.</strong></span> <span class='ocrx_word' id='word_1_466' title='bbox 1343 1664 1496 1703; x_wconf 69' lang='lat' dir='ltr'><strong>«licium</strong></span> <span class='ocrx_word' id='word_1_467' title='bbox 1509 1667 1676 1702; x_wconf 79' lang='lat' dir='ltr'><strong>secutus.</strong></span> <span class='ocrx_word' id='word_1_468' title='bbox 1716 1661 1863 1714; x_wconf 85' lang='lat' dir='ltr'><strong>[Sequi</strong></span> 
     </span>
     <span class='ocr_line' id='line_1_58' title="bbox 990 1718 1861 1771; baseline -0.001 -14"><span class='ocrx_word' id='word_1_469' title='bbox 990 1719 1041 1757; x_wconf 89' lang='lat' dir='ltr'><strong>de</strong></span> <span class='ocrx_word' id='word_1_470' title='bbox 1064 1721 1181 1759; x_wconf 85' lang='lat' dir='ltr'><strong>rebus</strong></span> <span class='ocrx_word' id='word_1_471' title='bbox 1207 1733 1306 1771; x_wconf 89' lang='lat' dir='ltr'><strong>quae</strong></span> <span class='ocrx_word' id='word_1_472' title='bbox 1330 1720 1447 1759; x_wconf 87' lang='lat' dir='ltr'><strong>modo</strong></span> <span class='ocrx_word' id='word_1_473' title='bbox 1473 1719 1598 1758; x_wconf 86' lang='lat' dir='ltr'><strong>dictae</strong></span> <span class='ocrx_word' id='word_1_474' title='bbox 1618 1718 1681 1757; x_wconf 86' lang='lat' dir='ltr'><strong>vel</strong></span> <span class='ocrx_word' id='word_1_475' title='bbox 1700 1719 1861 1770; x_wconf 85' lang='lat' dir='ltr'><strong>promis-</strong></span> 
     </span>
    </p>
   </div>
   <div class='ocr_carea' id='block_1_24' title="bbox 989 1773 1866 3183">
    <p class='ocr_par' dir='ltr' id='par_1_27' title="bbox 989 1773 1866 3183">
     <span class='ocr_line' id='line_1_59' title="bbox 991 1773 1862 1827; baseline -0.001 -13"><span class='ocrx_word' id='word_1_476' title='bbox 991 1790 1062 1815; x_wconf 83' lang='lat' dir='ltr'><strong>sae</strong></span> <span class='ocrx_word' id='word_1_477' title='bbox 1087 1777 1216 1816; x_wconf 87' lang='lat' dir='ltr'><strong>statim</strong></span> <span class='ocrx_word' id='word_1_478' title='bbox 1241 1778 1481 1827; x_wconf 86' lang='lat' dir='ltr'><strong>perficiuntur</strong></span> <span class='ocrx_word' id='word_1_479' title='bbox 1506 1775 1553 1814; x_wconf 83' lang='lat' dir='ltr'><strong>cf.</strong></span> <span class='ocrx_word' id='word_1_480' title='bbox 1580 1775 1680 1814; x_wconf 81' lang='lat' dir='ltr'><strong>Cort.</strong></span> <span class='ocrx_word' id='word_1_481' title='bbox 1705 1775 1756 1814; x_wconf 87' lang='lat' dir='ltr'><strong>ad</strong></span> <span class='ocrx_word' id='word_1_482' title='bbox 1779 1773 1862 1813; x_wconf 87' lang='lat' dir='ltr'><strong>Ln-</strong></span> 
     </span>
     <span class='ocr_line' id='line_1_60' title="bbox 992 1830 1861 1874; baseline -0.001 -3"><span class='ocrx_word' id='word_1_483' title='bbox 992 1846 1073 1871; x_wconf 87' lang='lat' dir='ltr'><strong>can.</strong></span> <span class='ocrx_word' id='word_1_484' title='bbox 1102 1833 1187 1872; x_wconf 67' lang='lat' dir='ltr'><strong>vll.</strong></span> <span class='ocrx_word' id='word_1_485' title='bbox 1220 1837 1312 1874; x_wconf 84' lang='lat'><strong>382.</strong></span> <span class='ocrx_word' id='word_1_486' title='bbox 1346 1832 1479 1871; x_wconf 89' lang='lat' dir='ltr'><strong>Heins.</strong></span> <span class='ocrx_word' id='word_1_487' title='bbox 1512 1833 1562 1870; x_wconf 89' lang='lat' dir='ltr'><strong>ad</strong></span> <span class='ocrx_word' id='word_1_488' title='bbox 1591 1831 1687 1870; x_wconf 88' lang='lat' dir='ltr'><strong>Met.</strong></span> <span class='ocrx_word' id='word_1_489' title='bbox 1708 1830 1736 1870; x_wconf 89' lang='lat' dir='ltr'><strong>I.</strong></span> <span class='ocrx_word' id='word_1_490' title='bbox 1767 1835 1861 1872; x_wconf 88' lang='lat'><strong>647.</strong></span> 
     </span>
     <span class='ocr_line' id='line_1_61' title="bbox 991 1887 1858 1940; baseline -0.001 -13"><span class='ocrx_word' id='word_1_491' title='bbox 991 1888 1110 1940; x_wconf 90' lang='lat' dir='ltr'><strong>Apul.</strong></span> <span class='ocrx_word' id='word_1_492' title='bbox 1147 1888 1242 1928; x_wconf 76' lang='lat' dir='ltr'><strong>Met.</strong></span> <span class='ocrx_word' id='word_1_493' title='bbox 1279 1888 1342 1928; x_wconf 91' lang='lat' dir='ltr'><strong>Ill.</strong></span> <span class='ocrx_word' id='word_1_494' title='bbox 1380 1903 1416 1940; x_wconf 86' lang='lat' dir='ltr'><strong>p.</strong></span> <span class='ocrx_word' id='word_1_495' title='bbox 1455 1892 1548 1929; x_wconf 84' lang='lat'><strong>203.</strong></span> <span class='ocrx_word' id='word_1_496' title='bbox 1586 1887 1653 1927; x_wconf 78' lang='lat' dir='ltr'><strong>Vl.</strong></span> <span class='ocrx_word' id='word_1_497' title='bbox 1690 1901 1726 1939; x_wconf 85' lang='lat' dir='ltr'><strong>p.</strong></span> <span class='ocrx_word' id='word_1_498' title='bbox 1765 1892 1858 1929; x_wconf 87' lang='lat'><strong>442.</strong></span> 
     </span>
     <span class='ocr_line' id='line_1_62' title="bbox 989 1944 1667 1997; baseline 0 -14"><span class='ocrx_word' id='word_1_499' title='bbox 989 1944 1110 1984; x_wconf 88' lang='lat' dir='ltr'><strong>Bach.</strong></span> <span class='ocrx_word' id='word_1_500' title='bbox 1137 1946 1187 1984; x_wconf 84' lang='lat' dir='ltr'><strong>ad</strong></span> <span class='ocrx_word' id='word_1_501' title='bbox 1212 1945 1326 1985; x_wconf 84' lang='lat' dir='ltr'><strong>Ovid.</strong></span> <span class='ocrx_word' id='word_1_502' title='bbox 1352 1945 1447 1984; x_wconf 83' lang='lat' dir='ltr'><strong>Met.</strong></span> <span class='ocrx_word' id='word_1_503' title='bbox 1462 1944 1528 1983; x_wconf 73' lang='lat' dir='ltr'><strong>lv.</strong></span> <span class='ocrx_word' id='word_1_504' title='bbox 1555 1945 1667 1997; x_wconf 68' lang='lat'>550]</span> 
     </span>
     <span class='ocr_line' id='line_1_63' title="bbox 1047 1999 1864 2053; baseline 0 -13"><span class='ocrx_word' id='word_1_505' title='bbox 1047 2002 1327 2041; x_wconf 74' lang='lat' dir='ltr'><strong>obstinationis</strong></span> <span class='ocrx_word' id='word_1_506' title='bbox 1362 2016 1468 2042; x_wconf 81' lang='lat' dir='ltr'><strong>suae.</strong></span> <span class='ocrx_word' id='word_1_507' title='bbox 1522 1999 1642 2053; x_wconf 90' lang='lat' dir='ltr'><strong>[Oud.</strong></span> <span class='ocrx_word' id='word_1_508' title='bbox 1679 2000 1781 2040; x_wconf 86' lang='lat' dir='ltr'><strong>male</strong></span> <span class='ocrx_word' id='word_1_509' title='bbox 1810 2001 1864 2040; x_wconf 90' lang='lat' dir='ltr'><strong>ita</strong></span> 
     </span>
     <span class='ocr_line' id='line_1_64' title="bbox 989 2057 1862 2110; baseline -0.001 -14"><span class='ocrx_word' id='word_1_510' title='bbox 989 2058 1067 2110; x_wconf 85' lang='lat' dir='ltr'><strong>legi</strong></span> <span class='ocrx_word' id='word_1_511' title='bbox 1087 2058 1298 2103; x_wconf 71' lang='lat' dir='ltr'><strong>existimat,</strong></span> <span class='ocrx_word' id='word_1_512' title='bbox 1329 2058 1418 2097; x_wconf 89' lang='lat' dir='ltr'><strong>lieet</strong></span> <span class='ocrx_word' id='word_1_513' title='bbox 1438 2061 1591 2109; x_wconf 85' lang='lat' dir='ltr'><strong>putetur</strong></span> <span class='ocrx_word' id='word_1_514' title='bbox 1612 2059 1648 2097; x_wconf 79' lang='lat' dir='ltr'><strong>ci</strong></span> <span class='ocrx_word' id='word_1_515' title='bbox 1666 2057 1862 2096; x_wconf 82' lang='lat' dir='ltr'><strong>excidisse</strong></span> 
     </span>
     <span class='ocr_line' id='line_1_65' title="bbox 989 2114 1862 2164; baseline -0.001 -11"><span class='ocrx_word' id='word_1_516' title='bbox 989 2119 1028 2153; x_wconf 89' lang='lat' dir='ltr'><strong>et</strong></span> <span class='ocrx_word' id='word_1_517' title='bbox 1073 2114 1242 2154; x_wconf 85' lang='lat' dir='ltr'><strong>dativum</strong></span> <span class='ocrx_word' id='word_1_518' title='bbox 1282 2115 1370 2154; x_wconf 89' lang='lat' dir='ltr'><strong>huic</strong></span> <span class='ocrx_word' id='word_1_519' title='bbox 1412 2115 1498 2153; x_wconf 89' lang='lat' dir='ltr'><strong>loco</strong></span> <span class='ocrx_word' id='word_1_520' title='bbox 1543 2115 1755 2159; x_wconf 80' lang='lat' dir='ltr'><strong>constituit,</strong></span> <span class='ocrx_word' id='word_1_521' title='bbox 1798 2115 1862 2164; x_wconf 86' lang='lat' dir='ltr'><strong>qui</strong></span> 
     </span>
     <span class='ocr_line' id='line_1_66' title="bbox 989 2169 1864 2222; baseline -0.001 -13"><span class='ocrx_word' id='word_1_522' title='bbox 989 2185 1036 2209; x_wconf 91' lang='lat' dir='ltr'><strong>eo</strong></span> <span class='ocrx_word' id='word_1_523' title='bbox 1074 2170 1224 2210; x_wconf 80' lang='lat' dir='ltr'><strong>facilius</strong></span> <span class='ocrx_word' id='word_1_524' title='bbox 1254 2172 1390 2210; x_wconf 86' lang='lat' dir='ltr'><strong>mutari</strong></span> <span class='ocrx_word' id='word_1_525' title='bbox 1414 2174 1580 2222; x_wconf 88' lang='lat' dir='ltr'><strong>poterat,</strong></span> <span class='ocrx_word' id='word_1_526' title='bbox 1612 2171 1717 2222; x_wconf 90' lang='lat' dir='ltr'><strong>quod</strong></span> <span class='ocrx_word' id='word_1_527' title='bbox 1751 2169 1864 2209; x_wconf 76' lang='lat' dir='ltr'><strong>lItera</strong></span> 
     </span>
     <span class='ocr_line' id='line_1_67' title="bbox 993 2227 1862 2279; baseline -0.002 -12"><span class='ocrx_word' id='word_1_528' title='bbox 993 2241 1029 2273; x_wconf 88' lang='lat' dir='ltr'><strong>s,</strong></span> <span class='ocrx_word' id='word_1_529' title='bbox 1065 2241 1299 2279; x_wconf 83' lang='lat' dir='ltr'><strong>praegresso</strong></span> <span class='ocrx_word' id='word_1_530' title='bbox 1339 2227 1531 2266; x_wconf 74' lang='lat' dir='ltr'><strong>vocabulo</strong></span> <span class='ocrx_word' id='word_1_531' title='bbox 1556 2227 1776 2266; x_wconf 85' lang='lat' dir='ltr'><strong>adhaerens</strong></span> <span class='ocrx_word' id='word_1_532' title='bbox 1801 2240 1862 2265; x_wconf 87' lang='lat' dir='ltr'><strong>se-</strong></span> 
     </span>
     <span class='ocr_line' id='line_1_68' title="bbox 993 2282 1863 2335; baseline 0 -13"><span class='ocrx_word' id='word_1_533' title='bbox 993 2285 1135 2334; x_wconf 84' lang='lat' dir='ltr'><strong>quitur3</strong></span> <span class='ocrx_word' id='word_1_534' title='bbox 1160 2287 1330 2323; x_wconf 85' lang='lat' dir='ltr'><strong>attamen</strong></span> <span class='ocrx_word' id='word_1_535' title='bbox 1353 2285 1546 2335; x_wconf 85' lang='lat' dir='ltr'><strong>genitivus</strong></span> <span class='ocrx_word' id='word_1_536' title='bbox 1565 2297 1616 2322; x_wconf 84' lang='lat' dir='ltr'><strong>ex</strong></span> <span class='ocrx_word' id='word_1_537' title='bbox 1629 2282 1863 2322; x_wconf 86' lang='lat' dir='ltr'><strong>Graecorum</strong></span> 
     </span>
     <span class='ocr_line' id='line_1_69' title="bbox 992 2337 1865 2391; baseline -0.001 -12"><span class='ocrx_word' id='word_1_538' title='bbox 992 2340 1315 2380; x_wconf 85' lang='lat' dir='ltr'><strong>dicendiratione</strong></span> <span class='ocrx_word' id='word_1_539' title='bbox 1339 2341 1572 2386; x_wconf 83' lang='lat' dir='ltr'><strong>defenditur,</strong></span> <span class='ocrx_word' id='word_1_540' title='bbox 1609 2341 1673 2390; x_wconf 86' lang='lat' dir='ltr'><strong>qui</strong></span> <span class='ocrx_word' id='word_1_541' title='bbox 1697 2337 1865 2391; x_wconf 78' lang='grc' dir='ltr'><strong><em>ὑπήκοος</em></strong></span> 
     </span>
     <span class='ocr_line' id='line_1_70' title="bbox 993 2395 1862 2449; baseline 0 -15"><span class='ocrx_word' id='word_1_542' title='bbox 993 2397 1118 2434; x_wconf 89' lang='lat' dir='ltr'><strong>eidem</strong></span> <span class='ocrx_word' id='word_1_543' title='bbox 1149 2398 1256 2436; x_wconf 80' lang='lat' dir='ltr'><strong>casui</strong></span> <span class='ocrx_word' id='word_1_544' title='bbox 1285 2399 1462 2449; x_wconf 80' lang='lat' dir='ltr'><strong>iungunt3</strong></span> <span class='ocrx_word' id='word_1_545' title='bbox 1499 2396 1547 2436; x_wconf 83' lang='lat' dir='ltr'><strong>cf.</strong></span> <span class='ocrx_word' id='word_1_546' title='bbox 1579 2395 1680 2436; x_wconf 84' lang='lat' dir='ltr'><strong>Plat.</strong></span> <span class='ocrx_word' id='word_1_547' title='bbox 1711 2396 1761 2435; x_wconf 89' lang='lat' dir='ltr'><strong>de</strong></span> <span class='ocrx_word' id='word_1_548' title='bbox 1784 2396 1862 2434; x_wconf 83' lang='lat' dir='ltr'><strong>Re-</strong></span> 
     </span>
     <span class='ocr_line' id='line_1_71' title="bbox 993 2451 1860 2505; baseline -0.002 -13"><span class='ocrx_word' id='word_1_549' title='bbox 993 2453 1098 2505; x_wconf 74' lang='lat' dir='ltr'><strong>punl.</strong></span> <span class='ocrx_word' id='word_1_550' title='bbox 1133 2451 1200 2491; x_wconf 75' lang='lat' dir='ltr'><strong>IV.</strong></span> <span class='ocrx_word' id='word_1_551' title='bbox 1232 2467 1269 2504; x_wconf 89' lang='lat' dir='ltr'><strong>p.</strong></span> <span class='ocrx_word' id='word_1_552' title='bbox 1302 2458 1395 2495; x_wconf 79' lang='lat'><strong>440.</strong></span> <span class='ocrx_word' id='word_1_553' title='bbox 1426 2453 1478 2493; x_wconf 91' lang='lat' dir='ltr'><strong>D.</strong></span> <span class='ocrx_word' id='word_1_554' title='bbox 1509 2453 1630 2492; x_wconf 87' lang='lat' dir='ltr'><strong>Elms.</strong></span> <span class='ocrx_word' id='word_1_555' title='bbox 1657 2453 1707 2491; x_wconf 90' lang='lat' dir='ltr'><strong>ad</strong></span> <span class='ocrx_word' id='word_1_556' title='bbox 1731 2451 1860 2503; x_wconf 89' lang='lat' dir='ltr'><strong>Eurip.</strong></span> 
     </span>
     <span class='ocr_line' id='line_1_72' title="bbox 993 2509 1863 2562; baseline -0.002 -14"><span class='ocrx_word' id='word_1_557' title='bbox 993 2509 1148 2549; x_wconf 86' lang='lat' dir='ltr'><strong>Heracl.</strong></span> <span class='ocrx_word' id='word_1_558' title='bbox 1186 2513 1278 2551; x_wconf 85' lang='lat'><strong>287.</strong></span> <span class='ocrx_word' id='word_1_559' title='bbox 1337 2510 1480 2562; x_wconf 85' lang='lat' dir='ltr'><strong>Neque</strong></span> <span class='ocrx_word' id='word_1_560' title='bbox 1517 2524 1607 2549; x_wconf 83' lang='lat' dir='ltr'><strong>vero</strong></span> <span class='ocrx_word' id='word_1_561' title='bbox 1644 2509 1863 2560; x_wconf 82' lang='lat' dir='ltr'><strong>negandum</strong></span> 
     </span>
     <span class='ocr_line' id='line_1_73' title="bbox 994 2566 1862 2618; baseline -0.002 -13"><span class='ocrx_word' id='word_1_562' title='bbox 994 2570 1072 2611; x_wconf 80' lang='lat' dir='ltr'><strong>est,</strong></span> <span class='ocrx_word' id='word_1_563' title='bbox 1102 2566 1249 2605; x_wconf 90' lang='lat' dir='ltr'><strong>nullum</strong></span> <span class='ocrx_word' id='word_1_564' title='bbox 1279 2566 1383 2605; x_wconf 87' lang='lat' dir='ltr'><strong>aliud</strong></span> <span class='ocrx_word' id='word_1_565' title='bbox 1407 2567 1511 2618; x_wconf 87' lang='lat' dir='ltr'><strong>apud</strong></span> <span class='ocrx_word' id='word_1_566' title='bbox 1535 2566 1737 2605; x_wconf 87' lang='lat' dir='ltr'><strong>Romanos</strong></span> <span class='ocrx_word' id='word_1_567' title='bbox 1761 2567 1862 2604; x_wconf 90' lang='lat' dir='ltr'><strong>inve-</strong></span> 
     </span>
     <span class='ocr_line' id='line_1_74' title="bbox 992 2622 1692 2675; baseline -0.001 -14"><span class='ocrx_word' id='word_1_568' title='bbox 992 2624 1059 2661; x_wconf 88' lang='lat' dir='ltr'><strong>niri</strong></span> <span class='ocrx_word' id='word_1_569' title='bbox 1084 2624 1167 2661; x_wconf 87' lang='lat' dir='ltr'><strong>eius</strong></span> <span class='ocrx_word' id='word_1_570' title='bbox 1196 2627 1408 2662; x_wconf 83' lang='lat' dir='ltr'><strong>structurae</strong></span> <span class='ocrx_word' id='word_1_571' title='bbox 1441 2622 1692 2675; x_wconf 68' lang='lat' dir='ltr'><strong>exemplum]</strong></span> 
     </span>
     <span class='ocr_line' id='line_1_75' title="bbox 1048 2678 1865 2732; baseline -0.002 -14"><span class='ocrx_word' id='word_1_572' title='bbox 1048 2680 1225 2732; x_wconf 61' lang='lat' dir='ltr'><strong>ingratis</strong></span> <span class='ocrx_word' id='word_1_573' title='bbox 1255 2679 1412 2718; x_wconf 84' lang='lat' dir='ltr'><strong>Groosl.</strong></span> <span class='ocrx_word' id='word_1_574' title='bbox 1444 2684 1482 2717; x_wconf 88' lang='lat' dir='ltr'><strong>et</strong></span> <span class='ocrx_word' id='word_1_575' title='bbox 1512 2678 1611 2718; x_wconf 87' lang='lat' dir='ltr'><strong>Prie.</strong></span> <span class='ocrx_word' id='word_1_576' title='bbox 1649 2679 1865 2717; x_wconf 85' lang='lat' dir='ltr'><strong>maluerunt</strong></span> 
     </span>
     <span class='ocr_line' id='line_1_76' title="bbox 992 2734 1865 2789; baseline 0.001 -16"><span class='ocrx_word' id='word_1_577' title='bbox 992 2737 1196 2789; x_wconf 61' lang='lat' dir='ltr'><strong>ingratiis,</strong></span> <span class='ocrx_word' id='word_1_578' title='bbox 1222 2747 1336 2787; x_wconf 85' lang='lat' dir='ltr'><strong>quam</strong></span> <span class='ocrx_word' id='word_1_579' title='bbox 1362 2736 1521 2774; x_wconf 83' lang='lat' dir='ltr'><strong>sormam</strong></span> <span class='ocrx_word' id='word_1_580' title='bbox 1547 2737 1587 2784; x_wconf 83' lang='lat' dir='ltr'><strong>(a</strong></span> <span class='ocrx_word' id='word_1_581' title='bbox 1610 2735 1788 2785; x_wconf 75' lang='lat' dir='ltr'><strong>Zuniptio</strong></span> <span class='ocrx_word' id='word_1_582' title='bbox 1813 2734 1865 2774; x_wconf 84' lang='lat' dir='ltr'><strong>ad</strong></span> 
     </span>
     <span class='ocr_line' id='line_1_77' title="bbox 994 2790 1863 2843; baseline 0 -13"><span class='ocrx_word' id='word_1_583' title='bbox 994 2790 1071 2830; x_wconf 90' lang='lat' dir='ltr'><strong>Cic.</strong></span> <span class='ocrx_word' id='word_1_584' title='bbox 1091 2792 1202 2831; x_wconf 76' lang='lat' dir='ltr'><strong>Verr.</strong></span> <span class='ocrx_word' id='word_1_585' title='bbox 1215 2791 1284 2832; x_wconf 79' lang='lat' dir='ltr'><strong>IV.</strong></span> <span class='ocrx_word' id='word_1_586' title='bbox 1299 2796 1335 2833; x_wconf 90' lang='lat'><strong>9.</strong></span> <span class='ocrx_word' id='word_1_587' title='bbox 1350 2793 1380 2843; x_wconf 67' lang='grc' dir='ltr'><strong>ξ.</strong></span> <span class='ocrx_word' id='word_1_588' title='bbox 1399 2795 1461 2832; x_wconf 90' lang='grc'><strong>19.</strong></span> <span class='ocrx_word' id='word_1_589' title='bbox 1474 2806 1512 2843; x_wconf 89' lang='lat' dir='ltr'><strong>p.</strong></span> <span class='ocrx_word' id='word_1_590' title='bbox 1529 2795 1622 2832; x_wconf 90' lang='lat'><strong>670.</strong></span> <span class='ocrx_word' id='word_1_591' title='bbox 1640 2793 1768 2843; x_wconf 88' lang='lat' dir='ltr'><strong>poetis</strong></span> <span class='ocrx_word' id='word_1_592' title='bbox 1782 2795 1863 2830; x_wconf 87' lang='lat' dir='ltr'><strong>tan-</strong></span> 
     </span>
     <span class='ocr_line' id='line_1_78' title="bbox 992 2848 1862 2900; baseline 0.001 -14"><span class='ocrx_word' id='word_1_593' title='bbox 992 2852 1073 2887; x_wconf 83' lang='lat' dir='ltr'><strong>tum</strong></span> <span class='ocrx_word' id='word_1_594' title='bbox 1093 2849 1341 2900; x_wconf 84' lang='lat' dir='ltr'><strong>concessam)</strong></span> <span class='ocrx_word' id='word_1_595' title='bbox 1361 2861 1410 2886; x_wconf 86' lang='lat' dir='ltr'><strong>ex</strong></span> <span class='ocrx_word' id='word_1_596' title='bbox 1428 2848 1558 2886; x_wconf 87' lang='lat' dir='ltr'><strong>multis</strong></span> <span class='ocrx_word' id='word_1_597' title='bbox 1579 2852 1779 2899; x_wconf 87' lang='lat' dir='ltr'><strong>poetarum</strong></span> <span class='ocrx_word' id='word_1_598' title='bbox 1798 2861 1862 2887; x_wconf 80' lang='lat' dir='ltr'><strong>ex-</strong></span> 
     </span>
     <span class='ocr_line' id='line_1_79' title="bbox 993 2904 1863 2956; baseline 0.001 -14"><span class='ocrx_word' id='word_1_599' title='bbox 993 2904 1133 2956; x_wconf 82' lang='lat' dir='ltr'><strong>emplis</strong></span> <span class='ocrx_word' id='word_1_600' title='bbox 1159 2905 1334 2947; x_wconf 79' lang='lat' dir='ltr'><strong>illustrat,</strong></span> <span class='ocrx_word' id='word_1_601' title='bbox 1360 2918 1592 2956; x_wconf 81' lang='lat' dir='ltr'><strong>quamquam</strong></span> <span class='ocrx_word' id='word_1_602' title='bbox 1616 2909 1656 2943; x_wconf 90' lang='lat' dir='ltr'><strong>et</strong></span> <span class='ocrx_word' id='word_1_603' title='bbox 1681 2904 1804 2944; x_wconf 84' lang='lat' dir='ltr'><strong>altera</strong></span> <span class='ocrx_word' id='word_1_604' title='bbox 1829 2906 1863 2943; x_wconf 92' lang='lat' dir='ltr'><strong>ei</strong></span> 
     </span>
     <span class='ocr_line' id='line_1_80' title="bbox 993 2960 1863 3013; baseline 0 -13"><span class='ocrx_word' id='word_1_605' title='bbox 993 2962 1279 3013; x_wconf 77' lang='lat' dir='ltr'><strong>comprobetur3</strong></span> <span class='ocrx_word' id='word_1_606' title='bbox 1304 2961 1350 3000; x_wconf 82' lang='lat' dir='ltr'><strong>cf.</strong></span> <span class='ocrx_word' id='word_1_607' title='bbox 1379 2960 1515 3000; x_wconf 83' lang='lat' dir='ltr'><strong>Lamb.</strong></span> <span class='ocrx_word' id='word_1_608' title='bbox 1546 2961 1596 2999; x_wconf 91' lang='lat' dir='ltr'><strong>ad</strong></span> <span class='ocrx_word' id='word_1_609' title='bbox 1625 2960 1769 3000; x_wconf 87' lang='lat' dir='ltr'><strong>Lucret</strong></span> <span class='ocrx_word' id='word_1_610' title='bbox 1788 2961 1863 3001; x_wconf 78' lang='lat' dir='ltr'><strong>JH.</strong></span> 
     </span>
     <span class='ocr_line' id='line_1_81' title="bbox 997 3015 1866 3069; baseline -0.002 -11"><span class='ocrx_word' id='word_1_611' title='bbox 997 3022 1113 3058; x_wconf 86' lang='lat'><strong>1002.</strong></span> <span class='ocrx_word' id='word_1_612' title='bbox 1125 3017 1234 3057; x_wconf 79' lang='lat' dir='ltr'><strong>Stav.</strong></span> <span class='ocrx_word' id='word_1_613' title='bbox 1243 3017 1292 3055; x_wconf 88' lang='lat' dir='ltr'><strong>ad</strong></span> <span class='ocrx_word' id='word_1_614' title='bbox 1300 3016 1403 3068; x_wconf 87' lang='lat' dir='ltr'><strong>Nep.</strong></span> <span class='ocrx_word' id='word_1_615' title='bbox 1412 3015 1549 3056; x_wconf 87' lang='lat' dir='ltr'><strong>Them.</strong></span> <span class='ocrx_word' id='word_1_616' title='bbox 1559 3031 1590 3056; x_wconf 88' lang='lat' dir='ltr'><strong>e.</strong></span> <span class='ocrx_word' id='word_1_617' title='bbox 1600 3022 1637 3058; x_wconf 89' lang='lat'><strong>4.</strong></span> <span class='ocrx_word' id='word_1_618' title='bbox 1646 3018 1718 3069; x_wconf 64' lang='lat'><strong>§.4</strong></span> <span class='ocrx_word' id='word_1_619' title='bbox 1728 3016 1866 3069; x_wconf 83' lang='lat' dir='ltr'><strong>[Plura</strong></span> 
     </span>
     <span class='ocr_line' id='line_1_82' title="bbox 994 3073 1862 3114; baseline 0.002 -3"><span class='ocrx_word' id='word_1_620' title='bbox 994 3074 1098 3112; x_wconf 82' lang='lat' dir='ltr'><strong>dabit</strong></span> <span class='ocrx_word' id='word_1_621' title='bbox 1116 3073 1240 3112; x_wconf 90' lang='lat' dir='ltr'><strong>Loon.</strong></span> <span class='ocrx_word' id='word_1_622' title='bbox 1262 3073 1310 3111; x_wconf 88' lang='lat' dir='ltr'><strong>de</strong></span> <span class='ocrx_word' id='word_1_623' title='bbox 1329 3073 1502 3112; x_wconf 83' lang='lat' dir='ltr'><strong>Manum.</strong></span> <span class='ocrx_word' id='word_1_624' title='bbox 1524 3073 1632 3113; x_wconf 80' lang='lat' dir='ltr'><strong>Serv.</strong></span> <span class='ocrx_word' id='word_1_625' title='bbox 1653 3075 1676 3113; x_wconf 93' lang='lat' dir='ltr'><strong>l.</strong></span> <span class='ocrx_word' id='word_1_626' title='bbox 1690 3074 1756 3113; x_wconf 83' lang='lat' dir='ltr'><strong>lv.</strong></span> <span class='ocrx_word' id='word_1_627' title='bbox 1779 3089 1810 3114; x_wconf 89' lang='lat' dir='ltr'><strong>e.</strong></span> <span class='ocrx_word' id='word_1_628' title='bbox 1830 3079 1862 3114; x_wconf 87' lang='lat'><strong>1.</strong></span> 
     </span>
     <span class='ocr_line' id='line_1_83' title="bbox 993 3129 1862 3183; baseline 0.003 -15"><span class='ocrx_word' id='word_1_629' title='bbox 993 3129 1130 3169; x_wconf 87' lang='lat' dir='ltr'><strong>Polen.</strong></span> <span class='ocrx_word' id='word_1_630' title='bbox 1161 3130 1299 3183; x_wconf 82' lang='lat' dir='ltr'><strong>Suppl.</strong></span> <span class='ocrx_word' id='word_1_631' title='bbox 1326 3129 1445 3169; x_wconf 81' lang='lat' dir='ltr'><strong>Thes.</strong></span> <span class='ocrx_word' id='word_1_632' title='bbox 1473 3129 1584 3169; x_wconf 87' lang='lat' dir='ltr'><strong>Tom.</strong></span> <span class='ocrx_word' id='word_1_633' title='bbox 1610 3130 1672 3172; x_wconf 91' lang='lat' dir='ltr'><strong>lll.</strong></span> <span class='ocrx_word' id='word_1_634' title='bbox 1703 3144 1742 3183; x_wconf 80' lang='lat' dir='ltr'><strong>p.</strong></span> <span class='ocrx_word' id='word_1_635' title='bbox 1769 3134 1862 3172; x_wconf 79' lang='lat'><strong>408.</strong></span> 
     </span>
    </p>
   </div>
  </div>
 </body>
</html>
