2221 3667
333 176 417 220 412

592 175 639 217 L.
671 175 893 216 APULEII
923 171 1324 216 MADAURENSIS
1348 169 1893 236 RIETARIORPHOSEON

335 288 511 329 construi
531 302 704 338 currum,
733 303 844 343 quem
872 289 906 328 ei
926 286 1128 328 Vulcanus
1150 285 1308 325 aurifex
1328 284 1459 324 subtili
1487 285 1636 325 fabrica
1658 286 1830 326 studiose
1851 287 2063 341 poliverat,
2092 294 2132 328 et

245 358 309 391 393
335 352 426 386 ante
452 345 611 385 thalami
637 346 896 386 rudimentum
924 342 1094 397 nuptiale
1121 355 1262 381 munus
1281 341 1492 392 obtulerat,
1521 340 1635 382 limae
1657 343 1854 383 tenuantis
1874 342 2129 400 detrilmento

333 473 473 512 arti-'fet
493 483 525 508 φ.
551 474 640 503 alius
661 477 741 504 teste
760 473 889 507 Sciopp.
910 469 1054 509 aurifex
1073 472 1107 498 ut
1126 477 1236 498 omnes
1257 471 1346 498 codd.
1368 473 1534 504 praebent.
1565 472 1601 499 In
1621 471 1739 506 pris-cis
1761 472 1830 500 edd.
1851 475 1978 505 praeter
1995 474 2079 502 lunt.
2099 474 2131 502 ².

333 520 462 548 omnino
481 527 544 548 non
564 523 743 554 comparet,
771 525 851 551 quas
871 516 975 544 secuti
995 518 1071 543 sum
1090 516 1172 543 Elm.
1191 519 1220 543 et
1245 516 1304 543 Ed.
1329 516 1425 544 Vulc.
1440 517 1470 544 2.
1513 515 1691 552 polluerat
1709 523 1876 551 perperam
1891 518 1938 545 ed.
1951 518 2058 546 Scriv.
2072 526 2128 552 pro

327 563 526 601 pollz'verat.
556 567 637 592 ante
651 566 730 591 ante
745 560 891 589 thalami
901 560 1002 589 G.sed
1016 560 1107 594 prius
1121 567 1141 589 a
1153 568 1230 595 m.p.
1245 560 1346 588 minio
1359 562 1531 589 obductum
1545 565 1602 590 est.
1634 560 1734 589 lunae
1750 562 1922 589 tenuantis
1936 562 1970 590 in
1984 562 2133 591 omnibus

332 613 423 639 extat
436 611 505 643 edd.
521 613 597 638 vett.
613 613 738 644 praeter
750 610 832 635 lunt.
847 608 874 633 2.
886 627 893 641 ‚
921 613 1006 639 quae
1020 604 1120 632 Ii'mae
1133 608 1240 634 habet.
1265 604 1364 632 linire
1378 607 1414 635 P.
1440 604 1516 634 luen
1530 607 1563 635 0.
1578 607 1634 635 sed
1649 607 1682 635 in
1696 608 1843 641 margine
1861 608 2065 636 emendatum
2083 611 2133 636 est

332 653 442 684 limae.
467 657 505 683 In
524 656 561 683 D.
583 657 631 683 est
649 656 784 689 lacuna,
811 658 893 685 quae
913 651 1021 685 spatio
1041 658 1145 680 vacuo
1171 650 1316 680 indicata
1336 655 1398 689 est,
1426 659 1466 680 ne
1490 658 1510 680 a
1533 658 1631 680 manu
1651 653 1778 686 quidem
1802 653 1949 681 secunda
1971 654 2132 688 suppleta.

334 700 514 728 tenuitatis
528 708 558 736 p.

331 807 398 864 plo
435 812 568 862 potest
609 806 862 856 comprobari.
917 805 963 844 cs.
1003 806 1101 845 Met.
1134 805 1202 844 lV.

331 880 369 919 p.
401 869 493 908 266.
533 863 734 904 Thebanis
777 863 991 902 conatibus
1029 863 1201 902 abnuen-

333 929 388 962 tes
419 926 457 960 et
487 923 539 959 ita
563 918 902 970 emendantApol.
928 933 964 970 p.
982 923 1075 960 557.
1096 932 1204 959 nunc

333 979 489 1018 demum
520 976 775 1015 contumeliis
807 975 951 1016 abnuit
974 980 1012 1014 et
1038 975 1087 1014 de
1112 974 1202 1013 Deo

332 1036 440 1073 Socr.
456 1047 492 1083 p.
511 1035 603 1072 159.
617 1046 668 1070 ac
682 1032 821 1071 taedio
835 1033 1103 1072 abnuentibus
1122 1033 1204 1084 dif-

327 1091 507 1143 ficultati
522 1088 618 1127 belli
630 1089 696 1126 ubi
721 1087 770 1127 cs.
785 1089 1050 1128 Accusativus
1067 1089 1141 1140 legi
1149 1093 1205 1127 tur

329 1146 426 1185 Met.
440 1145 485 1183 ll.
501 1159 537 1196 p.
557 1149 647 1185 158.
675 1150 829 1185 tantum
841 1144 969 1184 scelus
991 1145 1203 1185 abnuebat.

328 1202 448 1253 Apol.
462 1216 498 1254 p.
514 1205 607 1242 453.
625 1215 754 1254 eoque
767 1203 883 1241 aiant
898 1203 996 1240 deos
1015 1203 1202 1241 abnuere.

327 1258 527 1300 Absolute
562 1259 734 1310 positum
766 1262 849 1296 est:
888 1258 983 1297 Met.
1015 1257 1042 1297 I.
1075 1273 1110 1310 p.
1139 1263 1203 1299 75.

326 1316 572 1356 abnuebam:
599 1316 756 1368 quippe
782 1316 862 1368 qui.
901 1315 1019 1366 Apol.
1046 1329 1083 1366 p.
1111 1318 1204 1355 506.

326 1372 526 1417 melliens,
555 1372 626 1424 qui
652 1372 869 1423 adfuerat,
895 1372 1090 1411 abnueret
1113 1371 1203 1410 ibid.

326 1442 364 1480 p.
398 1431 491 1469 598.
538 1428 643 1481 quid
679 1428 850 1467 abnuis?
888 1429 994 1481 quid
1030 1442 1203 1467 recusa&

329 1485 414 1524 Sed
441 1485 648 1523 discrimen
681 1483 756 1522 hoe
787 1485 890 1537 apud
917 1484 1128 1536 Apuleium
1155 1486 1204 1522 vi-

326 1541 438 1580 detur
463 1555 557 1579 esse
590 1542 688 1579 inter
719 1545 923 1592 utramque
956 1541 1204 1580 construendi

324 1599 512 1637 rationem
538 1597 800 1644 statuendum,
825 1602 867 1637 ut
894 1598 1011 1636 solita
1037 1612 1123 1636 cum
1145 1611 1205 1636 ac-

325 1656 498 1695 cusativo
513 1654 747 1693 constructio
763 1658 938 1705 ponatur,
952 1656 1014 1693 ubi
1030 1656 1206 1694 abnuere

323 1726 477 1765 neyare
501 1711 666 1764 aliquid
686 1711 889 1761 significat,
915 1712 1092 1751 abnuere
1106 1725 1199 1749 vero

325 1782 411 1807 cum
426 1769 556 1808 dativo
571 1769 647 1806 vim
663 1767 819 1814 indicet,
835 1782 910 1819 qua
925 1770 1012 1819 quis
1027 1768 1147 1807 reiicit
1162 1772 1201 1806 et

322 1838 404 1863 rem
417 1838 440 1863 a
454 1839 500 1863 se
514 1828 703 1862 remotam
719 1837 813 1863 esse
827 1824 932 1863 velit.
948 1824 1088 1863 Venus
1099 1825 1200 1863 euim

324 1881 497 1933 putanda
522 1885 585 1919 est
610 1881 707 1919 inter
732 1881 807 1919 hos
833 1880 1020 1933 Psychae
1047 1895 1199 1919 errores

323 1951 488 1989 magnas
520 1937 668 1976 fecisse
699 1938 989 1989 inquisitione&
1026 1938 1064 1975 id
1096 1938 1202 1989 quod

324 1994 447 2033 Ceres
478 1995 540 2033 his
571 1994 703 2032 verbis
733 2008 769 2046 p.
797 1998 890 2035 384.
924 1995 1083 2033 indicat:
1116 1994 1200 2040 ΑΙι,

324 2052 515 2107 Psyche
540 2052 790 2097 miseranda,
818 2056 943 2090 totum
967 2065 1044 2103 per
1067 2051 1201 2090 orbem

330 2109 462 2148 Venus
485 2110 617 2147 anxia
645 2107 931 2160 disquisitione
956 2113 1065 2148 tuum
1090 2109 1200 2147 vesti-

320 2166 436 2218 =qium
458 2168 604 2217 furens
628 2166 753 2203 animi
776 2164 985 2218 requirit]

378 2221 489 2260 iubet
532 2223 716 2261 construi
758 2235 934 2260 currum.
994 2221 1082 2259 Non
1119 2221 1199 2259 fieri

322 2291 355 2317 s.
372 2278 505 2316 confici
521 2292 619 2316 nunc
633 2291 783 2315 currum
797 2278 904 2316 iubet
919 2278 1067 2317 venus.
1099 2277 1199 2317 Eum

322 2335 424 2373 enim
457 2334 532 2372 iam
563 2334 736 2372 habebat
761 2348 810 2372 ex
835 2334 1002 2373 Vulcani
1027 2348 1199 2380 munere,

321 2395 365 2430 ut
389 2391 496 2429 addit
520 2395 666 2429 auctor.
695 2390 826 2437 Quare
850 2391 884 2428 si
915 2404 1013 2430 sana
1044 2393 1095 2430 sit
1119 2392 1200 2430 vul-

323 2451 415 2499 gata
439 2447 573 2493 lectio,
599 2447 820 2497 tingendum
841 2461 935 2485 esse
956 2452 1064 2499 putat
1078 2448 1200 2495 Oud.,

323 2504 559 2543 dissolutum
575 2517 675 2542 nunc
689 2505 858 2543 iacuisse
873 2519 1040 2551 currum,
1057 2505 1200 2543 demtis

323 2564 358 2601 ei
383 2561 498 2606 rotis,
524 2574 617 2606 axe,
644 2565 803 2599 temone
829 2565 868 2600 et
887 2563 1058 2600 iussisse
1072 2562 1200 2601 Vene-

320 2632 416 2664 rem,
442 2631 531 2656 eum
556 2618 683 2656 denuo
710 2620 900 2658 construi.
928 2617 1045 2664 Quod
1071 2623 1199 2658 tamen

321 2689 397 2713 non
412 2678 557 2712 temere
572 2674 850 2713 admittendum
871 2688 965 2712 esse
986 2677 1019 2713 ei
1036 2675 1197 2715 videtur.

320 2730 475 2771 Mavult
510 2731 641 2782 itaque
679 2731 811 2782 legere
836 2733 984 2771 instrui
1014 2746 1047 2770 s.
1074 2734 1197 2771 ornari

321 2801 369 2827 ac
392 2788 614 2840 praeparari
640 2787 689 2826 ad
705 2788 819 2826 Deae
843 2792 1044 2840 receptum
1071 2794 1109 2828 et
1135 2803 1197 2828 ve-

321 2849 478 2883 cturam.
493 2843 652 2883 Passim
665 2845 848 2884 confundi
861 2845 960 2884 haec
968 2848 1197 2897 composita,

322 2902 463 2952 probat
494 2915 542 2939 ex
573 2902 660 2940 dict.
691 2904 775 2941 suis
805 2901 856 2940 ad
883 2900 995 2941 Caes.
1022 2902 1069 2941 B.
1097 2904 1143 2942 G.
1170 2902 1195 2941 1.

323 2961 389 2997 43.
415 2957 481 2996 Dr.
508 2958 558 2997 ad
582 2958 668 2996 Liv.
683 2957 747 2999 Ill.
762 2963 826 3000 59.
855 2958 961 3012 [Ego
988 2958 1080 2997 licet
1106 2973 1199 2998 ean-

322 3013 413 3051 dem
444 3016 678 3054 sententiam
710 3015 944 3069 amplectar,
974 3016 1199 3055 mutandum

322 3074 450 3107 tamen
466 3072 671 3123 quicquam
687 3085 781 3111 esse
796 3087 908 3124 nego,
935 3072 990 3111 At
1004 3073 1052 3111 ab
1068 3086 1197 3111 eorum

321 3127 498 3178 partibus
523 3134 629 3167 stare
661 3143 833 3180 nequeo,
865 3130 929 3181 qui
963 3134 1198 3170 construere

322 3186 362 3221 et
397 3184 594 3225 instruere
628 3187 777 3238 passim
814 3186 916 3226 idem
949 3199 1042 3226 esse
1067 3186 1199 3228 dicunt

1262 806 1351 845 coll.
1380 806 1518 845 Catull.
1551 806 1696 845 LXIV.
1729 810 1820 847 304.
1855 809 1972 860 larye
2004 808 2134 847 multi-

1259 863 1365 915 plici
1403 868 1662 903 constructae
1697 868 1789 902 semt
1826 864 1936 915 dape
1965 877 2133 909 mensae,

1261 920 1325 958 ubi
1340 920 1593 959 coacervandi
1603 921 1676 957 vim
1687 921 1833 958 retinet.
1845 917 2013 958 Mensae
2022 922 2137 970 quasi

1264 980 1450 1015 oneratae
1482 981 1519 1014 et
1545 981 1801 1015 coacervatae
1827 980 1917 1015 sunt
1942 974 2105 1029 epulis]

1319 1034 1501 1085 aurifex.
1552 1032 1661 1071 Istud
1695 1035 1873 1085 artifex,
1904 1031 2009 1083 quod
2032 1031 2136 1074 Elm'.

1263 1093 1304 1128 ut
1324 1094 1530 1128 contextus
1550 1090 1675 1140 ipsius
1690 1088 1896 1127 lectionem
1917 1091 2135 1140 proposuit,

1262 1159 1338 1184 non
1376 1145 1618 1197 displiceret,
1656 1147 1688 1184 si
1722 1148 1756 1183 in
1783 1145 1884 1185 Mss.
1909 1145 1985 1183 tide
2010 1146 2136 1196 dignis

1263 1203 1506 1253 reperiretur.
1556 1202 1630 1240 Est
1655 1203 1755 1240 enim
1781 1202 1893 1240 Deus
1922 1202 2066 1254 faber,
2094 1207 2136 1241 ut

1264 1272 1388 1311 saepe
1424 1263 1601 1304 vocatur,
1645 1260 1754 1298 cuius
1793 1258 1910 1298 duras
1947 1259 2036 1310 igne
2073 1259 2136 1297 vel

1263 1321 1352 1355 arte
1388 1330 1527 1354 manus
1562 1317 1614 1354 ait
1645 1316 1757 1354 Ovid.
1785 1318 1869 1355 Art.
1894 1314 1938 1355 ll.
1966 1319 2059 1357 568.
2097 1320 2137 1355 et

1263 1373 1411 1423 passim
1444 1371 1595 1410 fabrilia
1627 1372 1681 1410 illi
1713 1372 1982 1411 adscribuntur
2006 1386 2135 1423 opera.

1264 1428 1310 1466 cf.
1339 1429 1426 1467 vai.
1454 1428 1650 1467 Flam-N.
1678 1432 1770 1469 432.
1800 1431 1890 1469 456.
1924 1429 2059 1468 Savar.
2087 1429 2137 1468 ad

1264 1485 1397 1536 Apoll.
1425 1486 1559 1523 Sidon.
1586 1485 1710 1536 Epist.
1733 1484 1799 1523 lV.
1826 1491 1861 1526 1.
1888 1484 1989 1532 Quin
2009 1485 2138 1524 eidem

1265 1542 1427 1580 Sidonio
1442 1541 1525 1580 VH.
1545 1548 1609 1582 14.
1634 1543 1732 1581 deus
1751 1544 1910 1594 artifex
1923 1543 2138 1581 nominatur

1265 1603 1303 1637 et
1322 1599 1395 1649 ipsi
1415 1599 1582 1649 Apuleio
1605 1598 1654 1636 de
1668 1598 1809 1649 Dogm.
1825 1597 1925 1637 Plat.
1941 1598 1968 1638 l.
1989 1612 2026 1650 p.
2045 1601 2135 1640 192.

1265 1656 1392 1694 Deus
1416 1657 1515 1694 arti
1519 1658 1608 1708 fea¹
1634 1658 1869 1707 conformat
1900 1656 2137 1695 universam.

1261 1713 1444 1764 Aurisca-
1468 1726 1560 1749 vero
1588 1713 1688 1750 bene
1715 1711 1851 1757 habet,
1889 1712 2012 1763 quod,
2043 1716 2085 1751 ut
2115 1725 2138 1750 e

1259 1782 1373 1819 seqq.
1406 1770 1522 1807 etiam
1558 1769 1781 1821 apparebit,
1818 1782 1976 1807 aureum
2014 1769 2138 1808 fuisse

1260 1826 1366 1864 illum
1379 1838 1527 1863 currum
1541 1826 1741 1871 indicatur,
1753 1825 2002 1864 etVulcanus
2018 1839 2139 1877 opera

1259 1896 1333 1921 sua
1357 1883 1566 1934 praecipue
1591 1896 1719 1922 aurea
1746 1881 1913 1921 faciebat
1944 1883 2049 1933 ipse,
2081 1885 2138 1922 ut-

1260 1943 1354 1991 pote
1390 1940 1427 1977 in
1465 1939 1580 1977 deum
1619 1938 1858 1989 dearumque
1896 1942 1934 1977 et
1977 1939 2138 1978 heroum

1260 2010 1401 2034 munus
1430 1995 1626 2033 &Vasseus
1662 1997 1829 2046 putavit,
1874 1996 2080 2036 Vulcanus
2115 2009 2137 2034 e

1260 2053 1400 2104 glossa
1430 2065 1524 2090 esse
1556 2052 1763 2097 intrusum,
1799 2052 1874 2090 sed
1910 2066 2027 2103 quum
2057 2065 2135 2092 vox

1259 2111 1450 2161 aurifesc,
1494 2109 1595 2147 sicut
1630 2110 1885 2161 ignipotens,
1930 2109 2138 2149 Mulciber

1259 2172 1298 2205 et
1322 2165 1422 2204 aliae
1448 2179 1518 2217 per
1543 2179 1590 2204 se
1609 2179 1684 2204 non
1703 2165 1803 2203 satis
1823 2165 2017 2212 ostendat,
2041 2165 2137 2206 Vul-

1259 2236 1398 2261 canum
1424 2222 1650 2274 significari,
1676 2223 1829 2260 omnino
1845 2222 1883 2260 id
1898 2236 2037 2261 nomen
2052 2237 2137 2275 pro-

1258 2281 1381 2331 prium
1413 2279 1474 2319 hic
1505 2278 1745 2318 retinendum
1777 2292 1889 2326 esse,
1922 2278 2025 2319 Oud.
2057 2281 2139 2319 iure

1259 2350 1332 2375 suo
1360 2337 1575 2376 arbitratur.

1317 2398 1411 2432 ante
1443 2394 1614 2432 thalami
1647 2393 1920 2433 rudimentum
1950 2393 2139 2445 nuptiale

1260 2464 1413 2490 munus.
1462 2449 1565 2489 Nam
1595 2463 1665 2501 pro
1702 2449 1920 2499 virginitate
1956 2449 2138 2502 deposita

1260 2520 1385 2545 novae
1412 2511 1554 2558 nuptae
1579 2520 1603 2545 a
1635 2520 1734 2545 novo
1765 2507 1921 2551 marito,
1957 2510 2000 2544 ut
2036 2504 2137 2545 Elm.

1259 2563 1438 2610 adnotat,
1464 2576 1623 2602 munera
1643 2563 1724 2601 dari
1744 2561 1937 2602 solebant.
1963 2561 2135 2602 Iuvenal.

1261 2620 1342 2659 Sat.
1358 2620 1425 2660 VI.
1441 2624 1534 2661 203.
1559 2620 1625 2658 ubi
1652 2619 1698 2658 cf.
1713 2618 1800 2658 Intt.
1829 2623 1869 2657 et
1893 2618 2029 2659 Schol.
2054 2618 2138 2658 Sed

1256 2678 1358 2715 bene
1367 2676 1469 2716 Oud.
1485 2681 1628 2721 monet,
1642 2676 1703 2715 hic
1717 2676 1877 2727 intelligi
1891 2676 2137 2714 donationem

1256 2739 1346 2772 ante
1371 2734 1527 2786 nuptias
1553 2732 1643 2773 coll.
1670 2732 1746 2772 Cic.
1772 2747 1841 2785 pro
1869 2731 2018 2771 Cluent.
2041 2745 2072 2770 c.
2098 2734 2136 2773 9.

1258 2790 1324 2843 [ct.
1362 2790 1537 2829 Brisson.
1576 2790 1627 2828 de
1663 2789 1742 2830 Rit.
1772 2789 1891 2841 Nupt.
1923 2788 1959 2826 in
1993 2787 2134 2828 Graev.

1257 2847 1379 2886 Thes.
1395 2847 1555 2897 Antiqq.
1571 2845 1616 2885 T.
1628 2845 1732 2886 vm,
1745 2860 1784 2898 p.
1796 2849 1915 2887 1050.
1941 2844 2005 2883 De
2019 2845 2136 2884 rudis

1256 2908 1294 2943 et
1307 2905 1578 2944 rudimentum
1592 2903 1642 2941 de
1656 2902 1887 2947 amantibus,
1914 2902 1978 2952 qui
1992 2901 2136 2940 amoris

1259 2961 1528 3013 voluptatibus
1554 2959 1723 2998 nondum
1750 2957 2047 3009 perfruebantur
2083 2957 2135 2998 cf.

1259 3031 1360 3070 quae
1386 3018 1488 3056 dabo
1515 3017 1565 3055 ad
1589 3016 1686 3055 Met.
1712 3014 1780 3054 IX.
1806 3029 1843 3067 p.
1871 3014 1988 3067 630]

1315 3075 1433 3114 limae
1458 3074 1671 3114 tenuantis.
1733 3071 1901 3123 [Lunae
1926 3071 2133 3111 lectionem

1256 3130 1455 3182 vulgatam
1471 3128 1694 3169 Beroaldus
1714 3128 1767 3166 ita
1785 3127 1979 3166 defendit:
2006 3127 2132 3179 Signi-

1255 3187 1345 3229 ficat
1369 3200 1519 3227 currum
1534 3185 1704 3226 Veneris
1715 3188 1914 3225 arcuatum
1929 3184 2068 3231 fuisse,
2093 3188 2134 3222 et
