2155 3590
713 147 901 188 LIBER
916 146 973 187 11.
1032 145 1162 187 CAP.
1192 146 1237 185 11.

77 261 255 316 corporis
309 260 632 302 inextimabiliter
686 261 734 300 ad
786 261 965 315 regulam
1019 266 1111 301 sunt
1165 257 1449 312 congruentia·

82 317 269 371 ceriltas‚
320 318 522 358 suculenta
578 316 801 380 gracilitas,
835 293 970 357 ”rubor
1010 322 1279 378 temperatus,

1816 141 1872 187 ⁹77

1515 256 1730 296 inenormis
1783 265 1872 310 pro-

81 374 328 429 capillitium,
373 374 476 415 oculi
519 373 638 414 caesii
679 373 832 426 quidem
875 374 943 414 sed
985 372 1127 427 vigiles
1163 378 1276 411 01111
1314 370 1500 424 adspectu
1536 368 1724 409 micantes
1760 382 1872 423 pror—

81 502 342 531 exsecrabiliter
366 503 401 530 F.
418 504 448 531 1.
468 504 498 530 3.
518 503 555 531 Β.
574 501 856 530 inea-ecrabiliter
868 502 904 530 F.
918 504 949 531 2,
965 503 1001 531 G.
1021 499 1310 538 inexplicabiliter
1326 500 1366 528 D.
1381 500 1416 527 L.
1431 499 1467 526 P.
1483 500 1544 526 Ms.
1564 498 1704 534 Bramii‚
1726 498 1761 526 in
1779 497 1873 526 cuius

80 555 181 584 marg.
188 547 467 576 fuezen-rabiliter
478 551 578 576 extat.
591 545 865 575 inerat-rabilia.
873 545 1097 575 exinaciabili
1108 546 1129 575 f.
1152 548 1190 574 In
1202 548 1274 574 cett.
1283 547 1365 573 Mss.
1380 548 1429 572 est
1440 541 1719 570 inexecrabiliter
1727 544 1779 571 vel
1791 549 1874 569 exe-

85 592 273 621 crabiliter.
301 592 338 623 In
361 594 432 622 edd.
454 596 532 622 vett.
550 591 824 629 exaequabiliter
842 596 969 627 praeter
986 593 1100 621 venet.
1115 593 1145 620 4.
1164 598 1247 625 quae
1264 592 1362 619 habet
1379 586 1606 626 aequaliter.
1655 585 1706 614 Ad
1723 585 1874 623 regulam

81 647 150 676 qua
167 637 345 676 diligenter
363 636 496 675 aliquid
511 634 699 675 adfingunt.
727 639 777 666 Ita
796 638 830 666 in
850 638 1014 673 omnibus,
1034 638 1117 672 quod
1131 636 1251 673 sciam,
1271 637 1352 664 Mss.
1366 638 1397 664 et
1408 634 1478 662 edd.
1492 637 1567 662 vett.
1581 633 1700 669 legitur
1710 632 1777 661 nisi
1791 633 1875 666 quod

80 685 117 713 B.
137 682 235 714 habet
253 692 366 721 quam.
382 705 388 712 .

405 705 412 711 .
433 681 617 721 adsignant
634 687 664 712 et
678 683 725 712 ed.
741 691 787 717 pr.
802 679 969 719 adfigunt,
989 686 1025 711 ut
1038 684 1203 717 glossema
1220 681 1254 709 id
1267 682 1488 716 pervetustum
1502 686 1576 707 esse
1588 678 1748 707 videatur.
1795 676 1876 704 sunt

78 736 144 757 11011
162 729 362 764 conspicitur
382 729 415 756 in
433 730 469 757 G.
489 730 525 757 P.
546 729 584 757 D.
603 730 640 757 L.
660 737 692 762 φ.
713 736 750 756 π.
770 727 792 756 f.
808 725 837 756 ὃ.
852 731 884 757 et
896 728 930 756 in
944 729 1013 756 01111.
1027 728 1103 756 inde
1116 725 1243 755 avfflc.
1257 727 1288 754 2.
1336 723 1399 753 sim
1411 723 1447 752 F.
1461 725 1492 752 3.
1507 723 1559 751 sin
1572 724 1776 759 p.-pr0-sune‚
1791 721 1875 750 011110

80 774 246 803 revocavi.
293 773 476 802 inenormis
495 772 619 801 saecul.
635 772 834 810 proceritas
851 780 963 801 omnes
982 773 1051 801 edd.
1071 775 1146 801 vett.
1167 775 1295 807 praeter
1310 771 1394 799 lunt.
1407 771 1438 798 2.
1486 767 1665 797 eumenia
1683 768 1718 796 F.
1738 769 1765 796 l.
1786 768 1817 796 3.
1836 767 1874 795 G.

78 820 117 848 In
134 823 208 848 cett.
227 818 435 848 succulenta.
486 819 521 847 in
539 816 705 856 affectum
722 819 807 847 Elm.
825 818 945 847 vitiose
962 820 1068 847 habet.
1124 818 1199 845 cece·
1212 816 1246 844 si
1261 814 1390 854 quidem
1410 815 1446 844 F.
1459 815 1490 843 3.
1509 816 1547 844 G.
1560 815 1596 842 P.
1608 815 1647 843 L.
1661 814 1700 842 D.
1715 821 1744 847 p.
1760 812 1781 840 f.
1797 810 1879 839 celei

80 865 112 892 si
122 862 262 902 quidem.
276 862 306 893 δ.
352 864 504 901 inspectu
518 864 549 892 si
560 862 689 902 quidem
703 864 867 891 micantes
880 864 919 891 D.
965 861 1162 899 inadspecta
1174 863 1313 891 Vulcan.
1333 860 1430 895 quasi
1448 867 1547 888 unum
1565 862 1654 888 esset
1669 859 1876 887 vocabulum.

80 909 115 937 in
134 907 294 946 adspectu
314 911 348 939 F.
366 911 394 938 1.
416 911 447 938 3.
468 911 503 938 Ρ.
525 912 560 938 G.
580 911 616 938 L.
639 909 660 937 f.
679 913 709 938 et
728 916 839 937 omnes
858 909 927 937 edd.
948 912 1025 937 vett.
1055 909 1093 936 In
1106 907 1242 941 reliquis
1257 910 1305 935 est
1323 905 1358 933 in
1372 904 1562 942 adspectus.
1576 903 1720 932 minores
1735 903 1756 931 f.
1770 904 1806 931 R.
1821 910 1876 937 pro

81 955 240 984 minaces.
286 952 461 983 imitantes
475 956 511 984 B.
526 954 602 990 [nec
615 957 787 982 mutantes
800 958 834 982 ut
847 955 925 982 oud.
941 952 1090 989 excitat]

83 1067 184 1105 quae
207 1068 282 1092 non
309 1053 572 1100 cohaererent,
597 1055 631 1092 si
656 1058 788 1092 auctor
808 1053 949 1105 proles

83 1111 322 1162 scripsisset.
363 1110 579 1163 [Probitas
603 1110 704 1149 idem
729 1122 822 1148 esse
846 1109 951 1160 quod

83 1167 348 1214 verecundia,
370 1167 582 1219 pudicitia
605 1166 721 1205 docet
745 1165 874 1204 Burin.
900 1165 951 1202 ad

84 1221 200 1262 Ovid.
230 1221 348 1261 Trist.
368 1222 396 1262 1.
429 1226 467 1263 6.
490 1227 552 1263 19.
583 1222 631 1260 ad
657 1221 813 1260 Petron.
839 1235 870 1259 c.
886 1225 949 1261 55.

138 1336 483 1375 inextimabiliter.
521 1334 581 1373 Ex
605 1339 686 1373 tota
710 1334 812 1373 Mss.
838 1333 953 1372 sarra-

83 1391 173 1443 gine
203 1396 243 1429 et
267 1391 356 1430 VV.
381 1391 470 1430 DD.
503 1391 733 1429 coniecturis
765 1390 891 1442 [Grut.
917 1390 952 1427 in

85 1448 202 1499 Susp.
217 1447 285 1487 IV.
311 1461 342 1487 c.
357 1452 395 1489 5.
420 1448 792 1499 inexplicabiliter,
818 1445 952 1484 Brant.

83 1505 456 1558 inexaequabiliter
510 1503 647 1543 Heius.
702 1503 951 1543 inasciabili-

84 1560 174 1613 ten]
200 1560 302 1600 Oud.
319 1561 482 1599 eruebat
500 1561 762 1599 coniecturam
784 1560 951 1598 inextri-

85 1617 285 1663 cabiliter,
316 1617 422 1669 quod
451 1618 554 1655 idem
591 1630 672 1655 voc.
702 1617 802 1655 locis
834 1615 952 1667 Apul.

83 1673 180 1712 Met.
199 1672 249 1712 X.
283 1687 319 1725 p.
340 1677 433 1716 695.
458 1672 525 1712 Xl.
551 1687 587 1726 p.
607 1678 699 1715 807.
724 1673 967 1716 stabiliatur„

87 1729 169 1768 Sed
192 1731 322 1777 timeo,
354 1735 395 1769 ut
413 1731 498 1769 eius
516 1730 744 1782 significatio
766 1730 801 1768 h.
821 1729 845 1768 ¹.
866 1742 953 1768 con-

84 1787 225 1825 veniat.
274 1783 570 1827 Inextrieabile
591 1787 694 1826 enim
725 1787 952 1832 nominatur,

87 1843 189 1882 unde
206 1842 312 1882 nullo
331 1844 449 1882 modo
470 1848 508 1882 te
521 1844 707 1896 expedire
728 1848 855 1895 potes,
881 1855 954 1881 nec

88 1913 119 1938 0.
151 1898 319 1938 Forcell.
357 1913 427 1951 per
467 1901 755 1941 inenarrabilis
785 1899 954 1951 explica·

86 1956 207 1994 verim
237 1969 298 2008 ap.
329 1954 429 1995 Plin.
455 1956 556 1996 Hist.
582 1957 630 1995 N.
655 1955 723 1995 XI.
751 1961 787 1997 2.
817 1961 864 2002 1.‚
890 1956 954 1993 ubi

86 2009 387 2053 inextricabilis
423 2016 630 2067 perfectio
672 2017 736 2051 est
771 2025 819 2051 ea
854 2025 956 2063 quae

88 2069 275 2120 explicari
317 2071 457 2121 nequit.
519 2070 586 2108 Sic
627 2069 763 2109 Gloss,
800 2081 957 2121 quoque

87 2124 244 2164 Philox.
269 2125 480 2165 illustrant.
505 2126 797 2166 ineoetricabile
816 2123 957 2164 ἀκατα·

89 2178 168 2221 πάλ
170 2195 311 2228 αιστον,
315 2179 650 2249 ἀκαταφρόνητον
673 2186 713 2220 et
737 2183 957 2221 inextrica-

92 2236 221 2277 bilis'
201 2234 495 2292 ακατάτρεπτος.
520 2238 578 2277 Ita
595 2239 780 2277 restituo
772 2252 807 2276 111
823 2237 957 2277 Gloss.

91 2294 182 2333 lsid.
196 2307 232 2345 p.
248 2297 340 2336 678
354 2308 424 2347 pro
439 2296 716 2349 efficabilis—
727 2294 957 2347 expeditus,

92 2352 348 2391 extrica-bilis
368 2375 425 2381 —
442 2352 663 2404 expeditus
687 2355 727 2390 et
750 2351 834 2390 lntt.
860 2349 957 2389 11·οη.

91 2406 137 2445 Π.
164 2411 228 2448 22.
254 2408 554 2448 extricabiliter
583 2422 652 2460 pro
684 2407 959 2462 efficabiliter.

92 2463 249 2502 Deinde
270 2465 404 2503 vocab.
419 2469 502 2503 erat
512 2465 706 2510 usitatius,
724 2477 840 2515 quam
855 2463 959 2516 quod

91 2520 145 2558 ita
172 2533 197 2558 a
226 2520 391 2559 librariis
421 2525 562 2573 posset
593 2521 819 2572 permutari,
849 2533 959 2572 prae-

93 2577 227 2615 sertim
251 2590 338 2615 cum
362 2578 399 2616 in
424 2578 585 2629 reliquis
612 2578 710 2615 locis
731 2577 959 2616 110110111νο-

93 2633 216 2672 niatur
241 2633 424 2673 librorum
449 2633 721 2686 discrepantia.
770 2633 963 2685 Equidem

95 2689 262 2741 corrigo:
289 2691 643 2737 inextimabiliter,-
673 2690 848 2729 Glossae
872 2689 963 2728 Phi-

96 2744 172 2784 lox.
187 2759 224 2797 p.
241 2751 259 2787 1
269 2747 331 2788 14.
345 2747 636 2787 inextimabilis
649 2745 867 2792 ἀνείκαστος
880 2745 920 2799 [i.
929 2759 963 2785 0.

95 2803 448 2856 incomparabilis]
473 2803 608 2844 Gloss.
630 2803 694 2842 Gr.
714 2802 801 2842 Lat.
818 2815 857 2854 p.
871 2806 963 2844 374.

95 2857 314 2906 ἀνείκαστος
336 2860 626 2907 inestimabilis,
651 2857 869 2900 ἀνείκαστον
886 2861 951 2899 ine

95 2915 292 2955 stimabile
304 2917 514 2970 infinitum,
530 2916 635 2968 quod
647 2930 722 2955 non
736 2916 863 2955 solum
871 2917 966 2968 opti·

96 2984 198 3010 mam
209 2972 374 3023 praebet
385 2973 631 3019 sententiam,
645 2973 719 3011 sed
733 2973 848 3011 etiam
864 2972 968 3012 sacil-

97 3025 188 3066 lime
195 3032 350 3080 poterat
357 3029 559 3081 corrumpi,
568 3043 684 3081 quum
694 3033 877 3081 quantum
883 3029 966 3068 scio

98 3084 202 3134 apud
218 3089 377 3124 veteres
396 3087 460 3137 qui
479 3085 595 3125 hodie
615 3090 748 3125 extant
766 3100 841 3125 non
856 3099 967 3138 repe-

98 3140 222 3179 riatur.
266 3142 308 3180 Si
329 3143 416 3194 quis
433 3147 561 3182 tamen
583 3144 870 3183 execrabiliter
882 3156 967 3195 pro-

1011 1052 1176 1097 baverit,
1214 1050 1394 1102 equidem
1432 1063 1506 1088 non
1542 1046 1778 1101 repugnabo.
1826 1045 1879 1086 Ut

1008 1108 1110 1146 enim
1134 1107 1238 1158 apud
1262 1106 1293 1144 F
1296 1111 1444 1145 ronton.
1471 1105 1594 1157 Epist.
1619 1103 1671 1143 ad
1687 1102 1744 1143 M.
1766 1103 1878 1142 Caes.

1009 1163 1054 1201 H.
1081 1168 1116 1204 6.
1143 1177 1179 1214 p.
1202 1168 1266 1204 51.
1299 1163 1359 1201 ed.
1386 1162 1500 1200 Rom.
1524 1162 1665 1213 ‘legitur
1689 1161 1879 1200 How-ribi-

1010 1220 1103 1259 liter
1143 1220 1346 1271 scripsisti
1382 1224 1490 1258 tuam
1527 1220 1750 1257 orationem
1786 1217 1807 1256 i.
1844 1228 1878 1255 e.

1013 1279 1141 1322 δεινῶς
1171 1277 1369 1326 δαιμονίως
1392 1275 1451 1313 sic
1477 1275 1592 1312 etiam
1619 1273 1880 1314 exsecrabili-

1014 1338 1073 1371 ter
1102 1332 1138 1370 in
1170 1332 1313 1370 bonam
1338 1336 1487 1382 partem
1513 1335 1665 1382 poterat
1688 1330 1773 1368 dici.
1822 1328 1880 1368 In-

1011 1390 1113 1427 vitus
1149 1388 1266 1426 reieci
1296 1388 1416 1425 verba
1448 1401 1528 1440 qna
1560 1387 1723 1439 aliquid
1753 1387 1880 1439 adfin-

1011 1450 1136 1499 yunt,
1179 1457 1279 1495 quae
1315 1444 1352 1482 111
1385 1443 1564 1482 omnibus
1600 1456 1702 1495 quos
1739 1443 1881 1480 contuli

1011 1501 1123 1540 codd.
1164 1501 1423 1541 inveniuntur.
1466 1499 1539 1538 sed
1576 1513 1692 1551 quum
1735 1512 1881 1537 meram

1009 1558 1188 1610 glossam
1228 1556 1400 1609 sapiant,
1450 1557 1578 1595 otiosa
1626 1569 1701 1594 non
1749 1555 1881 1594 desen-

1009 1615 1089 1664 d0.]

1068 1672 1290 1712 succulenta.
1327 1670 1402 1722 [ita
1425 1670 1672 1709 scribendum
1698 1682 1792 1708 esse
1817 1668 1883 1707 do-

1012 1733 1102 1767 oent
1125 1727 1255 1779 Heyn.
1279 1726 1330 1766 ad
1355 1727 1462 1778 Vir-g.
1489 1726 1571 1766 Ecl.
1594 1725 1656 1771 111.
1679 1730 1714 1767 6.
1739 1726 1882 1778 VVagn.

1010 1785 1062 1824 ad
1091 1782 1199 1836 Virg.
1230 1784 1278 1823 G.
1297 1782 1324 1821 l.
1358 1788 1422 1825 90.
1472 1784 1539 1822 Sic
1567 1783 1713 1834 ubique
1744 1795 1884 1821 vocem

1012 1841 1213 1893 proferunt
1248 1840 1392 1879 Medic.
1429 1845 1469 1878 et
1504 1840 1617 1879 Rom.
1649 1839 1763 1878 codd.
1798 1839 1884 1877 Vir-

1011 1898 1093 1951 gilii
1135 1899 1268 1949 optimi
1309 1901 1349 1935 et
1388 1897 1494 1948 apud
1535 1896 1653 1948 Apul.
1695 1895 1884 1934 Florentt.

1012 1954 1151 1993 Heius.
1182 1955 1233 1992 ad
1263 1952 1334 1992 Sil.
1366 1952 1448 1992 Ital.
1470 1952 1555 1991 VH.
1591 1956 1680 1993 169.
1707 1952 1756 1991 es.
1780 1951 1883 2003 Rup.

1013 2009 1065 2050 ad
1089 2010 1249 2049 luv.Xl.
1276 2010 1359 2062 76.]

1068 2069 1218 2122 flav-um
1246 2067 1507 2120 capillitium.
1545 2067 1673 2106 Flavo
1695 2064 1885 2117 capillitio

1016 2138 1156 2176 magna
1186 2124 1277 2162 olim
1308 2136 1417 2169 cura,
1454 2135 1619 2175 magnus
1649 2122 1774 2161 honor
1803 2126 1888 2160 erat

1016 2181 1064 2219 cf.
1087 2181 1189 2219 Stat.
1214 2179 1314 2219 Ach.
1334 2178 1360 2218 1.
1389 2183 1479 2220 162.
1505 2179 1571 2232 [cf.
1591 2179 1732 2231 Bottig.
1754 2178 1886 2217 Sabin.

1016 2237 1043 2276 l.
1074 2251 1111 2289 p.
1135 2241 1224 2279 119.
1260 2240 1349 2278 139.
1385 2239 1475 2277 160.
1516 2233 1679 2275 Tertull.
1716 2235 1766 2273 de
1796 2234 1885 2274 cult.

1017 2293 1105 2332 sem.
1126 2308 1157 2332 0.
1174 2296 1210 2335 6.
1230 2293 1306 2332 lntt
1317 2293 1379 2332 .ad
1392 2292 1497 2331 Petr.
1512 2307 1542 2332 c.
1560 2297 1650 2334 110.
1664 2305 1701 2344 p.
1718 2295 1810 2333 656.
1826 2305 1885 2342 sq.

1017 2349 1148 2401 ibique
1161 2350 1290 2389 Burm.
1306 2350 1423 2401 Apul.
1438 2349 1535 2388 Met.
1549 2348 1599 2388 X.
1613 2362 1650 2401 p.
1665 2353 1757 2390 737.
1773 2348 1886 2399 inpri-

1017 2407 1091 2446 mis
1121 2406 1383 2459 K'obierzyck.
1424 2406 1474 2444 de
1506 2407 1599 2446 luxu
1627 2405 1742 2444 Rom.
1775 2405 1838 2443 lib.
1858 2403 1886 2442 ἰ.

1017 2467 1106 2504 0.’6.
1139 2464 1175 2502 in
1207 2464 1347 2503 Graev.
1381 2463 1501 2502 Thes.
1534 2463 1625 2502 Ant.
1659 2462 1703 2500 T.
1723 2460 1824 2499 Vlll.
1850 2473 1887 2511 p.

1020 2524 1137 2562 1300.
1169 2524 1209 2558 et
1237 2519 1368 2559 Burm.
1394 2519 1444 2558 ad
1467 2518 1644 2571 Propert.
1666 2517 1710 2556 ll.
1737 2522 1772 2559 2.
1799 2516 1888 2568 57.]

1027 2626 1029 2628 Ι
1072 2578 1349 2630 inaffectatum
1373 2576 1623 2629 capillitinm
1653 2578 1716 2613 est
1743 2587 1816 2613 suo
1836 2574 1890 2611 in-

1020 2634 1134 2685 genio
1165 2633 1358 2679 inflexum,
1383 2632 1605 2672 calamistro
1629 2646 1704 2670 11011
1729 2643 1890 2669 conver-

1020 2702 1107 2729 smn
1127 2689 1175 2728 cf.
1196 2689 1281 2729 lntt.
1303 2690 1355 2729 ad
1372 2689 1478 2728 Petr
1497 2692 1586 2730 126.
1601 2702 1636 2740 p.
1652 2688 1746 2730 779.
1760 2687 1889 2725 Burm.

1079 2748 1202 2787 caesii
1241 2745 1314 2799 [cs.
1359 2759 1459 2798 quae
1494 2749 1673 2784 accurate
1709 2743 1894 2818 exposuit

1021 2804 1142 2860 Voss.
1168 2802 1339 2855 Etymol.
1365 2816 1397 2841 5.
1421 2802 1474 2855 v.]

1078 2858 1122 2900 in
1135 2861 1335 2913 adspectu
1352 2860 1557 2899 micantes.
1588 2858 1668 2911 [De
1687 2856 1749 2896 his
1763 2857 1892 2896 oculis

1024 2916 1263 2969 fulgentibus
1295 2920 1335 2954 et
1365 2914 1503 2953 lucidis
1532 2914 1583 2953 cs.
1615 2926 1716 2966 quae
1737 2926 1877 2953 000010

1023 2974 1176 3013 tissime
1215 2972 1385 3012 enotavit
1416 2970 1564 3023 Spanh.
1595 2971 1646 3011 ad
1676 2970 1744 3010 lul.
1777 2969 1893 3009 Caes.

1025 3030 1086 3069 ed.
1117 3030 1289 3082 srancog.
1320 3043 1357 3081 p.
1373 3032 1437 3069 34.
1470 3031 1510 3066 et
1540 3028 1577 3066 in
1605 3027 1762 3067 Probat.
1788 3041 1825 3080 p.
1841 3031 1895 3069 22

1026 3091 1066 3125 et
1085 3090 1150 3128 23.
1175 3086 1271 3125 Met.
1285 3084 1348 3124 Ill.
1368 3099 1404 3136 p.
1420 3087 1512 3125 209.
1532 3084 1580 3122 V.
1599 3098 1636 3136 p.
1653 3089 1744 3126 378.
1764 3084 1894 3123 Burni.

1025 3143 1076 3182 ad
1100 3143 1214 3182 Ovid.
1240 3142 1337 3181 Met.
1350 3140 1413 3180 111.
1440 3141 1527 3193 33.]

1330 313 1407 354 flav
1411 327 1473 353 um
1522 319 1561 353 et
1606 312 1873 353 inaffectatum
1897 315 1941 348 88
