2155 3590
622 121 812 162 LIBER
841 122 868 162 Ι.
929 121 1054 162 CAP.
1086 120 1196 160 XIX.
1226 121 1316 160 XX.
1814 120 1869 163 59

76 243 154 276 tum
179 235 220 276 in
245 235 388 276 flumen
412 247 536 289 paene
559 242 738 284 cernuat,
763 234 769 291 Ι
791 235 867 276 nisi
892 249 966 290 ego
990 234 1114 276 altero
1134 234 1218 274 eius
1243 234 1338 287 pede
1357 241 1512 274 retento
1531 233 1602 274 vix
1622 240 1662 275 et
1678 247 1800 288 aegre
1819 234 1867 274 ad

74 292 198 345 ripam
221 291 464 345 superiorem
488 290 660 341 attraxi3
685 291 751 331 ubi
776 292 955 332 defletum
981 304 1050 345 pro
1075 297 1249 344 tempore
1275 289 1455 329 comitem
1480 289 1674 330 misellum
1697 303 1867 336 arenosa

76 348 189 388 humo
219 347 259 387 in
291 347 416 387 amnis
446 346 591 387 vicinia
623 348 861 401 sempiterna
893 347 1067 388 contexi.
1129 344 1218 400 Ipse
1242 345 1417 399 trepidus
1449 353 1488 386 et
1517 346 1663 386 eximie
1687 353 1866 387 metuens

74 403 165 443 mihi
185 417 254 457 per
278 403 455 444 diversas
480 409 519 443 et
542 403 652 443 avias
678 404 909 444 solitudines
935 403 1086 457 aufugi,
1113 409 1153 443 et
1177 402 1289 456 quasi
1314 402 1495 442 conscius
1521 401 1613 441 mihi
1640 402 1769 443 caedis
1794 402 1865 443 hu-

72 473 232 510 manae,
258 459 397 500 relicta
421 459 549 512 patria
572 465 612 499 et
634 459 718 499 lare
743 460 965 500 ultroneum
990 459 1154 500 exilium
1173 458 1378 513 amplexus
1404 472 1507 498 nunc
1532 458 1731 498 Aetoliam
1761 472 1864 499 novo

72 522 272 556 contracto
297 515 546 556 matrimonio
572 515 672 555 0010.

635 665 1297 724 CAPUT-XX.

179 795 288 838 Haec
313 798 604 839 Aristomenes.
666 799 723 838 At
746 798 812 839 ille
842 813 972 839 comes
1005 799 1105 848 eius,
1134 799 1199 852 qui
1225 798 1357 839 statim
1381 797 1493 838 initio
1519 798 1717 840 obstinata
1734 798 1864 840 incre-

66 854 226 894 dulitate
263 868 483 895 sermonem
516 855 599 895 eius
631 855 857 908 respuebat:
895 854 1028 905 Nihil,
1062 855 1209 908 inquit,
1250 855 1322 895 hac
1347 855 1479 895 fabula
1503 855 1739 903 fabulosius,
1768 855 1864 895 nihil

66 911 140 951 isto
171 911 374 951 mendacio
407 911 630 951 absurdius.
692 910 746 951 Et
776 913 823 951 ad
855 925 915 952 me
947 924 1182 952 conversus:
1219 911 1283 952 Tu
1319 918 1470 961 autem,
1508 911 1656 964 inquit,
1696 911 1781 962 vir,
1821 919 1865 952 ut

67 967 219 1008 habitus
249 974 290 1007 et
321 966 328 1023 1
360 967 543 1008 habitudo
569 968 814 1008 demonstrat
837 975 1017 1018 ornatus,
1045 968 1198 1008 accedis
1225 967 1313 1007 huic
1338 968 1519 1008 fabulae?
1542 965 1631 1021 Ego
1655 981 1774 1018 vero>
1801 968 1861 1008 in-

63 1098 246 1124 eurr-uerat
265 1097 302 1124 B.
322 1098 355 1125 0.
375 1097 411 1125 Ρ.
438 1098 507 1125 edd.
527 1099 604 1125 vett.
623 1104 767 1124 cernuus
786 1099 967 1125 corruerat
984 1098 1068 1124 Iunt.
1082 1098 1113 1125 2.
1127 1104 1185 1133 ego
1212 1096 1323 1123 allero
1349 1098 1384 1125 F.
1398 1097 1428 1125 3.
1454 1099 1491 1125 G.
1515 1098 1551 1125 P.
1577 1098 1615 1126 D.
1639 1105 1670 1131 p.
1692 1097 1713 1125 f.
1733 1097 1861 1127 Vicent.

65 1143 210 1170 Beroald.
232 1142 334 1170 Colin.
358 1143 395 1170 In
413 1145 486 1170 cett.
505 1146 554 1170 est
573 1141 684 1169 altero
703 1150 772 1179 ego.
818 1142 882 1169 imo
902 1144 935 1168 et
953 1149 1055 1178 aegre
1074 1142 1095 1169 f.
1111 1139 1397 1175 adtra.2·emLips.
1412 1143 1550 1170 coniecit
1562 1142 1595 1170 in
1609 1149 1710 1177 marg.
1758 1142 1861 1169 comi-

64 1189 127 1213 lem
141 1194 206 1222 pro
227 1188 373 1223 tempore
385 1188 423 1214 D.
471 1194 613 1214 arenosar
632 1189 705 1215 1513.
721 1195 749 1221 p.
764 1187 890 1215 Vicent.
905 1188 1056 1215 Vener-2.
1069 1188 1230 1214 AldJunt.
1247 1188 1274 1214 1.
1289 1194 1456 1222 arenosae
1469 1189 1504 1215 B.
1519 1188 1632 1216 Venet.
1642 1189 1672 1216 4.
1686 1188 1794 1216 Paris.
1823 1189 1860 1217 ln

61 1235 134 1260 cett.
147 1238 305 1260 arenosa.
351 1229 487 1260 lcumiB.
534 1232 643 1260 amnis
656 1240 713 1266 pro
727 1231 849 1259 am'tm's
859 1233 939 1259 G.0.

986 1230 1099 1258 cic-ina
1115 1231 1135 1259 f.
1183 1228 1296 1268 aff'legi
1312 1231 1350 1258 D.
1397 1239 1485 1259 nunc·
1504 1234 1594 1260 abes!
1614 1240 1634 1260 a
1648 1241 1678 1267 p.

151 1277 270 1304 statim
287 1277 321 1303 in
339 1277 436 1304 initio
452 1278 487 1305 G.
507 1278 543 1305 P.
564 1277 585 1305 f.
600 1285 630 1312 p.
678 1275 857 1303 hoste'nata
874 1276 913 1304 D.
961 1283 1128 1303 sermones
1143 1276 1163 1304 f.
1211 1274 1299 1303 m'ln'l
1314 1277 1399 1303 enim
1418 1278 1455 1305 B.
1494 1276 1681 1314 fabulosus
1698 1279 1812 1306 Venet.
1827 1279 1859 1307 4.

61 1319 124 1349 hoe
137 1319 308 1349 mendacio
322 1323 359 1350 B.
407 1320 585 1350 assur-dius
597 1323 636 1350 D.

688 1324 722 1348 et
740 1330 762 1348 a
781 1329 831 1348 me
844 1322 881 1349 1).
897 1329 917 1349 a
930 1330 969 1349 m.
984 1329 1013 1355 p.
1061 1319 1273 1348 demonstrat
1287 1322 1322 1349 1⁴¹.
1344 1322 1373 1349 1.
1391 1322 1421 1349 3.
1443 1323 1478 1350 G.
1500 1323 1534 1350 P.
1555 1322 1577 1350 f.
1596 1323 1630 1350 0.
1651 1324 1765 1352 Vellet.
1779 1325 1810 1351 2.
1828 1325 1859 1352 4.

60 1367 166 1396 Paris.
193 1369 233 1396 In
251 1367 386 1401 reliquis
405 1366 650 1395 denmnstrant.
702 1365 866 1395 cordatus
887 1374 940 1401 pro
960 1369 1105 1394 ornatus
1123 1366 1260 1395 coniecit
1281 1367 1442 1395 Stewech.

116 1483 297 1517 cernuat.
323 1476 424 1516 Oud.
445 1476 592 1518 Iunt.2.
618 1478 821 1516 lectionem
846 1490 922 1515 am-

62 1533 248 1584 plexatur,
275 1547 468 1573 corruere
493 1536 617 1573 activo
643 1547 763 1572 sensu
788 1534 925 1572 intelli·

60 1604 156 1639 gens
182 1595 222 1629 ut
234 1590 329 1629 Met.
345 1590 446 1629 VIII.
473 1605 508 1643 p.
525 1595 617 1632 530.
648 1591 814 1630 Charite
839 1604 926 1629 cor-

60 1648 144 1686 ruit
161 1661 313 1699 corpas
326 1651 365 1685 et
386 1647 435 1685 de
456 1662 626 1687 cernuus
646 1648 787 1686 excitat
805 1647 925 1685 Drak.

59 1703 109 1741 ad
127 1702 214 1742 Liv.
229 1703 279 1741 X.
300 1707 392 1744 256.
413 1717 486 1742 sua
509 1705 546 1742 in
565 1703 735 1742 Miscell.
757 1703 924 1742 ObserV.

60 1759 149 1797 Vol.
164 1759 212 1798 V.
240 1759 352 1798 Toni.
368 1758 411 1798 ll.
432 1774 468 1811 p.
487 1765 576 1802 167.
603 1761 652 1799 ad
666 1761 805 1799 Avien.
832 1764 924 1801 533.

58 1816 203 1855 Arnob.
229 1815 314 1855 VII.
347 1819 410 1857 38.
443 1818 573 1868 ibique
597 1816 743 1869 Orestj
777 1818 812 1855 in
847 1818 926 1867 qui-

60 1873 132 1911 bus
180 1872 374 1924 exemplis
417 1888 588 1913 cernuus
631 1872 690 1911 vel
736 1874 927 1913 cernulus

61 1942 147 1967 cum
171 1943 290 1969 ruere
325 1933 364 1968 et
399 1931 557 1969 volvere
594 1931 836 1969 coniunctum
876 1929 925 1967 le-

59 1985 166 2036 gitur.
194 1985 393 2037 [Oudend.
426 1987 682 2025 coniecturam
708 1991 929 2026 eernuarat

61 2055 134 2080 non
159 2043 369 2093 comprobo
394 2046 550 2094 propter
573 2055 747 2093 sequens
772 2044 850 2081 <nisi
868 2047 927 2081 at-

60 2099 185 2137 traoei.
244 2096 415 2136 Primum
440 2100 540 2137 enim
566 2112 631 2137 cur
656 2099 780 2138 activo
807 2111 927 2136 sensu

59 2153 259 2205 intelligat,
300 2155 481 2204 equidem
510 2169 585 2193 non
637 2156 748 2207 capio
797 2168 927 2205 quam-

59 2223 175 2261 quam
198 2211 359 2261 passive
385 2209 523 2260 legitur
541 2212 644 2263 apud
665 2211 786 2250 Solin.
807 2226 838 2250 c.
870 2215 925 2250 17.

60 2270 171 2307 c.45.
199 2267 278 2314 (ubi
304 2267 392 2305 vide
417 2267 556 2317 Sallu.)
587 2268 764 2308 Cermcat
786 2267 927 2306 deinde

58 2323 297 2362 retinendum
327 2327 399 2361 est.
460 2323 562 2362 Oud.
594 2325 694 2362 enim
727 2324 819 2375 quid
849 2325 928 2362 nisi

58 2393 144 2418 cum
179 2379 276 2430 perf.
313 2380 388 2419 ind.
420 2380 493 2419 sibi
525 2380 618 2418 velit
647 2394 721 2418 non
752 2380 926 2419 recorda-

59 2440 122 2474 tus
149 2436 298 2473 videtur
323 2449 425 2475 esse.
475 2436 673 2486 Significat
698 2438 799 2474 enim
822 2436 924 2474 idem

59 2492 164 2543 quod
188 2492 376 2543 particula
394 2494 466 2532 sed
474 2507 486 2538 ,·
511 2493 557 2531 cs.
573 2492 673 2531 Oud.
688 2493 736 2532 ad
752 2492 864 2531 Caes.
878 2492 923 2530 B.

61 2548 108 2587 G.
123 2547 172 2587 V.
189 2552 252 2588 13.
268 2549 318 2587 ad
333 2548 439 2588 Suet.
450 2549 563 2587 Galb.
575 2554 592 2589 1
603 2548 768 2589 0.Drak.
782 2549 829 2588 ad
839 2548 923 2587 Liv.

59 2609 139 2651 24„
162 2608 224 2645 10.
250 2604 388 2643 Matth.
415 2606 465 2644 ad
488 2605 563 2644 Cic.
591 2610 681 2643 orat.
710 2620 778 2656 pro
804 2605 924 2643 Rosc.

60 2661 191 2700 Amet.
213 2664 277 2701 35.
302 2662 332 2712 Q.
348 2665 413 2702 99.
438 2662 557 2713 Apul.
583 2661 679 2700 Met.
695 2661 736 2699 ll.
762 2675 798 2713 p.
814 2661 925 2714 ¹166]

116 2718 268 2756 vicinia
287 2719 440 2770 sempit.
469 2723 576 2756 cont.
599 2717 680 2768 [De
699 2731 804 2756 more
824 2722 926 2756 vete-

58 2787 152 2821 rum,
188 2787 258 2812 eos
285 2775 348 2825 qui
383 2774 554 2825 legitimo
591 2774 723 2812 funere
756 2787 824 2825 per
855 2774 929 2812 loci

60 2829 122 2868 vel
145 2831 332 2881 temporis
357 2832 593 2881 iniquitatem
624 2831 735 2868 'condi
762 2845 835 2869 non
862 2844 928 2881 po-

60 2890 196 2932 terant,
210 2886 326 2925 humo
341 2888 573 2938 contegendi
588 2899 725 2925 eamve
739 2887 928 2938 capitibus

61 2942 245 2981 obruendi
281 2943 328 2982 cs.
364 2942 450 2982 lntt.
486 2944 535 2982 ad
571 2942 663 2982 Hor.
700 2942 776 2982 Od.
800 2942 829 2982 l.
863 2947 927 2984 28.

60 3001 113 3039 23
151 3003 190 3037 et
225 3003 288 3039 36.
320 2998 475 3038 Petron.
513 3000 642 3050 Satyr.
676 3004 766 3040 114.
798 2998 927 3046 Quint.

59 3053 236 3094 Declam.
262 3060 298 3096 5.
329 3055 530 3107 P1·op.IlI.
558 3061 592 3095 7.
620 3056 702 3108 26.]

117 3125 290 3151 arenosa
315 3113 455 3158 lemno.
491 3112 696 3152 Arenosae
722 3113 840 3153 lemno
866 3111 927 3151 vel

983 1477 1091 1516 humi
1105 1481 1314 1527 contegere
1335 1476 1490 1515 latinum
1509 1489 1584 1515 non
1600 1490 1692 1515 esse
1706 1482 1859 1517 conten-

984 1533 1037 1572 dit
1045 1532 1146 1572 Oud.
1158 1547 1205 1571 eo
1220 1534 1567 1572 110111iueHeins.ad
1576 1533 1857 1574 Ovid.Met.lV.

987 1595 1079 1632 261.
1106 1592 1242 1628 acriter
1265 1592 1503 1641 vituperans,
1530 1592 1589 1628 cui
1613 1591 1712 1629 hacc
1732 1604 1857 1629 emen-

986 1647 1090 1686 datio
1125 1647 1376 1698 perplacebat
1409 1646 1479 1699 [cs.
1511 1646 1639 1685 Rudd.
1671 1646 1781 1686 Instt.
1814 1646 1857 1686 II.

985 1717 1021 1754 p.
1048 1707 1141 1744 273.
1169 1704 1310 1742 stallb.
1338 1705 1399 1742 ubi
1426 1703 1589 1754 plurima
1618 1703 1856 1756 afferuntur]

1041 1762 1294 1812 sempiterna.
1321 1760 1411 1798 Fuit
1430 1773 1516 1798 cum
1535 1758 1637 1798 Oud.
1659 1773 1707 1799 ex
1722 1760 1856 1799 (Βαίου.

985 1820 1077 1855 orat.
1110 1829 1170 1867 ap.
1199 1816 1347 1855 Charis.
1372 1816 1417 1855 ΙΙ.
1448 1831 1486 1868 p.
1514 1818 1606 1856 194.
1631 1816 1793 1855 Putsch.
1819 1820 1859 1856 et

986 1873 1109 1911 Solin.
1158 1887 1188 1911 c.
1234 1877 1298 1913 40.
1347 1874 1589 1925 sempiterno
1639 1874 1857 1918 coniiceret,

985 1930 1057 1968 sed
1077 1930 1330 1968 considerans
1350 1933 1546 1968 auctorem
1565 1930 1715 1980 passim
1728 1943 1857 1968 amare

986 1986 1177 2025 adiectiva
1205 1999 1274 2037 pro
1299 1986 1454 2024 adverb.
1481 1985 1595 2023 etiam
1621 1999 1691 2037 per
1714 1985 1855 2037 hypal-

986 2042 1100 2092 lagen
1131 2056 1276 2092 ponere
1299 2043 1419 2080 tutius
1456 2046 1592 2080 censet
1623 2042 1673 2080 nil
1705 2043 1853 2086 mutari,

986 2098 1072 2137 coll.
1097 2097 1193 2137 Met.
1216 2097 1314 2136 VIII.
1343 2112 1377 2148 p.
1393 2101 1485 2138 542.
1509 2104 1736 2151 perpetuae
1760 2112 1852 2138 con-

986 2156 1176 2194 scientiae
1205 2155 1404 2193 stimulum
1434 2158 1472 2192 et
1496 2154 1547 2193 X.
1579 2168 1614 2206 p.
1642 2159 1734 2196 761.
1767 2154 1852 2206 [ubi

986 2211 1199 2249 accuratius
1224 2211 1274 2249 de
1299 2211 1374 2249 hoc
1399 2225 1472 2250 usu
1496 2224 1620 2262 agam.
1669 2211 1752 2250 Sed
1776 2210 1854 2250 alia

985 2267 1077 2306 mihi
1106 2266 1256 2305 videtur
1285 2267 1399 2306 huius
1432 2266 1506 2306 loci
1531 2269 1638 2307 ratio.
1699 2268 1853 2320 Sempi-

985 2329 1102 2363 ‘terna
1148 2325 1248 2362 enim
1290 2337 1358 2374 pro
1401 2337 1529 2362 accus.
1572 2324 1666 2375 plur.
1708 2324 1852 2369 habeo,

987 2393 1100 2430 quem
1131 2384 1261 2419 uotum
1295 2384 1355 2418 est
1384 2380 1509 2418 vicem
1540 2381 1711 2420 adverbii
1741 2382 1857 2419 susti-

985 2450 1085 2475 nere.
1123 2436 1220 2475 Met.
1251 2435 1297 2475 II.
1335 2450 1371 2487 p.
1407 2441 1497 2477 101.
1528 2450 1564 2488 1).
1600 2441 1690 2478 105.
1723 2435 1785 2475 III.
1812 2451 1855 2489 p.

985 2497 1077 2534 230.
1109 2492 1266 2543 Forbig.
1298 2493 1346 2530 ad
1373 2492 1528 2532 Luci-et.
1553 2492 1598 2533 II.
1627 2496 1719 2534 359.
1745 2493 1857 2532 Bach

984 2549 1034 2587 ad
1058 2548 1173 2588 Ovid.
1199 2549 1295 2587 Met.
1320 2548 1424 2587 VIII.
1450 2553 1543 2591 463.
1568 2549 1653 2588 Intt.
1678 2549 1729 2588 ad
1749 2549 1854 2600 virg.

983 2605 1067 2645 Ecl.
1094 2605 1158 2644 ΙΙΙ.
1203 2610 1239 2646 8.
1275 2605 1433 2656 Rupert.
1472 2605 1521 2644 ad
1559 2604 1650 2644 Tac.
1686 2605 1788 2644 Anu.
1826 2605 1853 2644 I.

986 2663 1062 2701 init.
1094 2662 1236 2700 Bet-nh.
1269 2662 1432 2712 Syntax.
1471 2662 1536 2701 Gr.
1574 2675 1610 2713 p.
1644 2666 1735 2704 128.
1763 2675 1854 2714 sqq.

987 2718 1159 2758 Lobeck.
1186 2719 1235 2758 ad
1263 2717 1384 2768 Soph.
1409 2718 1520 2757 Aiac.
1546 2732 1583 2768 p.
1610 2722 1704 2760 246.
1731 2718 1790 2758 ed.
1815 2723 1853 2761 2.

985 2775 1107 2814 Barth
1139 2777 1174 2814 in
1199 2774 1367 2813 Advers.
1392 2773 1538 2812 XLVI.
1573 2778 1635 2815 16.
1668 2788 1705 2825 p.
1731 2779 1853 2816 2160.

986 2833 1231 2884 sempiterna
1276 2829 1393 2868 refert
1440 2830 1489 2869 ad
1533 2831 1681 2870 ricinia
1720 2837 1762 2870 et
1805 2831 1855 2869 (le

988 2892 1193 2939 perpetua,
1219 2888 1399 2926 continua
1424 2900 1494 2925 nec
1519 2887 1728 2939 interrupta
1751 2887 1854 2926 male

985 2943 1189 2996 intelligit]

1044 3000 1143 3039 Cu».
1169 2998 1261 3038 XX.
1293 3000 1455 3039 habitus
1479 3005 1517 3039 et
1535 3000 1735 3040 habitudo
1755 3002 1857 3041 dem.

987 3063 1165 3097 ornatus.
1193 3056 1386 3094 Stewech.
1413 3057 1477 3107 qui
1501 3057 1571 3095 vim
1599 3058 1774 3096 vocabuli
1795 3073 1856 3097 or-

986 3119 1105 3154 natas
1120 3127 1193 3151 non
1215 3113 1328 3163 cepit,
1351 3113 1552 3153 cordatus
1570 3114 1733 3152 coniecit
1753 3114 1857 3166 quod

1892 239 1933 270 63
