2155 3590
696 134 884 176 LIBER
913 134 960 176 Π.

1018 134 1048 174 C
1055 132 1148 174 ΑΡ.
1176 132 1263 174 ΥΠ,
1827 131 1884 176 89

82 251 243 291 isicium
273 249 405 289 fartim
430 248 629 289 concisum
654 246 662 305 Ι
688 255 725 288 et
757 249 910 303 pulpam
935 247 1133 289 frustatim
1159 253 1381 287 consectam
1408 253 1446 286 et
1472 245 1713 286 bambatum
1739 259 1884 301 pascua
1911 250 1973 285 103

81 379 207 407 viscum
224 378 291 414 legi
303 378 338 406 in
357 378 506 407 omnibus
525 379 614 406 codd.
633 378 688 412 qui
708 379 749 407 ad
767 386 884 407 manus
898 381 999 407 erant.

1046 379 1098 407 Ab
1111 377 1191 406 oud.
1206 376 1290 404 nihil
1302 377 1491 404 adnotatum
1505 379 1570 408 est,
1589 375 1716 403 fuscum
1731 378 1888 410 praebent

81 426 151 454 edd.
168 427 247 453 vett.
265 426 392 459 praeter
409 425 494 453 lunt.
511 425 544 452 2.
563 424 599 452 in
616 430 682 458 qua
700 427 748 452 est
767 424 888 452 niseus.
936 423 1066 453 Marcii.
1085 423 1127 451 ad
1144 423 1235 450 Pers.
1253 422 1292 450 II.
1312 423 1365 449 42.
1385 421 1524 449 coniecit
1540 419 1641 448 ileum
1661 425 1760 450 totum
1777 423 1888 450 locum

79 471 128 499 ita
137 468 356 498 constituens:
380 467 481 496 ileum
494 471 530 496 et
540 467 704 496 cacabum
712 476 841 505 pascue
853 467 956 497 n'urul.
1005 467 1192 496 concissam
1203 468 1244 495 1).
1256 466 1460 494 conscissum
1474 467 1510 495 P.
1525 466 1708 494 consessum
1724 468 1760 494 G.
1774 468 1804 494 2.
1819 470 1849 495 et
1863 466 1887 494 f.

81 514 247 543 concitum
271 522 302 549 p.
320 515 408 543 unde
425 515 505 543 oud.
523 514 663 542 coniecit
681 517 891 543 contunsum.
939 512 1172 542 circumcisum
1190 520 1302 541 omnes
1320 513 1390 541 edd.
1409 515 1487 540 vett.
1506 516 1634 546 praeter
1651 513 1732 540 lum.
1752 513 1782 540 2.
1802 518 1888 546 quae

80 563 177 590 habet
196 559 374 587 concisum.
412 558 624 598 frustratim
641 561 679 588 G.
692 561 723 588 2.

772 562 965 596 conseptum
985 561 1020 588 0.
1041 557 1216 587 collectam
1229 559 1266 586 L.
1313 555 1361 585 ad
1371 564 1508 593 pascua
1526 555 1702 584 iurulenta
1713 557 1748 585 F.
1767 558 1794 585 1.
1806 558 1846 585 R.
1860 556 1887 586 f.

79 607 117 634 L.
132 602 162 634 δ.
181 603 229 632 ad
238 611 372 641 pascua
390 603 564 633 virulenta
577 606 613 633 G.
631 606 659 633 1.
672 607 703 634 2.
717 607 753 634 Ρ.
767 607 805 634 D.
821 606 855 634 0.
870 606 892 634 f.
911 603 958 632 ad
970 611 1137 642 pascuam
1157 602 1331 631 iurulenta
1343 610 1380 631 π.
1399 600 1542 630 ambacu
1557 609 1712 638 pascuae
1727 602 1792 630 iur.
1805 602 1841 630 F.
1855 603 1888 630 3.

81 649 182 678 amba
199 656 372 686 eupascua
389 648 490 678 iuml.
505 651 541 679 F.
556 651 587 678 2.
606 650 707 679 amba
725 657 893 686 cupascue
911 648 1087 678 hirulema
1107 658 1136 685 ρ.
1157 657 1194 678 π.
1207 647 1400 677 ambasciam
1414 654 1531 675 scocus
1538 655 1668 684 pascue
1680 645 1890 674 la’rulentam

82 697 118 725 B.
131 697 182 725 Ita
192 696 454 732 legiturinmeis
469 696 644 730 excerptis.
690 698 727 725 ln
739 697 904 725 Elmenh.:
932 696 1119 724 confectam
1146 693 1263 722 ambas
1290 699 1488 730 compascue
1512 691 1720 721 iurulentum
1745 691 1890 720 abacum

76 747 206 778 pascue
224 738 433 768 hn'rulentam
452 742 500 770 ed.
522 749 569 775 pr.
583 742 713 770 vicent.
726 742 842 770 Venet.
857 743 887 770 2.
902 744 932 770 4.
953 740 1094 769 abacum
1102 747 1257 778 pascuae
1269 737 1477 767 ln‘rulentam
1490 739 1597 768 Paris.
1611 737 1753 766 abacum
1768 735 1815 765 ad
1821 745 1890 774 pa-

83 794 166 814 scua
184 785 358 814 virulenta
369 787 444 815 ΑΜ,
463 785 605 814 abacum
619 785 667 813 ad
671 793 808 823 pascua
818 785 994 814 iurulenta
1006 788 1089 815 lunt.
1103 788 1134 815 2.
1156 784 1207 821 [in
1226 788 1316 814 textu
1335 788 1384 814 est
1402 782 1576 812 virulenta
1594 785 1651 812 sed
1670 784 1754 812 inter
1772 783 1893 812 menda.

81 834 269 868 apograph.
289 839 423 866 quorum
442 833 543 861 index
554 832 638 860 libro
651 833 821 866 adpositus
835 837 900 864 est.
922 833 968 860 ita
982 830 1198 866 emendatur]
1223 829 1366 858 abacum
1385 828 1433 857 ad
1441 836 1578 866 pascua
1595 827 1748 857 n‘rulenta
1759 830 1844 857 lunt.
1861 829 1891 858 1.

81 878 164 912 Quid
182 877 247 906 sibi
265 878 346 906 velit
364 879 477 912 glossa
494 877 718 906 interlinearis
730 878 898 907 Vim-enne.
918 875 1157 905 habundanter
1169 874 1413 914 splendentem,
1433 882 1518 910 quae
1536 878 1639 904 verba
1650 881 1780 912 pascue
1791 871 1890 902 hiru-

82 921 207 950 lentam
220 923 363 957 explicat
376 945 383 959 ,
403 923 552 957 equidem
566 931 628 952 non
643 923 800 959 intelligo.

85 1043 319 1098 praetulerat
343 1046 523 1095 sequenti
548 1045 702 1089 sceleri.
729 1050 770 1084 ut
787 1045 852 1083 filii
869 1059 957 1084 san-

84 1103 200 1153 guine
228 1105 375 1141 tantum
399 1115 432 1141 s.
458 1101 565 1140 hello
590 1116 670 1140 rem
697 1102 958 1141 diiudicarent.

85 1159 169 1197 Sed
202 1171 249 1197 se
283 1160 411 1210 ipsum
449 1163 644 1209 corrigens
680 1157 808 1196 solum
845 1158 959 1196 Ethe-

86 1215 214 1254 oclem
243 1215 384 1254 caedis
408 1215 607 1266 cupidum
631 1228 752 1255 unum
779 1214 960 1266 Oedipo-

85 1272 176 1310 dem
198 1272 377 1310 nominat.
437 1271 523 1310 Nec
545 1272 671 1309 minus
697 1284 730 1309 v,
750 1274 843 1312 466.
867 1285 960 1323 pos-

85 1330 206 1367 cimus
241 1342 390 1366 annum
425 1328 714 1366 sollicitandum
747 1328 834 1372 erit.
871 1328 961 1377 quia

83 1382 299 1435 Polynices
323 1385 425 1422 iuste
448 1398 529 1422 rem
555 1398 666 1423 suam
693 1385 781 1433 egit.
812 1407 866 1412 -
898 1383 961 1421 De

84 1441 146 1479 his
169 1441 294 1479 subst.
319 1439 367 1478 cf.
396 1440 512 1479 Gron.
539 1441 589 1479 ad
610 1440 694 1478 Liv.
721 1439 746 1479 l.
766 1443 803 1481 9.
830 1439 959 1479 Burm.

85 1497 136 1537 ad
155 1496 271 1535 ovid.
290 1496 387 1536 Met.
408 1496 474 1536 IV.
497 1501 561 1538 61.
582 1502 620 1536 et
645 1497 696 1536 ad
717 1495 846 1543 Quint.
868 1496 959 1535 inst.

87 1553 153 1593 [X.
185 1557 224 1594 3.
252 1552 410 1604 Bently.
441 1554 491 1593 ad
521 1554 614 1593 Hor.
640 1554 722 1593 sat.
750 1553 777 1592 Ι.
806 1559 839 1594 1.
869 1558 958 1594 100.

88 1609 257 1649 Meinek.
284 1610 334 1649 ad
353 1610 524 1662 Euphor.
540 1611 673 1661 fragm.
698 1625 736 1662 p.
763 1615 823 1650 10.
845 1624 960 1661 quos—

87 1680 163 1719 que
188 1667 322 1706 laudat
334 1667 496 1719 Rupert.
512 1667 562 1707 ad
582 1666 675 1706 Tac.
690 1667 794 1706 Ann.
815 1666 859 1705 ll.
880 1667 963 1719 57.]

143 1725 310 1763 isicium.
358 1723 510 1763 Omnes
536 1724 649 1762 codd.
674 1725 862 1774 praebent
895 1726 963 1763 ris-

87 1795 188 1821 cum.
245 1779 435 1819 Isidorum
472 1780 579 1831 Orig.
604 1780 696 1820 XX.
734 1785 771 1822 2.
810 1785 893 1826 27..
930 1781 963 1819 si

87 1838 207 1877 verba.
242 1839 327 1876 eius
362 1843 454 1877 sunt
491 1852 592 1890 quae
628 1839 663 1876 in
697 1852 808 1876 noun.
841 1838 870 1875 f
874 1838 962 1875 odd.

87 1894 374 1940 desiderantur,
405 1896 439 1934 in
466 1909 513 1933 eo
540 1908 711 1939 errasse.
745 1895 846 1945 quod
870 1895 963 1946 pul-

84 1965 185 2005 pam
208 1954 248 1989 et
271 1953 419 1991 viscum
442 1952 545 1990 idem
571 1965 665 1990 esse
691 1952 840 1994 dixerit.
860 1951 965 1990 und.

89 2007 266 2053 adnotat,
303 2021 419 2058 quum
457 2010 587 2048 riscus
619 2008 767 2047 dicatur
796 2008 846 2046 de
877 2022 964 2047 car-

89 2066 197 2104 nosis
215 2065 409 2116 partibus
433 2067 613 2110 internis,
638 2066 773 2117 pulpa
800 2078 890 2102 vero
913 2065 965 2103 dc

91 2122 271 2161 eoeternis
295 2120 362 2172 [ef.
381 2134 482 2172 quae
495 2121 623 2160 Doed.
645 2122 740 2173 Syn.
756 2122 803 2160 V.
819 2136 855 2173 p.
873 2125 964 2161 144.

91 2190 181 2228 sqq.
224 2176 350 2216 fusius
393 2177 593 2230 disputat]
636 2177 821 2216 Novasse
856 2176 964 2229 Apu-

93 2235 208 2273 leium
244 2234 423 2273 vocabuli
459 2236 606 2274 viscum
637 2236 968 2285 significationem.

93 2304 211 2343 quum
246 2290 409 2330 herbam
454 2291 702 2344 ylute'uosam
745 2305 778 2330 s.
819 2293 971 2344 gyummi

95 2347 306 2401 quoddam
350 2352 388 2385 et
423 2349 627 2399 platinam
665 2362 867 2399 aucupum
907 2361 968 2385 ve-

92 2409 198 2443 teres
239 2405 291 2442 ita
333 2405 626 2450 nominaverint,
676 2405 778 2442 idem
827 2409 967 2443 monet.

95 2461 184 2500 coll.
220 2461 339 2500 Gron.
370 2460 469 2500 Obs.
496 2460 558 2499 111.
585 2466 643 2501 18.
674 2462 755 2499 lntt.
789 2461 837 2499 ad
864 2460 966 2500 l'etr.

94 2533 127 2557 c.
150 2520 241 2559 109.
268 2516 387 2569 Prop.
412 2517 436 2557 Ι.
464 2523 523 2558 15.
545 2522 608 2558 24.
636 2518 703 2557 Dr.
731 2519 780 2556 ad
802 2518 871 2556 Sil.
888 2517 970 2556 Vll.

96 2579 188 2616 674.
215 2575 326 2613 Serv.
358 2574 407 2613 ad
429 2575 534 2624 Virg.
562 2575 694 2616 (a'reor‘.T
724 2574 750 2613 1.
780 2578 870 2615 139.
904 2574 970 2626 [cs.

97 2630 212 2671 Orell.
238 2631 288 2670 ad
307 2630 454 2670 Arnob.
477 2630 559 2670 Vll.
582 2636 646 2672 29.
668 2630 712 2670 Τ.
735 2630 779 2669 ll.
800 2646 836 2683 p.
857 2632 968 2684 431]

94 2688 170 2728 His
190 2689 345 2727 caussis
365 2693 580 2727 commotus
597 2693 670 2733 est,
691 2693 728 2726 ιιί
746 2702 831 2726 cnm
847 2688 970 2727 Salui.

96 2746 147 2785 ad
171 2745 294 2784 Solin.
325 2759 362 2796 p.
395 2749 489 2786 265.
523 2746 650 2785 riscus
681 2745 839 2783 sormam
865 2759 971 2797 prae-

94 2802 225 2841 ferret.
285 2801 389 2854 [Ego
414 2802 490 2840 hoc
513 2802 744 2841 vocabulum
765 2801 870 2852 quod
888 2803 974 2841 sine

97 2859 215 2898 dubio
247 2863 464 2911 corruptum
496 2863 570 2903 est.
607 2858 717 2897 aliter
742 2859 907 2897 emendo
937 2860 972 2898 in

98 2917 259 2955 isicium
294 2929 379 2954 cum
404 2915 545 2961 Voss..
583 2916 648 2967 qui
683 2928 782 2954 suac
817 2915 975 2955 editioni

98 2972 204 3011 idem
245 2973 524 3023 adscripscrat:
573 2972 619 3011 cs.
660 2972 782 3011 Varro
818 2972 869 3010 V.
907 2977 973 3014 28.

100 3042 139 3080 p.
166 3033 256 3070 114.
295 3029 482 3081 Spengel.
519 3031 666 3068 insicia
701 3029 751 3068 ab
782 3044 831 3069 co
862 3031 976 3083 quod

99 3086 253 3126 insecta
279 3100 389 3125 caro.
433 3085 608 3126 Maerob.
623 3086 776 3125 saturn.
791 3085 876 3125 Vll.
889 3100 921 3126 c.
936 3091 973 3128 8.

102 3141 264 3182 Isicium
295 3143 393 3182 enim
419 3142 510 3181 nihil
537 3143 638 3181 aliud
667 3148 727 3182 est
751 3156 868 3194 quam
886 3157 975 3183 caro

1017 1046 1228 1084 minutatim
1242 1047 1444 1090 consecta;
1458 1043 1507 1082 cf.
1521 1056 1615 1096 prae
1622 1044 1761 1082 ceteris
1769 1041 1892 1082 Salm.

1018 1101 1068 1140 ad
1098 1100 1255 1152 Lampr.
1288 1099 1441 1151 Heliog.
1474 1114 1507 1139 c.
1537 1103 1599 1140 19.
1627 1113 1663 1151 p.
1684 1103 1778 1141 831.
1814 1097 1893 1137 He-

1019 1157 1114 1196 rald.
1125 1163 1164 1195 et
1179 1157 1300 1195 Orell.
1311 1157 1362 1196 ad
1376 1155 1577 1195 Arnob.ll.
1593 1170 1624 1195 c.
1643 1161 1708 1197 42.
1725 1154 1894 1195 Tom.ll.

1019 1228 1056 1265 p.
1067 1213 1382 1254 65.1sid.Gloss.
1398 1226 1433 1263 p.
1444 1217 1539 1255 683.
1558 1213 1721 1253 Isiciale
1732 1236 1790 1242 —
1802 1211 1893 1264 ius]

1074 1273 1230 1322 fartim.
1290 1269 1511 1307 Nonnullae
1548 1270 1635 1308 edd.
1673 1270 1767 1308 dant
1802 1283 1895 1308 cou-

1018 1329 1176 1379 fartim.
1202 1326 1306 1376 quod
1327 1325 1429 1364 Oud.
1451 1327 1580 1364 reiicit.
1609 1326 1775 1378 [fartim
1794 1326 1896 1364 enim

1020 1387 1125 1421 extat
1157 1382 1252 1421 Met.
1286 1381 1347 1420 ΙΙΙ.
1372 1396 1409 1434 p.
1440 1386 1532 1423 176.
1558 1384 1708 1421 Auson.
1733 1381 1896 1421 Mosell.

1019 1440 1085 1480 85.
1134 1444 1224 1480 113.
1273 1437 1401 1477 Plaut.
1445 1438 1528 1478 Mil.
1575 1439 1681 1477 Glor.
1719 1437 1746 1476 1.
1786 1444 1821 1479 1.
1859 1442 1897 1479 8.

1016 1500 1173 1549 fartum
1203 1499 1347 1549 facere
1378 1510 1429 1534 ea:
1460 1495 1652 1535 hostibus.
1711 1494 1768 1534 lta
1792 1495 1898 1547 apud

1019 1551 1172 1591 Petron.
1205 1567 1235 1591 c.
1268 1556 1333 1594 69.
1363 1567 1400 1604 p.
1433 1556 1526 1593 449.
1557 1551 1688 1590 Burm.
1721 1565 1770 1590 ex
1793 1551 1894 1590 Mss.

1021 1610 1127 1659 lego:
1171 1611 1248 1648 uisi
1286 1611 1422 1648 omnia
1459 1611 1535 1648 ista
1572 1609 1624 1648 de
1658 1612 1778 1661 farta
1808 1613 1902 1648 sunt

1025 1666 1143 1714 (Mss.
1172 1667 1341 1719 defaciu
1366 1665 1429 1703 vel
1456 1666 1668 1718 defracta)
1695 1670 1769 1705 aut
1792 1669 1902 1705 certe

1025 1724 1077 1762 de
1102 1724 1199 1763 luto.
1246 1724 1394 1762 Fartus
1413 1723 1514 1760 enim
1534 1723 1661 1761 onmia
1680 1735 1729 1760 ea
1746 1722 1900 1761 iudicat.

1024 1794 1125 1830 quae
1168 1779 1346 1831 implent,
1390 1793 1491 1830 quae
1528 1780 1689 1818 sarciunt
1724 1783 1764 1817 et
1799 1791 1902 1830 quae

1023 1837 1112 1875 inde
1137 1840 1406 1888 comparantur
1430 1840 1469 1874 et
1493 1837 1546 1875 ita
1570 1837 1671 1874 bene
1689 1835 1903 1888 respondet

1022 1907 1110 1944 sqq.
1145 1894 1273 1931 verbis
1307 1894 1359 1932 de
1386 1907 1521 1946 porco
1548 1894 1663 1945 fecit.
1724 1892 1791 1931 Sic
1813 1894 1902 1944 far-

1024 1956 1106 1989 tum
1123 1952 1194 2004 fici
1214 1949 1364 1988 Colum.
1384 1949 1434 1988 Υ.
1465 1954 1523 1990 10.
1544 1951 1714 1988 nominat
1728 1949 1903 2001 pulpam

1020 2009 1092 2060 fici
1116 2006 1328 2045 medullam
1353 2008 1591 2045 viscerosam
1612 2006 1725 2057 quasi
1745 2009 1784 2044 et
1800 2018 1903 2044 mus-

1023 2064 1201 2102 culosam
1227 2064 1285 2102 lici
1310 2063 1493 2115 partem]

1082 2120 1311 2159 bambatum
1326 2134 1486 2171 pascua
1510 2120 1725 2159 vinolenta.
1784 2119 1905 2157 Varie

1023 2181 1217 2215 tentarunt
1245 2176 1347 2215 hunc
1378 2176 1505 2215 locum
1530 2176 1579 2215 V.
1605 2176 1655 2215 D.
1681 2175 1905 2215 Groslotius

1029 2234 1193 2273 coniecit
1224 2235 1263 2272 ἰη
1296 2233 1491 2272 cacabum
1523 2234 1582 2272 atl
1608 2247 1771 2285 pascua
1797 2234 1906 2272 iuru-

1029 2292 1152 2336 lenta,
1166 2290 1339 2329 NVower.
1355 2290 1569 2341 adipatum
1591 2305 1642 2330 ac
1662 2290 1906 2329 iurulentum

1028 2347 1139 2399 Lips.
1159 2348 1199 2385 iu
1220 2348 1390 2386 abacum
1410 2347 1468 2385 ad
1483 2361 1601 2399 pasc.
1615 2349 1707 2392 imn,
1740 2346 1905 2385 Scriver.

1027 2406 1062 2443 in
1088 2404 1238 2442 Anecd.
1265 2403 1358 2455 phil.
1385 2418 1417 2442 c.
1443 2408 1503 2444 10.
1529 2409 1569 2442 et
1586 2405 1775 2456 adposite
1796 2406 1906 2442 vitm-

1027 2462 1175 2500 lentam
1211 2461 1333 2499 Salm.
1371 2459 1473 2500 Plin.
1510 2459 1649 2500 Exere.
1680 2475 1718 2512 p.
1745 2463 1838 2501 265.
1869 2464 1908 2498 et

1032 2519 1187 2557 bamma
1203 2531 1445 2569 compascuev
1459 2518 1713 2557 iuruleutmu.
1758 2515 1905 2566 Scalig.

1026 2590 1070 2628 p.
1094 2578 1130 2627 f.
1159 2590 1192 2614 c.
1225 2575 1442 2626 adiposam
1468 2579 1505 2613 ct
1532 2575 1785 2614 iurulentum.
1845 2571 1908 2611 Ex

1030 2632 1104 2671 bac
1135 2633 1226 2670 mira
1253 2631 1481 2670 confusione
1506 2645 1553 2669 ne
1578 2631 1749 2681 reliquas=
1775 2629 1906 2668 alluci-

1030 2689 1206 2728 nationes
1241 2701 1557 2733 commemorem,
1594 2688 1698 2727 Oud.
1728 2686 1907 2726 enuclea-

1032 2747 1083 2785 vit
1091 2760 1137 2798 p.
1148 2749 1206 2798 fr.
1224 2750 1450 2785 consectam
1465 2745 1764 2784 embammatum
1781 2747 1907 2796 pastu

1031 2803 1261 2849 iurulenta,
1316 2801 1366 2839 de
1419 2802 1678 2841 embammate
1732 2801 1906 2839 excitans

1033 2860 1155 2899 Salm.
1187 2859 1235 2897 ad
1268 2858 1372 2897 Tei-t.
1405 2858 1455 2896 de
1484 2857 1586 2897 Pall.
1618 2872 1656 2909 p.
1689 2861 1780 2898 123.
1816 2857 1906 2897 126.

1033 2918 1083 2956 de
1106 2921 1228 2970 pastu
1254 2916 1364 2968 Lips.
1390 2913 1557 2953 Polior-c.
1583 2913 1645 2953 111.
1673 2914 1775 2953 Dial.
1795 2912 1822 2952 I.
1844 2914 1905 2952 vel

1031 2976 1065 3012 si
1097 2977 1269 3024 praestet
1298 2973 1461 3010 retinere
1486 2985 1746 3023 compascue,
1777 2971 1907 3022 legen-

1032 3031 1122 3070 dum
1161 3034 1270 3082 putat
1308 3029 1560 3068 embammasi
1596 3041 1830 3080 compasue,
1869 3032 1910 3066 ct

1033 3087 1083 3126 de
1107 3101 1248 3134 gracco
1273 3086 1340 3124 ilio
1361 3099 1455 3124 casu
1479 3085 1628 3123 consuli
1646 3085 1752 3124 iubet
1771 3084 1907 3123 Heius.

1032 3144 1085 3184 ad
1101 3135 1216 3183 Ovid.
1238 3142 1394 3182 Heroid.
1416 3140 1521 3181 Xlll.
1545 3146 1635 3182 137.
1683 3141 1768 3181 Sed
1791 3155 1908 3194 prop-
