2155 3590
597 103 784 143 LIBER
807 102 883 144 IX.
941 102 1068 144 CAP.
1091 102 1210 142 XXI.
1236 101 1380 144 XXII.
1798 101 1878 145 807

96 221 218 260 feras.
267 217 354 258 Hac
378 224 593 272 opportuna
625 216 781 257 fallacia
810 216 980 270 vigorati
1012 215 1165 257 iuvenis
1189 215 1391 266 inductus,
1425 215 1542 255 immo
1567 214 1744 256 sublatus
1769 222 1809 255 et
1833 215 1882 255 ad

97 274 365 316 crudelitatem
397 274 575 328 delapsus
599 271 823 324 Barbarus,
863 272 1100 327 postliminio
1132 272 1285 318 domum
1306 270 1313 327 Ι
1334 285 1564 325 regressus,
1595 279 1738 312 vocato
1767 270 1880 326 Myr·
1906 279 1970 312 635

95 344 204 372 mece
239 331 367 371 soleas
402 330 489 370 illas
526 330 694 371 offerens
720 337 758 372 et
787 330 942 384 ignovit
972 343 1026 370 ex
1056 328 1207 380 animo,
1245 334 1285 369 et
1309 327 1365 369 uti
1390 327 1545 369 domino
1576 328 1780 379 redderet⁷
1820 328 1882 367 cui

95 387 364 443 subripuerat,
390 386 528 427 suasit.

622 537 1058 586 CAPUT
1149 536 1354 583 XXII.

205 669 409 711 Hactenus
444 671 569 711 adhuc
605 671 759 712 anicula
783 671 1006 725 garriente,
1046 669 1209 723 suscipit
1232 669 1391 709 mulier:
1431 666 1594 708 Beatam
1620 668 1748 719 illam,
1782 684 1880 722 quae

88 734 173 767 tam
198 728 416 768 constantis
443 727 588 768 sodalis
613 728 792 768 libertate
819 727 982 767 fruitur!
1032 726 1089 766 At
1113 739 1209 780 eg0‚
1243 725 1414 775 misella,
1449 725 1575 764 molae
1600 726 1716 764 etiam
1742 739 1882 765 sonum

93 789 132 824 et
156 796 247 824 ecce
271 783 376 824 illius
402 784 571 824 scabiosi
596 784 697 824 asini
722 784 860 824 faciem
885 783 1082 823 timentem
1111 782 1344 822 familiarem
1367 781 1520 821 incidi„
1549 781 1613 821 Ad
1638 781 1734 822 haec
1759 795 1878 822 anus:

93 839 172 880 Iam
216 853 290 894 ego
328 840 398 880 tibi
433 840 553 895 probe
589 854 748 881 suasum
784 847 823 881 et
852 839 1120 880 confirmatum
1157 839 1276 879 animi
1313 845 1526 879 amatorem
1562 838 1670 878 illum
1711 837 1883 878 alacrem

92 968 349 1006 opportunitate
362 971 398 998 G.
414 971 443 998 1.
457 970 491 998 0.
530 968 718 1008 fallaciam
734 971 770 998 G.
786 971 814 998 l.
850 969 947 996 immo
962 975 1039 996 vero
1055 969 1090 997 G.
1105 969 1134 996 2.
1148 969 1185 997 L.
1198 969 1235 997 D.
1250 969 1286 997 P.
1311 966 1427 1002 (eliam
1440 967 1471 996 in
1486 966 1650 1002 excerptis
1664 968 1705 996 ad
1718 974 1819 1003 marg.
1833 968 1883 996 ed.

91 1013 203 1050 Colv.)
226 1016 264 1044 In
278 1018 351 1044 cett.
366 1022 444 1042 veru
458 1017 581 1045 exulat.
612 1022 648 1042 os
661 1014 784 1043 oblitus
799 1023 854 1049 pro
873 1012 1028 1042 sublatus
1042 1015 1145 1042 Scriv.
1159 1014 1280 1042 Florid.
1316 1011 1457 1041 sublz‘tus
1472 1012 1505 1041 in
1519 1014 1552 1041 Ο.
1567 1020 1641 1041 esse
1655 1013 1698 1041 ait
1713 1013 1883 1041 Pricaeus.

90 1060 127 1088 Id
139 1067 204 1088 non
215 1060 299 1088 vidit
312 1061 390 1089 Oud.
403 1060 436 1088 in
445 1062 580 1089 Gronov.
604 1061 786 1094 Excermis.
810 1059 910 1094 Quasi
923 1068 939 1088 e
953 1061 1020 1088 cod.
1034 1067 1064 1093 p.
1078 1058 1217 1094 margini
1230 1059 1434 1088 etiamsalm.
1448 1058 1581 1087 adlevit.
1617 1060 1652 1084 et
1663 1059 1754 1086 abest
1764 1059 1799 1086 G.
1812 1059 1882 1087 1.0.

92 1102 328 1132 crudelitatem
344 1113 496 1139 perverse
509 1106 679 1134 admodum
693 1105 891 1139 conspicitur
904 1105 938 1132 in
951 1104 1031 1133 solis
1043 1105 1124 1132 Edd.
1138 1105 1252 1132 Venet.
1262 1106 1291 1132 4.
1305 1105 1382 1132 Bas.
1396 1104 1469 1132 Par.
1483 1103 1573 1131 Colv.
1587 1103 1683 1131 Vulc.
1699 1104 1729 1130 1.
1741 1103 1882 1131 scriver.

91 1151 291 1179 reversus-1..
328 1149 490 1187 ..nyma-e
498 1147 527 1179 δ.
542 1151 663 1183 aliique
676 1151 765 1178 codd.
781 1153 861 1177 teste
873 1150 952 1178 Oud.
970 1151 1006 1177 In
1021 1149 1101 1177 meis
1115 1152 1242 1183 praeter
1251 1150 1325 1178 1⁴13.
1340 1148 1393 1176 hic
1406 1149 1524 1183 legitur
1536 1146 1716 1184 Myrmece.
1741 1146 1881 1185 ignovit.

90 1195 220 1224 Medius
232 1195 330 1223 unica
342 1203 420 1224 voce
432 1196 509 1228 legit
523 1194 702 1222 exanimus
715 1195 736 1223 i.
751 1204 778 1223 e.
794 1194 848 1228 qui
862 1198 946 1222 metu
959 1194 1063 1222 suerat
1079 1194 1297 1224 exanimatus.

179 1243 322 1267 actenus
335 1241 371 1268 G.
390 1242 417 1268 1.
461 1240 635 1277 gartiente
648 1242 684 1268 G.
701 1241 728 1267 1.
776 1238 967 1266 libertatem
982 1238 1002 1266 f.
1015 1240 1098 1267 Iunt.
1114 1240 1144 1267 1.
1157 1239 1276 1267 2.A1d.
1302 1238 1490 1267 Promiscue
1504 1238 1555 1267 usi
1568 1241 1645 1267 sunt
1657 1242 1793 1267 veteres.
1817 1240 1881 1267 Sed

90 1291 112 1313 a
134 1285 194 1314 fide
219 1285 409 1320 optimorum
435 1286 522 1313 codd.
537 1286 688 1313 standum
707 1287 756 1312 est
782 1284 823 1312 cf.
842 1285 882 1312 ad
903 1287 978 1312 Met.
992 1284 1077 1311 viu.
1098 1291 1126 1317 p.
1141 1285 1216 1312 540.
1242 1283 1414 1320 nupt-ias
1439 1291 1502 1311 non
1518 1282 1702 1322 frueris.
1750 1286 1787 1310 et
1808 1291 1882 1310 ecce

88 1329 125 1357 F.
141 1331 169 1358 1.
184 1331 215 1358 3.
230 1331 265 1359 G.
282 1331 310 1358 1.
324 1331 355 1357 2.
370 1331 404 1358 Ο.
419 1331 455 1358 Ρ.
470 1331 505 1358 D.
522 1330 542 1358 f.
564 1331 603 1358 111
616 1333 687 1357 cett.
701 1331 732 1356 et
749 1337 894 1357 caecam.
942 1330 999 1365 egt
1012 1327 1102 1355 illius
1116 1327 1271 1356 scabiosa
1285 1327 1430 1368 asfacz'e
1449 1336 1479 1362 p.
1493 1332 1653 1363 corrupte.
1703 1330 1883 1356 tumentem

87 1374 125 1403 P.
137 1375 172 1403 Ο.
186 1376 222 1403 G.
235 1375 266 1402 2.
278 1375 317 1402 D.
365 1373 484 1402 inridit
496 1377 532 1403 G.
548 1376 576 1403 1.
601 1373 710 1401 inm'do
724 1381 760 1402 π.
808 1372 855 1400 ad
866 1371 928 1400 hm:
942 1382 972 1407 p.
1020 1372 1087 1399 iam
1103 1372 1166 1401 eibi
1176 1380 1233 1410 ego
1247 1370 1276 1401 δ’.
1292 1374 1313 1402 f.
1361 1380 1419 1410 ego
1434 1374 1469 1401 G.
1487 1375 1515 1401 1.
1529 1375 1560 1401 2.
1574 1374 1613 1401 D.
1628 1374 1663 1401 P.
1678 1381 1741 1402 non
1754 1376 1883 1403 habent.

87 1426 161 1447 cum
179 1421 368 1447 amatorem
388 1427 444 1454 pro
463 1419 571 1447 animi
586 1422 773 1446 amatorem
784 1441 791 1453 ‚
818 1417 902 1453 (qua
915 1418 1106 1447 confusione
1119 1419 1202 1447 nihil
1216 1418 1419 1452 frequentius
1432 1421 1479 1446 est
1494 1426 1535 1446 ex
1547 1418 1746 1452 compendiis
1760 1419 1799 1446 αῖ
1821 1419 1841 1447 i.
1856 1427 1882 1447 e.

88 1464 195 1492 animi
203 1467 236 1494 et
247 1464 288 1493 εἶι
301 1465 323 1494 i.
337 1473 365 1494 e.
380 1465 484 1500 cum.)
532 1467 719 1492 anmtorem
739 1463 843 1491 altum
863 1462 1012 1491 alac-rem
1031 1466 1115 1492 lunt.
1138 1465 1165 1492 1.
1185 1465 1216 1492 2.
1235 1464 1346 1493 Aldin.
1394 1462 1552 1491 altiorem
1567 1471 1623 1498 pro
1637 1462 1788 1491 alacrem
1801 1465 1837 1492 G.
1854 1466 1883 1493 1.

142 1575 261 1614 imvm)
283 1575 474 1615 sublatus.
506 1575 691 1627 [Multum
717 1574 956 1613 desudarunt

88 1631 140 1670 de
168 1630 206 1669 h.
233 1632 258 1671 l.
290 1633 356 1669 viri
382 1631 503 1678 docti,
535 1645 651 1682 quum
675 1636 828 1683 praeter
851 1630 955 1670 Oud.

87 1687 169 1726 sere
200 1700 335 1726 omnes
365 1689 615 1739 comprobent
646 1688 956 1726 emendationem

88 1744 299 1783 Stewechii
321 1759 364 1784 os
379 1745 567 1791 sublimis,
594 1745 642 1782 de
656 1745 765 1783 cuius
779 1744 956 1782 dictionis

86 1799 123 1839 vi
162 1800 209 1839 cf.
225 1800 388 1840 Taubm.
407 1800 458 1839 ad
471 1800 597 1840 Plaut.
612 1799 725 1852 Epid.
739 1801 899 1851 Argum.
919 1803 956 1841 6.

87 1856 172 1896 Mil.
199 1857 307 1896 Glor.
330 1857 375 1895 ll.
406 1862 440 1897 1.
466 1861 531 1898 32.
556 1856 729 1895 Poen.V.
748 1862 786 1896 4.
813 1860 877 1896 23.
902 1856 957 1894 At

85 1918 191 1952 recte
203 1917 335 1952 monet
347 1913 450 1952 Oud.
460 1945 469 1959 ,
482 1928 559 1952 non
574 1914 771 1952 laudatum
786 1912 849 1951 hic
863 1926 956 1951 esse

87 1970 298 2009 Barbarum
307 2001 317 2016 ‚
331 1974 397 2008 aut
409 1970 489 2008 ulla
501 1970 723 2008 adulatione
737 1970 955 2020 deceptum,

87 2026 216 2076 qualis
240 2027 290 2064 sit
315 2026 373 2064 cui
401 2040 443 2065 os
467 2027 617 2066 sublini
641 2025 818 2077 dicatur.]
848 2026 955 2076 Apu-

89 2084 207 2129 leius,
231 2087 273 2121 ut
295 2083 458 2134 passim,
484 2084 653 2121 imitatus
677 2086 740 2120 est
765 2082 955 2127 Graecos,

87 2139 151 2189 qui
176 2137 340 2190 ἐπαίρειν
363 2139 524 2190 saepius
549 2152 671 2176 sensu
693 2138 956 2190 persuadendi

87 2195 308 2234 ἀναπείθειν
354 2199 558 2246 usurpant,
606 2194 781 2245 Hesych.
823 2198 954 2246 ἐπῇρεν

87 2251 276 2291 ἀνέπεισεν
312 2251 442 2302 Eurip.
479 2251 630 2290 Hecub.
667 2255 732 2293 69.
775 2248 955 2302 αἴρεσθαι

87 2311 252 2359 δείμασι,
283 2306 538 2359 (γαντάσμασι.
588 2307 805 2359 [Sublatus
840 2320 953 2358 porro

86 2366 222 2402 mutari
251 2366 401 2415 nequit,
432 2365 522 2414 quia
551 2365 725 2414 sequitur
749 2364 953 2415 delapsas*³

87 2434 188 2473 quae
207 2420 399 2460 vocabula
417 2421 491 2458 sibi
512 2422 696 2472 opposita
714 2433 808 2458 esse
821 2424 955 2471 aperte

87 2478 361 2516 sententiarum
386 2490 509 2515 nexus
535 2476 705 2528 indicat]

145 2533 231 2572 cip.
261 2532 389 2572 XXII.
438 2538 475 2572 et
505 2547 597 2573 cece
625 2533 738 2572 illins
765 2533 950 2572 scabiosi.

87 2590 258 2641 Vulgata
272 2590 427 2641 quidem
438 2590 552 2627 lectio
563 2603 726 2629 caecam
737 2589 846 2627 iltius
854 2589 952 2627 satis

86 2646 222 2692 habet,
253 2660 331 2697 quo
362 2659 408 2684 se
437 2650 610 2690 tueatur,
641 2645 746 2696 quod
776 2648 858 2684 tota
882 2643 954 2683 hac

87 2703 301 2741 narratione
325 2704 485 2753 saepius
509 2705 787 2740 commemorat
809 2705 952 2747 auctor,

89 2757 226 2796 faciem
245 2771 356 2798 suam
373 2758 595 2797 velamento
616 2759 809 2796 obtectam
830 2756 952 2795 fuisse

87 2814 186 2852 satis
198 2813 292 2861 levi,
306 2816 488 2866 quamdiu
502 2815 642 2853 molam
657 2814 952 2864 circumagebat,

90 2874 130 2907 et
157 2869 256 2909 haec
283 2870 417 2910 fabula
447 2872 498 2910 sit
527 2875 678 2910 narrata
701 2870 793 2908 illud
818 2869 952 2915 horae,

88 2940 168 2977 qua
189 2924 317 2965 molae
345 2941 467 2966 sonus
496 2928 741 2973 audiebatur,
772 2926 952 2976 adeoque

88 2981 236 3020 Lucius
266 2985 378 3034 quasi
409 2999 552 3024 caecus
581 2987 673 3022 erat.
722 2983 832 3022 Sicut
861 2995 951 3020 mox

89 3038 238 3084 subdit,
261 3039 336 3078 sibi
354 3040 441 3078 dein
459 3041 634 3080 ‘revelata
651 3040 801 3079 lumina
816 3038 950 3077 fuisse.

90 3092 218 3133 Multa
252 3099 379 3135 tamen
422 3095 636 3148 elegantior
672 3094 793 3140 Oud.,
836 3108 950 3145 quem

1013 1586 1173 1624 sequor.
1207 1587 1291 1613 cum
1328 1572 1493 1613 Pricaeo
1526 1574 1675 1613 videtur
1706 1573 1819 1613 lectio
1846 1580 1882 1614 el

1014 1644 1124 1677 ecce,
1160 1644 1261 1682 quae
1297 1632 1585 1682 mycterismum
1615 1644 1701 1669 cum
1730 1645 1882 1669 summo

1016 1687 1170 1725 fastidio
1209 1687 1368 1732 indicet,
1411 1687 1458 1726 cf.
1494 1685 1590 1726 Met.
1611 1686 1679 1725 Vl.
1715 1701 1753 1739 p.
1785 1692 1880 1728 397.

1015 1748 1060 1783 ct
1088 1757 1198 1783 ecce
1226 1745 1342 1783 nobis
1371 1745 1534 1796 turyidt‘
1557 1745 1705 1783 ventris
1730 1745 1881 1784 lenoci-

1014 1801 1086 1839 m'o
1111 1805 1328 1839 commovet
1350 1801 1663 1846 miserationem,·
1709 1800 1804 1839 Met.
1830 1800 1882 1839 X.

1015 1869 1052 1907 p.
1078 1859 1170 1897 708.
1197 1861 1247 1902 et,
1271 1857 1380 1902 licus,
1406 1858 1477 1901 ait,
1498 1870 1616 1908 puer,
1643 1857 1796 1897 lautum
1821 1858 1882 1895 dt·-

1015 1913 1189 1965 liyenter
1201 1927 1221 1951 e
1231 1927 1311 1952 cce
1330 1913 1444 1952 illam
1458 1927 1623 1952 aureum
1642 1914 1882 1953 cantharum

1015 1971 1141 2009 mulso
1178 1974 1447 2020 contempera.
1498 1968 1562 2020 [cf.
1601 1968 1728 2008 Hand.
1767 1969 1799 2007 T
1805 1984 1880 2008 urs.

1015 2023 1061 2063 Τ.
1075 2024 1119 2064 ll.
1144 2040 1180 2077 p.
1197 2028 1290 2066 349.
1317 2039 1351 2064 n.
1369 2030 1450 2072 11„
1474 2024 1729 2064 ubiHandius
1756 2030 1881 2075 negat,

1014 2082 1239 2132 particulam
1265 2095 1358 2121 ecee
1384 2095 1551 2133 unquam
1570 2084 1718 2120 servire
1737 2083 1882 2120 ironiae

1013 2142 1078 2175 aut
1097 2138 1363 2188 indignationi,
1389 2138 1462 2176 hac
1480 2139 1675 2178 sententia
1691 2140 1822 2190 potius
1834 2153 1882 2178 en

1013 2199 1263 2245 exspectans.
1278 2194 1325 2232 ef.
1340 2194 1510 2234 Richter.
1525 2195 1574 2234 ad
1583 2194 1881 2246 Auson.P0pm.

1013 2264 1049 2301 p.
1082 2255 1174 2291 224.
1224 2250 1286 2289 De
1319 2250 1506 2289 Cicerone
1538 2265 1770 2303 quamquam
1805 2252 1882 2290 'hoc

1012 2307 1085 2346 diei
1110 2308 1256 2358 possit.
1283 2307 1373 2345 licet
1395 2307 1523 2346 adhuc
1547 2308 1598 2346 de
1626 2308 1710 2347 loco
1735 2308 1820 2346 Fin.
1837 2307 1880 2346 ll.

1013 2367 1077 2405 30.
1092 2364 1122 2413 §.
1137 2367 1203 2404 97.
1228 2364 1434 2409 dubitetur,
1456 2369 1584 2402 tamen
1605 2365 1640 2402 in
1660 2365 1881 2402 universum

1012 2433 1061 2458 ea
1096 2421 1155 2458 vis
1191 2420 1274 2459 tolli
1311 2422 1459 2470 nequit,
1503 2421 1540 2459 id
1584 2421 1689 2471 quod
1724 2421 1881 2472 Apuleii

1012 2476 1195 2528 exempla
1217 2477 1316 2516 satis
1333 2477 1510 2528 probant.
1536 2477 1698 2528 Lipsius
1717 2478 1881 2515 coniecit

1011 2547 1159 2579 eccum,
1173 2533 1222 2572 de
1237 2546 1312 2584 qua
1325 2546 1422 2571 voce
1438 2533 1484 2571 es.
1501 2533 1707 2572 Hand.'l.c.
1722 2548 1757 2585 p.
1768 2534 1878 2585 348]

1066 2604 1234 2629 suasum.
1285 2589 1454 2641 [Snusas
1479 2589 1514 2627 h.
1543 2590 1567 2628 l.
1599 2590 1879 2639 significatione

1010 2646 1153 2685 dictum
1189 2650 1249 2683 est
1284 2660 1359 2684 non
1397 2647 1549 2684 usitata.
1601 2647 1754 2685 Suasus
1778 2646 1878 2683 enini

1011 2702 1149 2753 legitur
1173 2703 1366 2740 rarissime
1391 2702 1507 2752 idque
1531 2702 1688 2740 notione
1713 2704 1780 2741 cui
1791 2717 1879 2741 sua-

1009 2773 1094 2798 sum
1117 2763 1173 2797 est
1202 2758 1251 2797 cs.
1264 2759 1424 2810 Argum.
1439 2758 1466 2796 Ι.
1487 2759 1619 2797 incerti
1639 2757 1880 2797 auct.Plaut.

1008 2814 1101 2853 Aul.
1120 2818 1154 2852 ν’.
1169 2818 1205 2855 6.
1225 2815 1487 2867 Mayadorus
1506 2830 1531 2854 a
1549 2828 1689 2853 sorore
1712 2828 1879 2854 suasus

1010 2871 1158 2917 dicere,
1178 2871 1228 2910 de
1246 2884 1323 2922 qua
1335 2873 1619 2909 constructione
1634 2871 1741 2921 plura
1754 2870 1878 2909 dicam

1008 2927 1105 2965 infra
1127 2927 1178 2965 ad
1202 2927 1301 2966 Met.
1331 2941 1367 2978 p.
1395 2930 1487 2967 642.
1520 2928 1674 2966 Suasus
1705 2940 1796 2965 vero
1820 2928 1878 2967 iu·

1008 2985 1119 3022 venis
1154 2983 1218 3022 hic
1248 2997 1321 3021 non
1354 2987 1415 3021 est
1445 2983 1504 3021 cui
1534 2995 1765 3034 persuasum
1802 2987 1876 3029 est,

1007 3040 1155 3077 veniret
1169 3039 1324 3077 domum
1342 3039 1561 3085 adulterae,
1585 3038 1660 3076 sed
1684 3039 1748 3090 qui
1773 3054 1875 3079 com-

1006 3095 1206 3147 probatus
1251 3100 1314 3134 est
1359 3100 1400 3133 et
1435 3096 1734 3136 commendatus
1768 3097 1877 3135 uxori
