2221 3667
292 138 400 182 1068
558 137 605 177 L.
637 136 855 176 APULEII
887 135 1291 176 MADAURENSIS
1320 135 1866 178 METAMORPHOSEON

289 265 494 292 sacrorum
520 248 797 289 ministerium.
859 246 948 288 Neo
972 261 1034 288 me
1060 247 1200 289 fefellit
1221 248 1286 289 vel
1312 248 1420 302 longi
1446 249 1632 303 temporis
1658 249 1877 303 prolatione
1902 251 2095 293 cruciavit

289 309 385 348 deae
411 305 580 360 potentis
606 304 832 359 benignitas
861 305 1072 356 salutaris3
1115 305 1184 345 scd
1217 305 1342 345 noctis
1375 306 1566 346 obscurae
1597 319 1676 346 non
1709 306 1888 349 obscuris
1920 308 2094 361 imperiis

289 364 494 404 evidenter
518 361 685 412 monuit,
713 361 922 402 advenisse
948 361 1049 402 diem
1075 361 1168 402 mihi
1193 375 1349 416 semper
1373 362 1603 416 optabilem,
1631 377 1706 416 quo
1732 376 1793 403 me
1813 364 1989 404 maxumi
2012 365 2094 405 voti

290 421 564 474 compotu-ct,
612 425 838 472 quantoque
875 425 1005 458 sumtu
1041 418 1220 459 deberem
1259 432 1472 473 procurare
1508 419 1848 473 supplicamentis,
1894 419 2095 474 ipsumque

287 476 475 517 Mithram
502 475 607 515 illum
635 488 746 515 suum
774 476 1019 515 sacerdotem
1039 476 1307 530 praecipuum,
1335 475 1468 516 divino
1488 476 1652 529 quodam
1673 476 1876 517 stellarum
1896 477 2096 517 consortio

290 541 331 574 ut
367 533 496 574 aiebat
531 531 623 572 mihi
662 532 936 583 coniunctum,
976 545 1179 573 sacrorum
1218 532 1439 572 ministrum
1477 533 1669 573 decernit.
1743 532 1842 586 Quis
1879 539 1917 573 et
1954 533 2096 574 ceteris

287 685 554 713 utinisterae'orum
570 684 589 713 f.
604 681 634 713 «5.
682 683 738 711 vel
748 683 841 721 longi
853 688 900 713 est
916 684 948 713 in
962 685 998 713 F.
1013 686 1044 712 3.
1058 686 1094 713 G.
1112 685 1144 714 P.
1159 685 1262 719 (teste
1275 682 1372 719 oud.)
1387 687 1423 714 L.
1439 687 1474 713 0.
1491 685 1512 713 f.
1525 681 1554 714 δ.
1570 694 1603 719 φ.
1618 685 1702 719 quod
1715 686 1795 714 oud.
1811 685 1970 722 probavit,
1983 686 2097 715 Ruhn-

288 732 385 760 kenio
399 738 593 766 quamquam
608 738 671 759 non
685 733 936 764 obtemperante.
972 731 1113 765 saepius
1132 732 1218 760 enim
1233 731 1411 766 Apuleium
1431 731 1638 766 praecedenti
1657 737 1717 758 nec
1735 730 1918 760 subiecisse
1932 730 1986 758 vel
1996 732 2098 766 parti-

287 780 407 812 culam,
423 777 502 806 oud.
518 776 752 805 demonstravit
772 777 812 804 ad
827 778 903 804 Met.
918 777 974 804 111.
992 784 1021 810 p.
1038 777 1112 804 192.
1137 784 1266 814 neque
1287 779 1365 803 tuae
1379 775 1559 813 dignitatis
1578 774 1645 803 vel
1661 776 1801 813 etiam,
1828 777 1884 805 ubi
1897 778 1969 805 lntt.
1985 778 2096 806 eadem

290 823 413 851 ratione
427 825 573 857 peccant.
599 824 634 850 ln
656 826 729 850 cett.
749 830 810 848 nec
829 820 931 859 longi.
956 823 1096 851 1=1G.1).
1113 827 1141 850 et
1156 823 1192 850 P.
1214 823 1248 850 in
1268 822 1430 856 excerptis
1450 823 1490 850 ad
1510 829 1610 857 marg.
1624 823 1672 850 ed.
1689 822 1778 851 Colv.
1794 830 1856 851 non
1870 820 1924 849 vel
1935 821 2028 858 longi
2038 827 2099 857 est,

287 869 345 897 sed
359 870 400 896 ut
412 867 519 905 longi,
546 875 641 902 quam
655 869 872 901 corruptelam
887 874 928 895 ex
941 867 1132 901 compendio
1146 864 1194 895 vl·
1208 868 1228 896 i.
1244 877 1271 896 e.
1286 864 1341 894 rel
1351 871 1496 896 exortam
1517 875 1591 896 esse
1611 867 1853 902 apertissimum
1867 871 1926 896 est.
1969 866 2097 904 proba-

288 913 377 941 tione
391 915 428 942 R.
466 912 710 949 deaepnteneis
723 913 759 941 F.
775 914 804 939 3.
820 914 855 941 G.
872 914 908 941 P.
923 914 961 941 D.
977 921 1006 947 p.
1023 912 1043 941 f.
1057 910 1085 941 δ.
1101 914 1151 941 ed.
1167 913 1512 948 pr.Vicent.Venet.‘.’.
1527 914 1611 941 lunt.
1628 914 1656 942 1.
1671 914 1700 942 2.
1715 914 1793 941 Ald.
1813 915 1849 942 ln
1864 913 2098 950 cett.pvtentn‘s

285 958 376 988 deae.
425 957 600 986 admonuit
622 959 657 986 P.
704 957 862 985 masmm‘
876 958 913 987 F.
934 960 964 986 3.
990 960 1025 986 ln
1045 962 1118 987 cett.
1139 958 1292 987 maximi.
1340 958 1542 994 comperiret
1556 967 1603 993 p.,
1635 959 1717 992 quod
1738 958 1821 987 idem
1841 960 1938 987 habet
1956 959 1992 988 F.
2013 960 2044 988 3.
2065 959 2099 988 in

285 1005 433 1039 margine
451 1007 492 1034 ab
512 1005 623 1033 eadem
644 1011 743 1032 manu
766 1004 998 1039 perscriptum,
1025 1011 1123 1038 quum
1144 1004 1178 1032 ln
1197 1007 1350 1032 contextu
1370 1006 1573 1040 competeret
1593 1006 1731 1039 legatur.
1756 1004 1903 1033 Priorem
1922 1004 2098 1040 genuinam

284 1059 357 1079 esse
370 1050 542 1079 lectionem
562 1049 681 1078 iudico.
707 1049 904 1085 compeer'rcl
919 1050 999 1078 Oud.
1014 1058 1055 1078 ex
1069 1047 1097 1078 ὸ.
1111 1051 1148 1078 G.
1163 1053 1191 1077 et
1208 1051 1243 1078 P.
1258 1053 1384 1085 enotat3
1410 1050 1492 1084 quod
1514 1054 1621 1078 tamen
1636 1052 1722 1078 certe
1741 1049 1774 1078 in
1788 1051 1824 1078 G.
1850 1058 1915 1078 non
1930 1050 2098 1085 reperitur,

284 1096 339 1131 qui
353 1103 426 1124 cum
440 1097 478 1124 D.
504 1098 707 1132 competeret
721 1096 799 1130 legit
810 1117 817 1130 ,
844 1097 928 1124 unde
942 1095 1123 1124 verisimile
1136 1100 1183 1123 est
1193 1117 1201 1131 .
1217 1096 1314 1123 etiam
1328 1096 1361 1123 in
1379 1096 1413 1124 Ρ.
1429 1104 1491 1124 non
1505 1100 1627 1123 extare.
1653 1095 1853 1132 compat-iret
1866 1103 1906 1124 ex
1921 1096 2098 1124 Stewecltii

285 1141 475 1170 coniectura
494 1141 614 1175 recepit
636 1141 746 1176 Colv..
771 1148 866 1174 quem
887 1141 1083 1176 posteriores
1103 1141 1243 1169 editores
1263 1141 1369 1169 secuti
1388 1145 1475 1169 sunt.
1501 1142 1537 1169 In
1557 1143 1630 1169 cett.
1651 1142 1742 1169 codd.
1757 1145 1786 1169 et
1800 1141 1870 1169 edd.
1885 1143 2098 1177 competeret.

287 1187 495 1222 (f'mnpnev'ret
510 1187 609 1215 etiam
623 1188 774 1215 Beroald.
788 1187 912 1221 legisse
925 1187 1054 1215 videtur
1066 1187 1242 1220 explicans
1256 1186 1599 1225 crmepotemfaceret.
1636 1184 1783 1214 Mimam
1796 1187 1833 1215 Ι..
1870 1184 2048 1214 Min-thium
2061 1187 2096 1216 0.

285 1231 445 1261 ΜιἸΙιίαηι
460 1234 572 1261 xvow.
589 1233 674 1261 Pric.
691 1233 849 1267 pessime.
877 1236 907 1260 ut
924 1232 1011 1260 infra
1025 1240 1054 1266 p.
1071 1234 1146 1260 808.

1194 1239 1289 1260 suum
1305 1233 1395 1260 deest
1410 1241 1440 1267 p.

1490 1235 1530 1259 nc
1542 1230 1656 1259 aiebat
1670 1240 1735 1260 non
1755 1235 1939 1267 comparent
1960 1232 1994 1260 in
2009 1234 2044 1260 G.
2059 1233 2095 1260 P.

283 1282 322 1308 D.
343 1275 371 1307 δ.
391 1283 422 1306 et
443 1278 589 1307 auctoris
609 1286 708 1307 manu
726 1278 872 1312 profecta
893 1286 966 1306 esse
985 1280 1066 1306 haec
1086 1280 1188 1306 verba
1206 1281 1303 1311 negat
1323 1278 1404 1307 Oud.
1429 1278 1583 1306 Attamen
1597 1279 1730 1306 Ruhnk.
1751 1278 1785 1307 in
1799 1280 1889 1306 textu
1903 1285 1942 1306 ea
1957 1277 2098 1306 retinuit.

285 1323 510 1352 ›m‘nisterinm
525 1324 560 1352 G.
575 1324 611 1353 P.
626 1325 665 1352 D.
679 1324 716 1352 Ο.
730 1322 765 1353 1..
782 1323 802 1353 s.
818 1319 846 1351 δ.
863 1332 892 1358 p.
908 1324 945 1352 B.
959 1325 1046 1352 unde
1059 1324 1139 1352 Oud.
1154 1323 1340 1352 emendavit
1356 1330 1535 1351 sacrorum
1548 1323 1583 1351 in
1597 1322 1832 1353 rm‘m’sterimn.
1857 1324 2000 1353 Salmas.
2012 1331 2097 1352 mar—

284 1371 352 1406 gini
373 1368 549 1405 adscripsit
569 1368 667 1397 minis
673 1369 769 1396 ter-iu.

285 1506 390 1544 tione
415 1503 673 1555 explicandus
698 1503 759 1541 sit.
810 1502 942 1554 Magis
973 1502 1048 1541 huc
1079 1515 1163 1554 per-

285 1563 409 1601 tinere
437 1561 591 1600 videtur
624 1560 733 1599 varia
765 1560 880 1599 lectio
912 1559 1017 1611 apud
1048 1559 1164 1599 eund.

285 1619 374 1658 Nat.
390 1618 510 1658 Deor.
524 1616 570 1656 ΙΙ.
586 1621 652 1664 52,
673 1618 716 1656 iu
732 1631 852 1669 qutun
874 1621 989 1669 quot
1011 1631 1164 1655 annos

289 1677 407 1729 quasi
420 1689 547 1715 novos
560 1689 584 1713 α
589 1688 690 1727 yros
702 1674 865 1720 invehit,
892 1686 993 1723 quae
1007 1674 1163 1711 ntit·ilice

285 1749 309 1771 a
334 1732 447 1772 codd.
469 1732 640 1784 optimae
660 1735 777 1769 notae
798 1730 1053 1769 confirmatur.
1080 1730 1163 1768 Sed

287 1790 460 1829 Ciceroni
486 1803 533 1828 an
556 1787 789 1827 vindicanda
807 1788 857 1825 sit
876 1787 1018 1825 dubius
1038 1786 1166 1825 adhuc

285 1847 441 1885 haereo.
468 1845 594 1884 Aliter
622 1844 725 1883 Gell.
742 1843 809 1883 Vl.
836 1848 872 1885 5.
900 1857 970 1895 pro
996 1843 1165 1894 simplici

287 1909 388 1957 quot
413 1907 616 1957 quotquot
636 1902 855 1954 usurpavit:
883 1906 926 1940 ut
950 1901 1164 1953 Carlltayi-

285 1963 440 2001 msenses
465 1964 708 2013 quotquot
725 1959 867 1998 annis
886 1958 936 1996 P.
952 1958 1000 1996 12¹.
1015 1959 1167 1997 darent

285 2023 439 2058 certum
462 2016 630 2070 pondus
655 2017 822 2067 arycnti
848 2015 894 2054 cs.
920 2014 1001 2053 lntt.
1017 2015 1067 2053 ad
1083 2013 1162 2054 Cic.

284 2075 335 2113 de
359 2074 410 2115 N.
434 2075 484 2114 D.
512 2074 535 2113 l.
562 2088 594 2113 c.
625 2072 674 2112 ad
706 2072 834 2112 Plaut.
862 2071 985 2110 Stich.
1013 2071 1037 2112 l.
1063 2086 1096 2112 e.
1122 2076 1161 2111 et

287 2132 408 2172 voss.
435 2130 606 2183 Etymol.
632 2144 665 2169 s.
683 2143 716 2169 v.
745 2129 874 2182 quoa]

341 2223 474 2262 noctis
501 2222 698 2261 obscurae
722 2235 803 2260 uon
832 2221 1014 2260 obscuris
1038 2221 1160 2272 impe-

285 2282 368 2320 riis.
419 2279 501 2333 [De
526 2278 720 2317 sententia
747 2278 950 2316 verborum
982 2276 1030 2316 cf.
1058 2276 1161 2316 Cort.

283 2337 335 2376 ad
358 2336 507 2375 Lucan.
523 2335 550 2375 Ι.
570 2339 660 2376 187.
687 2336 749 2386 qui
776 2334 812 2373 h.
830 2334 854 2373 l.
879 2334 1052 2387 excitat]
1083 2332 1161 2373 Pro

284 2395 465 2447 imperiis
483 2391 682 2432 Stewcch.
702 2392 836 2443 legere
855 2390 977 2429 voluit
994 2391 1162 2431 italicus

284 2455 416 2489 contra
440 2463 556 2501 quam
580 2449 813 2489 sententiam
839 2447 944 2488 oud.
968 2448 1069 2486 bene
1094 2461 1160 2499 pu-

284 2512 387 2558 gnat.
434 2507 694 2546 Notissimum
715 2506 814 2546 enim
841 2518 936 2543 esse
957 2504 1020 2543 vel
1034 2505 1160 2543 tironi-

284 2558 370 2611 bus,
387 2569 616 2617 praecepta
629 2564 757 2602 vocari
773 2562 934 2602 deorum
948 2560 1105 2607 monita,
1120 2566 1161 2600 ut

284 2636 318 2674 p.
330 2625 423 2663 793.
437 2635 511 2661 nec
520 2622 609 2675 fuit
622 2635 702 2661 vox
715 2634 798 2660 uua
814 2619 876 2658 vel
889 2620 1002 2673 quies
1015 2618 1158 2672 aliqua

284 2679 370 2719 visu
389 2677 492 2718 deae
517 2679 799 2730 monituque
824 2676 961 2715 ieiuna
985 2676 1056 2715 sed
1076 2690 1157 2715 cre-

285 2736 367 2775 bris
389 2734 630 2788 imperiis3
655 2737 694 2772 et
719 2731 851 2772 statim
877 2730 975 2773 infra
1000 2746 1037 2785 p.
1063 2736 1156 2774 801.

286 2793 387 2833 deae
412 2791 561 2832 divinis
584 2791 817 2844 imperiis.

369 2872 624 2924 compotirct.
693 2870 804 2909 Haec
840 2868 1062 2909 certissima
1097 2874 1160 2909 est

283 2927 413 2981 Lipsii
449 2929 689 2973 coniectura,
727 2940 843 2979 quam
874 2928 910 2966 in
937 2930 1045 2966 textu
1071 2940 1156 2966 eum

283 2986 424 3024 ceteris
447 2985 721 3037 interpretibus
745 2998 934 3036 reponere
955 2999 1029 3023 non
1048 2984 1156 3023 (lubi-

285 3043 374 3081 tavi.
434 3040 657 3082 Plautinum
681 3046 745 3081 est
769 3041 1023 3087 vocabulum,
1049 3041 1154 3094 quod

286 3098 454 3149 legimus
478 3099 650 3139 Rudent.
662 3098 730 3137 IV.
746 3104 782 3141 2.
798 3103 835 3141 6.
860 3099 1036 3139 Piscatu
1049 3112 1153 3138 vzoco

286 3169 346 3194 me
368 3156 483 3196 uberi
507 3157 799 3209 compotivit
820 3160 861 3194 et
885 3155 1008 3194 forma
1033 3154 1152 3208 depo-

818 1368 893 1406 qm's
915 1370 949 1398 F.
970 1370 1001 1397 3.
1023 1377 1052 1403 p.
1067 1366 1096 1397 ὃ.
1116 1369 1186 1397 edd.
1208 1373 1283 1397 ante
1303 1369 1391 1398 Cuiv.
1418 1371 1452 1397 ln
1468 1373 1540 1397 cett.
1561 1368 1689 1407 quibus.

1224 1502 1381 1541 nentiali
1406 1502 1433 1540 l.
1459 1506 1495 1543 3.
1529 1505 1615 1549 23..
1646 1507 1687 1542 ut
1711 1503 1885 1554 Amphit.
1913 1502 1939 1542 l.
1971 1508 2004 1544 1.
2032 1507 2096 1545 23.

1224 1574 1315 1600 cum
1351 1574 1461 1599 nunc
1501 1561 1686 1611 poticit
1724 1565 1846 1611 pater
1880 1561 2095 1600 servitutis.

1227 1617 1474 1668 Compott'vit
1493 1617 1623 1655 itidem
1636 1616 1916 1655 restituendum
1931 1620 1993 1655 est
2005 1616 2097 1655 Flo-

1222 1673 1289 1711 rid.
1306 1676 1417 1713 n.23.
1431 1686 1467 1724 p.
1481 1678 1572 1713 111.
1585 1673 1718 1712 Minus
1731 1677 1838 1712 recte
1852 1675 1904 1712 ita
1918 1674 2099 1713 emendat

1224 1728 1422 1769 Stewech.
1450 1731 1595 1769 Arnob.
1621 1729 1685 1769 Ill.
1712 1733 1778 1772 23.
1813 1745 1887 1771 cur
1911 1732 2031 1772 unius
2055 1733 2098 1770 in

1227 1789 1372 1839 officio
1394 1787 1663 1838 praesidatus
1676 1787 1751 1827 llos
1770 1788 1968 1828 victoriae
1993 1801 2096 1828 com-

1220 1848 1359 1896 potes,
1391 1844 1499 1883 alios
1529 1858 1624 1884 vero
1650 1845 1889 1897 perpetitur
1923 1846 2095 1898 iynomi-

1224 1902 1342 1940 m'osa
1367 1901 1602 1953 infirmitate
1633 1902 1764 1941 videri
1788 1915 1858 1953 pro
1892 1907 2096 1954 compotes

1225 1960 1433 2010 compotit.
1461 1956 1559 1997 Prie.
1576 1956 1711 1998 Gloss.
1726 1957 1877 1997 Philox.
1892 1972 1931 2010 p.
1946 1963 2010 2000 50.
2025 1973 2094 2011 pro

1224 2029 1418 2066 compuso
1444 2012 1551 2067 εὐχῆς
1576 2011 1804 2068 ἐπιτυγχάνω
1823 2016 1978 2067 corrigit
1990 2030 2095 2055 com-

1216 2074 1364 2124 pott‘or
1389 2072 1469 2121 (vel
1485 2074 1724 2124 compotio).
1761 2071 1874 2124 [Erat
1888 2085 2004 2125 quum
2019 2086 2093 2125 ego

1221 2135 1381 2180 propter
1419 2132 1661 2167 constantem
1698 2144 1719 2169 e
1755 2134 1795 2168 et
1830 2144 1852 2169 r
1884 2128 2094 2170 litterarum

1220 2186 1428 2224 lectionem
1455 2186 1517 2225 hic
1541 2186 1789 2226 emendarem
1821 2188 2093 2240 comperttret,

1222 2243 1327 2294 quod
1351 2243 1568 2295 scripturae
1593 2245 1836 2295 comperiret
1861 2257 1976 2295 quam
2007 2257 2093 2295 pro-

1220 2300 1325 2338 xime
1351 2300 1569 2340 accederet.
1623 2300 1886 2353 Compartior
1911 2305 2017 2339 certe
2042 2301 2092 2338 in-

1221 2358 1369 2396 venitur
1404 2369 1474 2408 pro
1507 2357 1792 2396 communicare
1822 2358 1858 2396 in
1890 2357 1982 2397 vet.
2012 2357 2091 2396 Dc-

1220 2419 1326 2453 creto
1362 2415 1437 2453 sub
1462 2414 1658 2454 Antonino
1690 2413 1762 2453 Pio
1796 2415 1902 2466 apud
1940 2415 2091 2454 Gruter.

1219 2475 1314 2517 408,
1340 2475 1404 2513 39.
1432 2485 1520 2511 cum
1548 2472 1691 2523 quibus
1715 2485 1880 2513 muuera
1906 2472 2092 2512 decurio-

1219 2534 1338 2569 natus
1364 2530 1762 2580 compartiantur.
1798 2528 1886 2568 Nec
1905 2529 1941 2567 in
1968 2528 2092 2568 torma

1218 2600 1291 2624 nec
1322 2587 1356 2624 in
1389 2586 1675 2624 constructione
1704 2586 1813 2624 vocis
1838 2585 2089 2624 offenderem.

1218 2643 1354 2682 Gloss.
1375 2642 1531 2682 Philox.
1552 2656 1588 2693 p.
1612 2645 1676 2683 49.
1704 2644 1978 2694 compartitur
2001 2657 2090 2692 συμ-

1215 2700 1401 2753 μερίζεται
1426 2703 1466 2738 et
1491 2699 1621 2750 Cyrill.
1648 2712 1683 2750 p.
1701 2702 1792 2740 619.
1818 2699 2087 2752 συμμερίζομαι

1217 2756 1509 2809 εοηψοτιτίον.]

1274 2814 1483 2853 Mithram.
1509 2812 1597 2852 Hoc
1622 2826 1758 2852 nomen
1784 2826 1858 2851 non
1883 2810 2011 2850 solum
2037 2812 2088 2850 de

1217 2869 1423 2909 Persarum
1456 2870 1532 2908 deo
1567 2870 1667 2909 Sole
1695 2884 1768 2908 scu
1798 2870 2085 2921 Aegyptiorum

1217 2928 1376 2967 Osiride
1395 2928 1459 2965 vel
1480 2927 1692 2978 Saraphle,
1717 2927 1789 2965 sed
1811 2928 1927 2966 etiam
1947 2930 1988 2964 ut
2002 2940 2086 2977 prn-

1215 2987 1335 3037 prium
1362 2997 1502 3023 nomen
1522 2986 1557 3022 in
1574 2984 1888 3036 inscriptionibus
1909 2984 2083 3024 occurrit.

1214 3046 1254 3081 ut
1285 3041 1389 3095 apud
1420 3041 1592 3080 Fabrett.
1624 3046 1664 3080 et
1692 3040 1784 3079 alibi
1815 3039 1882 3092 [cs.
1907 3039 2084 3080 Hansen.

1212 3100 1263 3138 de
1288 3099 1444 3139 lureiur.
1468 3098 1576 3139 vett.
1601 3112 1632 3137 c.
1654 3102 1718 3139 28.
1743 3098 1778 3135 in
1801 3096 1943 3137 Graev.
1960 3096 2082 3136 Thes.

1212 3156 1258 3196 T.
1272 3156 1322 3195 V.
1347 3169 1384 3208 p.
1412 3155 1523 3207 860]
