2155 3590
677 131 862 171 LIBER
889 130 942 172 X.
1002 130 1119 170 CAP.
1151 129 1324 168 XXIV.
1814 124 1894 166 945

100 255 142 282 se
168 241 314 282 direxit
338 255 458 282 saeva
482 242 676 283 rivalitas.
739 242 792 283 Et
821 243 924 284 illico
957 243 1052 283 haec
1084 243 1217 282 eadem
1243 254 1348 281 uxor
1373 239 1476 289 eius,
1506 251 1603 292 quae
1630 250 1733 276 nunc
1759 235 1895 279 bestiis

98 304 257 352 propter
282 298 376 338 haec
401 299 484 352 ipsa
503 299 630 339 fuerat
649 299 817 350 addicta,
846 300 971 353 coepit
988 299 1152 353 puellam
1174 297 1282 337 velut
1301 296 1491 336 aemulam
1520 293 1595 334 tori
1610 292 1894 344 succubamque

97 353 221 408 primo
236 353 439 408 suspicari,
451 354 588 395 dehinc
603 356 803 402 detestari,
818 355 956 396 dehinc
971 353 1251 395 crudelissimis
1267 352 1416 405 laqueis
1431 350 1569 391 mortis
1583 349 1772 389 insidiari.
1798 347 1896 388 Tale

98 410 263 463 denique
301 410 608 451 comminiscitur
645 412 812 452 facinus.
876 412 1037 452 Annulo
1074 410 1215 450 marito
1253 415 1434 460 surrepto
1472 421 1538 447 rus
1570 406 1746 460 profecto
1778 404 1896 444 mittit

97 467 298 519 quemdam
341 467 539 507 servulum
576 468 648 507 sibi
676 468 827 521 quidem
862 468 1033 517 fidelem,
1068 467 1134 506 sed
1167 466 1212 505 dc
1245 464 1327 518 ipsa
1362 464 1433 502 fide
1464 462 1630 517 pessime
1662 467 1892 510 merentem,

96 522 160 576 qui
188 523 336 576 puellae
362 523 582 573 nuntiaret,
612 525 712 577 quod
739 538 822 564 eam
850 524 1004 564 iuvenis
1032 523 1231 577 profectus
1257 521 1303 559 ad
1330 519 1502 559 villulam
1529 524 1691 559 vocaret
1716 517 1762 556 ad
1788 530 1892 565 sese,

93 578 244 628 addito,
280 585 322 618 ut
353 580 434 618 sola
468 586 506 619 et
536 580 621 621 sine
653 581 730 620 ullo
758 581 898 620 comite
926 594 1040 633 quam
1069 576 1333 619 maturissime
1358 575 1603 628 perveniret.
1665 572 1719 614 Et
1744 587 1793 613 ne
1819 586 1894 626 qua

93 635 195 675 sorte
233 642 466 676 nasceretur
502 637 684 676 veniendi
723 637 922 688 contatio,
964 635 1081 676 tradit
1119 634 1304 674 annulum
1344 631 1484 671 marito
1527 630 1790 679 subtractum,
1832 629 1896 682 qui

92 750 212 779 de'resz'l
226 753 262 781 G.
281 753 308 780 1.
356 760 461 780 sueva
475 754 510 782 F.
528 755 555 782 1.
571 755 600 782 3.
616 756 651 783 G.
668 755 697 782 1.
712 755 742 782 2.
758 755 793 783 Ρ.
809 755 844 782 Β.
861 753 881 782 f.
898 751 928 781 ὁ.
944 754 1024 782 Coll.
1038 753 1135 780 Voss.
1157 754 1185 779 et
1206 751 1276 779 eud.
1297 752 1373 778 ante
1392 748 1497 781 Colv..
1523 747 1576 781 qui
1591 747 1622 775 id
1637 750 1753 774 temere
1771 749 1896 774 mutare

90 805 155 825 non
176 797 321 826 debebat.
346 799 381 826 In
403 802 475 826 cett.
490 806 630 831 scaeva,
658 806 740 834 quae
760 799 860 827 solita
879 799 1051 831 utriusque
1071 795 1220 825 vocabuli
1239 793 1390 823 confusio
1411 792 1546 827 saepius
1564 792 1629 821 iam
1650 793 1823 820 observata
1836 796 1895 818 est.

82 841 251 878 parilitas
265 844 301 871 G.
321 844 348 871 1.
397 841 451 870 hic
465 842 577 871 eadem
592 845 661 872 edd.
677 848 752 872 ante
767 845 858 872 Colv.
882 846 1010 877 praeter
1031 844 1115 870 lunt.
1131 844 1160 869 2.
1210 847 1298 876 quae
1316 846 1403 866 nunc
1423 837 1540 865 bestiis
1555 839 1699 874 propter
1717 834 1802 862 haec
1822 836 1897 871 ipsa

89 886 206 915 bestiis
220 890 256 916 G.
269 889 299 916 2.
312 890 351 917 D.
398 886 461 916 lmc
474 888 550 925 ipsa
565 897 593 924 p.
620 887 686 916 bac
699 889 775 925 <ipsa
788 890 823 917 F.
840 891 871 917 3.
896 890 934 916 1η
950 891 1022 916 cett.
1037 885 1121 914 haec
1134 885 1220 922 ῑμεα.
1268 882 1388 911 addita
1409 885 1443 911 G.
1461 884 1489 911 1.
1505 884 1544 911 D.
1588 880 1706 918 puella
1724 879 1821 908 valde
1841 888 1896 915 pro

84 931 236 969 puellam
250 931 340 960 velue
356 934 391 962 Ρ.
418 933 535 970 puella
550 933 648 961 velud
659 937 694 963 G.
710 936 740 963 2.
753 936 791 962 l).
836 932 974 960 aemula
988 933 1019 960 in
1034 934 1117 961 lunt.
1135 933 1162 959 l.
1177 934 1204 959 et
1221 931 1297 959 Ald.
1313 938 1386 958 esse
1400 928 1517 963 profert
1532 928 1611 956 oud.
1636 928 1678 956 At
1692 924 1899 953 aemulatori

88 978 285 1006 coniunctim
298 979 418 1013 legitur
430 979 462 1007 in
477 981 560 1008 lunt.
578 981 606 1007 1.
619 981 650 1007 2.
664 981 739 1008 Ald.
778 978 908 1006 testari
920 980 957 1006 R.
973 977 993 1005 f.
1030 974 1259 1004 crudelissime
1273 976 1310 1004 G.
1322 976 1349 1003 1.
1361 975 1395 1002 0.
1410 980 1447 1001 π.
1463 981 1519 1007 pro
1532 970 1797 1006 crudelissimae,
1814 972 1894 1004 quod

88 1023 168 1050 oud.
181 1025 322 1060 mavult,
347 1024 421 1052 licet
436 1025 562 1052 Ruhnk.
579 1033 640 1052 non
655 1027 831 1052 obsecutus
846 1024 898 1051 sit.
927 1023 1016 1051 Sicut
1033 1022 1129 1050 etiam
1139 1019 1307 1057 pessimae
1320 1020 1549 1053 interpretatur
1562 1017 1724 1046 floridus.
1751 1016 1830 1051 [Sed
1846 1023 1896 1043 res

87 1069 196 1096 eodem
217 1069 313 1103 redit,
341 1070 423 1097 unde
437 1071 476 1097 ab
491 1069 619 1103 optimis
638 1070 729 1097 codd.
743 1070 898 1097 standum
920 1072 986 1103 cst,
1015 1068 1202 1102 praesertim
1224 1073 1320 1098 quum
1341 1065 1535 1098 liypallages
1549 1064 1700 1096 exempla
1714 1062 1745 1090 in
1761 1061 1896 1096 Apuleii

84 1112 179 1142 libris
194 1113 412 1146 frequentiora
424 1114 506 1147 siut.
532 1122 633 1148 eaque
648 1115 846 1148 probabilior
860 1114 915 1142 fiat
930 1113 1026 1141 lectio
1043 1110 1313 1146 crudelissimis.]
1360 1116 1437 1136 reus
1458 1111 1493 1137 G.
1508 1110 1537 1136 2.
1551 1109 1585 1136 P.
1604 1108 1643 1135 D.
1657 1108 1692 1135 1..
1737 1106 1896 1143 profecto

86 1157 122 1185 F.
137 1159 168 1186 3.
183 1160 218 1186 G.
232 1159 262 1185 2.
277 1159 313 1186 Ρ.
328 1160 365 1186 D.
379 1160 415 1187 L.
431 1159 452 1187 f.
473 1160 542 1188 edd.
563 1163 638 1187 vett.
659 1163 733 1187 ante
753 1160 831 1187 Bas.
853 1160 882 1186 1.
904 1158 1061 1186 Brantius
1081 1157 1227 1185 emendat
1250 1162 1308 1183 rus
1328 1163 1364 1180 en
1380 1153 1552 1191 profecto.
1578 1154 1612 1180 ln
1633 1155 1706 1180 cett.
1722 1151 1896 1190 profecta.

86 1202 146 1230 Vir
161 1203 274 1231 doctus
287 1203 319 1231 in
333 1204 408 1232 edit.
423 1212 493 1232 mea
507 1203 632 1232 Viceut.
647 1203 956 1241 corrigitprofccli.
995 1200 1100 1237 sillem
1117 1204 1153 1230 G.
1171 1202 1197 1228 1.
1212 1201 1247 1228 0.
1295 1201 1473 1226 mat-eutem
1489 1200 1524 1226 G.
1543 1199 1570 1225 1.
1586 1205 1657 1225 cum
1672 1199 1784 1231 glossa
1797 1197 1897 1224 inter-

84 1247 203 1276 lineari
226 1246 428 1283 plorantem.
464 1252 669 1275 maerentem
693 1251 786 1276 nabet
808 1248 939 1276 Vicent.
960 1249 1073 1276 Veii-et.
1095 1248 1124 1274 2.
1172 1244 1288 1281 pullae
1313 1252 1368 1279 pro
1390 1242 1523 1280 puellae
1547 1244 1630 1270 lunt.
1648 1244 1676 1270 1.
1726 1249 1748 1268 a
1767 1249 1838 1268 nese
1858 1243 1895 1270 l).

84 1291 191 1318 solam
207 1292 228 1320 f.
276 1301 376 1329 quum
390 1292 571 1320 matut-ime
583 1295 620 1321 L.
667 1294 885 1328 praecenit-et
901 1290 931 1320 δ’.
980 1299 1084 1328 neque
1100 1299 1154 1325 pro
1167 1298 1207 1317 ne
1219 1298 1287 1327 quc!
1301 1292 1337 1318 G.
1356 1291 1382 1316 1.
1397 1290 1431 1318 0.
1480 1280 1635 1315 veniendi
1645 1287 1779 1314 occasio
1792 1289 1898 1323 alque

84 1338 236 1364 cantatio
246 1338 297 1374 B.‚
314 1338 396 1366 unde
409 1338 584 1372 Scioppius
597 1338 729 1373 corrigit
743 1337 905 1364 causatio
920 1340 1024 1374 alque
1039 1335 1401 1369 cutzeuln'11‚expli‹:ans:
1421 1332 1602 1361 excusatio
1616 1333 1672 1360 sed
1688 1332 1743 1360 vix
1758 1333 1895 1361 videtur.

85 1381 264 1409 Cone-tatio
279 1386 310 1411 et
323 1383 497 1410 cunctatio
511 1391 566 1417 pro
580 1391 666 1411 more
681 1383 803 1416 aliquot
819 1383 910 1410 codd.
927 1386 954 1410 et
972 1383 1043 1410 edd.
1059 1381 1216 1409 scribunt.

83 1493 119 1531 p.
140 1483 235 1521 277.
260 1484 335 1519 not.
359 1485 420 1521 15.
458 1480 541 1519 lntt.
575 1480 624 1519 ad
657 1479 757 1520 Sall.
786 1479 866 1531 lug.
896 1484 959 1520 (56.

81 1535 111 1586 ἕ.
129 1540 165 1577 3.
190 1537 340 1588 Zumpt.
368 1537 418 1575 ad
445 1536 524 1576 Cic.
550 1537 661 1576 Verr.
691 1536 716 1575 Ι.
743 1535 775 1589 §-
796 1541 863 1577 65.
901 1535 959 1574 lta

82 1593 198 1632 etiam
223 1594 335 1632 domi
359 1597 576 1645 usurpatur,
600 1597 642 1632 ut
662 1594 773 1632 domi
792 1598 960 1632 nostrae

80 1650 230 1688 similia.
257 1649 303 1688 cs.
331 1649 429 1690 Sall.
454 1649 535 1700 lug.
563 1654 627 1690 76.
655 1649 684 1699 ᾧ.
705 1654 741 1689 6.
769 1650 957 1688 domum

79 1708 265 1758 reyiam
290 1711 566 1758 comportant,
592 1705 694 1756 Nep.
710 1705 960 1757 Pelop.ll.3.

81 1763 264 1802 domum
292 1763 530 1802 Cltarom's
555 1763 838 1814 devenerunt]

128 1852 356 1892 succubam.
384 1852 594 1905 [succuba
609 1855 671 1890 est
684 1852 831 1904 pellex.
859 1851 958 1890 Elm.

78 1909 113 1947 in
134 1908 212 1947 ind.
232 1913 431 1960 comparat
450 1908 539 1946 lsid.
555 1908 693 1947 Gloss.
712 1922 746 1959 p.
763 1912 859 1949 667.
886 1924 953 1947 αη-

79 1965 184 2004 cuba
208 1965 400 2013 (accubo)
426 1965 614 2005 succuba.
665 1965 803 2003 Gloss.
832 1965 953 2002 Arab.

78 2020 165 2059 Lat.
180 2034 215 2071 p.
233 2025 323 2061 708.
351 2021 528 2060 subcubn
552 2021 716 2072 pellam
744 2021 792 2058 cl'.
814 2021 953 2059 Heius.

77 2076 128 2114 ad
153 2075 267 2116 ovid.
299 2077 458 2116 Heroid.
491 2076 557 2115 Ul.
587 2081 680 2117 135.
729 2077 868 2115 Munk.
902 2077 954 2114 ad

77 2132 220 2184 hygin.
245 2132 320 2172 sab.
352 2138 441 2174 177.
475 2146 512 2183 p.
539 2137 631 2173 295.
662 2134 771 2172 Stav.
823 2133 957 2172 Burin.

75 2189 125 2228 ad
150 2189 310 2228 Anthot.
337 2190 424 2228 Lat.
451 2188 495 2227 T.
523 2189 568 2229 ll.
593 2205 631 2241 p.
660 2190 777 2242 607.]

131 2267 285 2307 annulo
310 2270 456 2307 marito
488 2273 678 2321 surrepto
711 2282 781 2308 ras
810 2268 956 2320 prose-

74 2329 153 2364 cto.
212 2323 314 2362 Oud.
340 2325 391 2362 ita
416 2325 589 2376 exponit:
623 2326 739 2362 Certe
773 2325 955 2363 videntur

73 2381 233 2419 maritus
259 2384 299 2417 et
322 2394 418 2419 uxor
442 2395 517 2420 una
549 2395 632 2419 cum
666 2379 953 2424 contubernali,

73 2437 131 2474 cui
151 2450 262 2475 soror
281 2437 617 2489 inssmatrimonium
639 2437 762 2476 destiu
782 2443 845 2477 ata
859 2440 954 2480 erat,

71 2506 138 2531 rus
161 2494 299 2539 ivisse,
337 2494 439 2532 unde
469 2494 536 2531 illa
561 2494 659 2532 clam
688 2495 853 2535 nornine
877 2506 954 2530 ma-

70 2549 129 2587 riti
153 2549 240 2589 solo
265 2563 421 2588 servum
446 2550 548 2589 misit
579 2551 749 2589 arcessit
765 2565 822 2588 om
848 2548 955 2600 puel-

71 2604 148 2643 lam
185 2605 324 2645 solam.
383 2606 527 2644 Verum
565 2619 680 2657 quam
717 2607 770 2645 ῐῑι
807 2607 954 2651 itinere,

68 2662 291 2714 priusquam
317 2662 364 2700 ad
387 2663 514 2701 villam
535 2664 781 2714 pervenerit,
807 2661 955 2700 insidiis

70 2718 221 2758 occidit.
257 2718 432 2771 Eiusque
457 2719 624 2758 acerbae
650 2723 745 2759 mort
769 2721 814 2764 is,
841 2731 954 2768 quum

69 2775 296 2814 nesciebant
320 2775 369 2814 ab
389 2777 563 2827 pessima
581 2775 649 2814 illa
671 2776 748 2815 mul
775 2775 852 2814 iere
872 2788 955 2826 per-

67 2835 275 2881 petratam,
310 2833 452 2871 nuntiis
489 2833 603 2871 exciti
641 2835 861 2870 occurrunt
885 2829 956 2868 sra-

67 2891 125 2925 ter
150 2891 190 2925 et
212 2889 381 2928 maritus
410 2902 443 2927 s.
470 2888 622 2927 futurus
648 2902 694 2927 ac
721 2888 750 2927 d
768 2899 954 2937 esponsa-

68 2947 142 2981 tus.
192 2943 330 2996 [Miror
355 2944 475 2991 Oud.,
513 2946 574 2996 qui
601 2945 694 2982 talia
728 2942 954 2993 contingere

65 2999 140 3038 sibi
166 3002 341 3053 potuerit.
389 3001 555 3040 Maritus
580 3001 710 3039 uxoris
749 2999 954 3039 scelestae

63 3069 130 3094 rus
160 3055 360 3108 profectus
396 3062 475 3103 est,
514 3071 641 3109 eoque
678 3058 862 3096 alosente
900 3054 953 3093 fe-

62 3113 163 3151 mina
187 3113 422 3169 surripuerat
446 3114 645 3161 annulum,
685 3129 710 3167 q
724 3126 813 3163 uem
851 3112 953 3152 domi

1266 1377 1409 1407 tradidit
1426 1380 1461 1406 G.
1477 1380 1505 1408 1.
1554 1375 1680 1405 annulo
1695 1385 1724 1412 p.

1022 1493 1119 1516 suae
1156 1478 1221 1516 ille
1258 1477 1478 1527 reliquerat.
1525 1474 1604 1513 Per
1639 1475 1724 1512 eius
1755 1475 1894 1512 absen-

1022 1535 1111 1573 tiam
1149 1534 1285 1572 mulier
1315 1533 1430 1570 etiam
1468 1545 1532 1570 rus
1568 1531 1820 1583 proficiscitur
1856 1531 1892 1569 iu

1022 1591 1136 1631 alium
1152 1589 1344 1634 villulam,
1371 1602 1446 1639 quo
1467 1602 1538 1640 per
1552 1600 1706 1626 servum
1721 1586 1893 1638 puellam

1021 1647 1169 1687 arcessi
1209 1647 1325 1684 iubet.
1384 1644 1496 1683 Hanc
1539 1643 1701 1683 caedem
1740 1643 1789 1681 ob
1822 1643 1894 1681 iter

1022 1706 1283 1755 perpetratam
1315 1714 1409 1739 esse
1440 1716 1463 1739 a
1493 1700 1653 1739 muliere
1684 1700 1747 1738 vix
1773 1699 1892 1738 credi-

1020 1759 1096 1798 bile
1133 1764 1194 1798 est
1231 1759 1280 1796 ob
1322 1758 1440 1797 totins
1484 1756 1648 1795 sceleris
1692 1757 1891 1795 rationem.

1019 1817 1105 1854 Rus
1154 1829 1244 1853 vero
1281 1814 1456 1853 maritum
1499 1814 1717 1865 protectum
1766 1811 1892 1850 fuisse

1020 1872 1284 1910 necessarium
1311 1874 1391 1915 est,
1425 1870 1527 1920 quod
1553 1883 1663 1907 soror
1688 1870 1723 1907 in
1751 1868 1891 1906 domus

1020 1928 1178 1967 tutelam
1211 1928 1259 1966 ab
1291 1941 1338 1965 eo
1370 1930 1527 1977 recepta
1559 1925 1686 1963 verbis
1723 1924 1892 1963 feminae

1020 2000 1067 2023 eo
1094 1984 1218 2035 magis
1244 1983 1438 2022 confidere
1469 1982 1611 2035 potuit,
1649 1981 1684 2019 in
1716 1979 1892 2019 villulam

1019 2042 1142 2080 mariti
1166 2041 1225 2079 sui
1254 2054 1339 2078 eam
1368 2037 1555 2078 vocantis.
1593 2039 1797 2089 Sponsum
1815 2051 1892 2075 una

1020 2111 1104 2136 cnm
1141 2098 1275 2135 marito
1313 2097 1347 2134 in
1386 2095 1556 2133 villulam
1589 2096 1673 2132 eius
1710 2107 1757 2131 se
1787 2107 1892 2132 rece·

1020 2155 1141 2206 pisse,
1169 2167 1294 2205 neque
1320 2165 1369 2190 ex
1389 2152 1521 2190 verbis
1542 2150 1793 2196 concluditur,
1818 2164 1892 2188 nec

1019 2225 1083 2249 cur
1114 2213 1279 2262 ponatur
1308 2208 1574 2248 necessarium
1606 2210 1682 2246 est.
1729 2206 1890 2246 Marito

1019 2271 1057 2305 ut
1091 2267 1355 2305 necessarium
1388 2264 1610 2309 emendavi,
1648 2276 1763 2315 quum
1791 2277 1891 2315 pro-

1013 2327 1127 2376 fecto
1153 2336 1282 2361 veram
1308 2335 1402 2359 esse
1428 2320 1500 2359 loci
1528 2320 1733 2358 lectionem
1761 2319 1891 2357 existi-

1016 2394 1134 2426 mem,
1168 2380 1216 2418 ab
1243 2379 1288 2417 iis
1314 2381 1586 2417 commutatam
1612 2375 1793 2421 librariis,
1826 2377 1889 2426 qui

1015 2436 1064 2474 de
1089 2435 1175 2474 sola
1203 2435 1362 2473 muliere
1393 2434 1492 2472 hanc
1524 2433 1804 2486 prosectionem
1836 2432 1887 2469 in-

1015 2492 1136 2543 telligi
1164 2506 1287 2544 posse
1312 2491 1387 2529 sibi
1406 2492 1696 2542 persuaserant,
1725 2486 1887 2527 etlinfra

1015 2549 1210 2588 αηηιιίιιιη
1234 2548 1381 2587 marito
1406 2548 1666 2586 subtractum.
1703 2544 1885 2582 Brantius

1014 2605 1214 2643 emendat:
1251 2618 1320 2643 rus
1345 2617 1391 2642 eo
1412 2606 1627 2655 profecto,
1665 2600 1769 2652 quod
1795 2613 1884 2639 neu-

1010 2660 1158 2714 tiquam
1196 2661 1388 2712 probatur.
1450 2659 1512 2697 De
1548 2672 1589 2697 re
1625 2658 1672 2695 cs.
1709 2655 1884 2695 Rircbm.

1013 2718 1063 2757 de
1088 2716 1231 2756 Annul.
1256 2730 1293 2768 p.
1319 2716 1403 2768 77.]

1069 2773 1345 2814 maturissime.
1378 2772 1632 2816 maturrime,
1654 2768 1755 2820 quod
1771 2768 1882 2819 Lips.

1015 2831 1102 2870 col.
1127 2828 1289 2882 profert,
1320 2828 1353 2866 si
1379 2827 1493 2867 codd.
1517 2830 1712 2865 tuerentur
1737 2825 1882 2876 optimi,

1014 2885 1274 2938 recipiendum
1318 2887 1452 2930 esset,
1502 2882 1682 2933 quoniam
1718 2884 1882 2930 utraque

1015 2943 1138 2980 forma
1185 2941 1305 2993 probe
1359 2940 1513 2986 ‹licitur3
1561 2938 1710 2976 Charis.
1759 2935 1882 2976 instit.

1013 2999 1223 3038 Gramnmt.
1244 2995 1270 3035 I.
1297 3009 1334 3047 p.
1349 2999 1416 3036 89.
1441 2994 1484 3032 11.
1501 3009 1538 3046 p.
1557 2998 1648 3035 184.
1675 2992 1815 3045 [Voss.
1832 2993 1883 3031 de

1012 3054 1128 3094 Anal.
1166 3052 1212 3092 11.
1248 3057 1312 3093 25.
1358 3051 1402 3090 Τ.
1436 3049 1482 3088 11.
1526 3063 1564 3101 p.
1598 3053 1691 3090 685.
1746 3047 1882 3088 Eckst.

1012 3111 1135 3151 Prisc.
1166 3108 1229 3149 111.
1257 3112 1291 3154 3.
1319 3107 1364 3148 T.
1390 3107 1416 3146 I.
1443 3121 1481 3162 p.
1508 3111 1596 3148 116.
1622 3104 1778 3158 Krehl]

1453 3174 1507 3217 60
