2155 3590
759 87 1024 128 CAPUT
1097 87 1122 126 1.
1806 101 1883 126 xix

84 217 176 242 vero
202 203 565 254 Oudendorpius
589 215 702 253 quem
728 202 945 241 Bosscha
969 205 1128 240 secutus
1154 205 1229 246 est,
1255 213 1369 251 quam
1388 213 1575 252 perversa
1595 205 1703 239 esset
1723 202 1882 240 istorum

83 261 177 299 ratio
214 261 336 311 probe
371 261 515 311 primus
552 259 813 305 intellexerat,
851 261 916 298 ille
951 263 1079 298 tamen
1117 272 1190 296 non
1222 271 1382 308 prorsus
1414 258 1462 296 ab
1494 257 1568 296 hac
1598 262 1883 309 praeoccupata

84 318 262 368 opinione
285 317 452 354 recessit
465 315 513 365 2).
574 315 647 354 Cur
671 320 800 354 autem
825 330 920 355 suas
944 329 1008 354 res
1033 327 1239 353 enarrasse
1268 313 1479 365 Apuleium
1511 314 1732 361 credamus,
1766 327 1883 365 quum

85 387 264 424 graecam
294 387 341 411 se
371 377 567 412 tractasse
596 373 767 411 fabulam
799 373 1021 423 profiteatur
1051 371 1386 422 Metamorphosis
1422 371 1527 409 initio
1563 371 1731 422 ideoque
1768 371 1884 422 plane

84 431 279 469 diversam
314 430 388 467 sibi
419 443 625 482 personam
640 428 694 478 3);
731 430 923 479 quomodo
955 429 1143 473 Atticam,
1181 428 1362 479 Spartam
1394 432 1433 465 et
1459 426 1680 465 Corinthum
1711 434 1884 465 veterem

83 500 193 525 suam
226 487 448 539 prosapiam
480 486 674 524 nominare
705 490 873 537 poterat,
904 486 937 523 si
970 486 1020 523 de
1051 498 1097 522 se
1128 485 1215 536 ipso
1242 497 1462 522 sermonem
1488 483 1676 522 fecisset?
1730 484 1811 522 Sed
1837 497 1885 521 ne

83 543 227 581 multus
263 543 356 588 sim,
393 543 478 594 ipse
515 555 639 581 meam
677 556 724 580 ea
760 542 810 579 (le
845 556 886 580 re
922 542 1154 580 sententiam
1192 540 1398 592 proferam.
1471 540 1604 590 ltaque
1640 544 1786 579 certum
1823 544 1885 578 est

84 600 292 652 Apuleium
325 603 403 637 tum
435 600 588 638 demum
620 612 714 637 suas
746 599 871 649 ipsius
902 613 965 637 res
996 598 1259 649 significasse,
1293 611 1408 648 quum
1440 597 1586 635 Lucius
1617 596 1822 635 humanam
1849 597 1883 634 in

86 656 246 695 formam
265 657 474 694 restituitur
500 655 611 707 [Met.
627 670 662 707 p.
680 655 805 707 782.]‚
831 660 871 693 ut
891 670 991 706 quae
1018 656 1052 692 in
1079 655 1211 694 ultimo
1228 653 1562 705 Metamorphosis
1586 653 1680 691 libro
1708 653 1885 705 leguntur

83 726 153 764 pro
178 713 282 750 veris
308 714 392 751 eius
418 713 521 750 vitae
546 712 696 750 indiciis
723 716 866 762 queant
890 712 1038 750 haberi.
1097 711 1212 762 {gitur
1236 715 1383 749 temere
1409 710 1550 749 factum
1579 723 1674 747 esse
1701 723 1819 759 nego,
1844 713 1885 747 ut

83 769 150 807 ille
174 769 318 807 Lucius
350 769 623 808 Madaurensis
647 769 720 807 sibi
746 782 958 819 cognomen
984 769 1140 813 tribuat⁷
1167 781 1283 819 quum
1307 767 1382 805 hac
1400 768 1487 818 ipsa
1506 780 1602 804 voce
1621 767 1884 805 transitionem

84 826 134 864 ad
167 839 262 865 suas
291 839 356 864 res
387 827 509 878 parari
540 826 640 863 satis
671 825 830 871 indicet;
863 839 937 876 quo
969 825 1133 863 reiicitur
1164 824 1483 875 Oudendorpii
1516 823 1789 874 reprehensio,
1822 823 1885 873 qui

86 882 294 921 oblivionis
317 884 546 933 scriptorem
572 880 770 931 arguat4).
830 881 972 919 Rullus
1006 882 1115 931 igitur
1146 886 1207 919 est
1239 880 1422 919 Theseus
1449 885 1573 932 pater,
1608 880 1713 919 nulla
1738 880 1885 920 Salvia.

85 939 191 978 nulla
203 939 448 990 Byrrhaena,
474 952 546 978 nec
569 939 680 977 aliter
700 943 911 976 ceterarum
933 938 1080 989 quaein
1097 938 1406 989 Metamorphosi
1427 941 1774 976 commemorantur
1798 950 1885 989 per-

85 1009 265 1034 sonarum
302 996 455 1034 nomina
489 1000 530 1034 ut
555 995 747 1040 Demeae,
784 995 956 1035 Milonis,
987 994 1235 1045 Pamphilae,
1272 994 1436 1032 Fotides
1472 1007 1576 1032 mere
1614 993 1749 1032 ficticia
1778 997 1884 1040 sunt;

85 1053 213 1090 omnia
243 1052 291 1090 ad
325 1053 490 1091 fabulam
525 1053 668 1090 debent
697 1052 829 1090 referri
844 1050 890 1096 5).
928 1076 981 1080 —-
1018 1051 1161 1089 Restat
1192 1055 1231 1089 ut
1264 1051 1335 1089 loci
1368 1051 1633 1089 difficultatem
1665 1050 1884 1101 expediam,

86 1122 200 1160 quam
226 1122 362 1147 onmes
389 1109 557 1147 editores
584 1108 734 1159 fugisse
759 1108 858 1145 satis
884 1109 1008 1145 miror.
1072 1106 1285 1158 Postquam
1318 1107 1474 1145 fabulae
1506 1108 1609 1145 initio
1635 1121 1681 1145 se
1705 1120 1885 1157 graecam

86 1166 335 1203 narrationem
369 1167 402 1203 in
438 1166 591 1203 latinum
623 1178 840 1203 sermonem
874 1163 1123 1201 transtulisse
1155 1163 1330 1214 pluribus
1356 1168 1488 1202 auctor
1513 1165 1710 1215 exposuit,
1738 1164 1786 1202 (le
1811 1177 1884 1202 sua

83 1234 250 1272 persona
275 1221 421 1271 aliquid
444 1234 490 1258 se
514 1221 730 1259 additurum
755 1234 847 1258 esse
872 1220 1012 1258 indicat
1038 1219 1098 1256 llis
1126 1220 1272 1257 verbis:
1300 1221 1428 1265 „Quis
1448 1221 1539 1258 ille?
1563 1221 1710 1271 paucis
1729 1222 1883 1272 accipe.

84 1278 295 1330 Hymettos
314 1278 454 1317 Attica
474 1282 510 1315 et
532 1277 697 1316 Isthmos
717 1277 939 1330 Ephyraea
959 1281 997 1315 et
1017 1276 1198 1316 Tenedos
1218 1276 1441 1327 Sparliaca
1461 1291 1544 1315 mea
1562 1282 1668 1316 relus
1681 1279 1884 1328 prosapia

84 1338 151 1372 est.
212 1333 276 1372 Ibi
307 1334 489 1386 linquam
521 1333 699 1372 Attidem
728 1333 874 1384 primis
902 1334 1107 1385 pueritiae
1143 1333 1359 1383 stipendiis
1395 1335 1535 1377 omrai,
1579 1348 1676 1372 moa·
1712 1334 1753 1372 in
1785 1334 1884 1372 urbe

84 1390 207 1429 Latia
238 1390 394 1429 advena
417 1389 644 1429 studiorum
678 1390 898 1435 Quiritium
931 1389 1168 1441 indiqenam
1199 1403 1415 1427 sermonem
1446 1390 1714 1429 aerumnabili
1745 1390 1885 1428 labore

81 1446 196 1486 nullo
221 1447 417 1498 nrayislro
438 1451 666 1498 praeeunte
690 1459 909 1499 ayyressus
934 1446 1109 1485 emt-olai.
1174 1445 1239 1483 En
1271 1459 1362 1485 eece
1390 1447 1636 1497 praefamur
1669 1447 1818 1485 veniam
1850 1448 1883 1485 si

86 1503 186 1554 quid
211 1503 366 1542 exotici
392 1518 442 1542 ac
463 1504 640 1554 forensis
665 1502 834 1554 linquae
858 1502 974 1541 rudis
999 1502 1184 1541 eloe-utor
1211 1503 1456 1556 offender-off
1503 1502 1612 1541 Haec
1633 1503 1749 1540 verba
1768 1503 1883 1555 plane

83 1561 128 1598 iis
159 1564 388 1611 repugnant,
420 1573 520 1611 quae
551 1559 586 1597 in
620 1559 787 1597 Floridis
820 1559 995 1609 leguntur
1028 1572 1063 1610 p.
1095 1563 1147 1599 86
1175 1563 1213 1597 ct
1244 1558 1365 1608 91⁶),
1397 1572 1511 1609 quum
1546 1573 1618 1597 non
1652 1560 1686 1597 in
1720 1559 1884 1598 Graecia

76 1651 233 1690 publicae
244 1655 447 1689 potestatem
462 1661 534 1680 enm
549 1652 697 1680 omnibns
717 1652 786 1682 suis
807 1651 947 1687 magicis
967 1652 1100 1680 artibus
1110 1656 1169 1689 pot
1175 1653 1223 1680 nit
1239 1653 1417 1688 pervenire
1431 1672 1438 1679 .
1453 1673 1460 1680 .
1475 1673 1483 1681 .
1497 1674 1506 1681 .
1554 1650 1665 1680 illiror
1684 1651 1884 1681 laudatores

81 1699 151 1726 eius
165 1698 224 1736 qui
236 1707 307 1726 eum
322 1698 432 1726 nescio
448 1707 534 1736 qnae
545 1698 672 1737 fecisse
685 1697 854 1726 nn'racula
869 1697 935 1725 illis
950 1697 1083 1725 artibus
1095 1697 1298 1734 praedicant
1309 1705 1323 1734 ,·
1350 1703 1377 1726 et
1405 1700 1436 1733 ὅ.
1456 1700 1502 1728 is.
1530 1699 1604 1736 quis
1619 1702 1731 1727 autem
1749 1698 1801 1726 oet
1812 1698 1883 1726 risu

81 1742 212 1781 dignum
237 1752 301 1771 non
322 1746 438 1780 putet,
465 1742 554 1781 quod
570 1740 787 1780 Apollonium
809 1747 840 1770 et
863 1741 1034 1779 Apuleium
1054 1747 1250 1781 ceterosque
1274 1743 1483 1782 magicarum
1509 1743 1636 1772 artium
1658 1745 1884 1781 peritissimum

82 1788 240 1828 conferre
256 1787 392 1817 Christo
408 1788 461 1816 ve!
473 1790 574 1816 eliam
585 1789 769 1828 praeferre
783 1792 974 1825 conantur,·
1000 1789 1039 1817 cf.
1062 1791 1210 1818 Lac-tant.
1230 1790 1348 1818 Institi.
1362 1791 1401 1818 V.
1423 1791 1453 1818 3.
1472 1790 1504 1823 §.
1519 1791 1548 1818 7.
1576 1788 1666 1816 Idem
1689 1798 1760 1816 rum
1774 1790 1885 1829 sacta

81 1835 151 1863 eius
164 1834 336 1862 mirabilia
349 1833 555 1871 destrueret,
580 1843 640 1862 ner,-
655 1838 766 1862 tanam
780 1837 937 1871 negaret,
964 1834 1070 1862 voluit
1090 1833 1264 1862 ostendere
1288 1833 1495 1871 Apollonium
1516 1834 1571 1862 vel
1586 1835 1690 1871 paria
1711 1834 1764 1862 vet
1781 1836 1884 1862 etiam

82 1880 216 1908 maiora
232 1880 375 1919 fecisse.
423 1878 570 1908 Mirum
602 1879 707 1918 quod
737 1879 948 1917 Apuleium
975 1881 1290 1916 praetermisit,
1324 1880 1440 1907 cuins
1465 1879 1603 1908 solent
1626 1883 1666 1908 et
1689 1879 1821 1908 multa
1845 1884 1882 1908 et

82 1926 190 1953 mira
214 1926 444 1954 memorari.
492 1927 637 1954 Eandem
657 1929 880 1961 pervulgatam
903 1926 1029 1960 magiae
1048 1926 1266 1960 suspirionem
1288 1927 1368 1954 idem
1384 1926 1591 1961 Augustinus
1613 1931 1763 1954 memorat
1781 1927 1884 1961 Epist.

82 1971 172 2000 Cent.
191 1973 229 1999 II.
250 1971 356 2006 Epist.
377 1971 441 1999 Cn.
464 1972 495 2000 iu
521 1973 585 1999 Sex
607 1973 737 2006 Quaest.
759 1975 869 1999 contra
890 1972 1050 2005 paganos.
1070 1973 1105 1999 'I'-
1120 1973 1160 1999 II.
1182 1973 1268 2000 Part.
1286 1973 1309 1999 I.
1331 1980 1360 2005 p.
1377 1972 1453 1999 423.
1479 1972 1885 2005 Gaun1.Enist.Ce=n.1u.

84 2017 157 2045 137.
172 2017 249 2045 ibid.
264 2025 293 2051 p.
307 2016 382 2044 608.
406 2017 581 2050 Apuleium
601 2017 632 2044 in
653 2016 904 2050 Metamorphosi
924 2024 1004 2044 suas
1020 2016 1125 2050 ipsius
1146 2025 1196 2044 res
1212 2024 1344 2044 narrare
1364 2016 1445 2045 idem
1467 2017 1563 2044 sentit
1579 2017 1720 2051 August.
1736 2018 1774 2044 de
1788 2018 1883 2045 Civit.

81 2062 142 2090 nei
154 2062 270 2090 xvln.
285 2070 312 2089 c.
330 2063 378 2089 18.
405 2060 494 2088 sicat
509 2059 665 2097 Apuleias
678 2060 712 2088 in
727 2059 822 2088 libris
837 2068 918 2097 quos
934 2059 1030 2088 Asini
1041 2061 1142 2088 aurea·
1155 2061 1254 2089 titulo
1268 2061 1441 2097 inscripsit
1452 2084 1458 2094 ,
1486 2061 1550 2089 situ·
1562 2061 1627 2098 ipsi
1638 2061 1819 2097 accidisse,
1846 2065 1885 2089 ut

82 2109 221 2143 accepto
236 2114 358 2134 veneno
373 2104 519 2133 humano
534 2106 645 2133 animo
657 2110 876 2141 permanente
889 2106 1006 2134 asinus
1011 2104 1119 2142 fiere!
1133 2110 1193 2134 aut
1208 2106 1371 2134 indicavit
1387 2111 1447 2135 aut
1454 2105 1579 2142 fintit.

173 2151 213 2185 2)
237 2151 278 2179 ct'.
303 2152 343 2180 ad
369 2153 445 2179 Met.
464 2153 487 2180 1.
514 2160 542 2186 p.
566 2153 618 2180 69.
644 2152 791 2180 Ceterum
820 2155 909 2185 pater
934 2152 1060 2185 quidem
1088 2153 1221 2186 Apuleii
1248 2154 1476 2181 madaurensis
1505 2153 1563 2181 fuit
1590 2153 1757 2182 duumvir.
1785 2157 1818 2181 ut
1843 2161 1883 2181 ex

83 2196 245 2232 Apologia
258 2200 365 2225 notum
380 2200 437 2224 est.
463 2198 503 2225 At
519 2197 575 2225 ille
590 2205 649 2225 non
666 2197 722 2224 tuit
737 2199 892 2231 Theseus,
907 2198 962 2225 sed
980 2201 1069 2232 paler
1080 2195 1185 2233 Lucii,
1201 2197 1258 2226 snb
1273 2198 1367 2225 ruins
1376 2206 1526 2234 persona
1538 2196 1593 2226 hic
1606 2197 1691 2226 latet
1706 2194 1882 2235 Apuleius.

175 2240 212 2280 3)
242 2239 403 2269 Fabulam
426 2241 724 2278 graecanicam
750 2242 934 2277 int-ipimus.

172 2286 208 2319 4)
233 2287 281 2315 Cf.
297 2289 374 2316 Met.
388 2289 410 2314 1.
427 2295 455 2321 μ.
475 2288 500 2315 2.
515 2288 598 2315 etad
614 2289 690 2316 Met.
704 2289 757 2316 XI.
775 2296 801 2322 p.
817 2290 892 2316 812.

171 2331 211 2366 5)
237 2334 313 2360 Met.
327 2334 349 2361 1.
365 2340 393 2366 p.
409 2333 461 2360 72.
487 2340 564 2359 nam
578 2335 610 2359 et
624 2333 784 2359 maiorem
798 2331 925 2360 domum
940 2331 1135 2369 dignatione
1161 2336 1221 2361 tun
1232 2334 1365 2372 soceris
1384 2337 1415 2362 et
1439 2334 1500 2362 tibi
1518 2334 1680 2371 specimen
1697 2333 1882 2371 gloriosum

83 2377 280 2413 arrogatis,
305 2377 337 2404 si
359 2380 535 2405 contentus
560 2377 633 2405 tare
655 2376 800 2414 parvulo
831 2376 978 2406 Thesei
1001 2378 1092 2407 illius
1117 2380 1370 2417 cognominis
1397 2381 1540 2416 patris
1568 2380 1629 2408 tui
1652 2380 1797 2408 virentes
1823 2388 1883 2407 ac-

82 2420 289 2454 mutaveris,-
315 2423 391 2451 ibid.
406 2425 445 2451 11.
473 2431 501 2457 p.
523 2424 573 2451 87.
599 2420 665 2458 En,
691 2423 818 2460 inquit,
844 2423 1080 2452 sanctissimae
1106 2422 1277 2452 Salviae
1302 2425 1424 2453 matris
1447 2433 1612 2462 generosa
1632 2425 1790 2462 probitas
1806 2447 1812 2454 .
1829 2448 1834 2453 .
1851 2446 1857 2453 .
1875 2445 1882 2453 .

82 2475 110 2502 p.
128 2469 180 2495 89.
204 2469 240 2495 et
252 2466 397 2495 adiecit:
425 2466 494 2503 ligo
511 2471 559 2501 te,
588 2477 605 2494 o
622 2467 720 2503 Luci,
746 2469 826 2496 meis
840 2469 916 2496 istis
929 2469 1080 2497 manibus
1094 2469 1257 2504 ectucam·‚·
1284 2468 1422 2508 quidni?
1444 2462 1600 2507 parentis
1617 2474 1695 2498 tuae
1708 2479 1773 2498 non
1787 2469 1881 2497 modo

81 2512 256 2550 sanguinis
275 2520 388 2541 verum
408 2512 647 2541 alimoniarum
669 2515 769 2541 etiam
791 2515 885 2542 socia
895 2515 966 2553 fui.
1016 2513 1108 2542 Nam
1129 2519 1163 2543 et
1175 2515 1321 2554 familia
1344 2515 1526 2544 Plutarchi
1548 2515 1667 2543 ambae
1689 2519 1882 2553 prognatae

82 2564 193 2586 snmus
207 2561 240 2585 et
253 2557 389 2586 eandem
407 2558 571 2586 nutricem
585 2558 686 2587 simul
696 2559 834 2587 bibimus
848 2563 879 2586 ec
894 2560 927 2587 in
941 2568 1031 2588 nexu
1042 2561 1285 2597 germanitatis
1299 2570 1368 2589 nna
1381 2561 1577 2589 coaluimus.
1626 2558 1662 2589 N
1665 2570 1702 2589 ec
1715 2560 1811 2589 aliud
1821 2570 1882 2590 nos

82 2611 181 2640 quam
206 2601 355 2641 dignitas
379 2602 555 2639 discernit,
593 2603 681 2642 quod
707 2604 769 2632 illa
800 2604 1011 2634 clarissimas
1041 2614 1098 2643 ego
1120 2606 1282 2643 privatas
1306 2608 1444 2644 nuptias
1460 2607 1659 2646 fecerimus.
1707 2605 1778 2643 Ego
1809 2614 1881 2635 sum

84 2647 333 2685 Byrrhaena
358 2648 436 2686 illa,
462 2649 555 2677 cm'us
574 2650 676 2689 forte
700 2650 867 2686 saepicule
891 2659 1007 2678 nmnen
1031 2651 1122 2679 inter
1149 2655 1224 2679 tnos
1248 2651 1448 2680 mitit-atores
1460 2653 1725 2691 frequentatum
1743 2653 1881 2681 retines.

82 2695 170 2728 Quae
183 2696 220 2723 de
233 2703 294 2723 sua
307 2695 433 2727 origine
452 2703 471 2723 a
492 2697 666 2725 Plutarcho
686 2700 714 2724 ct
739 2699 836 2724 Sexto
850 2697 1039 2732 philosopho
1059 2700 1231 2732 repetenda
1246 2699 1368 2726 Lucius
1383 2699 1438 2726 ille
1453 2699 1583 2733 protulit
1595 2719 1602 2732 ,
1628 2699 1666 2727 ad
1682 2700 1787 2726 Iocum
1804 2701 1880 2727 Met.

83 2747 111 2774 p.
128 2740 178 2769 13.
193 2741 241 2768 ed.
258 2748 347 2769 meae
367 2741 430 2769 iam
450 2741 600 2775 exposita
619 2745 646 2769 et
665 2741 804 2770 refutata
822 2745 908 2770 sunt.
954 2744 1064 2778 Neque
1083 2747 1188 2772 lamen
1210 2752 1281 2772 curn
1297 2744 1518 2777 Oudendorpio
1539 2744 1715 2778 putandum
1730 2748 1795 2781 est,
1821 2746 1881 2772 hoc

83 2789 258 2820 temporum
273 2786 389 2814 rationi
404 2793 535 2820 prorsus
549 2787 735 2821 adversari,
761 2795 844 2821 quae
856 2788 1017 2817 sententia
1031 2788 1139 2817 fusius
1153 2797 1190 2817 eo
1204 2791 1274 2817 Ioco
1291 2790 1471 2823 improbata
1484 2792 1542 2817 est.

171 2826 206 2866 6)
231 2830 350 2859 Florid.
373 2839 402 2865 p.
421 2833 475 2860 86.
501 2828 552 2858 An
570 2839 635 2859 non
655 2831 763 2859 multa
783 2830 866 2859 mihi
882 2831 973 2869 apud
992 2840 1049 2861 vos
1069 2832 1315 2861 (trihortann'na
1334 2836 1529 2870 suppetunt,
1555 2834 1614 2871 qui
1629 2841 1701 2862 sum
1716 2833 1807 2862 vobis
1820 2842 1880 2861 nec

80 2873 155 2902 lare
178 2874 310 2903 alienus
334 2884 394 2903 nee
415 2876 568 2913 pueritia
593 2876 792 2905 invisitatus
818 2886 878 2905 nec
903 2878 1078 2915 magistris
1100 2880 1300 2915 peregrinus
1320 2887 1379 2906 nec
1398 2881 1492 2907 secta
1513 2878 1703 2917 incognitus
1723 2887 1783 2907 nec
1802 2887 1880 2907 voce

80 2918 255 2948 inauditus
268 2928 328 2948 nec
341 2920 436 2949 libris
449 2921 593 2950 inlectus
607 2922 876 2959 improbata-sue!
905 2922 962 2951 lta
975 2923 1058 2951 milo·
1069 2927 1100 2951 et
1112 2924 1234 2961 patria
1247 2925 1280 2952 in
1295 2923 1436 2952 concilio
1453 2921 1596 2962 Africae
1610 2923 1645 2951 id
1655 2927 1709 2952 est
1722 2927 1833 2953 vestro
1847 2927 1880 2952 e!

77 2966 230 3002 pueritia
249 2964 340 3002 apud
358 2974 414 2994 vos
433 2970 467 2994 et
485 2968 646 3003 magistri
658 2975 738 3001 voSJ
764 2972 791 2996 et
807 2969 927 2997 Floria.
942 2977 970 3004 p.
985 2971 1038 2998 91.
1060 2965 1161 2997 Hanc
1175 2977 1232 3006 ego
1247 2969 1338 2997 vobis
1353 2968 1553 3005 mercedem,
1581 2968 1880 3007 Carthaginenses,

80 3010 199 3048 ubique
214 3011 362 3047 gentium
382 3010 526 3048 dependo
541 3022 604 3049 pro
626 3012 827 3051 disciplinis,
852 3022 937 3051 quas
955 3015 989 3042 in
1004 3015 1156 3052 pueritia
1176 3022 1247 3042 sum
1268 3013 1359 3051 apud
1377 3022 1434 3042 vos
1448 3013 1600 3052 adeptus.
1653 3013 1781 3053 Ubique
1795 3015 1881 3043 enim

80 3064 129 3082 me
142 3056 293 3084 civitatis
308 3059 442 3084 vestrae
455 3057 730 3096 alumnntnfero,
757 3058 876 3096 ubique
894 3067 951 3088 vos
970 3059 1163 3088 omnimodis
1183 3058 1337 3088 laudibus
1352 3059 1480 3089 celebro
1489 3067 1505 3097 ‚⁴
1531 3063 1666 3090 vestros
1684 3059 1881 3097 disciplinas

81 3100 262 3132 studiosius
283 3101 430 3140 percolo,

1510 3149 1534 3187 b
1549 3147 1569 3172 ἧς
