2221 3667
324 142 380 186 26

326 257 535 296 aderamus
561 257 687 297 admir
689 257 836 298 itione.

326 312 378 353 tis
409 313 599 353 nodosum
633 314 755 367 gerit,
790 322 1012 367 serpentem
1046 327 1281 367 generosum
1307 312 1467 353 lubricis
1499 314 1744 368 amplexibus
1769 314 1991 355 inhaerere.

326 369 404 409 iam
437 370 548 420 cedo,
583 345 764 411 t11⁰s0des
797 370 862 424 qui
888 385 1038 425 coepei
1030 384 1073 410 15
1106 370 1276 409 fabulam
1301 368 1526 425 {remetire

576 142 623 183 L.
654 142 876 183 APULEII
905 143 1308 186 MADAURENSIS
1337 142 1882 185 METAMORPHOSEON

898 256 973 298 Du
977 271 1064 298 eres
1091 256 1166 298 Dei
1190 256 1330 297 medici
1355 256 1515 307 baculo,
1543 258 1644 310 quod
1668 257 1831 298 ramulis
1856 257 2129 325 semiamputa-

2053 313 2130 356 Sed

1597 369 1683 423 Ego
1720 370 1790 410 tibi
1826 370 1933 411 solus
1970 371 2032 412 hie
2062 386 2131 427 pro

327 497 455 526 diceres
476 501 567 527 anesi
583 506 603 528 a
615 501 653 528 R.
668 504 696 528 el
713 500 733 529 f.
750 500 804 534 qui
818 500 915 528 iidem
963 497 1001 525 de
1014 506 1069 533 pro
1088 495 1143 524 dei
1154 497 1273 526 vitiose
1286 500 1415 527 liabent.
1429 514 1473 518 —
1486 497 1605 526 baculo
1620 506 1715 536 quem
1735 500 1770 528 0.
1818 499 2059 538 senu'amputae
2072 509 2132 529 ηο-

326 542 427 572 dosus
446 544 468 573 f.
486 559 522 563 —
538 543 771 573 inhaerentem
789 547 828 574 Β.
850 544 871 572 f.
918 542 982 571 lanc
1002 543 1024 573 f.
1071 550 1254 579 acceperas
1274 546 1336 573 Ms.
1359 544 1450 574 volv.
1496 541 1581 572 haec
1593 545 1630 574 F.
1649 546 1675 574 1.
1690 546 1720 574 3.
1734 546 1774 576 D.

326 655 484 694 retineo.
524 655 641 707 [Sunt
677 660 804 693 tamen
845 654 906 705 qui
945 667 1130 692 exossam
1166 658 1204 692 et

326 726 511 751 enervam
537 713 689 750 omnino
716 711 917 755 damnent,
943 714 984 748 ut
999 709 1139 749 Stallb.
1154 710 1204 749 ad

326 768 455 808 Rudd.
494 768 540 807 11.
578 783 613 819 p.
651 771 728 808 136
765 771 804 805 et
843 771 933 807 164.
973 768 1036 817 qui
1073 780 1203 817 quam-

328 838 443 876 quam
470 839 656 864 exossam
688 824 761 862 1100
787 823 947 874 Apuleii
981 823 1068 860 loco
1102 837 1203 862 coni-

326 882 483 932 probat,
520 894 703 920 enervam
744 893 793 918 ex
829 879 1056 919 melioribus
1092 880 1204 919 codd.

328 938 460 989 legere
479 936 635 975 mavult.
668 936 777 975 Idem
797 936 954 987 Forbig.
981 936 1030 975 ad
1049 936 1205 976 Lucret.

327 1009 364 1046 p.
376 999 466 1035 313.
477 994 710 1045 pronuntiat,
720 995 784 1045 qui
799 998 926 1032 tamen
943 994 1018 1032 51111
1033 1007 1107 1032 non
1119 1008 1206 1032 con-

327 1052 434 1097 stitit,
461 1064 578 1102 quum
592 1050 654 1088 1110
669 1064 848 1090 exossem
868 1052 1041 1095 retineat,
1063 1065 1099 1102 p.
1113 1054 1205 1091 393.

326 1121 513 1146 eatossam
539 1107 790 1146 saltationem
815 1107 1022 1159 praeferat.
1057 1109 1208 1147 enervis

326 1164 487 1203 formam
512 1165 548 1202 in
574 1177 647 1202 usu
673 1164 800 1202 fuisse
831 1165 936 1215 apud
967 1168 1059 1203 vett.
1092 1164 1208 1203 docet

324 1219 437 1259 locus
452 1220 660 1259 Frontonis
685 1222 844 1272 princip.
871 1221 959 1260 hist.
976 1235 1012 1272 p.
1029 1224 1122 1262 320.
1143 1221 1205 1260 ed.

324 1277 437 1317 Rom.
454 1291 576 1317 arcas
601 1278 795 1317 imbribus
816 1279 999 1324 merbec,-
1018 1291 1206 1317 exossam

323 1334 573 1372 saltationem
611 1336 755 1386 optime
792 1335 976 1373 describit
1002 1334 1203 1374 Claudiau.

324 1391 360 1429 in
386 1390 548 1442 Eutrop.
576 1390 619 1430 II.
647 1405 681 1430 v.
708 1396 802 1433 359.
828 1405 889 1442 sq.

391 1450 471 1486 Quis
484 1451 604 1480 melitis
618 1452 749 1481 vibrata
762 1460 842 1487 puer
854 1452 1016 1487 vertigiue
1030 1453 1119 1480 molli

391 1498 541 1526 Membra
565 1501 642 1525 rotet
653 1501 666 1526 'f
692 1500 800 1526 verrat
827 1498 900 1531 quis
924 1505 1087 1526 marmora
1113 1498 1204 1526 crine

607 1543 727 1577 supino
737 1545 751 1570 ’.ἐ

390 1588 490 1624 Queis
499 1588 605 1623 magis
620 1589 740 1617 enodes
749 1591 886 1617 laterum
896 1589 1081 1622 detorqueat
1092 1591 1203 1617 arens.

324 1630 390 1682 [al.
423 1644 544 1669 arcas
568 1630 688 1683 male]
721 1631 768 1669 cf.
795 1629 949 1669 Lucret.
976 1630 1043 1670 lv.
1082 1634 1199 1671 1267

322 1688 412 1739 ibiq.
450 1686 606 1738 Forbig.
649 1687 783 1726 Barth.
821 1688 989 1727 Advers.
1028 1687 1201 1726 XXXV.

325 1749 387 1785 14.
414 1757 450 1794 p.
481 1744 620 1796 1611]

379 1801 549 1840 diceres.
565 1800 644 1853 [De
666 1801 740 1840 hac
761 1801 930 1852 eleganti
951 1802 1203 1840 dubitationis

322 1857 504 1904 formula,
542 1871 620 1910 qua
650 1858 702 1897 nil
740 1859 845 1910 apud
880 1858 1093 1910 Apuleium
1132 1859 1202 1897 fre-

321 1915 503 1966 quentius
530 1919 637 1954 extat
663 1915 710 1955 cf.
736 1915 832 1954 Met.
859 1929 895 1967 p.
919 1919 983 1956 94.
1008 1917 1072 1954 ubi
1098 1915 1201 1954 Oud.

321 1973 464 2010 excitat
482 1971 550 2011 Dr.
572 1972 622 2010 ad
643 1972 712 2011 Sil.
735 1971 800 2010 III.
822 1977 914 2013 417.
933 1976 1025 2013 430.
1043 1973 1091 2012 V.
1108 1976 1200 2013 390.

320 2027 451 2067 Burm.
473 2029 522 2068 ad
547 2027 716 2067 Phaedr.
744 2028 839 2068 Fab.
868 2034 931 2069 55.
957 2029 1074 2068 Ovid.
1100 2029 1196 2068 Met.

319 2084 388 2124 XI.
411 2090 475 2126 83.
502 2085 663 2124 Servius
684 2086 734 2124 ad
753 2086 862 2137 Virg.
888 2087 988 2125 Aen.
1016 2085 1083 2125 IV.
1109 2091 1199 2126 401.

320 2142 508 2182 IIonesta
534 2145 697 2196 fiyura,
723 2144 757 2182 si
781 2157 862 2182 rem
888 2145 1035 2182 terliae
1054 2158 1202 2196 perso-

319 2214 396 2239 nae
432 2202 473 2238 ’ἱη
512 2201 694 2239 secanda
729 2203 900 2252 referas.
962 2200 1045 2238 Sed
1082 2200 1200 2251 plane

320 2257 423 2294 idem
454 2260 516 2294 est
548 2257 775 2295 coniunctivi
808 2262 848 2295 et
879 2257 991 2295 futuri
1028 2270 1126 2295 usus
1165 2259 1199 2295 in

319 2313 395 2352 hac
407 2315 614 2361 sententia,
629 2318 670 2352 ut
690 2327 738 2351 ex
753 2313 854 2353 11155.
875 2318 1023 2353 tantum
1039 2315 1200 2352 auctori-

318 2374 400 2408 tate
423 2383 505 2408 rem
531 2371 668 2422 possis
695 2371 922 2418 diiudicare3
961 2369 1008 2409 cf.
1037 2370 1133 2409 Met.
1161 2385 1198 2422 p.

322 2431 386 2467 92.
414 2441 502 2466 eam
523 2428 692 2479 putabis
718 2429 834 2466 exire
859 2428 907 2466 V.
936 2442 971 2479 p.
999 2431 1093 2467 319.
1120 2429 1200 2466 iam

319 2485 419 2523 scies
452 2484 499 2523 cl'.
532 2483 669 2522 Heius,
698 2484 864 2523 Adi-ers.
891 2484 978 2523 Lib.
1008 2483 1070 2523 III.
1103 2498 1134 2522 e.
1165 2488 1200 2524 3.

319 2554 356 2591 p.
383 2541 477 2581 416.
505 2540 610 2580 fort.
635 2541 682 2578 ad
710 2540 856 2580 Lucan.
884 2540 911 2579 I.
938 2545 1031 2582 493.
1056 2545 1093 2579 et
1114 2540 1200 2579 Vll.

321 2601 412 2638 768.
446 2599 579 2637 Arutz.
612 2597 662 2635 ad
688 2596 787 2636 Plin.
814 2596 1007 2649 panegyr.
1041 2613 1072 2637 0.
1106 2602 1142 2638 8.
1169 2598 1200 2648 ᾧ.

321 2659 357 2694 7.
386 2668 423 2705 p.
446 2659 508 2696 42.
542 2655 614 2694 nisi
648 2655 752 2705 quod
788 2654 953 2693 liiturum
972 2668 1053 2693 rem
1073 2656 1200 2693 animo

322 2711 478 2750 lectoris
504 2712 718 2751 accuratius
745 2711 950 2763 pioponit]

376 2768 458 2807 Dei
481 2770 633 2807 medic-Z
658 2773 732 2807 ete.
766 2767 894 2821 [Fest.
926 2781 964 2819 p.
992 2772 1056 2809 82.
1083 2767 1198 2806 Lind.

317 2839 351 2863 s.
377 2838 412 2863 v.
439 2827 499 2863 1115
481 2826 579 2865 5.11111
620 2825 669 2864 In
693 2826 830 2865 insula
856 2824 1111 2877 Aesculapio
1134 2828 1199 2877 fa-

319 2887 388 2921 cta
413 2882 535 2922 aedes
556 2884 701 2936 fait..
730 2882 927 2922 Ez‘usaelem
948 2883 1099 2920 tutelae
1120 2896 1201 2921 esse

319 2940 562 2985 draconem,
610 2940 724 2992 qaod
757 2939 1113 2992 riyilante'ssimam
1148 2940 1198 2977 sic

319 2996 487 3034 animal.
521 3027 528 3034 .
561 3028 568 3035 .
602 2996 816 3036 Bact'llam
841 2996 963 3035 habet
984 2996 1197 3040 nodosam,

320 3053 436 3104 qaod
482 3052 773 3105 difficullalem
823 3054 1035 3105 siqnifieat
1084 3053 1197 3091 artis.

318 3106 381 3147 De
419 3109 561 3146 bacillo
596 3107 825 3161 Aesculapii
865 3109 911 3147 cs.
948 3108 1063 3147 ovid.
1100 3108 1198 3148 Met.

317 3163 408 3205 XV.
443 3169 506 3206 65.
540 3167 684 3205 Arnob.
718 3181 748 3205 c.
782 3165 849 3205 Vl.
884 3170 948 3208 25.
982 3179 1081 3218 quae
1113 3178 1200 3216 pro·

1262 655 1335 694 sert
1361 654 1498 708 Cuper.
1531 657 1567 694 in
1593 655 1819 708 Harpocrat.
1845 669 1906 708 ap.
1934 656 2072 696 Graev.
2097 658 2134 696 in

1263 711 1382 751 Thes.
1413 713 1545 763 Antiq.
1577 712 1716 764 Suppl.
1749 711 1858 751 Tom.
1891 712 1937 752 Π.
1972 727 2010 764 p.
2042 718 2135 755 441.

1263 769 1313 807 de
1336 769 1565 820 Aesculapii
1596 773 1780 820 serpente
1798 769 1938 808 Funkii
1964 770 2059 810 diss.
2086 771 2137 810 de

1263 826 1551 865 Nec—leustlzane
1566 831 1604 864 et
1617 825 1866 879 Aesculapii
1882 832 2078 880 serpente,
2098 831 2138 865 et

1264 882 1450 934 Bzzttiger.
1483 884 1518 921 in
1552 883 1649 922 diss.
1681 884 1808 928 „iiber
1840 884 1908 922 die
1930 883 2138 923 medicini-

1265 939 1358 978 sclee
1385 940 1820 992 Schlanyenyanlcelez'
1844 941 1880 979 in
1900 940 2136 991 Sprengelii:

1266 997 1473 1049 Bee'tra‘ye
1496 1011 1564 1036 :ur
1586 997 1826 1036 Geschiehte
1851 997 1926 1036 der
1939 997 2138 1044 ᾹΙεάἰείπ,

1266 1052 1381 1092 Fasc.
1415 1058 1450 1094 2.
1483 1066 1520 1104 11.
1556 1057 1645 1094 163.
1677 1058 1717 1092 et
1746 1053 1881 1092 Munk.
1913 1054 1963 1092 ad
1993 1053 2138 1094 Albi-ic.

1265 1110 1315 1148 de
1340 1111 1572 1161 imaginibus
1592 1111 1753 1148 deorum
1773 1114 1838 1151 20.
1852 1124 1888 1161 p.
1905 1113 1997 1151 929.
2012 1111 2138 1165 Stav.]

1323 1167 1471 1207 baculo
1504 1168 1618 1220 quod
1648 1167 1785 1206 Heius.
1816 1167 1867 1206 ad
1896 1166 2012 1207 Ovid.
2042 1167 2139 1208 Met.

1266 1223 1311 1262 II.
1339 1228 1431 1265 681.
1464 1229 1504 1262 et
1528 1223 1664 1264 Isidor.
1689 1223 1836 1263 XVIII.
1862 1237 1894 1263 c.
1920 1228 1958 1265 2.
1984 1229 2021 1265 5.
2048 1224 2143 1265 licet

1266 1283 1400 1335 scipio
1426 1287 1464 1321 et
1489 1282 1675 1321 haculum
1700 1283 1764 1327 sit,
1790 1283 1832 1320 in
1857 1295 1940 1334 quo
1965 1281 2143 1321 homines

1263 1341 1506 1379 imzitwecar.
1540 1338 1632 1391 [sed
1668 1338 1818 1390 plurimi
1850 1338 1962 1377 codd.
1995 1338 2057 1378 hic
2087 1338 2141 1377 le-

1265 1401 1358 1446 gunt
1401 1396 1579 1435 baculas.
1631 1394 1735 1433 Cels.
1774 1394 1879 1434 VIII.
1923 1399 1988 1436 20.
2024 1394 2141 1434 Ovid.

1263 1453 1359 1492 Met.
1392 1452 1481 1492 XV.
1517 1456 1609 1493 655.
1642 1456 1680 1490 et
1711 1451 1809 1490 haec
1840 1452 1963 1490 forma
1992 1452 2143 1491 videtur

1265 1511 1387 1549 fuisse
1413 1523 1472 1555 ea,
1499 1522 1599 1560 quae
1625 1509 1781 1560 optimis
1801 1510 1838 1548 in
1857 1523 1932 1548 usu
1952 1512 2034 1548 erat
2051 1509 2142 1548 scri-

1263 1568 1458 1619 ptoriliusg
1485 1567 1532 1605 cf.
1559 1565 1738 1604 Fartsch.
1764 1565 1816 1604 ad
1828 1566 1952 1604 Voss.
1965 1566 2087 1605 Arist.
2114 1565 2141 1608 I.

1262 1638 1299 1677 p.
1327 1628 1419 1665 430.
1446 1623 1565 1662 ΒΗΚ.
1593 1623 1643 1661 ad
1668 1623 1738 1661 Sil.
1765 1621 1871 1662 XIII.
1898 1622 2011 1676 334]

1318 1695 1551 1734 qenerosas.
1583 1679 1660 1718 Pro
1684 1694 1907 1733 ymzerosus
1929 1679 2067 1719 Heius.
2093 1679 2144 1719 ad

1262 1738 1377 1777 ovid.
1404 1738 1513 1777 Fast
1541 1737 1567 1777 I.
1595 1737 1689 1778 551.
1716 1738 1935 1776 coniecerat
1956 1751 2143 1793 gyronis,

1263 1795 1366 1847 quod
1396 1809 1593 1847 ‹Joerosus
1623 1794 1723 1833 fuiss
1728 1798 1767 1832 et
1790 1795 1995 1846 scriptum,
2027 1808 2144 1847 quum

1262 1854 1360 1906 (Jyri
1385 1857 1424 1890 et
1448 1854 1588 1904 spirae
1612 1855 1652 1889 et
1677 1852 1793 1890 orbes
1812 1853 1964 1903 proprie
1984 1865 2143 1903 serpen-

1262 1911 1366 1948 tibus
1399 1909 1674 1948 adtribuantur.
1719 1907 1820 1947 Oud.
1853 1909 1997 1947 excitat
2032 1908 2140 1960 VIrg.

1262 1968 1362 2006 Aen.
1390 1966 1438 2005 V.
1465 1966 1530 2008 84.
1556 1966 1673 2004 Mart.
1701 1964 1796 2016 Cap.
1823 1964 1890 2004 IV.
1919 1965 1967 2017 [δ.
1989 1969 2083 2006 328.
2103 1979 2141 2017 p.

1262 2028 1355 2064 328.
1393 2022 1550 2074 Kopp..
1587 2036 1703 2074 quem
1733 2021 1847 2074 vide]
1879 2022 1970 2061 val.
2008 2021 2141 2061 Flacc.

1260 2080 1328 2119 IV.
1367 2084 1459 2121 393.
1505 2079 1659 2131 [ibique
1695 2078 1825 2118 Burin.
1858 2077 2142 2131 Virg.G.11{.

1261 2141 1354 2178 423.
1403 2138 1503 2176 Aen.
1542 2136 1628 2176 XII.
1668 2136 1780 2188 847]
1830 2140 1869 2173 et
1902 2149 2144 2189 qenerosum

1259 2195 1505 2246 comprobat,
1533 2194 1638 2245 quod
1675 2193 1726 2231 de
1757 2193 1886 2231 divino
1918 2193 2063 2232 dictum
2091 2194 2144 2232 sit

1260 2256 1462 2302 serpente;
1496 2251 1545 2289 cf.
1570 2251 1621 2289 ad
1645 2250 1741 2289 Met.
1767 2249 1835 2289 IV.
1861 2264 1898 2301 p.
1926 2253 2021 2291 269.

1319 2309 1539 2347 inhaerere.
1555 2308 1684 2346 Vva.
1712 2320 1762 2345 ex
1785 2311 1862 2345 vet.
1889 2307 1975 2346 cod.
2002 2320 2141 2346 erran-

1258 2371 1334 2404 tem
1359 2365 1491 2410 edidit,
1518 2365 1622 2416 quod
1647 2364 1697 2402 de
1712 2364 1964 2415 serpentibus
1984 2364 2141 2415 elegan-

1258 2423 1411 2461 tissime
1442 2422 1598 2466 dictum,
1624 2421 1699 2460 sed
1729 2421 1890 2472 saepius
1923 2424 2142 2472 corruptum

1262 2481 1298 2518 in
1325 2480 1552 2519 haerentem
1572 2478 1724 2529 legitur,
1748 2479 1803 2516 uti
1822 2478 1926 2529 apud
1940 2477 2077 2516 Manil.
2094 2476 2140 2516 II.

1261 2542 1326 2578 71.
1354 2538 1418 2575 ubi
1444 2535 1546 2574 Oud.
1571 2536 1752 2574 coniecit:
1779 2540 2019 2588 erraretque
2036 2540 2141 2574 stan-

1261 2595 1376 2633 ‹loz-e.
1401 2593 1449 2632 cs.
1476 2592 1581 2632 cort.
1605 2592 1655 2631 ad
1677 2591 1778 2630 Plin.
1804 2590 1933 2643 Epist.
1950 2590 2053 2630 VIII.
2074 2595 2139 2633 27.

1261 2650 1320 2689 Ita
1350 2651 1633 2703 circmnfluere
1663 2650 1714 2687 de
1749 2648 1998 2699 serpentibus
2034 2649 2139 2687 inve-

1259 2709 1357 2746 nitur
1382 2707 1528 2745 Lucan.
1555 2705 1619 2745 Ill.
1651 2710 1745 2747 421.
1777 2705 1842 2743 ubi
1873 2704 1973 2743 Oud.
2006 2704 2139 2744 lectio-

1258 2778 1347 2803 nem
1377 2764 1700 2817 circumfluxisse
1735 2761 1927 2814 praefert,
1978 2762 2053 2800 sed
2089 2762 2138 2801 cf.

1260 2822 1387 2860 Corte.
1425 2820 1493 2873 [de
1524 2820 1599 2859 hac
1628 2819 1929 2871 permutatione,
1962 2832 2064 2870 quae
2089 2832 2140 2857 ex

1259 2880 1450 2930 scriptura
1474 2892 1585 2917 erere
1610 2882 1701 2916 nata
1736 2879 1816 2921 est,
1853 2875 1901 2915 cf.
1927 2875 2050 2915 Bach.
2087 2876 2139 2915 ad

1257 2936 1373 2975 Ovid.
1400 2934 1494 2974 Met.
1522 2933 1589 2973 IV.
1617 2934 1727 2987 132]

1315 3006 1485 3045 veperas
1534 3005 1772 3043 acceperas,
1821 2990 1928 3041 quod
1967 2991 2004 3028 in
2041 2989 2135 3029 Cod.

1260 3050 1368 3088 Colv.
1408 3053 1531 3096 extat,
1576 3047 1791 3086 Vulcanius
1840 3048 1915 3085 iam
1949 3048 1986 3085 in
2025 3061 2136 3086 occe-

1254 3121 1382 3159 peras
1402 3105 1650 3144 commutavit
1674 3108 1712 3143 et
1732 3104 1833 3143 Oud.
1855 3117 1905 3141 ex
1930 3117 2003 3141 usu
2031 3104 2134 3154 Apu-

1259 3164 1322 3203 leii
1347 3163 1540 3209 defendit,
1567 3161 1694 3201 Gebh.
1721 3166 1761 3201 et
1783 3161 1904 3201 Drak.
1930 3161 1982 3201 ad
2005 3159 2132 3200 Liv.1.
