2155 3590
620 112 809 153 LIBER
838 112 891 154 11.
951 113 1080 154 cAP.
1110 111 1221 153 XIX.
1249 111 1342 152 XX.
1805 112 1887 156 121

86 235 196 269 terea
230 227 419 282 pollemus
455 227 618 267 affatim.
654 225 663 282 Ι

83 283 267 324 Romana
290 284 529 337 frequentia,
556 283 735 324 modesto
759 297 857 324 vero
883 284 1026 338 hospiti
1051 283 1161 338 quies
1185 282 1379 323 villatica:
1406 282 1511 322 omni
1536 282 1703 336 denique
1723 282 1887 338 'provin—-

83 340 168 381 ciae
190 340 403 394 voluptarii
426 353 606 381 secessus
632 353 782 380 sumus.

649 489 1090 538 CAPUT
1180 485 1315 537 XX.

190 623 256 664 Ad
287 623 383 664 haec
413 636 488 676 ego
519 622 754 664 subiiciens:
787 622 897 664 Vera
922 637 1142 674 memoras,
1170 636 1243 664 nec
1268 636 1434 676 usquam
1465 622 1640 678 gentium
1672 622 1800 676 magis
1825 630 1887 664 me

78 680 244 722 liberum
275 693 390 734 quam
418 679 480 720 hic
504 679 628 720 fuisse
653 680 814 721 credidi.
866 679 945 721 Sed
971 681 1108 734 oppido
1134 680 1301 721 formido
1327 693 1467 720 caecas
1492 686 1534 719 et.
1554 678 1805 727 inevitabiles
1830 679 1887 724 la-

78 737 211 778 tebras
241 736 421 790 magicae
456 736 700 790 disciplinae.
767 735 873 776 Nam
905 750 954 777 ne
985 744 1231 778 mortuorum
1256 736 1410 790 quidem
1435 736 1616 790 sepulcra
1642 742 1726 776 tuta
1751 736 1888 776 dicun-

78 801 156 841 tm,
179 792 187 851 l
207 794 277 834 sed
314 800 355 834 et
383 793 509 833 bustis
539 800 579 833 et
608 793 717 847 rogis
750 793 940 847 reliquiae
971 794 1160 847 quaedam
1193 800 1234 833 et.
1263 793 1498 834 cadaverum
1530 792 1808 847 praesegmina
1838 793 1888 833 ad

74 914 191 940 cetera
205 911 227 940 f.
252 913 352 938 certa
365 911 436 939 edd.
450 914 528 939 vett.
542 913 672 946 praeter
683 913 767 940 Iunt.
781 913 812 940 2.
861 911 975 939 otiosa
986 912 1022 940 F.
1037 911 1066 940 1.
1081 912 1112 939 3.
1128 913 1163 940 G.
1179 910 1209 939 1.
1225 912 1254 939 ἱ).
1268 911 1307 939 D.
1320 912 1358 939 P.
1373 910 1394 939 f.
1409 914 1439 940 et
1459 917 1571 939 omnes
1593 911 1664 938 edd.
1683 910 1762 939 vett.
1783 914 1886 948 nego-

74 957 167 985 tiosa
179 957 250 986 edd.
263 959 339 986 vett.
352 959 482 991 praeter
493 958 578 985 lunt.
591 958 622 985 2.
637 956 819 994 negotiare-a
830 958 868 985 R.
882 953 1048 997 negarim
1056 956 1077 984 f.
1106 954 1306 984 adveniente
1318 958 1354 985 B.
1363 964 1392 991 p.
1403 960 1433 985 et
1447 956 1517 984 edd.
1530 957 1608 984 vett.
1622 959 1752 992 praeter
1761 957 1846 985 lunt.
1856 958 1887 984 2’.

74 1010 158 1038 quae
175 1005 272 1031 habet
291 1000 452 1029 advenae.
505 1000 655 1030 Romano
675 1003 813 1031 coniecit
827 1004 944 1036 Bayer.
966 1002 999 1030 in
1014 1002 1119 1036 Epist.
1140 1003 1179 1030 ad
1199 1003 1249 1030 La
1261 1002 1363 1031 Croze
1376 1003 1465 1030 Tom.
1477 1002 1502 1030 Ι.
1523 1008 1553 1036 p.
1569 1000 1622 1029 ⁴25.
1643 1007 1700 1035 pro
1716 998 1885 1030 Romana.

75 1046 220 1076 cillae'tica
233 1049 268 1076 P.
318 1046 470 1084 omnique
483 1045 624 1085 deniqne
637 1049 706 1076 edd.
720 1052 799 1076 vett.
813 1052 889 1076 ante
903 1048 993 1076 Colv.
1042 1045 1249 1083 rolnptariis
1262 1048 1301 1075 D.
1326 1045 1518 1083 voluptaris
1532 1043 1560 1074 ὃ.
1587 1045 1646 1081 [Ιη
1664 1049 1724 1075 hoc
1737 1048 1807 1075 cod.
1821 1047 1887 1075 for-

74 1098 166 1122 tasse
178 1093 337 1127 scriptum
351 1095 422 1121 erat
433 1091 633 1129 voluptari',
658 1096 692 1121 ut
706 1100 722 1120 s
735 1101 778 1121 ex
790 1101 878 1126 seqq.
892 1094 1055 1121 vocabulo
1068 1092 1113 1119 sr't
1128 1092 1161 1120 in
1176 1093 1246 1120 cod.
1259 1092 1298 1120 D.
1313 1091 1530 1127 adhaereret]
1578 1094 1754 1120 successus
1766 1093 1804 1121 L.
1817 1092 1840 1121 f.
1854 1089 1885 1121 δ.

72 1134 126 1178 [de
137 1141 200 1167 hae
213 1140 385 1166 verborum
399 1139 646 1171 permutatione.
661 1138 704 1166 cf.
717 1139 828 1166 Burm.
843 1139 885 1166 ad
897 1139 984 1166 Suet.
999 1138 1086 1172 Aug.
1103 1138 1155 1165 94.
1174 1139 1249 1166 Intt.
1264 1138 1306 1165 ad
1318 1137 1390 1166 Liv.
1403 1139 1442 1166 Π.
1457 1139 1512 1166 50.
1525 1138 1556 1171 §-
1572 1136 1627 1172 3.]
1657 1144 1771 1165 sumus
1791 1140 1887 1167 abest

71 1191 91 1212 a
104 1191 141 1212 π.
151 1206 160 1220 ,
185 1184 267 1218 quod
280 1182 466 1217 elegantius
480 1191 555 1211 esse
565 1184 645 1211 Oud.
659 1183 856 1216 pronuntiat.

161 1227 328 1256 subit-fem
341 1229 377 1255 G.
388 1227 417 1255 1.
431 1228 562 1261 ubique.
587 1227 773 1255 subbc'cr'ens
785 1229 824 1256 1).
850 1226 1029 1255 eumim'ens
1043 1229 1135 1255 abest
1149 1228 1253 1255 aBas.
1267 1227 1294 1255 1.
1322 1234 1447 1264 magna
1461 1234 1515 1261 pro
1531 1226 1638 1263 magae‘s
1648 1228 1696 1256 ed.
1705 1228 1884 1262 pr.Vicent.

70 1272 382 1303 Venet.2.4.Paris.
414 1270 512 1299 crede
524 1270 608 1299 mila·
619 1281 675 1307 pro
691 1270 819 1300 credidi
830 1273 979 1301 emendat
993 1272 1072 1300 Oud.
1084 1294 1091 1302 .
1107 1272 1161 1299 cui
1175 1272 1385 1306 praeteritum
1399 1270 1530 1299 credidi
1541 1273 1714 1301 admodum
1727 1275 1886 1309 languere

71 1327 132 1348 nec
144 1318 227 1347 satis
241 1318 295 1346 hic
309 1317 485 1345 convenire
498 1318 606 1346 visum
620 1322 678 1346 est.
693 1318 804 1346 Burm.
817 1317 959 1353 margini
974 1317 1095 1345 adlevit
1109 1316 1253 1345 memini.
1281 1324 1382 1344 coeca
1397 1318 1475 1346 Bas.
1487 1319 1516 1346 1.
1542 1320 1678 1345 mortno
1694 1317 1715 1346 f.
1730 1319 1815 1352 quod
1828 1327 1887 1353 per

71 1373 107 1393 se
120 1365 254 1398 probum
267 1367 326 1391 est.
375 1360 504 1399 quidem
519 1370 583 1390 non
597 1367 760 1397 comparet
774 1363 807 1391 in
823 1363 857 1390 P.
906 1360 1069 1389 dicantur
1082 1364 1119 1390 G.
1133 1364 1164 1390 2.
1180 1363 1216 1390 Ρ.
1235 1360 1353 1389 dicunt
1364 1363 1442 1391 Bas.
1461 1364 1488 1391 1.
1519 1363 1583 1391 Pro
1595 1361 1655 1390 sed
1665 1365 1702 1390 et
1711 1361 1819 1391 bustis
1835 1364 1887 1392 vir

68 1410 182 1438 doctus
195 1408 229 1437 in
245 1408 424 1442 exemplari
437 1408 516 1436 oud.
531 1408 579 1436 ed.
593 1409 677 1436 lunt.
691 1409 722 1435 ⁶2.
749 1409 889 1436 malebat
909 1406 968 1435 sed
979 1415 1024 1434 ιι·
1043 1406 1071 1434 b.
1085 1412 1199 1436 contra
1212 1407 1347 1441 Apuleii
1361 1407 1472 1436 stilum
1483 1430 1491 1439 .
1517 1409 1756 1442 polysyndeton
1770 1415 1886 1437 aman-

693 226 815 268 Certe
851 227 1012 268 libertas
1049 226 1176 268 otioso
1212 233 1254 266 et
1288 226 1497 280 negotioso
1527 225 1682 279 quidem
1712 226 1889 267 advenae
1914 233 1978 267 139

1915 800 1976 832 140

68 1455 121 1483 tis,
133 1454 219 1482 Prie.
234 1453 333 1482 etiam
345 1453 420 1481 sine
432 1453 632 1482 necessitate
643 1453 782 1481 coniecit
793 1451 852 1481 sed
863 1455 898 1480 et
910 1461 933 1480 α
945 1452 1064 1481 bustis.
1114 1451 1277 1480 en'li'etles
1290 1452 1311 1481 f.
1326 1460 1381 1486 pro
1394 1460 1482 1481 more
1495 1459 1566 1481 suo.
1615 1451 1708 1480 busti
1723 1453 1838 1482 Venet.
1853 1455 1884 1482 ⁴.

64 1499 200 1541 jsegnia
213 1500 250 1527 L.
264 1499 299 1528 0.
313 1499 349 1527 G.
362 1499 394 1526 2.
408 1499 447 1526 D.
468 1498 699 1535 praesengm'a
713 1500 750 1528 G.
767 1500 795 1527 1.
815 1498 1020 1536 praesignia
1033 1495 1061 1526 δ.

69 1587 395 1626 constructionem
413 1599 488 1624 non
510 1586 735 1637 capiebant3
756 1585 804 1624 cs.
819 1583 946 1625 Plaut.

69 1643 226 1683 Trin.V.
237 1647 272 1684 2.
286 1647 353 1684 61.
371 1640 549 1680 Alteram
561 1645 688 1681 tuetur
703 1642 812 1681 locus
830 1641 945 1694 Apul.

67 1699 166 1739 Met.
187 1699 251 1738 IX.
275 1713 313 1752 p.
330 1701 422 1740 613.
446 1704 632 1752 coempto
649 1703 858 1752 frumento
881 1702 945 1752 of-

64 1758 189 1810 satim
214 1754 396 1808 onusta]

124 1814 268 1853 otioso.
327 1812 385 1852 Ita
420 1825 470 1850 ex
503 1812 690 1851 Beroatdi
728 1814 946 1852 coniectura

66 1885 98 1910 c.
136 1869 238 1909 Oud.
275 1871 425 1921 recepi,
464 1869 569 1921 quod
612 1869 780 1909 libertas
815 1871 944 1909 otiosa

66 1926 161 1966 nihil
191 1931 255 1965 est
285 1927 440 1978 sibique
471 1930 717 1978 opponuntur
749 1928 880 1965 otioso
907 1930 946 1964 et

66 1985 303 2037 neyotiosox
360 1981 546 2022 Libertas
593 1982 657 2021 hic
703 1987 767 2021 est
814 1984 943 2021 otioso

66 2039 184 2092 plane
207 2039 403 2078 advenae:
434 2043 474 2078 at
497 2044 705 2090 praeterea
727 2040 762 2076 ei
789 2040 853 2089 qui
879 2051 944 2077 ne-

69 2097 177 2148 gotia
206 2096 289 2135 vult
318 2095 567 2147 gerere,-hic
598 2100 704 2134 tanta
735 2101 799 2134 est
822 2095 943 2134 homi-

68 2166 157 2192 num
182 2152 399 2203 frequentia
424 2153 536 2203 quasi
560 2151 715 2190 Romae
741 2156 862 2190 esset.

123 2222 309 2249 secessus.
364 2207 479 2255 Quod
507 2208 680 2246 nonnulli
701 2208 815 2247 codd.
835 2221 944 2260 prae·

66 2268 161 2305 bent
179 2279 383 2305 successus
402 2264 560 2303 defendi
579 2266 708 2316 possit
727 2278 776 2303 ex
796 2265 943 2304 Arnob.

67 2323 117 2362 V.
144 2326 216 2368 24,
246 2322 311 2360 ubi
342 2335 548 2361 successus
579 2326 780 2360 terrm-mn
807 2321 945 2372 legitur

67 2378 115 2418 cf.
147 2377 234 2417 lntt.
265 2378 317 2416 ad
347 2378 492 2417 Amol».
518 2377 545 2416 1.
577 2391 609 2417 c.
636 2378 699 2418 50.
731 2391 792 2439 ap.
819 2376 942 2416 Orell.

68 2434 113 2474 T.
138 2434 166 2474 l.
192 2448 231 2486 p.
257 2438 350 2476 338.
399 2433 525 2473 Recte
550 2439 677 2473 tamen
704 2434 806 2472 Oud.
833 2435 942 2472 resti—

65 2493 137 2530 tuit
171 2505 360 2537 secessus,
398 2491 501 2542 quod
539 2491 589 2528 (le
627 2492 730 2530 locis
766 2493 943 2530 amoenis

66 2549 221 2595 dicitur,
259 2561 335 2599 quo
372 2547 587 2599 voluptatis
619 2560 761 2586 caussa
792 2548 941 2586 urbium

67 2602 325 2657 frequentiam
350 2609 390 2642 et
415 2605 570 2655 negotia
596 2604 764 2642 vitantes
788 2604 941 2642 secedi-

66 2675 155 2700 mus
187 2660 252 2714 [cf.
286 2659 378 2700 Tac.
412 2662 512 2699 Ann.
544 2660 653 2699 XIV.
684 2663 746 2701 16.
771 2659 945 2699 Plurima

66 2717 252 2769 exempla
296 2717 568 2769 suppeditabit
624 2716 789 2768 Baumg.
834 2715 943 2756 Crus.

70 2774 178 2814 Clav.
204 2774 314 2813 Suet.
339 2787 372 2813 s,
397 2787 432 2813 v,
458 2773 677 2826 secedere]

127 2830 226 2870 Cn.
252 2828 344 2868 XX.
388 2830 564 2870 credidi.
632 2829 726 2882 [Cur
762 2831 945 2881 praeteri—

67 2893 148 2928 tum
172 2885 275 2926 Oud.
300 2891 504 2939 tantopere
531 2885 724 2937 langueat,
750 2899 823 2926 nec
847 2888 945 2926 satis

69 2945 134 2983 hic
157 2945 367 2982 convenire
391 2944 580 2988 videatur,
606 2957 682 2981 non
701 2944 944 2994 perspicitur.

69 2999 200 3047 Quum
232 3000 333 3039 enim
359 3000 409 3038 de
434 3000 616 3038 omnibus
640 3000 705 3038 ubi
730 3000 837 3051 prius
862 3013 945 3038 ver-

73 3057 232 3096 sabatur
272 3056 372 3096 locis
408 3057 530 3102 dicat,
574 3056 637 3107 qui
674 3054 787 3095 aliter
821 3058 944 3108 expri-

69 3125 176 3152 mere
200 3127 247 3153 se
268 3114 416 3165 potuit?
448 3112 549 3151 Hinc
566 3125 858 3163 supervacanea
883 3117 946 3152 est

1007 1585 1245 1637 perelegans
1299 1586 1479 1624 eiusdem
1533 1586 1600 1624 viri
1663 1586 1888 1626 coniectura

1006 1643 1130 1682 crede
1161 1643 1258 1681 mihi
1282 1655 1355 1681 nec
1384 1643 1511 1681 minus
1538 1641 1669 1681 Burm.
1694 1643 1884 1696 memini]

1062 1712 1209 1738 coecas
1228 1699 1424 1739 tenebras.
1475 1698 1657 1752 [Caecae
1674 1703 1766 1737 sunt
1780 1714 1887 1752 quae

1005 1757 1118 1795 cerm*
1160 1761 1365 1809 nequeunt
1400 1756 1448 1794 cs.
1486 1756 1593 1805 virg.
1632 1754 1779 1805 Georg.
1815 1755 1884 1795 IV.

1006 1816 1099 1853 237.
1137 1811 1295 1850 Ruhnk.
1332 1812 1436 1850 Dict.
1473 1812 1524 1850 ad
1567 1811 1684 1851 Ovid.
1722 1811 1885 1851 Heroid.

1005 1868 1050 1907 II.
1079 1872 1142 1909 72.
1175 1869 1314 1907 Heins.
1347 1869 1397 1906 ad
1422 1869 1492 1907 Sil.
1518 1867 1586 1906 VI.
1614 1873 1648 1909 7.
1705 1867 1808 1907 Cort.
1834 1869 1884 1907 ad

1003 1925 1151 1964 Lucan.
1165 1925 1233 1964 vl.
1249 1929 1343 1966 598.
1357 1924 1491 1964 Barth.
1507 1924 1677 1963 Advers.
1690 1924 1884 1964 XXXVI.

1008 1985 1068 2022 13.
1106 1996 1142 2034 p.
1184 1984 1302 2023 1654.
1340 1982 1458 2033 Apul.
1497 1981 1595 2020 Met.
1631 1981 1756 2032 V..p.
1788 1984 1883 2022 357.

1007 2052 1156 2078 caecae
1180 2039 1388 2083 tenebrae,
1422 2039 1458 2076 in
1485 2039 1626 2090 quibus
1651 2037 1704 2077 nil
1730 2042 1885 2090 poterat

1003 2095 1176 2145 conspici
1218 2094 1316 2133 Met
1351 2094 1403 2133 X.
1446 2108 1482 2146 p.
1522 2099 1615 2136 729.
1654 2096 1884 2147 perniciem

1004 2165 1168 2190 caecam
1193 2149 1315 2202 Prop.
1341 2150 1386 2190 ll.
1415 2155 1454 2191 1..
1481 2156 1544 2192 10.
1578 2151 1643 2189 ubi
1668 2151 1799 2190 Burm.
1832 2150 1882 2189 cf.

1005 2206 1147 2245 Tibull.
1181 2207 1225 2245 Il.
1255 2213 1290 2248 1.
1317 2212 1380 2248 78.
1412 2207 1534 2247 Plura
1563 2207 1712 2246 dabunt
1743 2207 1882 2246 Heius.

1003 2263 1053 2301 ad
1090 2263 1205 2303 Ovid.
1237 2264 1335 2303 Met.
1367 2263 1430 2302 III.
1462 2277 1499 2316 p.
1531 2267 1625 2305 490.
1657 2265 1794 2303 Arntz.
1831 2264 1884 2303 ad

1003 2319 1103 2358 Ptin.
1127 2319 1277 2373 Paneg.
1302 2319 1451 2359 XLIX.
1477 2321 1507 2372 ᾗ.
1538 2321 1591 2374 1.]

1060 2378 1255 2429 sepulcra
1292 2383 1379 2417 tuta
1417 2378 1625 2418 dicuntur.
1692 2377 1757 2416 De
1793 2390 1881 2416 sen-

1001 2435 1121 2472 tentia
1155 2447 1362 2486 comparas
1400 2447 1502 2485 quae
1538 2434 1587 2473 ad
1618 2434 1715 2473 Met.
1746 2433 1811 2473 ΙΙΙ.
1843 2446 1880 2485 p.

1001 2494 1095 2532 206.
1121 2490 1306 2530 dicentur.

1053 2549 1354 2600 praeseymina.
1415 2546 1597 2600 [Proprie
1633 2551 1725 2585 sunt
1755 2560 1879 2599 prae·

997 2606 1179 2657 segmina
1209 2602 1516 2657 ἀπονυχίσματα,
1555 2617 1656 2655 quae
1685 2604 1879 2655 unguibus

1003 2659 1184 2700 eminulis
1216 2665 1512 2712 praesecantur3
1550 2660 1597 2698 cf.
1624 2660 1761 2699 Gloss.
1786 2658 1879 2698 Phi-

1004 2717 1078 2756 lox.
1104 2717 1207 2756 Non.
1232 2732 1270 2769 p.
1301 2723 1391 2758 151.
1423 2730 1473 2755 ex
1498 2716 1624 2756 Plaut.
1650 2715 1741 2755 Aut.
1766 2715 1813 2755 II.
1839 2720 1878 2756 4.

1003 2777 1069 2815 33.
1099 2774 1244 2813 deinde
1274 2787 1366 2812 vero
1397 2774 1448 2812 de
1480 2787 1726 2827 quacunque
1755 2786 1800 2812 re
1824 2773 1877 2811 ‹li-

1003 2831 1099 2869 citur
1132 2845 1238 2884 quae
1258 2832 1451 2883 praecisa
1478 2836 1537 2869 est
1560 2829 1607 2868 cf.
1633 2828 1814 2880 Fulgent.
1841 2843 1878 2880 p.

1005 2889 1097 2928 566.
1124 2889 1419 2939 Praeseqmztna
1450 2891 1545 2926 sunt
1570 2891 1714 2938 parles
1732 2899 1879 2938 corpo·

1002 2946 1060 2983 ris
1114 2946 1267 2983 incisae
1323 2949 1368 2983 nt
1414 2945 1548 2996 Tayes
1599 2945 1643 2982 in
1689 2943 1877 2994 haruspi-

1003 3002 1097 3040 cina
1117 3001 1246 3040 dicit.-
1277 3000 1638 3052 Procaeyminibus
1656 3000 1878 3052 amputatis

1003 3057 1140 3096 Gloss.
1176 3056 1342 3095 vulcan.
1382 3057 1673 3109 praeseymina
1708 3051 1878 3106 ἀποκόμ-

1001 3112 1137 3166 ματα]
