2155 3590
661 141 850 182 LIBER
877 141 951 181 IV.

75 263 250 300 currunt.

1012 139 1140 180 CAP.
1169 138 1291 178 XIV.
1775 136 1856 179 251

298 255 412 297 Tunc
437 269 458 296 e
483 268 528 296 re
552 262 645 295 nata
670 254 810 295 subtile
836 254 1040 295 consilium
1065 267 1138 307 ego
1162 259 1202 293 et
1220 252 1294 292 iste
1314 250 1476 291 babulus
1497 250 1574 290 tale
1600 248 1860 290 comminisci-

73 387 227 415 παι-ταῦ.
241 387 259 413 2
264 386 366 414 ..etD
379 392 452 414 am.
465 392 496 419 p.
515 385 573 413 sed
591 384 626 412 in
647 391 748 419 marg.
768 387 942 413 correctum
962 390 1035 412 am.
1049 391 1076 412 s.
1094 384 1190 410 nata.
1225 374 1386 409 nacti'ed.
1407 388 1453 414 pr.
1472 380 1586 408 Venet.
1599 380 1631 408 2.
1642 378 1770 408 Vicent.
1783 378 1859 407 Ald.

73 430 260 460 bubuluslv.
274 432 292 458 2
299 432 349 459 ..3
365 431 400 459 G.
413 431 444 459 2.
457 431 496 458 D.
510 424 616 463 (sed‘
600 437 635 457 m
646 436 747 465 marg
759 430 879 464 legitur
891 428 1110 463 balbulusJB.
1125 431 1155 456 et
1168 428 1216 456 ed
1231 434 1276 461 pr.
1299 427 1336 454 In
1349 425 1511 460 plerisque
1525 425 1594 453 edd.
1608 427 1684 452 v.ett
1708 422 1861 451 Babulus

74 477 229 511 scriptum
243 479 302 511 est,
317 479 349 504 ut
363 483 418 509 pro
432 474 559 503 nomine
571 474 699 509 proprio
713 475 853 502 editores
865 475 1032 508 hahuisse
1047 475 1183 502 eluceat.
1206 473 1245 500 In
1257 471 1294 500 F.
1311 472 1340 499 1.
1354 470 1511 504 scriptum
1523 470 1651 498 videtur
1665 468 1768 497 fuisse
1781 467 1862 495 bar-

74 520 181 557 dqus,
196 527 279 555 quae
290 520 386 549 lectio
398 523 447 548 est
460 521 509 548 ed
523 513 615 547 Co'lv.
625 527 754 556 quum
774 522 812 548 ah
830 520 989 548 Lindenb.
1009 519 1092 547 nihil
1110 519 1296 547 adnotatum
1308 510 1368 544 'sin
1399 513 1571 542 bambulus
1584 517 1679 543 habet
1695 515 1729 543 G.
1748 515 1775 543 1
1790 520 1862 541 cum

73 569 186 600 glossa
197 565 415 595 interlineari
439 571 555 592 nomen
564 571 751 600 proprmm
799 564 1022 593 comisiturG.
1035 566 1062 594 l.
1098 561 1469 591 commiscimurxenet.
1482 562 1513 589 2.

131 664 308 704 bubulus.
357 662 507 701 Omnes
544 662 625 701 fere
656 664 790 714 optimi
828 663 942 702 codd.

76 724 295 760 constanter
318 721 370 758 ita
395 719 544 770 legunt,
571 720 673 770 quod
689 719 797 758 Colv.
823 720 859 758 in
875 720 941 758 bu-

77 778 208 823 halus,
233 775 414 815 Beroald.
438 778 475 814 in
501 777 697 816 bardulas
722 790 770 814 ex
793 775 941 827 Papiae

77 833 211 872 Gloss.
244 833 414 885 babiyer
442 833 597 879 stultus,
629 833 788 883 Soping.
814 834 849 870 in
877 833 941 871 ba-

78 890 198 929 barus
223 889 308 927 coll.
333 888 424 927 Isid.
439 888 571 940 Origg.
585 888 636 927 X.
651 893 715 929 31.
743 889 941 930 babarus.-

77 946 218 986 staltus
232 947 390 997 inepta-s
403 945 621 991 emendant,
636 946 696 983 ubi
713 945 798 984 cod.
814 944 942 984 Guelf.

77 1003 195 1042 habet
220 1002 422 1046 balburus,
447 1001 551 1052 quod
575 1001 676 1040 Oud.
703 1003 944 1040 coniecturae

79 1060 250 1110 proxime
276 1057 496 1096 accederet:
524 1058 710 1098 balbulus
724 1058 785 1096 vel
802 1058 943 1097 balbil-

80 1116 140 1154 lus
159 1129 181 1153 a
202 1115 333 1154 balbo.
373 1113 454 1151 Sed
475 1115 563 1165 ipse
582 1115 719 1152 retinet
738 1115 943 1153 lectionem

79 1171 257 1217 bubulus.
268 1170 371 1222 quod
381 1170 481 1208 idem
491 1183 584 1208 esse
597 1170 688 1208 dicit
700 1184 745 1209 ac
755 1171 942 1216 babarus,

78 1240 195 1277 quum
226 1226 393 1276 liquidae
424 1227 523 1264 istae
550 1227 699 1265 litterae
731 1227 748 1265 l
769 1231 807 1264 et
830 1240 852 1264 'r
877 1226 942 1264 ali-

79 1284 233 1334 quoties
255 1282 425 1320 vicissim
443 1282 641 1320 adhibitae
661 1287 726 1320 aut
745 1283 896 1320 Graeca
910 1285 947 1320 P

79 1353 103 1378 a
133 1338 284 1377 Latinis
314 1351 384 1388 per
408 1339 446 1376 L
471 1351 661 1388 expressa
686 1339 941 1376 inveniantur.

77 1396 166 1434 utin
181 1395 259 1434 ΡΑ
272 1394 395 1434 CKO
408 1394 643 1433 YHORIC
665 1394 943 1446 Ia'leascapolis

79 1451 165 1490 coll.
191 1451 278 1489 dict.
304 1450 354 1489 ad
379 1451 485 1489 Suet.
514 1449 596 1488 Tib.
613 1454 675 1491 37.
702 1451 886 1490 Latiaris
907 1454 945 1488 et

79 1507 280 1548 Latialis:
314 1507 474 1546 Palilia
505 1511 544 1544 et
568 1507 734 1546 Parilia
759 1507 809 1545 ad
835 1507 943 1545 Suet.

80 1564 200 1614 Calig.
229 1568 291 1605 16.
317 1567 357 1601 et
381 1567 445 1604 22.
473 1563 630 1615 [Heind.
657 1564 706 1602 ad
733 1562 808 1602 Cic.
834 1562 942 1602 RD.

80 1620 125 1660 ll.
156 1623 216 1661 19.
242 1619 272 1669 δ.
301 1623 365 1660 50.
391 1624 430 1658 et
456 1623 518 1660 64.
546 1620 695 1671 §.160.
744 1619 871 1658 Multa
897 1634 943 1657 se

80 1677 269 1729 praebent
293 1677 492 1727 cogitanti,
519 1689 618 1727 quae
642 1676 731 1715 huic
755 1676 948 1714 vocabulo

79 1733 262 1772 substitui
279 1734 442 1785 possint.
470 1732 553 1771 Sed
573 1732 728 1771 difficile
753 1737 815 1771 est
833 1733 948 1778 dictu,

81 1803 182 1841 quae
227 1789 471 1840 potissimum
508 1790 603 1827 ratio
647 1789 848 1840 sequenda
884 1790 947 1827 sit.

83 1846 178 1885 Cum
208 1845 309 1884 Oud.
341 1847 441 1884 enim
472 1860 547 1884 non
579 1845 751 1891 fecerim,
784 1847 847 1896 qui
879 1859 947 1896 pro

83 1916 172 1941 vero
196 1902 368 1947 nomine,
393 1902 587 1940 allusione
607 1903 656 1941 ad
675 1902 841 1954 aliquem
868 1916 946 1940 cor-

81 1960 186 2011 poris
200 1958 263 1996 vel
276 1959 414 1997 mentis
440 1958 612 1997 habitum
641 1959 756 2005 facta,
783 1959 949 1997 vocabu-

83 2016 162 2054 lum
173 2016 343 2066 positum
358 2028 450 2052 esse
464 2015 668 2053 contendit.
695 2015 782 2053 Hoc
800 2017 834 2053 si
848 2028 949 2052 com-

84 2071 329 2123 probaveris,
368 2071 536 2110 bubulus
571 2076 610 2109 et
646 2072 845 2111 baburrus
875 2085 949 2109 non

85 2131 217 2180 potest
246 2126 427 2173 stabiliri,
464 2127 571 2178 quod
601 2128 665 2178 qui
696 2131 773 2165 tam
804 2128 950 2166 subtile

86 2185 320 2234 excogitavit
332 2183 533 2222 consilium
544 2213 555 2228 ,
579 2184 724 2223 stultas
739 2188 777 2221 et
789 2185 949 2234 ineptas

86 2241 160 2279 dici
183 2241 324 2291 nequit.
365 2239 596 2278 Accuratius
622 2239 709 2278 huic
733 2240 951 2278 sententiae

85 2296 247 2336 accedat
278 2296 486 2341 barbatus,
524 2296 626 2346 quod
660 2296 833 2334 Glossae
858 2295 951 2336 lsid.

85 2368 125 2406 p.
139 2357 233 2395 671.
247 2351 459 2403 explicant:
488 2353 655 2403 operari
659 2367 714 2397 us,
730 2354 949 2392 imbaldus.

85 2409 224 2448 Potius
253 2413 379 2446 tamen
413 2409 573 2446 iocantis
605 2413 644 2446 et
670 2409 860 2447 lusitantis
886 2422 951 2447 vo-

89 2465 268 2504 cabulum
305 2464 500 2515 quoddam
536 2465 846 2503 substituendum
877 2470 951 2510 est,

90 2536 166 2573 quo
197 2535 272 2560 non
304 2521 463 2559 alterius
489 2522 700 2571 ingenium,
735 2522 807 2559 sed
840 2535 951 2559 suam

89 2579 213 2630 ipsius
250 2577 496 2616 affectionem
533 2577 629 2615 latro
666 2578 870 2628 exprimat.
912 2583 955 2616 ut

91 2635 143 2673 ita
167 2634 337 2674 bubulus
365 2634 494 2684 possit
519 2633 686 2672 defendi.
733 2633 829 2672 Puto
855 2636 954 2672 enim

90 2691 126 2729 in
151 2690 227 2730 hac
241 2704 337 2729 voce
351 2690 618 2729 constituenda
635 2691 956 2741 proficiscendum

91 2760 185 2785 esse
209 2760 232 2785 a
255 2760 341 2786 voc.
356 2747 467 2786 babit
490 2746 674 2795 (babo?)‚
701 2746 803 2797 quod
819 2747 955 2786 Gloss.

91 2801 243 2842 Philox.
257 2817 294 2855 p.
310 2807 374 2843 27.
401 2807 598 2854 exponunt
621 2819 706 2854 γάῐ
693 2806 766 2841 mci.
793 2804 813 2841 i.
827 2816 862 2842 e.
889 2817 956 2842 ex-

93 2859 231 2905 saltat,
259 2861 397 2912 qestit·
434 2859 483 2898 cs.
515 2858 650 2898 Gloss.
682 2858 769 2898 Lat.
800 2873 838 2911 p.
865 2864 956 2900 415.

94 2914 210 2966 Apud
225 2915 400 2955 Graecos
414 2917 514 2953 enim
536 2920 574 2953 et
585 2915 750 2953 Latinos
765 2929 798 2952 e·
789 2930 813 2953 ι
826 2929 847 2952 x
852 2917 958 2961 e1·,ba

97 2982 195 3021 quae
223 2973 423 3023 ineptiam,
454 2972 705 3010 stoliditatem
730 2973 958 3024 exprimunt,

98 3025 332 3077 gloriabundi
369 3033 408 3066 et
441 3029 620 3067 iactantis
657 3029 772 3066 etiam
813 3028 960 3067 habent

97 3081 430 3133 significationem:
444 3081 540 3137 βλάξ
554 3085 654 3122 enim
668 3099 743 3122 non
758 3084 885 3123 solum
894 3087 959 3137 pi-

95 3151 232 3190 9rum‚
255 3141 472 3194 infirmum,
502 3143 680 3194 ineptam
705 3141 864 3180 denotat
910 3141 959 3182 cs.

999 662 1154 700 Ruhnk.
1188 660 1287 700 Tim.
1318 675 1356 712 p.
1390 664 1456 701 80.
1503 658 1678 710 Hesych
1715 653 1785 710 fiis
1765 656 1863 703 (ιζειν

998 721 1210 771 μωραιᾝιειν
1235 717 1436 756 sedetiam
1458 716 1665 762 lascivam,
1692 714 1862 758 mollem,

999 776 1245 828 ylariantcm
1270 773 1316 813 cf.
1343 773 1476 812 Gloss.
1503 772 1566 811 Gr.
1592 771 1681 810 Lat.
1705 785 1742 823 p.
1767 770 1862 811 410.

998 834 1152 885 βλάκιαε
1178 832 1368 877 iactatio,
1399 826 1510 895 βλάξε
1543 830 1710 868 iactans.
1737 826 1866 865 Koen.

1000 889 1050 927 ad
1075 888 1191 939 Greg.
1205 901 1241 938 p.
1258 891 1348 927 557.
1373 883 1493 939 βάκνλ
1497 901 1536 932 ος
1559 898 1671 937 porro
1696 883 1865 922 testibus

1002 945 1125 983 Suida
1160 948 1199 982 et
1234 943 1346 982 Hesx
1351 943 1435 981 chio
1473 955 1588 993 quum
1624 954 1792 994 maymts
1827 942 1868 977 et
1902 983 1905 986 ,

1003 1003 1160 1052 ineptus
1185 1002 1235 1038 sit
1260 1000 1307 1038 cs.
1335 1000 1483 1038 Schott.
1510 999 1559 1037 ad
1584 998 1731 1036 Zenob.
1757 995 1868 1034 Ceut.

1000 1057 1028 1096 Ι.
1050 1061 1133 1102 62„
1162 1061 1242 1094 tum
1266 1056 1368 1094 idem
1393 1056 1498 1107 quod
1523 1055 1734 1094 lasciviens
1757 1057 1797 1091 et
1823 1053 1867 1091 li-

1003 1114 1213 1152 bidinosas
1238 1117 1299 1150 est
1329 1112 1377 1151 cf.
1410 1112 1549 1150 Thom.
1575 1111 1681 1161 Mag.
1707 1125 1746 1162 p.
1777 1113 1866 1150 138.

1002 1169 1125 1207 Salm.
1152 1169 1201 1207 ad
1227 1168 1346 1207 Solin.
1372 1182 1408 1219 p.
1436 1173 1548 1213 580.,
1573 1167 1675 1206 unde
1702 1181 1774 1205 non
1801 1166 1867 1203 du-

1001 1227 1087 1263 bius
1112 1238 1217 1270 sum,
1244 1226 1332 1274 quin
1359 1225 1467 1263 Suet.
1495 1225 1594 1275 Aug.
1616 1228 1680 1264 87.
1707 1223 1869 1262 bacelus

1001 1281 1208 1331 legendum
1222 1281 1283 1318 sit.
1310 1281 1376 1319 Sic
1399 1277 1515 1331 βαρίς
1539 1281 1673 1325 walls,
1698 1281 1870 1331 ineptus,

1001 1322 1178 1377 incultas
1203 1336 1267 1389 [cf.
1285 1338 1385 1376 baro
1399 1337 1558 1389 stultas]
1577 1336 1789 1374 derivatum
1804 1335 1869 1373 ha-

1000 1390 1823 1446 betssoeqzwmcg.q11oclEtxn1.Mang.c}2.{a
1821 1388 1872 1429 ὠν

1003 1451 1178 1502 exponit
1200 1450 1244 1488 cf.
1260 1436 1468 1488 Niebuhr.
1459 1449 1608 1487 inMus.
1617 1448 1744 1486 Rhen.
1755 1447 1800 1486 T.
1806 1434 1871 1485 111.

1004 1521 1038 1558 p.
1070 1511 1129 1546 11.
1168 1520 1213 1545 ac
1247 1521 1408 1557 ματαιος
1445 1510 1483 1543 et
1518 1507 1696 1556 ineptam
1734 1508 1773 1542 et
1810 1518 1871 1543 va-

1003 1563 1214 1616 niloquum
1227 1562 1427 1613 significat.
1454 1561 1573 1613 Apud
1587 1561 1751 1600 Latinos
1771 1560 1873 1598 idem

1003 1622 1037 1658 in
1063 1634 1135 1657 usu
1163 1618 1304 1662 fuisse.
1329 1620 1416 1670 ipse
1443 1618 1577 1657 Cicero
1603 1621 1783 1658 testatur.
1810 1616 1874 1667 qui

1008 1678 1170 1728 ineptas
1194 1676 1244 1713 de
1269 1675 1376 1714 Orat.
1403 1674 1447 1714 ll.
1476 1680 1511 1715 4.
1538 1676 1567 1726 ξ.
1599 1679 1659 1715 17.
1688 1674 1874 1725 explicat:

1010 1734 1080 1786 qai
1104 1737 1179 1772 aut
1203 1737 1358 1784 tempas
1384 1733 1488 1784 qaid
1510 1731 1691 1784 postulet
1714 1745 1795 1769 non
1823 1730 1873 1768 vi-

1008 1790 1095 1828 det.
1122 1794 1194 1827 aut
1213 1789 1341 1840 plara
1367 1789 1550 1841 loquitar
1564 1793 1634 1827 ant
1658 1801 1703 1827 se
1729 1792 1874 1826 osten-

1006 1851 1095 1890 tat,
1127 1845 1227 1883 unde
1259 1844 1362 1895 apud
1392 1844 1524 1883 Horat.
1558 1844 1639 1882 Sat.
1671 1843 1698 1882 l.
1737 1847 1775 1883 3.
1809 1846 1873 1882 49.

1008 1902 1284 1951 coniunguntur
1309 1903 1468 1952 [neptus
1496 1905 1537 1946 et
1559 1901 1784 1940 iactantt'or
1809 1899 1876 1938 Ιιίσ

1003 1959 1138 2011 paulo
1164 1962 1221 1997 est
1245 1961 1283 1995 et
1307 1957 1412 2007 apud
1432 1956 1529 1996 Plin.
1544 1956 1592 1995 H.
1606 1956 1655 1995 N.
1670 1955 1717 1996 ll.
1730 1958 1875 1996 43.43.

1011 2015 1127 2054 brata
1160 2018 1199 2052 et
1230 2028 1334 2053 rana
1356 2014 1546 2066 fulmina.
1594 2012 1706 2051 Haec
1731 2012 1876 2063 duplex

1009 2076 1047 2109 et
1071 2070 1259 2109 stultitiae
1285 2074 1324 2108 et
1347 2070 1561 2108 iactationis
1587 2069 1814 2120 significatio
1840 2069 1877 2106 in

1011 2127 1126 2166 latino
1153 2127 1344 2166 vocabulo
1372 2126 1510 2165 habire
1528 2126 1591 2163 vel
1613 2126 1758 2165 babere
1777 2125 1878 2164 eius·

1010 2197 1085 2234 que
1099 2183 1280 2221 derivatis
1295 2184 1427 2221 inesse
1447 2183 1608 2221 videtur.
1634 2181 1726 2220 lsid.
1742 2182 1878 2221 Gloss.

1007 2254 1044 2292 p.
1062 2244 1154 2281 670.
1171 2244 1277 2277 extat
1292 2240 1480 2291 babiger:
1504 2239 1650 2278 stultns
1675 2243 1715 2276 et
1733 2253 1770 2290 p.
1786 2242 1878 2279 671.

1010 2297 1208 2349 babe'yera
1232 2296 1372 2342 stulta,
1405 2296 1509 2346 quod
1539 2296 1624 2333 sine
1649 2295 1765 2334 dubio
1792 2308 1880 2334 cum

1009 2353 1149 2395 habire
1161 2356 1316 2405 γαυριᾶν
1329 2353 1545 2390 arctissime
1559 2351 1757 2391 cohaeret.
1772 2351 1879 2389 Idem

1008 2410 1168 2447 restituo
1195 2409 1330 2447 Gloss.
1358 2410 1476 2447 Arab.
1501 2409 1588 2447 Lat.
1621 2422 1657 2459 p.
1685 2409 1784 2450 707:
1816 2408 1880 2445 ubi

1011 2480 1109 2504 nunc
1141 2466 1278 2516 legitur
1310 2466 1469 2511 babier,
1500 2466 1728 2516 praesertim
1762 2477 1880 2516 quum

1012 2522 1191 2561 (mlum-a
1227 2523 1357 2560 statim
1393 2528 1596 2573 sequatur,
1636 2521 1741 2572 quod
1777 2520 1881 2559 idem

1013 2579 1228 2629 significare
1242 2579 1388 2617 scimus
1402 2592 1451 2616 ex
1461 2578 1596 2617 (ιΙο55
1605 2577 1757 2615 Philox.
1767 2591 1804 2628 p.
1815 2581 1881 2617 28.

1012 2636 1076 2674 nbi
1109 2635 1311 2675 bai-burra
1343 2634 1629 2673 emendandum
1660 2638 1722 2672 est
1752 2635 1786 2671 in
1814 2634 1881 2672 ba-

1015 2692 1139 2732 barra
1164 2686 1295 2743 ἆᾳρωι
1320 2689 1478 2742 ἀιόητος
1501 2687 1671 2742 μάταιος.
1699 2689 1793 2729 Cum
1820 2689 1881 2728 his

1013 2749 1115 2786 bene
1146 2748 1318 2798 congruit
1349 2761 1486 2786 nomen
1518 2749 1711 2799 proprium
1744 2746 1881 2791 Baba.

1017 2804 1121 2854 quod
1147 2805 1249 2855 apud
1276 2804 1415 2842 Senec.
1442 2804 1555 2855 epist.
1587 2808 1647 2844 15.
1680 2804 1710 2854 δ.
1738 2807 1793 2846 8..
1818 2803 1883 2841 ubi

1015 2860 1218 2912 Ruhkopf.
1244 2861 1311 2906 cs..
1339 2861 1536 2906 invenitur,
1564 2864 1602 2897 et
1616 2859 1779 2904 fatuum,
1805 2863 1883 2897 sto-

1016 2917 1135 2955 lidum
1177 2917 1291 2955 huius
1333 2917 1518 2967 temporis
1560 2915 1755 2954 hominem
1797 2929 1884 2954 cum

1016 2973 1147 3011 Ixione
1172 2974 1371 3025 significat.
1398 2973 1464 3011 Sic
1490 2972 1604 3010 facile
1630 2974 1716 3024 quis
1739 2973 1776 3010 in
1797 2986 1884 3011 cona

1015 3031 1197 3068 iecturam
1223 3030 1349 3080 possit
1374 3029 1562 3075 incidere,
1596 3029 1697 3068 baro
1723 3031 1885 3079 eiusque

1018 3085 1191 3125 derivata
1219 3087 1363 3136 ubique
1395 3087 1430 3123 in
1464 3086 1568 3125 babo
1600 3099 1693 3124 esse
1718 3099 1884 3124 commu-

1016 3143 1152 3189 tanda,
1191 3142 1253 3182 vel
1289 3142 1427 3183 habire
1463 3155 1549 3182 cum
1573 3142 1669 3197 *suis
1700 3141 1884 3182 derivatis
