2155 3590
654 162 834 203 LIBER
865 163 935 203 Vl.

995 162 1120 203 cAP.
1150 162 1246 202 XX.
1772 161 1854 206 465

79 273 204 328 pergit
232 272 476 323 Taenarum,
510 274 747 328 sumptisque
777 275 853 315 rite
884 275 1046 330 stipibus
1082 275 1158 315 illis
1195 281 1235 314 et
1269 273 1417 323 offulis,
1457 273 1653 313 infernum
1685 274 1857 314 decurrit

77 336 262 370 meatum:
291 329 533 383 transitoque
557 343 626 383 per
650 330 845 370 silentium
872 332 1044 371 asinario
1070 330 1186 371 debili
1210 336 1249 370 et
1272 329 1424 369 amnica
1450 329 1548 383 stipe
1573 330 1723 369 vectori
1748 330 1852 379 data,

77 385 252 439 negiecto
277 385 567 438 supernatantis
592 386 737 426 mortui
761 387 969 437 desiderio,
998 394 1037 428 et
1060 386 1201 441 spretis
1225 385 1437 425 textricum
1463 385 1634 425 subdolis
1659 385 1854 439 precibus,

76 447 114 481 et
137 440 277 481 offulae
303 441 387 481 cibo
413 441 538 496 sopita
563 441 671 482 canis
697 443 892 483 horrenda
918 444 1027 483 rabie
1058 445 1211 483 domum
1235 441 1496 495 Proserpinae
1527 448 1721 495 penetrat.
1770 439 1858 482 Nec

78 589 265 619 Thenasum
279 594 314 621 G.
329 593 364 622 P.
377 593 416 620 D.
445 590 656 620 Therma-um
670 590 698 621 δ.
747 592 879 629 stipulis
892 595 945 623 Al.
959 595 1018 623 Vir
1031 595 1144 623 doctus
1157 594 1190 623 in
1204 593 1348 628 margine
1359 593 1417 621 Ed.
1431 592 1557 620 vicent.
1592 590 1740 630 inferum
1754 594 1857 626 marg.

72 637 130 665 Ed.
144 637 220 665 Bas.
236 638 262 665 1.
276 637 351 666 item
363 638 443 665 Eud.
457 638 552 666 Vulc.
569 639 596 666 l.
616 640 713 666 Mero.
733 639 848 666 U'ow.
866 639 953 667 Prie.
985 639 1025 668 cf.
1041 639 1130 667 ovid.
1144 642 1220 667 Met.
1235 640 1258 667 1.
1279 639 1353 667 179.
1381 644 1443 673 per
1454 633 1605 674 flurtcina
1617 635 1698 663 iura
1723 634 1857 674 [ufer-a.

73 681 134 709 sed
147 689 210 710 non
223 682 330 710 minus
343 684 476 716 probum
490 685 539 711 est
551 684 703 718 alterum.
729 684 811 716 quod
830 683 913 717 legis
927 683 960 711 in
975 686 1056 712 Mss.
1070 684 1218 712 omnibus
1232 687 1262 711 et
1275 686 1346 711 cett.
1361 683 1431 711 edd.
1479 680 1592 709 amica
1606 680 1626 710 f.
1641 678 1670 710 δ,
1691 681 1725 710 0.
1739 688 1760 709 a
1772 688 1812 709 m.
1828 688 1857 714 p.

72 733 193 753 amaea
206 734 234 761 p.
280 726 414 754 nectari
430 726 469 754 D.
516 729 744 763 supernatans
757 728 792 757 Ο.
839 727 980 755 mortuis
995 737 1024 763 p.
1073 727 1180 764 εῇμιίε
1195 736 1250 763 pro
1270 726 1394 764 spreta}
1407 728 1442 756 P.
1468 725 1526 762 [cf.
1537 726 1610 755 Liv.
1622 727 1663 754 Π.
1676 727 1729 754 47.
1743 721 1858 765 §.11.]

71 769 215 799 ειιὸάοῐίε
235 774 344 801 exulat
363 780 383 800 a
401 769 429 801 ὃ.
461 772 616 808 precibus
629 770 775 800 subdolis
794 773 926 802 inverso
944 774 1055 802 ordine
1073 782 1104 809 p.
1151 771 1322 800 horrenda
1342 773 1378 801 F.
1394 774 1423 801 1.
1437 773 1468 800 3.
1481 773 1517 800 G.
1530 772 1567 801 P.
1582 772 1617 801 Ο.
1630 773 1668 801 D.
1683 771 1706 800 ἰ.
1729 772 1813 800 lunt.
1826 771 1858 799 2.

69 813 235 845 horrende
249 814 276 846 δ’.
316 819 351 846 In
371 821 443 846 cett.
463 815 632 846 horrendi.
681 817 774 845 rabie
792 820 883 847 abest
903 826 920 847 a
941 815 969 847 δ’.
1012 818 1210 855 penetravit
1222 820 1257 847 G.
1269 819 1307 847 D.
1322 819 1357 846 P.
1372 818 1406 847 0.
1421 819 1457 846 R.
1472 816 1492 846 f.
1507 824 1544 846 π.

73 948 402 999 Frequentissima
416 963 506 988 vero
522 955 582 989 est
607 964 743 989 vocum
763 953 934 1003 prospi-

71 1018 159 1044 cere
173 1009 212 1043 et
224 1007 463 1057 perspicere
488 1011 576 1045 cett.
591 1008 628 1045 in
642 1004 743 1045 Mss.
759 1007 932 1046 confusio

69 1061 114 1098 ct'.
149 1060 249 1100 Cort.
282 1062 329 1099 ad
365 1062 506 1100 Lucan.
523 1063 592 1101 Vl.
619 1067 712 1103 484.
744 1063 830 1101 Met
867 1063 932 1101 lv.

68 1130 103 1168 p.
131 1116 246 1169 ¹265]

124 1174 307 1213 decurrit
325 1179 503 1213 meatum.
555 1174 634 1226 [De
649 1176 933 1213 constructione

69 1228 114 1268 cf.
141 1229 224 1267 lntt.
250 1229 298 1266 ad
324 1230 437 1267 Ovid.
463 1227 557 1269 Met.
576 1230 622 1268 X.
638 1234 730 1271 597.
758 1230 856 1268 Cort.
884 1231 931 1268 ad

68 1284 211 1323 Lucan.
238 1284 299 1323 ΙΙΙ.
327 1286 442 1337 539.]

123 1342 278 1380 anme'ca
303 1343 410 1393 stipe
445 1341 482 1393 [ι
495 1356 528 1380 e.
553 1355 621 1392 pro
648 1345 932 1381 transvectione

66 1398 188 1435 amnis
224 1396 365 1449 pretio.
402 1398 557 1436 insolita
592 1412 688 1436 sane
726 1400 932 1437 sententia.

69 1454 258 1493 Amm'cns
283 1468 304 1492 a
325 1453 449 1491 Plinio
471 1454 620 1491 videtur
642 1455 825 1493 latinitate
846 1469 931 1493 con-

67 1509 258 1547 donatum.
284 1508 397 1548 Prius
419 1514 523 1548 certe
540 1512 708 1548 invenire
727 1525 803 1549 non
825 1512 930 1563 potui

66 1565 113 1604 cs.
133 1566 265 1604 Sidon.
281 1564 413 1616 Apoll.
430 1566 552 1618 Epist.
569 1566 593 1605 l.
610 1572 647 1606 5.
677 1581 790 1618 quem
807 1567 929 1605 locum

65 1623 99 1661 in
127 1622 260 1661 lexicis
287 1636 360 1660 non
385 1624 508 1674 reperi
534 1622 670 1662 Gloss.
697 1624 808 1662 Vulc.
837 1638 870 1674 p.
894 1628 929 1664 9.

65 1680 242 1718 amnicus
256 1675 448 1729 ποτάμιος,
459 1679 606 1718 Auson.
616 1679 814 1719 Mosell.v.
825 1685 930 1725 205„

67 1748 179 1786 quem
189 1739 310 1773 totum
325 1735 448 1773 locum
463 1736 512 1773 ab
526 1736 703 1773 omnibus
713 1735 932 1775 intt.adhu‹:

64 1795 245 1830 vexatum
268 1792 320 1830 ita
344 1791 507 1830 emendo
530 1805 550 1828 e
572 1792 703 1830 codri:

108 1848 276 1887 Puppibus
289 1853 322 1877 ee
330 1851 447 1886 proris
461 1849 597 1878 alacres·
608 1853 734 1887 gestire
746 1851 930 1889 magistros

108 1893 341 1932 Impubemque
370 1904 503 1923 manum
534 1904 634 1932 super
664 1897 800 1924 amnica
831 1900 930 1934 terga

412 1943 591 1978 vagantem

65 1983 69 1986 '
108 1983 196 2013 Dum
211 1987 354 2022 spectat,
365 1985 515 2013 transire
529 1984 610 2012 diem
625 1988 660 2012 et
671 1994 734 2013 sua
748 1986 839 2014 seria
854 1984 929 2013 lado

108 2028 304 2058 posthabet.

65 2075 103 2110 et
127 2073 179 2110 ita
204 2071 369 2122 explico:
406 2072 508 2110 Dum
537 2072 676 2123 aliquis
701 2072 800 2110 haee.
825 2073 930 2111 videt

63 2129 185 2165 viator
210 2127 278 2179 [de
302 2141 379 2178 qua
404 2127 532 2179 eiiipsi
563 2129 799 2178 pronominis
824 2129 928 2166 inde-

63 2184 153 2222 finiti
179 2183 225 2222 cf.
253 2183 330 2222 Cic.
357 2183 405 2221 de
425 2183 531 2223 Orat.
555 2183 581 2221 l.
602 2187 637 2224 8.
663 2185 773 2235 §.30.
800 2199 929 2237 neque

63 2254 157 2279 vero
181 2240 279 2278 mihi
310 2239 533 2292 quidquam
557 2262 612 2268 --
638 2241 929 2291 praestabilius

63 2296 240 2341 videtur,
281 2309 399 2349 quam
431 2310 551 2348 posse
582 2297 762 2336 dicendo
793 2301 927 2336 tenere

64 2353 265 2391 hominum
291 2357 441 2397 coetus,
472 2357 618 2391 mentes
647 2353 830 2399 afficere,
862 2367 925 2391 vo-

66 2409 238 2448 luntates
267 2408 489 2458 impellere,
529 2423 610 2461 qno
649 2409 780 2456 relttg
818 2410 926 2449 una’e

62 2469 191 2504 autem
205 2465 298 2504 veli
307 2468 333 2508 t,
359 2465 573 2504 deducere.
588 2464 779 2502 chsner.
791 2465 839 2503 ad
849 2464 928 2506 Cic.

63 2520 145 2559 Ecl.
170 2533 206 2571 p.
235 2525 324 2560 142.
351 2524 389 2558 et
412 2534 449 2572 p.
479 2525 568 2561 182.
594 2520 722 2558 Beier.
739 2521 788 2560 ad
802 2522 924 2560 eiusd.

62 2577 112 2615 de
136 2575 214 2616 Off.
245 2576 274 2616 l.
305 2580 368 2617 33.
400 2578 430 2628 ᾇ.
459 2581 549 2618 121.
576 2576 620 2615 Τ.
646 2576 674 2616 Ι.
701 2592 735 2629 p.
763 2581 854 2618 256.
887 2583 926 2616 et

61 2632 107 2672 11.
137 2637 198 2673 11.
224 2634 254 2684 ᾗ.
283 2637 347 2673 39.
386 2632 432 2671 T.
463 2633 509 2672 ll.
536 2647 571 2685 p.
600 2638 650 2674 76
676 2630 783 2687 sq.]‚
819 2638 924 2679 post-

64 2688 197 2736 habet,
223 2689 324 2727 diem
349 2690 508 2741 transigi
535 2694 573 2728 et
598 2690 694 2735 labi,
726 2704 924 2742 operaque

63 2757 135 2783 sua
158 2746 206 2784 ob
232 2746 371 2797 gaudia
395 2747 468 2784 ista
496 2746 662 2795 negligit.
689 2745 797 2784 Haec
823 2747 921 2784 enirn

63 2801 206 2839 variata
233 2802 333 2840 verbi
352 2803 588 2840 constructio
607 2803 837 2854 interpretes
857 2803 922 2841 de-

65 2856 179 2908 cepit.
225 2856 282 2896 lta
311 2857 432 2898 Tacit.
463 2859 563 2897 Ann.
595 2858 701 2896 XVI.
729 2863 792 2900 50.
826 2860 920 2898 clam

65 2911 217 2951 scelera
241 2913 461 2966 Principes
487 2920 524 2954 et
544 2917 662 2967 finem
687 2916 826 2954 adesse
856 2917 922 2953 im-

61 2968 172 3018 perii
206 2969 310 3008 inter
344 2984 383 3010 se
417 2972 585 3010 iaciunt.
622 2971 722 3009 Ann.
760 2970 825 3010 IV.
858 2975 922 3011 38.

66 3025 129 3062 38.
163 3025 274 3075 quod
303 3025 376 3065 alii
403 3027 655 3071 modestiam,
685 3028 801 3067 multi
827 3029 924 3080 quia

66 3077 286 3131 diffideret,
311 3083 477 3135 quidam
495 3087 541 3122 ut
565 3083 776 3136 deycnerz‘s
801 3084 926 3122 animi

63 3134 443 3188 interpretabantur.
470 3138 570 3179 Hist.
592 3139 657 3179 lv,
688 3143 749 3181 19.
774 3153 854 3180 non
881 3143 927 3180 ut

992 956 1309 1004 assequerentur,
1346 951 1418 990 sed
1449 963 1630 990 caussam
1653 949 1858 988 seditioni.

992 1007 1039 1045 cf.
1067 1021 1167 1058 quos
1192 1007 1337 1045 excitat
1361 1007 1522 1058 Rupert.
1554 1005 1590 1043 in
1617 1005 1744 1044 indice
1767 1004 1856 1043 Lat.

993 1062 1112 1100 Tacit.
1140 1062 1184 1102 T.
1211 1063 1278 1102 lv.
1303 1076 1339 1113 p.
1367 1062 1482 1114 811.]

1048 1119 1255 1157 horrenda
1279 1119 1405 1158 rabie.
1454 1118 1591 1156 Altera
1622 1117 1738 1156 lectio
1764 1117 1856 1156 lzor-

991 1175 1109 1213 rendi
1124 1190 1146 1213 a
1168 1175 1329 1212 librariis
1353 1174 1527 1225 profecta
1551 1178 1631 1220 est,
1657 1174 1720 1224 qui
1741 1187 1857 1224 aegre

992 1231 1053 1268 bic
1078 1231 1272 1275 ferebant,
1299 1230 1403 1281 quod
1428 1231 1503 1268 duo
1529 1231 1641 1280 quasi
1667 1230 1857 1268 adiectiva

991 1287 1052 1323 uni
1079 1286 1322 1324 substantivo
1347 1286 1525 1324 adiuncta
1549 1289 1695 1324 essent.
1733 1285 1860 1331 Quam

992 1342 1223 1381 sententiam
1233 1342 1334 1380 oud.
1351 1355 1506 1392 quoque
1519 1344 1704 1393 sequitur,
1730 1355 1860 1392 quam-

992 1400 1049 1436 vis
1068 1399 1222 1448 pronior
1242 1399 1292 1437 sit
1311 1398 1360 1435 ad
1383 1398 1589 1436 lectionem
1609 1398 1694 1436 cod.
1709 1401 1741 1436 δ.
1768 1399 1859 1436 llor-

991 1455 1159 1495 rendac.
1194 1455 1464 1493 demonstrans
1496 1468 1544 1492 eo
1577 1467 1720 1505 genere
1746 1455 1859 1493 canis

990 1511 1151 1562 saepius
1173 1510 1258 1549 dici.
1293 1510 1391 1561 [sed
1412 1511 1573 1560 primum
1593 1510 1682 1548 huic
1703 1510 1856 1548 lectioni

991 1582 1063 1605 non
1096 1567 1148 1605 ita
1178 1566 1338 1605 muitum
1362 1567 1505 1610 tribuo,
1539 1567 1717 1617 quoniam
1743 1566 1857 1605 rabie

989 1624 1023 1661 in
1051 1638 1098 1661 eo
1120 1623 1204 1662 cod.
1227 1624 1358 1667 abest,
1385 1627 1425 1660 ut
1444 1627 1565 1661 totum
1586 1623 1712 1661 locum
1733 1635 1856 1660 corru-

990 1681 1099 1730 pisse
1118 1679 1305 1718 librarium
1329 1679 1443 1718 facile
1469 1683 1669 1731 appareat.
1701 1678 1856 1717 Deinde

991 1736 1193 1774 videndum
1209 1740 1288 1781 est,
1317 1750 1402 1774 num
1418 1736 1561 1786 ubique
1574 1735 1689 1774 liceat
1712 1735 1856 1773 semini-

989 1807 1076 1830 num
1091 1806 1215 1843 genus
1229 1792 1342 1831 huius
1357 1791 1533 1830 vocabuli
1553 1806 1621 1844 pro
1641 1791 1854 1830 masculino

987 1849 1172 1899 usurpari.
1198 1848 1362 1886 Muitum
1388 1847 1463 1886 hac
1487 1849 1521 1886 in
1537 1862 1577 1886 re
1597 1861 1646 1886 ex
1664 1849 1748 1886 soni
1769 1861 1840 1885 sua

991 1905 1107 1943 vitate
1131 1904 1304 1956 pendere
1324 1905 1544 1955 pronuntiat
1562 1904 1693 1942 Burm.
1714 1904 1763 1942 ad
1779 1903 1855 1941 Lu-

989 1974 1070 1999 can.
1097 1960 1123 1998 I.
1150 1965 1243 2001 548.
1280 1961 1423 2012 VVagn.
1449 1960 1499 1998 ad
1524 1960 1632 2012 Virg.
1659 1961 1800 2011 Georg.
1827 1959 1855 1999 l.

989 2021 1100 2062 470..
1126 2018 1188 2055 ubi
1206 2017 1375 2056 obscena
1394 2017 1634 2054 retinendum
1653 2021 1724 2055 est.
1763 2016 1855 2055 Alia

987 2072 1168 2123 exempla
1203 2073 1405 2124 praebebit
1438 2072 1561 2111 Voss.
1595 2073 1713 2112 Arist.
1747 2072 1791 2111 T.
1825 2072 1854 2111 I.
1908 2115 1914 2121 ,

987 2143 1023 2179 p.
1039 2133 1129 2169 330.
1155 2129 1286 2179 ibique
1301 2128 1501 2167 Foertsch.
1522 2133 1562 2167 et
1580 2128 1625 2167 T.
1640 2129 1686 2168 Π.
1706 2143 1741 2181 p.
1760 2133 1851 2170 700.

986 2186 1113 2237 ibique
1128 2184 1262 2224 Eckst.
1288 2184 1335 2224 cf.
1358 2184 1502 2224 Feaad
1519 2184 1650 2224 Horat.
1667 2185 1852 2237 Epod.11.

987 2245 1052 2281 31.
1078 2241 1178 2280 Cort.
1205 2241 1253 2280 ad
1280 2241 1425 2280 Lucan.
1442 2240 1633 2282 Vltseo.
1661 2241 1852 2293 Equidem

985 2302 1095 2349 put0‚
1133 2297 1236 2336 aliud
1274 2311 1395 2349 posse
1430 2298 1593 2350 proponi
1632 2297 1852 2345 discrimen,

984 2354 1088 2405 quod
1121 2353 1200 2391 fere
1225 2367 1382 2405 semper
1412 2354 1501 2392 licet
1530 2355 1739 2393 observari.
1781 2355 1853 2394 Ca-

984 2412 1046 2449 nis
1089 2411 1187 2448 enim
1225 2410 1407 2448 feminino
1442 2424 1586 2461 genere
1630 2411 1710 2448 fere
1751 2424 1851 2449 sem-

982 2480 1052 2518 per
1088 2467 1165 2518 legi
1205 2467 1270 2505 ubi
1314 2467 1364 2505 ad
1403 2469 1658 2518 sagacitatem
1705 2468 1850 2505 narium

982 2523 1206 2574 respicitur,
1255 2527 1315 2569 et.
1365 2537 1483 2561 canes
1515 2523 1563 2562 ad
1607 2525 1850 2562 venationem

982 2579 1044 2617 vel
1070 2580 1255 2630 praedam
1287 2584 1633 2618 commemorantur
1657 2584 1785 2630 aptae,
1812 2584 1852 2618 et

981 2636 1032 2674 ita
1069 2636 1118 2674 de
1156 2636 1314 2675 canibus
1355 2637 1572 2687 rapacibus.
1646 2636 1712 2674 Sic
1747 2636 1850 2688 apud

981 2690 1110 2743 Priap.
1142 2696 1210 2734 71.
1249 2693 1382 2732 Vicini
1414 2694 1526 2731 canis
1563 2692 1642 2732 hnc
1677 2693 1850 2732 subinde

980 2749 1088 2787 venit
1121 2749 1305 2801 nidorem
1336 2753 1442 2800 puto
1473 2753 1697 2800 prosecuta
1731 2749 1849 2800 fumi.

982 2804 1086 2855 Virg.
1120 2804 1165 2844 G.
1188 2804 1213 2843 1.
1247 2809 1338 2845 470.
1376 2803 1524 2842 Lucan.
1539 2803 1625 2843 Vll.
1657 2808 1749 2844 829.
1784 2805 1849 2843 ob·
1878 2821 1883 2823 “

977 2874 1118 2899 scenae
1215 2861 1439 2900 Deseruere.
1453 2874 1572 2898 canes
1586 2865 1624 2898 et
1649 2861 1851 2913 quicquid

980 2929 1079 2955 nare
1091 2919 1236 2969 sayacz'
1250 2916 1356 2955 Aera
1371 2930 1451 2954 non
1465 2930 1603 2955 sanum
1623 2916 1850 2969 motamque

982 2972 1179 3011 cadat-ere
1204 2974 1325 3012 sentit
1347 2971 1413 3010 lx.
1444 2976 1533 3012 141.
1566 2971 1672 3010 Nam
1698 2986 1850 3024 corpus

982 3027 1245 3068 Phariaenae
1270 3042 1389 3067 canes
1413 3029 1641 3080 avidaeque
1665 3029 1848 3069 volucres

982 3083 1238 3124 De'stulert'nt.
1254 3084 1351 3122 Stat.
1367 3082 1494 3123 Theb.
1513 3083 1562 3122 X.
1584 3087 1679 3125 353.
1700 3085 1764 3123 ubi
1795 3085 1847 3123 ie-

982 3140 1148 3191 gendum
1167 3144 1245 3178 est:
1278 3139 1459 3180 Nullane
1471 3145 1572 3191 post
1587 3153 1721 3180 manes
1738 3142 1848 3195 nqis

1474 3206 1528 3249 30
