2221 3667
337 153 421 219 658

593 155 642 194 L.
672 154 896 194 APULEH
926 155 1330 195 MADAURENSIS
1361 156 1909 200 METAMORPHOSEON

336 264 510 305 dolorem
559 265 747 307 lacrimae
796 268 1017 318 satiarent,
1068 275 1108 307 et
1155 268 1328 321 percitae
1382 269 1524 310 mentis
1571 270 1765 312 resideret
1813 274 1951 324 furor,
2009 281 2047 314 et
2101 274 2139 313 in

246 326 309 358 529
335 335 423 361 sese
472 321 686 363 nimietatis
719 322 726 379 1
759 325 869 364 senio
917 325 1155 365 lassesceret
1190 324 1341 376 luctusf,
1389 326 1514 366 adhuc
1551 327 1708 368 flentem
1758 330 1961 381 maritum,
2018 331 2140 371 adhuc

333 438 487 465 satiaret
498 439 533 467 0.
547 442 575 468 et
585 440 799 476 perterritae
812 449 868 475 pro
881 443 914 467 et
922 440 1089 476 percitae.
1131 439 1333 469 lassesceret
1348 443 1383 471 F.
1396 445 1423 471 1.
1435 444 1465 471 3.
1478 444 1517 472 D.
1531 444 1566 471 P.
1591 445 1706 473 Incert.
1720 446 1835 474 Venet.
1850 448 1879 474 4.
1894 450 1923 474 et
1938 447 2043 475 Paris.
2058 449 2140 476 Elin.

333 482 556 512 Iasscesseret
575 486 611 514 G.
631 487 664 514 2.
700 484 905 514 lacessi-eret
924 487 960 514 G.
982 487 1010 514 1.
1048 485 1237 514 lacesseret
1254 489 1324 516 edd.
1345 491 1423 517 vett.
1444 492 1475 516 et.
1495 490 1585 517 codd.
1606 489 1704 518 ceteri
1724 494 1880 524 quantum
1900 491 1995 520 video
2019 500 2140 521 omnes.

323 527 525 567 facesseret
543 530 634 559 Colv.
655 532 766 560 u'ow.
786 532 882 560 Vulc.
905 532 934 558 1.
954 533 1055 560 Merc.
1074 532 1162 561 Prie.
1182 533 1304 561 Florid.
1331 530 1561 571 flaccesceret
1574 535 1669 564 vulo.
1683 537 1714 564 2.

332 576 416 603 vest.
432 576 467 603 G.
485 576 513 603 1.

334 662 617 714 disrumpitur.
666 661 761 700 Met.
800 661 844 700 ll.
883 676 918 714 p.
952 667 1018 704 82.
1056 665 1206 705 anxius

333 719 564 770 alioquin
596 724 633 757 et
669 719 787 756 nimis
823 720 1011 771 cupidus.
1048 734 1086 771 p.
1117 726 1207 762 105.

333 775 476 826 lepida
503 775 733 826 alioquin
764 780 802 814 et
831 777 1029 816 dicacula
1053 778 1207 828 puella.

331 845 368 883 p.
387 835 477 871 128.
503 831 566 869 ad
581 830 791 870 libidinem
810 833 955 885 inquia
980 834 1210 887 alioquin

332 892 372 926 ct
391 887 593 939 petulans.
619 886 684 925 lV.
700 901 737 938 p.
753 892 846 928 257.
859 903 1072 940 pannosus
1091 892 1142 930 al
1148 893 1210 931 io-

333 944 449 996 quin
475 957 526 982 ac
550 943 756 983 sordidus.
795 944 864 984 Vl.
895 959 932 997 p.
958 951 1051 987 408.
1087 948 1140 987 At
1164 954 1208 988 tn

330 999 505 1050 simplex
541 999 771 1052 alioquin
815 1008 857 1040 et
889 1016 1039 1054 expers
1074 1018 1209 1045 rerum

330 1055 485 1095 talium.
502 1055 588 1095 Vll.
602 1070 639 1107 p.
650 1061 744 1097 477.
761 1059 962 1098 terribiles
976 1075 1000 1099 a
1011 1060 1078 1099 lio
1089 1075 1151 1113 qu
1162 1063 1209 1100 in

330 1117 367 1150 et
390 1113 600 1164 fortiores.
648 1112 716 1152 IX.
743 1128 782 1165 p.
811 1119 902 1155 620.
937 1116 1064 1156 bonus
1089 1118 1208 1156 alio-

331 1170 445 1221 quin
470 1170 531 1207 vir
556 1174 594 1208 et
618 1174 808 1222 apprime
827 1172 1040 1213 modestus.
1063 1187 1098 1224 p.
1115 1178 1208 1215 675.

330 1226 515 1264 curiosus
539 1226 772 1278 alioquin
798 1233 836 1267 et
858 1230 1034 1281 ¹inquieti
1055 1244 1206 1283 proca-

329 1283 454 1321 citate
474 1283 706 1334 praeditus.
733 1283 801 1323 Xl.
827 1299 866 1336 p.
882 1289 975 1326 797.
1000 1288 1061 1325 vir
1087 1289 1206 1327 alio-

330 1340 446 1391 quin
470 1340 611 1391 yravis
636 1344 675 1378 et
702 1341 864 1381 sobriae
892 1343 1109 1395 reli-qionis
1141 1344 1207 1383 ob·

327 1397 554 1434 servatione
577 1397 771 1446 famosus.
799 1397 943 1437 Florid.
970 1413 1008 1450 p.
1029 1405 1094 1441 88.
1120 1414 1206 1440 rer-

327 1456 439 1491 sutus
463 1451 696 1504 alioquin
722 1458 762 1492 et
773 1455 1006 1506 ‘iwyeniatns
1025 1458 1082 1496 ad
1101 1462 1208 1497 astec-

327 1509 438 1547 tiam.
464 1507 518 1546 Ut
539 1509 590 1547 de
605 1510 696 1560 ipso
710 1512 870 1549 nomine
883 1512 1106 1559 retinerem,
1132 1529 1206 1552 non

328 1564 458 1603 solum
494 1565 607 1603 codd.
639 1567 870 1616 optimorum
902 1570 1113 1609 auctoritas
1145 1584 1208 1609 me

328 1621 595 1667 confirmabat,
621 1623 693 1660 sed
715 1624 831 1662 etiam
846 1624 1083 1675 frequentior
1097 1628 1207 1666 libra-

327 1678 469 1715 riorum
494 1679 726 1717 emendandi
753 1681 927 1731 prurigo,
959 1684 1023 1733 qui
1050 1686 1204 1735 quoties

327 1735 711 1785 interpretamentum
721 1736 782 1773 vel
793 1737 971 1787 glossam
987 1741 1204 1779 enunciatio

326 1791 448 1841 sapit,
474 1791 606 1829 statim
633 1805 720 1831 eam
745 1794 909 1833 eiiciunt.
939 1796 985 1835 cf.
1001 1796 1049 1834 ad
1064 1797 1162 1836 Met.
1178 1797 1204 1836 l.

327 1862 364 1900 p.
391 1851 456 1887 42.
485 1847 664 1886 Ceterum
691 1850 779 1900 ipsa
804 1853 998 1890 sententia
1028 1853 1081 1892 de
1112 1855 1204 1904 ‘ipso

326 1905 487 1943 nomine
512 1904 652 1943 librarii
678 1907 880 1946 cuiusdam
906 1923 982 1947 non
1009 1909 1141 1948 stolidi
1168 1914 1208 1948 et

326 1961 481 2012 insipidi
497 1975 651 2000 manum
671 1963 825 2009 indicat,
840 1966 1207 2005 unde'verisimilius

327 2021 406 2062 est,
445 2017 544 2056 haec
563 2019 685 2057 verba
710 2034 733 2059 a
759 2020 923 2060 librariis
943 2023 1070 2062 eiecta
1091 2037 1206 2074 quam

326 2075 509 2125 apposita
547 2089 651 2114 esse.
719 2076 842 2127 quue
874 2080 947 2118 iam
974 2079 1077 2119 Oud.
1103 2081 1207 2119 bene

325 2130 528 2177 intellexit,
555 2132 620 2182 qui
634 2133 683 2171 ad
698 2147 845 2172 morem
860 2136 1018 2187 Apuleii
1033 2138 1205 2189 respicit,

325 2189 481 2226 nomina
494 2188 610 2226 dandi
624 2191 824 2241 personis,
852 2206 953 2242 quae
975 2195 1206 2233 conveniant

325 2257 458 2282 earum
483 2246 658 2284 moribus
685 2248 866 2299 vitaeque
892 2252 1042 2300 generi,
1080 2251 1127 2289 es.
1155 2251 1205 2290 ad

323 2298 421 2339 Met.
437 2300 482 2339 H.
508 2315 545 2352 p.
565 2306 655 2343 122.
682 2303 857 2344 d’Orvill.
884 2306 933 2345 ad
961 2306 1147 2347 Charitl.
1168 2313 1204 2348 7.

322 2371 360 2409 p.
389 2362 483 2398 247.
521 2358 625 2397 idem
662 2360 737 2398 iam
775 2363 1026 2412 probaverat,
1065 2379 1088 2403 a
1129 2378 1204 2417 quo

323 2414 428 2453 Oud.
454 2415 559 2453 male
591 2421 736 2456 temere
766 2431 835 2468 pro
862 2422 1100 2461 temerarius
1126 2422 1204 2473 legi

323 2471 387 2510 ait.
437 2472 679 2511 Sententiam
700 2474 775 2512 loci
796 2475 849 2513 ita
869 2477 1058 2527 explicat:
1086 2477 1204 2517 Prae·

323 2541 419 2580 ceps
445 2528 601 2580 alioque
626 2543 699 2568 sua
723 2535 859 2576 natura
883 2533 956 2571 sed
982 2538 1021 2572 et
1039 2538 1204 2574 temera-

321 2585 402 2622 rius
427 2586 581 2624 nomine
606 2587 694 2637 ipso
721 2601 809 2625 eum
835 2590 1074 2637 stimulante,
1100 2592 1205 2643 quod

322 2643 435 2691 quasi
444 2642 792 2683 insusurrabatilli:
807 2645 1042 2686 Audendum
1054 2649 1202 2695 esttibi,

323 2697 556 2749 Thrasylle,
583 2703 624 2737 ut
636 2699 711 2739 boc
725 2702 790 2740 viri
806 2701 915 2741 fortis
930 2718 1069 2743 nomen
1085 2706 1203 2756 digne

321 2768 450 2805 geras.
484 2755 548 2794 De
572 2770 647 2794 usu
672 2760 977 2809 praepositionis
1005 2763 1074 2807 de,
1101 2776 1203 2812 quae

320 2810 437 2861 paulo
464 2813 692 2852 insolentior
718 2819 798 2861 est,
825 2816 872 2854 cf.
888 2816 1017 2856 Hand.
1039 2819 1089 2857 ad
1105 2819 1202 2857 Tur-

320 2867 407 2905 sell.
436 2867 481 2907 T.
508 2868 552 2907 Il.
579 2884 616 2921 p.
645 2875 759 2917 219„
793 2873 857 2922 qui
883 2875 999 2913 etiam
1026 2880 1203 2915 nostrum

323 2923 344 2962 l.
360 2924 510 2975 adtigit,
526 2930 565 2964 et
580 2927 632 2965 tle
645 2929 737 2978 ‘ipso
750 2931 912 2969 nomine
931 2931 1073 2970 melius
1089 2934 1201 2971 inter-

320 2984 493 3031 pretatur
518 2997 543 3020 a
567 2989 690 3034 parte
714 2987 899 3025 nominis.
938 2987 1065 3026 Etiam
1091 2988 1135 3028 F.
1165 2994 1201 3030 3.

321 3049 552 3087 ‹piamquam
571 3040 669 3078 baec
683 3043 802 3080 verba
815 3057 890 3082 non
908 3043 1043 3090 babet,
1070 3049 1200 3084 tamen

322 3091 460 3131 lacuna
503 3098 760 3147 comprobare
805 3101 953 3139 videtur
969 3131 978 3145 ,
1022 3102 1122 3141 baec
1165 3104 1209 3141 in'

320 3149 600 3190 vetustissimis
648 3153 750 3195 Mss.
800 3156 925 3196 fuisse
971 3160 1199 3210 perscripta.

1763 533 1869 562 adhec
1878 533 2022 573 flentem
2035 536 2142 565 adhe«.—

1266 664 1365 704 Hinc
1390 665 1623 718 explicatur,
1650 667 1846 718 quomodo
1871 666 2009 719 reliqui
2031 668 2143 708 codd.

1266 721 1450 773 neglecta
1474 722 1614 761 lacuna
1639 727 1761 761 totum
1789 723 1914 762 locum
1941 724 2145 763 concinna-

1268 780 1400 817 verint.
1461 779 1594 818 Minus
1627 779 1780 818 Heinsii
1806 781 2029 819 coniectura
2059 795 2143 833 pro-

1266 837 1380 874 batur
1405 841 1442 874 et
1466 850 1510 875 re
1534 841 1573 875 et
1595 837 1687 888 ipso
1720 838 1881 876 ποιηὶηε
1910 839 2144 877 temerarius

1270 892 1362 931 coll.
1387 892 1502 930 Ovid.
1530 893 1618 932 Am.
1646 892 1671 932 Ι.
1700 897 1738 933 8.
1770 894 1926 945 Dipsas
1956 908 2058 934 anus
2089 907 2144 933 ea·

1267 962 1318 987 re
1341 962 1484 987 nomen
1510 949 1645 991 habet.
1670 950 1736 988 ubi
1763 950 1809 988 cf.
1835 949 1967 989 Burm.
1993 949 2049 988 Ita
2074 950 2143 989 ‹lis-

1268 1004 1497 1049 ticultatem,
1524 1018 1638 1056 quam
1659 1006 1899 1058 praepositio
1921 1008 1973 1046 (le
1987 1007 2021 1044 ei
2036 1020 2144 1058 prae-

1267 1063 1360 1107 buit.
1375 1062 1514 1100 tollere
1527 1066 1691 1101 conatus
1706 1067 1778 1102 est.
1804 1062 1844 1101 In
1859 1062 2016 1102 solitum
2030 1077 2142 1101 suum

1268 1118 1331 1156 bic
1368 1131 1524 1169 quoque
1561 1132 1729 1157 errorem
1766 1119 1868 1158 Oud.
1905 1120 2055 1165 incidit,
2093 1121 2146 1160 (le

1268 1175 1514 1226 pleonastice
1529 1175 1591 1213 bic
1605 1177 1773 1226 positum
1795 1190 1888 1214 esse
1903 1177 2144 1221 existimans,

1267 1232 1317 1270 de
1334 1245 1410 1282 quo
1426 1232 1476 1270 cs.
1488 1232 1614 1271 Hand.
1627 1232 1954 1284 '1¹111·se11.T.11.p.
1966 1237 2143 1283 219sqq.

1266 1289 1349 1327 Sed
1375 1289 1595 1340 posteriore
1620 1293 1796 1341 tempore
1821 1290 2026 1328 utebantur
2052 1291 2144 1328 scri-

1265 1349 1398 1396 ptores
1423 1346 1586 1397 saepius
1606 1346 1680 1385 hac
1699 1346 2007 1398 praepositione,
2033 1350 2074 1385 ut
2092 1348 2144 1384 in-

1266 1406 1520 1441 strumentum
1574 1404 1852 1453 exprimerent,
1899 1403 1962 1441 vel
2010 1404 2143 1454 potius

1267 1472 1449 1497 caussam
1464 1463 1582 1509 atque
1597 1459 1799 1510 originem,
1825 1460 1927 1498 unde
1942 1473 2007 1497 res
2027 1473 2143 1510 quae-

1267 1515 1355 1554 dam
1387 1516 1652 1566 proficiscitur.
1701 1515 1757 1554 lta
1786 1517 1905 1567 Apul.
1943 1516 2040 1554 Met.
2073 1514 2144 1555 IX.

1266 1586 1304 1623 p.
1338 1575 1430 1613 669.
1464 1573 1522 1611 (le
1552 1574 1726 1612 castiore
1750 1573 1910 1613 nodulo
1936 1573 2145 1613 cerebrum

1266 1643 1379 1668 suum
1404 1629 1661 1681 diffindere]

1322 1685 1562 1725 lassesceret.
1584 1685 1644 1723 Ex
1659 1686 1830 1724 mutandi
1845 1686 2040 1738 prurigine
2055 1689 2146 1724 nata

1264 1746 1327 1779 est
1352 1742 1548 1781 Stewecb.
1577 1744 1798 1781 coniectura
1822 1744 2079 1783 exsatiarent
2108 1743 2143 1779 in

1263 1799 1603 1846 antecedentibus,
1629 1800 1739 1838 cuius
1766 1799 1984 1850 composito
2012 1802 2146 1837 auctor

1263 1868 1458 1905 nusquam
1482 1869 1580 1894 usus
1606 1860 1680 1902 est,
1707 1860 1745 1894 et
1770 1860 1902 1894 nostro
1932 1856 2018 1894 loco
2040 1855 2143 1893 idem

1265 1925 1474 1964 perperam
1498 1925 1583 1950 cum
1609 1912 1696 1951 aliis
1723 1913 1944 1951 emendavit
1967 1914 2142 1962 facesse-

1265 1974 1343 2013 ret,
1370 1969 1476 2019 quod
1503 1969 1618 2007 etiam
1633 1968 1736 2008 Oud.
1762 1974 1909 2008 temere
1935 1968 2145 2020 amplexus

1266 2030 1341 2065 est.
1400 2024 1521 2064 Putat
1556 2027 1656 2064 enim
1683 2027 1907 2065 *lassescere
1938 2024 2028 2063 ferri
2066 2038 2142 2063 non

1264 2096 1408 2134 posse,
1441 2082 1544 2133 quod
1567 2084 1608 2121 in
1627 2096 1709 2121 sese
1729 2083 1941 2122 lassescere
1961 2081 2140 2132 scriptori

1265 2139 1407 2178 idoneo
1434 2153 1628 2190 nunquam
1659 2143 1888 2191 usurpatum
1919 2141 1987 2185 sit,
2025 2139 2143 2176 idem-

1264 2209 1341 2247 que
1367 2198 1557 2247 vituperat
1582 2196 1617 2233 in
1648 2195 1759 2247 Lips.
1786 2200 1825 2235 et
1849 2195 1968 2233 Roer.
1994 2196 2029 2233 in
2056 2194 2144 2233 Fer.

1263 2253 1363 2292 Dav.
1391 2267 1426 2304 p.
1454 2257 1546 2294 227.
1573 2252 1847 2291 emendatione
1869 2254 2142 2305 flaccesceret.

1263 2309 1350 2349 Hac
1373 2314 1502 2349 tamen
1522 2323 1666 2348 caussa
1687 2309 1887 2348 Heinsium
1909 2312 2142 2347 commotum

1263 2380 1377 2409 esse,
1414 2370 1455 2405 ut
1491 2366 1587 2405 Met.
1621 2365 1671 2405 X.
1708 2370 1797 2406 194.
1835 2370 1874 2404 et
1904 2365 2014 2403 XIV.
2050 2368 2141 2405 194.

1264 2424 1322 2462 Et
1366 2425 1508 2462 sensim
1546 2424 1777 2465 azimietatt's
1829 2424 1940 2462 senio
1992 2422 2140 2475 flacce-

1263 2485 1393 2520 sceret
1426 2481 1653 2531 cmrigeret,
1691 2479 1872 2529 hancque
1903 2478 2142 2516 emendatio·

1264 2551 1351 2575 nem
1395 2541 1500 2576 certe
1542 2536 1661 2574 multo
1703 2535 2004 2588 praeferendam
2047 2548 2142 2572 esse

1264 2593 1441 2632 eiusdem
1479 2593 1724 2633 coniecturae
1759 2595 1793 2631 in
1826 2593 1998 2631 Advers.
2030 2590 2075 2629 H.
2103 2596 2141 2631 7.

1261 2664 1298 2702 p.
1321 2655 1414 2691 255.
1440 2650 1668 2702 propositae
1692 2650 1733 2688 in
1759 2663 1840 2688 sese
1864 2652 2142 2692 marcesceret,

1262 2710 1399 2759 utpote
1429 2708 1543 2745 nimis
1569 2707 1723 2746 abeunti
1750 2721 1773 2744 a
1798 2706 1945 2756 scripta
1971 2705 2142 2743 lectione

1262 2768 1301 2802 et
1321 2765 1472 2803 otiosas
1493 2777 1612 2801 voces
1632 2765 1675 2801 in
1693 2777 1775 2802 sese
1793 2763 1982 2800 retinenti.
2009 2760 2142 2798 Omniw

1261 2821 1336 2859 bus
1362 2821 1475 2871 igitur
1499 2822 1570 2859 rite
1595 2820 1784 2870 expensis
1811 2818 1913 2857 Oud.
1945 2819 2059 2856 unice
2085 2830 2141 2854 re-

1262 2877 1480 2928 cipiendam
1495 2877 1604 2915 duxit
1612 2875 1922 2915 Stewecbianam
1934 2879 1972 2912 et
1981 2874 2142 2913 Groslo-

1261 2935 1405 2973 tianam
1433 2933 1743 2972 emendationem
1756 2934 1999 2982 facesseret.
2026 2930 2141 2967 idest

1262 2991 1432 3040 sugeret,
1470 2991 1690 3035 desereret,
1721 2989 1824 3040 quod
1858 2989 2001 3026 dictum
2032 2990 2143 3037 putat

1260 3052 1302 3085 ut
1326 3048 1422 3086 Met.
1445 3047 1513 3086 Xl.
1534 3061 1571 3099 p.
1589 3051 1680 3087 767.
1707 3059 1849 3084 immet!
1876 3045 2068 3083 ine-ictum
2093 3044 2141 3080 ‘in

1260 3118 1306 3142 se
1329 3106 1550 3149 recessit,
1590 3103 1765 3141 Colvium
1793 3102 2037 3152 vituperans,
2076 3099 2139 3148 qui

1261 3161 1355 3200 hinc
1379 3174 1462 3200 sese
1471 3163 1692 3212 facesseret
1715 3159 1963 3201 emendabat,
1989 3170 2063 3194 non
2085 3168 2141 3192 rc-
