2221 3667
341 151 466 177 vam
676 137 750 176 DE
777 136 1064 176 CODICIBUS
1089 136 1159 175 ET
1185 133 1538 176 EDITIONIBUS
1566 135 1795 175 APULEII.

340 251 633 289 emendationes
658 255 697 289 et
721 251 850 289 variae
875 250 1077 295 lectiones,
1105 264 1204 299 quae
1229 255 1354 289 tamen
1381 251 1523 289 nullius
1544 250 1724 288 momenti
1746 250 2027 299 maximamque
2048 262 2130 299 par-

337 313 413 345 tem
443 321 463 344 e
489 308 656 358 vulgatis
693 308 779 345 edd.
817 313 1026 359 excerptae
1063 312 1169 353 sunt,
1207 310 1256 346 ita
1293 314 1333 346 ut
1365 313 1628 359 excerptorem
1663 306 1806 344 nullum
1839 306 2011 344 codicem
2043 310 2131 343 ante

338 364 473 402 oculos
501 364 689 402 babuisse
713 368 910 416 appareat.
970 364 1141 402 initiales
1167 364 1345 403 librorum
1376 369 1479 404 l—5
1507 364 1700 402 coloribus
1725 365 1815 400 sunt
1838 362 2052 400 distinctae.

452 421 514 458 Ad
544 420 784 459 Floridorum
812 422 928 459 libros
956 422 1136 459 nonnulla
1160 421 1249 458 YV.
1276 420 1377 466 LL.‚
1410 420 1701 458 emendationes
1727 424 1765 457 et
1800 419 1983 457 adnotata
2019 432 2041 456 a
2069 418 2132 456 tri-

338 478 408 515 bus
448 477 614 514 diversis
652 479 827 516 manibus
865 478 1084 528 adscriptae
1114 481 1220 521 sunt,
1256 478 1309 515 uti
1340 478 1374 515 in
1402 477 1598 528 Apologia
1630 477 1767 515 eadem
1798 489 1934 513 manus
1966 488 2067 526 quae
2097 476 2132 513 in

336 533 647 585 Metamorphosi
673 534 820 585 aliquot
845 534 1065 572 emendavit
1092 534 1218 577 locos,
1245 546 1409 583 graecos
1437 535 1546 571 locos
1579 535 1641 583 qui
1673 534 1708 570 in
1741 532 1814 570 hac
1839 532 2004 570 editione
2029 531 2132 569 desi-

337 590 516 629 derantur
551 591 759 642 supplevit.
821 592 882 629 Ad
922 591 1056 628 librum
1088 590 1138 627 de
1170 590 1256 627 Deo
1290 590 1462 628 Socratis
1493 590 1568 628 alia
1600 603 1623 627 a
1655 588 1845 641 prioribus
1876 602 2014 626 manus
2042 588 2132 626 W.

336 646 420 684 LL.
447 648 604 689 adiecit:
630 662 731 698 quae
757 647 894 685 eadem
922 647 1010 684 VV.
1040 646 1121 683 M..
1149 651 1187 683 et
1212 646 1484 684 adnotationes
1509 646 1559 684 ad
1586 646 1702 685 libros
1729 647 1779 684 de
1802 645 1937 695 Dogm.
1957 644 2135 683 Platonis

337 704 441 741 dedit
466 704 553 742 inde
580 705 627 742 ab
660 705 762 742 initio
788 717 911 754 usque
937 703 985 740 ad
1012 703 1131 740 verba
1165 702 1250 740 Lib.
1282 703 1341 741 ll.:
1379 704 1574 742 modestia
1607 703 1804 747 coerceri,
1843 703 1895 740 uti
1932 702 2046 740 etiam
2083 701 2133 739 ad

337 760 471 798 librum
499 761 547 798 de
572 760 720 799 Mundo
746 774 871 810 usque
897 759 945 797 ad
973 760 1091 797 verba
1117 759 1377 797 abolitionem
1409 761 1545 809 infert.
1605 760 1666 797 Ad
1695 759 1888 797 Hermetis
1915 757 2136 810 Trimegisti

335 817 479 855 initium
505 818 641 855 eadem
667 831 804 854 manus
830 816 976 866 aliquot
1000 816 1088 853 Yv.
1114 815 1196 853 LL.
1223 815 1379 854 adlevit.

504 874 568 912 Ad
595 874 739 911 calcem
766 873 947 910 editionis
972 887 994 910 a
1020 886 1133 910 manu
1160 872 1293 909 nescio
1319 873 1427 910 cuius
1455 872 1551 910 baec
1576 872 1768 923 leguntur:

448 929 496 969 ,ln
525 931 700 982 quodam
731 943 818 968 meo
845 930 949 968 libro
977 930 1096 967 reteri
1121 930 1398 980 manuscripto
1424 929 1523 967 haec
1545 931 1685 981 fiqura
1711 943 1757 967 eo
1787 931 1909 968 modo
1935 930 2136 982 disposita

449 993 519 1032 est,
548 1001 667 1038 quam
693 1000 771 1037 eqo
793 991 896 1037 puto
923 999 1002 1024 esse
1021 983 1199 1036 Apuleii
1229 986 1299 1023 sed
1325 990 1543 1024 tractatum
1569 999 1621 1024 ecc
1647 1000 1729 1038 quo
1755 991 1950 1036 excerpta
1976 992 2031 1025 est
2055 1000 2136 1024 non

447 1057 660 1094 superesse.
720 1041 867 1095 Itaque
897 1043 939 1080 in
971 1056 1019 1081 eo
1051 1043 1156 1080 libro
1187 1042 1392 1081 delineata
1416 1044 1502 1093 fuit
1532 1047 1655 1094 atque
1681 1042 1781 1081 haec
1806 1043 1926 1081 verba
1957 1043 2137 1082 subiecta

447 1105 563 1138 erant
588 1113 691 1151 quae
717 1113 797 1138 esse
823 1100 1032 1138 cuiusdam
1061 1099 1259 1138 Monocln‘
1281 1103 1434 1149 putem,
1461 1099 1538 1137 hoc
1563 1099 1707 1138 modo.-

506 1157 634 1195 lu'aiz'o
661 1156 845 1208 Spleerae
870 1156 1184 1209 I’ythayoricae
1211 1170 1329 1207 quam
1354 1156 1573 1206 descripsit
1595 1154 1815 1207 Apuleius.
1874 1155 1998 1195 Disce
2018 1157 2137 1207 prius

446 1218 615 1252 aetatem
641 1214 769 1264 ipsius
796 1213 881 1252 «lici
907 1213 947 1250 ἰιι
975 1226 1054 1263 qua
1082 1213 1284 1251 decubuit.
1340 1211 1452 1251 Idem
1479 1226 1621 1251 nomen
1647 1213 1919 1252 decumbentis
1945 1217 1984 1252 et
2006 1226 2137 1253 nume·

445 1284 532 1309 rum
559 1270 735 1309 litterum,
758 1269 829 1308 sub
855 1268 1072 1321 alphabeto
1096 1274 1276 1308 notatum
1304 1273 1392 1307 cett.

333 1326 431 1364 Tum
458 1327 630 1377 sequitur
656 1326 775 1376 ligura
799 1327 896 1377 ipsa.

444 1497 516 1535 His
543 1496 733 1548 expositis
761 1496 873 1534 liceat
899 1496 1079 1535 nonnulla
1105 1496 1249 1534 addere
1275 1497 1323 1534 de
1356 1497 1555 1536 codicibus
1588 1510 1688 1547 quae
1712 1496 1812 1535 ultro
1838 1496 1928 1536 mihi
1959 1498 2056 1536 inter
2082 1497 2136 1536 le-

330 1555 497 1606 gendum
524 1569 570 1592 se
596 1554 826 1592 obtulerunt.

444 1611 623 1649 Roaldus
655 1610 703 1648 ad
730 1610 825 1648 Met.
855 1609 896 1647 ll.
925 1624 955 1648 e.
983 1614 1047 1650 32.
1077 1624 1110 1660 p.
1143 1614 1230 1650 149.
1265 1610 1326 1648 ed.
1359 1624 1471 1649 meae
1503 1610 1709 1649 lectionem
1742 1611 1827 1650 cod.
1854 1611 2025 1651 Florent.
2051 1625 2138 1663 pro-

329 1669 431 1707 tulit:
457 1670 626 1720 spiritus
651 1668 978 1717 efflaverunt,
1007 1681 1121 1718 quam
1154 1669 1268 1705 etiam
1286 1667 1327 1706 F.
1344 1673 1380 1708 3.
1409 1668 1536 1706 habet.
1576 1668 1907 1720 lnLindenbrogii
1929 1669 2138 1708 collatione

331 1728 573 1779 efflaverunt
597 1726 783 1774 scriptura
808 1728 961 1762 enotata
989 1738 1061 1761 non
1089 1728 1163 1763 est.

444 1782 584 1820 Mirum
610 1785 687 1825 est,
715 1782 778 1831 qui
805 1780 1116 1818 Elmenliorstius
1143 1786 1182 1819 et
1209 1780 1519 1832 Limlenbrogius
1546 1782 1580 1820 in
1607 1782 1697 1821 W.
1722 1781 1806 1820 Ll..
1827 1781 2137 1821 Florentinorum

331 1839 540 1878 afferendis
569 1839 729 1889 saepius
761 1838 1000 1889 discrepent,
1034 1852 1147 1888 quum
1179 1852 1290 1876 unam
1325 1838 1569 1877 collationem
1595 1852 1679 1876 eam
1707 1852 1802 1876 esse
1829 1844 1957 1878 notum
1988 1841 2055 1885 sit;
2088 1840 2140 1877 ita

330 1896 427 1934 Met.
459 1895 542 1934 Vll.
580 1909 611 1933 c.
643 1899 704 1934 18.
741 1908 777 1945 p.
811 1899 890 1934 595
923 1894 982 1932 ed.
1015 1908 1146 1934 meae.
1185 1910 1260 1945 quo
1296 1895 1379 1933 loco
1416 1895 1586 1935 Florent.
1612 1900 1647 1936 3.
1680 1897 1781 1935 cidit
1813 1900 1852 1934 et
1873 1899 1975 1948 fusti
2007 1897 2138 1941 habet,

331 1953 494 1991 easdem
524 1952 711 1989 lectiones
731 1951 1043 1989 Elmenliorstius
1063 1965 1085 1988 e
1106 1952 1190 1989 cod.
1209 1952 1378 1989 Florent.
1407 1953 1595 1999 enotavit,
1623 1967 1738 2003 quum
1766 1955 1798 1991 in
1826 1953 2035 1992 collatione
2053 1953 2138 1991 Lin-

330 2010 530 2059 denbrogii
563 2008 652 2046 nihil
687 2008 912 2046 emendetur
944 2008 1016 2046 sed
1051 2008 1162 2045 lectio
1197 2009 1352 2058 vulgata
1383 2011 1556 2048 caedens
1593 2011 1733 2047 intacta
1764 2013 2007 2055 remanserit;
2053 2009 2136 2047 Vll.

331 2080 363 2104 c.
380 2070 445 2106 23.
471 2081 508 2118 p.
526 2069 619 2106 609.
649 2079 697 2102 ex
723 2065 895 2103 Florent.
928 2071 958 2105 l.
989 2065 1163 2103 Etmenh.
1190 2067 1418 2115 scripturam
1446 2068 1537 2104 citat
1562 2067 1705 2108 obisse.
1732 2079 1846 2116 (piam
1874 2067 2137 2117 Lindenbrog.

331 2124 486 2161 collatio
513 2124 679 2172 ignorat3
706 2121 808 2159 vm.
837 2136 866 2160 c.
895 2127 930 2161 ἵ).
957 2135 994 2172 p.
1023 2126 1132 2162 655.:
1160 2136 1233 2161 nec
1260 2123 1331 2162 diu
1358 2124 1428 2161 secl
1454 2137 1540 2162 eum
1564 2137 1665 2174 aper
1688 2125 1830 2173 furens
1864 2125 2022 2163 int-adit
2047 2123 2139 2161 Flo-

330 2185 413 2218 rent
444 2186 474 2220 1.
507 2180 667 2231 praebet
698 2184 802 2217 teste
835 2178 1122 2217 Elmenliorstio
1155 2179 1336 2229 idemque
1368 2184 1429 2218 est
1456 2180 1488 2217 in
1523 2184 1691 2231 excerpt.
1719 2180 1767 2218 ad
1793 2194 1908 2231 marg.
1937 2181 1997 2219 ed.
2024 2180 2138 2219 Colv.

330 2237 540 2288 adpositis:
578 2236 853 2285 Lindenbrogii
892 2236 1048 2274 collatio
1087 2236 1221 2273 babet:
1259 2250 1333 2275 uec
1370 2238 1442 2276 diu
1474 2241 1511 2276 et
1541 2252 1625 2276 eum
1656 2240 1800 2288 furens
1831 2251 1932 2289 aper
1963 2238 2141 2282 invadit,-

331 2294 418 2331 ibid.
451 2307 487 2344 p.
516 2297 607 2333 656.
642 2292 740 2331 liin..
766 2307 788 2330 e
815 2292 986 2331 Florent.
1019 2298 1050 2333 l.
1085 2294 1242 2330 excitat:
1271 2294 1455 2346 playma
1486 2308 1627 2337 crura,
1661 2307 1775 2343 quam
1804 2294 2007 2332 lectionem
2031 2293 2075 2333 F.
2103 2298 2139 2334 3.

331 2350 466 2394 babetg
504 2349 765 2399 Lindenbrog.
807 2350 1008 2388 lectionem
1042 2349 1105 2388 ed.
1142 2350 1254 2387 Vulc.
1294 2350 1476 2402 plaqosa
1510 2352 1674 2390 vulnera
1705 2364 1779 2388 non
1813 2353 1992 2389 correxit.
2056 2350 2140 2389 Has

329 2409 530 2457 utriusque
556 2407 620 2444 viri
648 2406 920 2445 dissensiones
948 2406 1143 2456 quomodo
1172 2406 1363 2457 explicem
1391 2422 1464 2445 non
1492 2407 1638 2451 babeo,
1672 2420 1787 2457 quum
1817 2408 1904 2446 W.
1930 2407 2138 2446 Florentin.

331 2464 443 2503 codd.
470 2463 552 2501 LL.
584 2477 668 2501 cum
699 2462 985 2501 Elmenborstio
1018 2463 1368 2501 communicavisse
1397 2464 1723 2514 Lindenbrogium
1757 2468 1928 2507 constet,
1959 2466 2010 2502 uti
2037 2464 2139 2502 Oud.

330 2521 379 2558 ad
406 2520 501 2558 Met.
528 2519 596 2557 Vl.
624 2524 659 2560 3.
692 2533 727 2570 p.
755 2525 848 2560 404.
880 2524 1060 2561 testatur,
1094 2520 1156 2557 ubi
1185 2519 1282 2558 Eim.
1311 2522 1566 2562 instructanr.
1603 2520 1866 2570 Lindenbrog.
1897 2526 2092 2561 structura
2118 2534 2140 2559 e

330 2577 501 2616 Floreat.
528 2580 669 2615 enotat.
730 2576 816 2614 Nec
848 2577 882 2614 in
910 2576 1221 2626 Metamorpliosi
1249 2581 1392 2615 tantum
1420 2577 1520 2616 hanc
1545 2578 1844 2627 discrepantiam
1878 2577 1981 2616 licuit
2006 2578 2141 2616 obser·

329 2636 426 2678 vari,
453 2634 528 2672 sed
554 2634 669 2672 etiam
697 2635 731 2671 in
758 2633 844 2671 aliis
873 2633 999 2673 libris.
1027 2638 1067 2671 ut
1093 2633 1238 2671 Florid.
1265 2648 1300 2685 p.
1318 2639 1382 2674 53.
1412 2635 1513 2673 oleri
1540 2633 1660 2671 habet
1683 2633 1954 2684 Limlenbrogii
1983 2634 2139 2673 collatio

330 2692 414 2729 cod.
442 2691 620 2734 Florem:
647 2690 745 2729 Elm.
774 2690 914 2729 olitori
940 2690 1023 2733 dat:
1049 2694 1086 2727 et
1114 2690 1201 2727 ibid.
1225 2705 1455 2743 praequam
1481 2704 1502 2728 e
1529 2690 1698 2728 florent.
1729 2695 1761 2730 1.
1788 2695 1897 2728 notat
1925 2690 2035 2737 Etru„
2064 2704 2141 2742 qua

330 2748 365 2786 in
399 2748 565 2786 lectione
598 2747 700 2786 Flor.
728 2751 764 2787 3.
797 2749 1005 2791 consentit,
1037 2751 1076 2785 at
1101 2746 1413 2796 Lindenbrogius
1446 2761 1531 2785 cum
1564 2747 1706 2785 ceteris
1735 2761 1934 2800 perquam
1965 2749 2139 2798 praebet.

330 2804 417 2842 Hoc
441 2804 704 2843 tautummodo
731 2818 779 2842 ex
806 2804 934 2842 multis
963 2804 1059 2841 locis
1087 2803 1247 2853 intelligi
1270 2808 1417 2854 potest,
1446 2804 1771 2842 Elinenhorstium
1793 2805 1826 2841 in
1849 2804 1952 2842 varia
1975 2805 2140 2842 lectione

331 2862 418 2900 cod.
448 2861 619 2899 Florent.
653 2861 845 2900 enotanda
880 2875 954 2899 non
986 2861 1084 2899 satis
1116 2865 1336 2898 accuratum
1371 2861 1511 2905 fuisse,
1545 2861 1596 2898 ita
1627 2865 1667 2898 ut
1701 2862 1863 2911 saepius
1892 2860 2078 2899 lectiones
2104 2862 2138 2899 in

330 2922 475 2956 textum
514 2920 719 2968 reciperet,
759 2931 857 2968 quas
896 2919 929 2955 in
962 2917 1091 2955 adnot.
1124 2918 1204 2955 crit.
1236 2931 1310 2955 non
1345 2918 1677 2962 commemoravit,
1715 2922 1756 2955 ut
1784 2917 1924 2955 Florid.
1957 2932 1992 2970 p.
2020 2922 2084 2958 52.
2114 2932 2139 2956 a

330 2977 628 3014 circumstantis
653 2988 674 3012 e
701 2975 784 3012 cod.
815 2974 982 3013 Florent.
1017 2974 1162 3026 primus
1195 2973 1288 3025 legit
1318 2975 1391 3012 sed
1424 2975 1526 3013 unde
1560 2975 1763 3013 lectionem
1795 2973 1969 3013 hauserit
1993 2975 2139 3014 addere

330 3033 481 3069 omittit.

443 3087 746 3138 Omlendorpius
773 3088 980 3127 collatione
1006 3088 1117 3128 codd.
1146 3087 1334 3134 Florem„
1362 3102 1475 3139 quam
1502 3089 1536 3126 ei
1565 3088 1764 3126 Fabricius
1789 3087 1963 3133 miserat,
1990 3088 2139 3138 aliquot

331 3146 427 3185 locis
452 3145 694 3197 negligenter
725 3160 821 3184 usus
848 3150 927 3191 est,
960 3150 999 3184 ut
1024 3146 1122 3184 Met.
1150 3144 1198 3184 X.
1227 3150 1317 3186 729.
1350 3160 1547 3199 naresque
1579 3145 1696 3183 babet
1722 3144 1890 3183 Floreut.
1918 3148 2021 3183 teste
2047 3144 2137 3182 Lin-
