2155 3590
450 661 1490 735 PRAEFATIO.

183 966 426 1047 Apuleius,
456 991 626 1031 omnium
654 990 844 1030 Afrorum
873 1003 959 1028 cum
983 987 1231 1028 Tertulliano
1257 985 1374 1039 longe
1400 983 1785 1038 praestantissimus,
1819 996 1871 1022 ex

72 1076 148 1115 quo
173 1062 422 1102 innotescere
448 1059 595 1112 coepit,
623 1056 966 1098 mirificentissima
993 1068 1220 1109 permensus
1246 1060 1307 1093 est
1331 1054 1499 1092 fatorum
1527 1051 1734 1091 curricula.
1787 1050 1872 1090 An-

72 1130 233 1183 tiquitus
263 1129 339 1169 iam
366 1128 411 1168 de
436 1141 483 1167 eo
509 1126 672 1180 dispersi
698 1132 812 1165 erant
837 1124 927 1163 mali
953 1137 1156 1171 rumores,
1190 1121 1253 1175 qui
1280 1121 1471 1174 quomodo
1497 1119 1629 1160 exorti
1657 1118 1803 1159 fuerint
1828 1131 1872 1156 ae

74 1205 289 1250 temporum
314 1196 481 1235 decursu
506 1206 738 1247 permanare
763 1199 802 1232 et
826 1191 962 1244 augeri
991 1190 1189 1244 potuerint
1214 1188 1369 1228 difficile
1396 1195 1452 1227 est
1486 1188 1698 1227 intellectu.
1759 1185 1872 1239 Quod

71 1264 174 1303 enim
201 1270 336 1317 postea
362 1261 503 1302 accidit
520 1260 711 1314 Virgilio,
739 1267 781 1299 ut
805 1273 874 1313 pro
901 1258 1076 1297 malefico
1103 1264 1142 1296 et
1166 1257 1414 1296 incantatore
1441 1255 1672 1304 baberetur,
1701 1255 1800 1294 idem
1828 1254 1873 1293 de.

71 1331 240 1386 Apuleio
278 1330 518 1384 divulgatum
558 1328 651 1377 fuit,
690 1334 732 1367 ut
762 1325 977 1380 Augustini
1015 1325 1090 1365 iam
1130 1331 1258 1364 aetate
1296 1330 1450 1373 essent,
1492 1323 1556 1376 qui
1589 1321 1749 1363 Christo
1786 1336 1872 1362 eum

72 1412 300 1453 comparare
321 1398 383 1437 vel
403 1397 518 1437 etiam
546 1397 748 1451 praeferre
774 1401 1031 1434 conarentur:
1060 1407 1170 1446 quem
1199 1406 1374 1432 errorem
1402 1404 1631 1444 quamquam
1659 1390 1874 1444 perspicuis

71 1467 204 1507 verbis
230 1466 293 1506 ille
320 1465 519 1519 coarguit,
553 1464 619 1511 (cf.
649 1463 773 1518 Epist.
805 1460 1085 1503 CXXXVIII.
1115 1462 1179 1502 18.
1209 1461 1303 1515 quis
1330 1465 1467 1499 autem.
1494 1459 1565 1498 vel
1586 1460 1675 1499 risu
1702 1459 1874 1513 (lignum

72 1549 156 1575 non
180 1541 329 1589 putet,
371 1533 485 1589 quod
506 1532 788 1587 Apollom'zme.
815 1537 858 1570 ct
881 1530 1113 1584 Apuleium
1142 1535 1390 1583 ceterosque
1420 1529 1684 1581 magicarum
1719 1528 1872 1566 artium

65 1604 353 1658 peritissimos
389 1602 590 1655 omilin-re
625 1599 796 1640 Christo
828 1599 898 1638 vel
929 1600 1055 1638 etiam
1080 1597 1314 1652 prmjfhm‘c
1354 1597 1584 1649 conantur)
1627 1609 1647 1635 a
1681 1595 1875 1650 praeiudi-

72 1678 160 1719 cata
185 1678 315 1710 tamen
346 1671 406 1710 sui
438 1668 623 1723 temporis
654 1668 836 1722 opinione
868 1681 944 1706 non
985 1665 1171 1715 recessit,
1212 1664 1375 1717 magicis
1407 1664 1557 1705 artibus
1590 1678 1666 1704 non
1699 1664 1875 1704 adiutum

72 1739 195 1784 fuisse
220 1738 427 1793 Apuleium
461 1737 715 1786 testificatus,
749 1743 792 1776 ut
821 1736 869 1775 ad
894 1734 1138 1775 iudiciariam
1166 1733 1404 1787 reipublicae
1430 1739 1659 1787 potestatem
1695 1733 1874 1787 perveni-

71 1813 147 1846 ret.
209 1805 406 1847 Perverso
430 1806 552 1860 igitur
576 1818 757 1845 sermone
784 1803 1058 1843 diffamabatur
1083 1801 1354 1856 philosophus,
1385 1801 1447 1853 qui
1481 1814 1594 1854 quani
1623 1801 1877 1841 veliementer

73 1887 95 1914 a
122 1873 238 1914 rebus
269 1874 433 1927 magicis
464 1872 733 1922 abhorruerit,
774 1871 953 1912 oratioue
990 1869 1300 1911 luculentissima
1338 1869 1626 1922 comprobavit3
1666 1870 1773 1923 atqui
1810 1869 1876 1909 illc

73 1949 237 1985 naturae
273 1942 404 1982 subtili
436 1941 564 1982 studio
594 1948 634 1980 et
665 1947 848 1980 accurata
876 1938 1102 1992 cognitione
1127 1937 1354 1990 aequalibus
1389 1936 1602 1990 praestitit,
1643 1951 1874 1990 quamquam

72 2010 187 2051 vanis
212 2023 306 2051 suae
331 2010 475 2050 aetatis
501 2007 845 2063 superstitionibus
872 2007 1066 2046 initiatum
1095 2005 1215 2045 fuisse
1242 2019 1328 2044 eum
1351 2012 1525 2058 apparet.
1567 2003 1726 2058 Quanto
1746 2012 1874 2045 autem

73 2078 113 2118 in
140 2077 291 2118 honore
320 2078 420 2131 apud
451 2084 608 2117 veteres
635 2075 790 2129 Apuleii
823 2074 969 2128 scripta
1002 2073 1168 2123 fuerint,
1205 2073 1276 2112 hoc
1308 2087 1424 2112 unum
1459 2073 1556 2112 satis
1588 2087 1731 2127 magno
1757 2086 1876 2127 argu-

75 2151 207 2184 mento
232 2145 305 2195 sit,
339 2145 439 2198 quod
466 2143 840 2196 Metaniorphoseon
873 2142 961 2182 libri
994 2141 1041 2181 ab
1067 2141 1294 2194 Augustino
1322 2142 1395 2180 iam
1425 2141 1550 2180 aea-ei
1577 2141 1758 2194 appellati
1786 2149 1874 2181 sunt

76 2213 147 2265 (cf.
183 2212 229 2252 de
261 2211 351 2253 Civ.
388 2210 460 2252 Dei
487 2209 642 2251 XVIII.
678 2212 740 2253 18.
773 2210 958 2264 Apelleis
986 2211 1028 2249 2⁰12.
1061 2209 1185 2249 libris
1212 2223 1316 2264 quos·
1344 2210 1460 2248 asim?
1483 2210 1633 2249 aurei
1662 2210 1787 2248 titulo
1815 2210 1876 2248 in-

74 2280 288 2334 scripsit):
328 2280 427 2333 quod
465 2292 681 2333 cognomen
715 2278 806 2332 quin
838 2292 889 2317 ex
923 2277 1108 2317 librorum
1143 2285 1181 2317 et
1214 2277 1451 2331 praestantia
1485 2284 1525 2317 ct
1555 2277 1757 2317 dulcedine
1788 2292 1876 2332 pro-

75 2347 218 2387 fectum
253 2348 388 2394 fuerit,
426 2361 473 2386 eo
505 2347 631 2386 minus
657 2346 810 2386 dubium
839 2352 919 2395 est,
959 2346 1059 2399 quod
1086 2359 1136 2385 ex
1164 2344 1417 2399 Imperatoris
1443 2343 1582 2386 Severi
1614 2345 1663 2384 ad
1687 2344 1877 2386 Senatum

74 2413 252 2470 Epistola
285 2415 407 2469 ipsum
441 2414 618 2455 Clodium
653 2414 838 2454 Albinum
866 2413 1019 2468 Apuleii
1047 2413 1383 2468 Metaniorphosiu
1418 2413 1455 2453 in
1489 2413 1607 2453 tantis
1634 2412 1784 2453 deliciis
1810 2412 1876 2453 ha-

75 2483 206 2523 buisse
231 2483 398 2533 scimus,
426 2489 468 2523 ut
492 2483 596 2522 inter
620 2481 799 2522 Milesias
824 2480 994 2522 Punicas
1019 2481 1176 2535 Apuleii
1201 2481 1260 2521 sui
1298 2482 1362 2521 ille
1394 2481 1656 2521 consenuerit.
1724 2480 1877 2534 Quant-

75 2564 192 2605 opere
223 2558 264 2591 et,
294 2550 523 2606 posterioris
555 2558 594 2590 et
627 2550 775 2591 mediae
805 2564 919 2602 quam
951 2549 1083 2589 dicunt
1115 2550 1257 2589 aetatis
1284 2549 1459 2589 homines
1485 2549 1693 2604 Apuleium
1725 2549 1877 2589 lectita-

74 2618 226 2666 verint,
266 2626 412 2673 quanto
448 2619 576 2659 studio
609 2625 647 2658 et
680 2619 816 2657 favore
841 2617 1011 2671 amplexi
1037 2631 1125 2657 eum
1154 2617 1319 2667 fuerint,
1361 2617 1594 2657 testimoniis
1626 2616 1876 2671 amplissimis

75 2686 148 2727 hoc
173 2686 325 2740 quidem
352 2687 628 2736 confirmatur,
657 2686 796 2740 quibus
825 2684 918 2724 nihil
943 2685 1226 2734 excellentius,
1255 2685 1348 2725 nihil
1376 2685 1582 2724 iucundius
1608 2685 1791 2725 extitisse
1816 2685 1877 2725 in-

75 2761 137 2795 ter
166 2761 345 2795 veterum
376 2755 523 2809 scripta
555 2754 734 2795 certatim
766 2753 969 2794 clamatur.
1029 2752 1105 2793 Hic
1136 2759 1264 2792 autem
1298 2753 1507 2807 applausus
1539 2766 1651 2807 quem
1685 2753 1876 2807 Apuleius

75 2821 164 2864 tulit
193 2823 370 2876 quamvis
401 2836 531 2863 rerum
565 2836 660 2876 quas
693 2820 877 2862 tractavit
903 2828 942 2861 ct
966 2821 1099 2875 copiae
1125 2828 1164 2860 et
1190 2820 1310 2874 lepori
1337 2821 1548 2860 maximam
1575 2827 1724 2875 partem
1758 2820 1876 2861 tribui

75 2890 219 2945 possit,
253 2905 322 2931 eae
353 2905 448 2931 vero
480 2904 501 2929 a
527 2888 651 2930 Lucio
683 2890 847 2943 quodam
874 2887 1056 2929 Patrensi
1084 2889 1267 2928 inventae
1293 2888 1481 2942 repetitae
1514 2896 1663 2929 tantum
1694 2888 1742 2929 ab
1768 2890 1877 2943 Apu·

75 2957 151 3007 leio
188 2959 415 3008 videantur,
463 2958 599 3012 negari
645 2964 771 3004 tamen
810 2956 964 3010 nequit,
1011 2957 1178 3011 propriis
1217 2955 1302 2996 eius
1343 2956 1576 3007 virtutibus,
1620 2957 1687 2997 illo
1724 2957 1874 2997 dicendi

77 3039 222 3079 genere
259 3033 401 3080 vegeto
438 3025 769 3078 vividissimisque
810 3024 1007 3064 coloribus
1044 3024 1250 3072 distincto,
1289 3023 1438 3064 viribus
1481 3038 1526 3064 ac
1564 3025 1698 3065 nervis
1730 3024 1875 3065 oratio-

78 3094 137 3134 nis
169 3107 267 3147 quae
298 3094 482 3134 lectorem
526 3093 588 3133 vel
619 3092 781 3132 invitum
822 3092 997 3147 capiant,
1051 3092 1192 3132 factum
1237 3105 1346 3143 esse,
1397 3098 1440 3133 ut
1483 3099 1591 3133 tauto
1634 3092 1700 3133 illo
1742 3105 1873 3133 amore

1504 3174 1524 3199 a
