2155 3590
657 140 846 181 LIBER
869 140 946 180 XI.
1007 139 1133 180 CAP.
1159 139 1330 180 XXIV.
1783 134 1892 178 1075

100 252 342 316 dependebat
377 266 476 307 pone
512 260 667 308 tergum
703 254 870 296 talorum
908 261 1023 294 tenus
1066 253 1236 307 pretiosa
1272 250 1490 305 chlamyda.
1559 249 1726 302 Quaqua
1762 254 1894 287 tamen

96 322 266 372 ymeres,
295 309 427 350 colore
450 310 564 350 vario
588 310 884 351 circumnotatis
902 309 1124 364 insignibar
1141 308 1398 359 animalibus3
1425 306 1515 346 hinc
1536 305 1728 346 dracones
1753 303 1891 351 Indici,

95 365 186 405 inde
212 379 356 463 grgpes
375 364 639 421 Hyperborei,
666 380 764 420 quos
788 367 829 407 in
855 367 1023 420 speciem
1048 366 1231 420 pinnatae
1263 364 1368 405 alitis
1394 369 1561 417 generat
1583 361 1751 401 mundus
1775 361 1891 400 alter.

95 420 211 462 Hanc
285 422 517 478 lympiacam
553 422 887 478 stolamlsacrati
930 429 1171 477 nuncupant.
1256 421 1312 461 At
1347 433 1466 460 manu
1502 419 1670 460 dextera
1707 416 1894 471 gerebam
1917 418 1983 451 805

420 542 441 559 ab

93 562 156 590 Pro
170 559 230 589 sed
239 560 275 589 L.
290 563 387 590 habet
400 569 440 599 q3
451 584 460 598 ,
484 563 568 596 quod
582 564 685 597 potest
700 570 774 592 esse
788 561 898 599 quasi.
944 562 1026 598 Quid
1041 565 1149 591 tamen
1161 560 1318 590 librarius
1331 558 1394 588 sibi
1408 558 1545 587 voluerit
1558 557 1682 593 nescio,
1705 556 1772 586 nisi
1784 556 1894 592 potius

91 614 182 634 error
199 611 249 635 est
267 605 389 643 cmvii,
426 607 480 641 qui
500 615 555 641 pro
575 615 713 644 quaqua
731 608 779 637 ita
799 611 905 643 legere
924 606 1147 636 cod.'enotare
1170 605 1323 635 voluerit.
1360 601 1475 641 floree
1493 604 1529 632 F.
1552 604 1579 631 1.
1626 601 1778 630 calorum
1798 603 1834 630 G.
1852 603 1893 630 D.

91 649 241 678 colorum
257 650 365 679 tenuis
378 652 413 681 0.
451 660 653 689 quamquam
667 654 702 681 G.
717 653 754 681 P.
767 654 807 682 D.
821 654 855 681 0.
870 652 892 681 f.
906 652 1156 682 Vieent.Venet.
1166 653 1196 679 2.
1209 652 1293 680 Iunt.
1303 649 1417 679 1.Ald.
1442 649 1532 676 Male
1544 647 1586 676 cf.
1599 648 1640 676 ad
1654 649 1731 676 Met.
1744 648 1784 675 Π.
1798 648 1894 682 p.⁰1.

81 694 201 735 facies
227 704 395 733 quaqua
414 696 529 732 pz'nm's
553 695 738 733 explicitis.
793 700 905 725 tamen
929 696 1034 724 inscie
1059 704 1115 731 pro
1140 696 1268 723 viseres
1291 696 1329 724 Β.
1386 691 1587 729 insiguabar
1610 694 1647 721 G.
1673 692 1709 720 P.
1733 693 1772 720 D.
1797 692 1832 720 Ο.
1855 699 1895 720 π.

89 739 330 778 insignabatur
341 742 379 770 L.
425 740 558 769 indicae
570 743 606 771 Ι..
622 743 734 771 Venet.
748 743 780 772 2.
804 741 913 769 indice
925 742 947 770 i.
961 750 989 770 e.
1007 740 1140 769 indicae
1153 741 1282 770 Vicent.
1329 737 1409 766 hinc
1423 735 1571 775 gryphes
1584 736 1644 764 1²⁰²*
1646 736 1678 764 θὶ
1694 733 1724 765 15·
1743 744 1816 765 (ΞΟΠ
1818 740 1895 770 11010

87 785 201 822 gripes
219 784 256 815 F.
275 788 306 815 3.
339 793 462 822 grypes
481 788 530 815 ed.
550 795 598 822 pr.
620 788 766 823 vicent„
792 785 906 822 [quam
924 784 1187 822 orthographiam
1203 785 1370 815 meliorem
1394 791 1469 812 esse
1492 787 1586 818 pu103
1609 782 1658 810 ita
1682 782 1750 810 cod.
1774 781 1893 810 Medic.

88 831 206 866 virgil.
220 833 292 860 1¹:01.
305 831 392 860 VIII.
409 832 460 860 27.
475 833 569 861 habet
581 839 704 869 grypes
718 830 886 871 (γρῦπες)
900 834 1058 866 probante
1070 831 1251 866 u‘agnerm
1267 829 1323 863 qui
1336 827 1489 858 Schneid.
1503 828 1557 855 Gr.
1570 828 1642 855 Lat.
1656 826 1761 855 VolJ.
1776 826 1893 861 p.204.

88 877 225 905 excitat:
250 878 320 911 Ego
334 876 433 912 igitur
447 881 615 910 praeterea
629 877 699 905 cod.
712 878 749 906 F.
763 879 794 905 3.
809 877 928 910 ubique
941 879 1074 905 secutus
1084 882 1209 912 grypes
1230 873 1378 909 retinui]
1427 869 1558 899 nualdus
1572 873 1611 900 D.
1659 869 1801 898 mundus
1814 868 1892 897 ala-

88 928 146 948 cer
158 917 187 950 δ.
235 919 328 948 alter
345 929 410 949 non
429 926 478 949 est
496 922 529 950 in
550 923 586 950 B.
611 923 674 950 Sed
694 922 882 951 necessario
902 929 959 955 per
978 920 1174 949 sententiam
1194 920 1380 953 requiritur.
1429 914 1526 944 Alter
1538 913 1680 943 nenndus
1698 916 1838 950 pertinet
1851 916 1890 944 ad

86 966 272 1001 antipodas.
319 965 397 993 olim
412 964 575 1002 piac-laam
594 969 631 996 G.
669 966 746 993 olim
754 967 894 1002 piac-am
906 967 946 994 D.
977 964 1056 992 olim
1064 965 1195 1001 pictam
1210 965 1246 992 B.
1267 972 1298 998 p.
1331 960 1565 1000 olymphacum
1579 961 1660 990 Coll.
1672 961 1765 995 Lips.
1812 967 1892 988 tae·-

86 1010 162 1038 eati
172 1013 209 1040 G.
222 1013 261 1040 D.
310 1009 358 1038 ad
368 1019 470 1038 mmm
485 1009 633 1038 dextera
645 1012 681 1040 1⁴¹.
696 1014 727 1040 3.
764 1010 811 1038 ml
821 1019 956 1038 mmmm
970 1009 1132 1037 dextram
1150 1010 1187 1038 F.
1203 1011 1233 1038 1.
1248 1012 1330 1038 teste
1342 1010 1426 1037 Elm.
1452 1009 1490 1035 In
1504 1008 1613 1035 collat.
1627 1009 1735 1034 autem
1748 1004 1894 1034 Linden-

85 1058 174 1092 brog.
188 1060 367 1085 correctum
382 1061 431 1085 est
444 1054 492 1083 ad
501 1064 636 1084 manum
650 1055 829 1084 dexteram
839 1079 846 1092 ,
872 1057 955 1090 quod
968 1056 1052 1084 idem
1067 1057 1223 1090 praebent
1237 1062 1266 1088 p.
1281 1058 1310 1082 et
1324 1054 1396 1082 edd.
1409 1055 1486 1081 ante
1500 1052 1590 1081 colv.
1627 1057 1670 1077 ae
1688 1058 1791 1078 manu
1804 1048 1890 1077 dea·-

87 1103 164 1128 tera
183 1101 326 1131 Scriver.
363 1104 401 1128 at
421 1109 522 1129 manu
541 1100 671 1129 dextra
692 1102 713 1130 f.
733 1105 813 1131 teste
832 1102 969 1131 Roaldo.
993 1103 1031 1129 ln
1050 1104 1123 1129 cett.
1147 1102 1187 1127 at
1206 1106 1308 1127 manu
1333 1097 1491 1125 dextera.
1536 1094 1699 1133 gerebant
1723 1095 1840 1125 Venet.
1859 1096 1891 1123 4.

81 1145 224 1183 gerebat
236 1148 312 1176 Bas.
328 1149 358 1176 1.

141 1269 341 1308 dracones
365 1269 503 1309 Indici
529 1268 596 1321 [de
623 1269 684 1307 his
706 1282 887 1323 compara
904 1268 954 1306 ad

84 1323 231 1365 Florid.
255 1338 292 1376 p.
314 1325 396 1378 20.]

136 1395 291 1435 yrypes
316 1381 589 1436 Hyperborei.
639 1382 705 1434 [cs.
727 1381 853 1420 dehis
867 1393 954 1432 gry-

81 1438 196 1489 pibus
210 1437 296 1477 lntt.
316 1438 366 1477 ad
382 1438 488 1489 Virg.
503 1437 589 1477 Ecl.
603 1438 708 1476 VIII.
724 1442 790 1478 27.
816 1437 952 1475 Heius.

79 1494 249 1534 Advers.
274 1493 300 1532 1.
331 1498 394 1535 12.
419 1509 456 1546 p.
485 1499 577 1535 127.
610 1493 772 1545 Optime
803 1493 854 1531 de
879 1493 953 1531 hoe

82 1550 167 1589 loco
181 1551 262 1602 agit
276 1550 436 1590 Guther.
453 1551 502 1589 de
516 1555 607 1590 vett.
623 1550 695 1589 lnr.
711 1550 824 1588 Pont.
847 1548 873 1588 I.
890 1552 955 1589 26.

80 1619 117 1657 p.
133 1611 198 1647 51.
223 1606 290 1645 ubi
309 1619 516 1658 perperam
537 1621 606 1658 pro
621 1609 825 1658 pinnatae
845 1607 955 1644 alitis

79 1662 219 1713 legitur
245 1663 454 1715 privatae,
486 1676 590 1713 quae
619 1663 839 1714 corruptela
868 1662 954 1699 sine

79 1719 196 1758 dubio
229 1732 433 1771 operarum
464 1719 728 1772 negligentiae
751 1717 954 1757 tribuenda

79 1776 175 1828 est]

130 1832 427 1886 Olympiacam.
455 1831 616 1884 Olympi
632 1831 952 1882 etOlympiorinn

77 1889 114 1928 in
150 1889 276 1928 sacris
311 1889 427 1929 Isidis
463 1888 609 1927 nnllam
650 1889 836 1926 rationem
878 1899 953 1924 nec

76 1946 310 1984 mentionem
336 1958 431 1985 esse
459 1949 596 1983 censet
614 1944 839 1989 Iteinesiiis,
864 1956 952 1981 con-

78 2003 214 2041 iiciens
240 2001 329 2042 hine
355 2003 602 2042 Leontio-am
627 2000 820 2051 Inscriptt.
847 1998 903 2038 CI.
924 1998 952 2037 I.

75 2073 111 2097 n.
137 2063 204 2100 48.
229 2072 269 2111 p.
295 2063 361 2102 96.
411 2058 495 2111 [De
520 2058 730 2097 Leonticis
760 2056 952 2094 classicus

75 2114 185 2155 locus
212 2119 276 2154 est
300 2115 493 2167 Porphyr.
508 2114 558 2152 de
576 2117 685 2152 antro
698 2112 870 2164 Nymph.
889 2115 950 2152 16.

74 2167 167 2211 ὅταν
191 2172 260 2224 μὲν
283 2181 362 2220 τοῖς
384 2169 434 2211 τὰ
446 2167 635 2210 Λεοντικιὶ
658 2167 878 2220 μυουμένοις
904 2165 953 2212 εἷς

73 2225 142 2274 τὰς
175 2234 303 2282 χεῖρας
339 2225 433 2268 ἀνθ’
463 2223 601 2273 ὕδατος
635 2224 719 2277 μέλι
758 2226 952 2277 νίψασθαι

75 2284 245 2338 ἐγχέωσι,
273 2283 455 2336 καθαρὰς
474 2283 566 2335 ἔχειν
579 2280 648 2330 τοὶς
668 2287 789 2335 χεῖρας
807 2295 949 2333 παραγ-

75 2342 269 2394 γέλλουσιν
283 2339 361 2382 ἀπὸ
376 2339 517 2387 παντὸς
530 2339 697 2392 λυπηροῦ
710 2335 772 2377 καὶ
795 2339 950 2390 βλαπτι-

75 2402 146 2438 κοῦ
169 2401 235 2438 καὶ
258 2399 438 2451 μισαροῦ.
476 2398 560 2436 Καὶ
585 2394 634 2442 ὡς
657 2397 778 2446 μυστῇ
805 2398 951 2444 καθαρ-

74 2458 180 2495 τικοῦ
195 2451 318 2503 ὄντος,
328 2458 395 2494 τοῦ
408 2451 527 2506 πυρὸς
541 2455 658 2492 οἰκεῖα
670 2453 805 2503 νίπτρα
818 2446 951 2502 προςά-

75 2526 194 2563 γουσι,
202 2507 536 2564 παραιτησάμενοι
548 2507 592 2547 τὸ
606 2505 708 2559 ὕδωρ
717 2504 767 2552 ὡς
780 2508 953 2557 πολεμεῖν

73 2568 128 2618 τῷ
140 2570 240 2621 πυρί.
266 2565 364 2608 ὅταν
377 2567 418 2607 δὲ
430 2569 483 2616 τῷ
498 2564 628 2616 Πέρσῃ
642 2560 853 2616 προςάγωσι
869 2561 953 2613 μέλι

78 2622 128 2669 ὡς
147 2623 298 2676 φύλακι.
316 2626 474 2677 καρπῶν
491 2619 535 2661 τὸ
558 2617 790 2672 φυλακτικὸν
809 2617 846 2658 ἐν
864 2635 953 2669 συμ-

71 2677 176 2735 βόλῳ
199 2680 394 2721 τίθενται·
418 2684 459 2718 et
482 2691 576 2730 prae
600 2676 744 2715 ceteris
762 2675 954 2726 Porphyr.

74 2738 126 2776 de
149 2739 296 2778 abstin..
312 2737 378 2776 IV.
393 2750 429 2788 p.
444 2738 537 2777 399.
563 2732 599 2773 ἐν
623 2741 700 2780 τοῖς
721 2735 790 2772 τοῦ
815 2733 955 2784 Mle-oa

71 2794 294 2848 μυστηρίοις
315 2790 384 2846 τὴν
407 2789 608 2842 κοινότητα
637 2787 742 2840 ἡμῶν
771 2785 838 2840 τὴν
860 2784 956 2840 πρὸς

72 2847 122 2890 τὰ
147 2851 228 2898 ζῶα
262 2846 512 2901 αἰνιττόμενοι
542 2845 606 2887 διὰ
629 2846 704 2885 τῶν
729 2841 833 2893 ζώων
855 2841 956 2896 ἡμᾶς

73 2904 227 2958 μηνύειν
254 2907 432 2954 ἐώθασι,
458 2903 509 2950 ὠς
529 2900 621 2948 τοὺς
643 2899 711 2952 μὲν
733 2904 957 2954 μετέχοντας

73 2966 149 3004 τῶν
172 2962 309 3005 αὐτῶν
328 2962 462 3015 ὀργίων
482 2957 630 3013 μύστας
649 2957 801 3004 λέοντας
818 2957 957 3003 καλεῖν,

74 3017 144 3065 τὰς
173 3021 217 3060 δὲ
249 3029 431 3074 γυναῖκας
459 3015 608 3063 ὑαίνας,
637 3011 726 3060 τοὺς
755 3011 797 3053 δὲ
825 3010 960 3065 ὑπηρε-

1016 1263 1064 1305 τὰ
1093 1264 1281 1304 Λεοντικὲι
1310 1259 1632 1318 παραλαμβάνων.
1657 1262 1891 1313 περιτίθεται

1015 1318 1265 1366 παντοδαπὰς
1289 1319 1393 1367 ζώων
1417 1317 1577 1371 μορφὰς,
1604 1318 1655 1357 ὠν
1678 1315 1744 1369 τὴν
1768 1316 1890 1356 αἰτίαν

1015 1375 1223 1424 ἀποδιδοὺς
1237 1375 1401 1422 Πάλλας
1419 1379 1457 1415 ἐν
1475 1380 1552 1420 τοῖς
1570 1376 1734 1427 περὶτοῦ
1748 1375 1889 1425 111ι’θρα

1012 1432 1079 1486 τὴν
1104 1432 1229 1484 κοινήν
1253 1448 1343 1484 φησι
1368 1428 1491 1483 φορὰν
1515 1430 1686 1478 οἴεσθαι,
1720 1427 1771 1474 ὡς
1794 1427 1889 1482 πρὸς

1013 1489 1079 1540 τὴν
1103 1493 1172 1529 τοῦ
1199 1488 1386 1536 ζωδιακοῦ
1409 1486 1553 1527 κύκλου
1578 1484 1786 1527 ἀποτεινειν
1818 1485 1885 1532 (cf.

1015 1560 1136 1598 supra
1156 1545 1377 1586 duodecim.
1396 1544 1510 1583 stolis
1527 1546 1728 1589 sacratus)
1755 1539 1822 1593 τήν
1846 1542 1887 1579 δὲ

1014 1599 1202 1653 ἀληθινὴν
1229 1599 1422 1652 ὑπόληψιν
1447 1601 1511 1639 καὶ
1534 1597 1670 1651 ἀκριβῆ
1700 1595 1783 1651 περὶ
1812 1598 1887 1636 τῶν

1014 1657 1265 1711 ἀνθρωπίνων
1288 1657 1418 1709 ψυχαῖν
1443 1656 1696 1701 αἰνίττεσθαι,
1728 1651 1774 1701 ἃς
1796 1669 1887 1693 παν-

1012 1718 1194 1760 τοδαποῖς
1239 1716 1486 1765 περιέχεσθαι
1532 1709 1687 1762 σώμασι
1728 1713 1886 1762 λέγουσι.

1013 1771 1125 1810 Haec
1161 1781 1394 1820 quamquam
1430 1769 1532 1806 bene
1567 1767 1721 1818 probari
1762 1779 1886 1817 posse

1015 1826 1206 1872 videntur,
1243 1830 1370 1863 tamen
1402 1825 1550 1869 obstat,
1588 1822 1691 1874 quod
1722 1822 1785 1861 hic
1807 1836 1883 1861 non

1014 1884 1064 1921 ‹le
1078 1882 1276 1934 mysteriis
1290 1880 1458 1919 Mithrae
1471 1880 1542 1919 sed
1558 1879 1608 1917 de
1626 1879 1742 1917 Isidis
1755 1891 1883 1917 sermo

1014 1944 1090 1986 est,
1118 1952 1219 1989 quae
1243 1938 1340 1975 inter
1363 1950 1410 1975 se
1433 1935 1617 1974 confundi
1641 1936 1691 1973 ab
1712 1934 1883 1987 Apuleio

1015 1999 1212 2047 nequeunt
1236 1994 1272 2032 in
1297 1998 1377 2032 tam
1402 1996 1582 2032 accurata
1599 2004 1724 2029 rerum
1744 1991 1884 2029 descri-

1014 2053 1161 2105 ptione,
1187 2050 1372 2102 quodque
1396 2053 1540 2100 postea
1564 2048 1719 2086 deinum
1737 2046 1883 2085 Lucius

1015 2107 1212 2160 mysteriis
1225 2106 1397 2145 Mithrae
1421 2106 1598 2144 initiatur.
1634 2103 1730 2155 Agit
1743 2103 1793 2141 de
1804 2103 1844 2142 h.
1860 2102 1882 2142 l.

1014 2168 1219 2216 praeterea
1233 2162 1379 2213 Spanh.
1394 2161 1444 2201 ad
1457 2161 1590 2200 Iulian.
1604 2159 1722 2198 Prob.
1736 2173 1774 2211 p.
1792 2163 1883 2199 129.

1014 2225 1054 2260 et
1067 2221 1179 2260 Saint
1191 2218 1305 2257 Croix
1323 2232 1390 2257 sur
1405 2217 1464 2255 les
1478 2221 1594 2268 myst.
1609 2215 1655 2254 T.
1670 2215 1715 2254 ll.
1735 2229 1772 2267 p.
1790 2220 1881 2255 135.

1015 2278 1080 2329 qui
1107 2276 1377 2330 olympiacum
1401 2273 1577 2312 defendit
1590 2276 1629 2311 et
1641 2286 1678 2325 p.
1697 2276 1786 2313 164.
1812 2272 1882 2309 ibi·

1013 2335 1183 2384 (lemque
1208 2335 1284 2370 not.
1311 2331 1407 2370 Silv.
1431 2330 1483 2369 de
1508 2330 1626 2380 Sacy.
1675 2328 1881 2367 Rationem

1016 2405 1082 2429 eur
1094 2389 1194 2428 haec
1207 2387 1418 2439 chlamyda
1436 2386 1671 2440 olympiaca
1689 2385 1883 2423 nominata

1015 2449 1084 2492 sit,
1122 2443 1378 2485 saint-croix
1412 2442 1558 2495 profert
1594 2441 1757 2479 hancce:
1782 2439 1882 2490 ‚Les

1015 2505 1166 2556 pretres
1196 2500 1403 2540 donnaient
1428 2500 1451 2538 a
1482 2503 1545 2537 eet
1569 2496 1821 2537 habillement
1846 2495 1884 2533 le

1016 2574 1106 2599 nom
1143 2558 1443 2609 d’olimpiaque
1477 2568 1572 2594 sans
1614 2554 1732 2592 doute
1766 2565 1884 2605 parce

1018 2616 1108 2670 qu'il
1138 2615 1232 2654 e'tait
1260 2612 1299 2651 le
1328 2614 1439 2664 signe
1475 2612 1547 2650 des
1582 2613 1773 2663 epreuves
1808 2620 1885 2647 aux

1019 2672 1175 2726 quelles
1207 2684 1256 2709 on
1280 2669 1408 2708 s‘etait
1430 2668 1578 2707 soumis
1610 2670 1650 2704 et
1680 2666 1730 2704 (le
1760 2665 1799 2703 la
1827 2665 1885 2702 vi·

1018 2731 1137 2769 etoire
1145 2727 1257 2779 qu'on
1266 2726 1370 2765 avait
1382 2726 1598 2776 remportee
1610 2736 1677 2761 sur
1690 2722 1728 2760 la
1741 2722 1885 2760 crainte

1017 2799 1096 2837 que
1108 2798 1176 2824 ces
1190 2786 1381 2835 §preuves
1400 2781 1634 2833 inspiraient.
1694 2777 1808 2816 Alius
1827 2778 1884 2814 vir

1017 2843 1159 2881 doetus
1207 2838 1479 2894 olympiae-am
1523 2850 1593 2888 pro
1643 2835 1885 2888 olympicam

1018 2898 1161 2937 dictam
1191 2908 1285 2934 esse
1316 2893 1564 2944 chlamydam
1594 2894 1749 2934 censet,
1780 2888 1886 2941 quod

1017 2955 1134 3006 signa
1158 2951 1258 2992 coeli
1277 2952 1299 2989 i.
1314 2964 1349 2989 e.
1369 2949 1552 2988 zodiacus
1571 2947 1750 2997 adeoque
1763 2949 1888 2983 totum

1020 3009 1175 3050 eoelum
1211 3007 1407 3058 depictum
1436 3004 1566 3051 suerit3
1607 3015 1723 3055 quam
1756 3005 1886 3040 tamen

74 3079 239 3124 τοῦντας
251 3075 435 3131 κόρακας.
461 3075 527 3114 ἐπί
532 3088 572 3113 τε
583 3075 659 3111 τῶν
671 3068 844 3123 πατέρων
856 3065 962 3108 ἀετοὶ
1020 3065 1255 3106 sententiam
1301 3075 1375 3101 nec
1419 3060 1599 3099 adieetivi
1636 3058 1889 3112 olympiacas

71 3131 145 3187 γὰρ
163 3131 234 3178 καὶ
254 3131 400 3188 ἱέρακες
412 3126 518 3172 οὗτοι
532 3121 963 3183 προςαγορεύονταιὸτε
1020 3135 1119 3164 usus
1149 3134 1223 3161 nec
1250 3131 1491 3173 praegressa
1520 3117 1723 3157 dracones
1752 3113 1889 3153 Indica·

1519 3181 1609 3225 68*
