2155 3590
633 146 819 186 LIBER
849 146 899 186 V.
959 144 1085 186 CAP.
1114 142 1277 183 XXIII.

1764 138 1844 181 365

71 260 171 301 tiore
195 259 354 315 pupugit
378 258 514 309 altius,
542 266 586 299 ut
607 273 677 313 per
700 272 887 299 summam
914 265 1039 298 cutem
1063 254 1287 298 roraverint
1313 253 1498 308 parvulae
1519 251 1720 306 sanguinis
1740 250 1847 291 rosei

72 324 219 370 guttae.
270 315 336 357 Sic
371 315 511 369 ignara
544 314 697 369 Psyche
734 321 871 368 sponte
906 314 946 353 iu
982 314 1141 354 Amoris
1178 311 1313 351 incidit
1348 323 1535 349 amorem.
1583 308 1697 348 Tune
1721 307 1846 360 magis

70 372 272 426 magisque
297 371 471 425 cupidine
495 371 667 424 flagrans
687 369 907 424 Cupidinis,
934 361 1055 424 prs‘ina
1080 370 1119 409 in
1145 382 1230 409 eum
1256 366 1428 407 efflictim
1447 365 1616 414 inhians,
1644 364 1783 417 patulis
1803 376 1848 402 ae

72 428 331 482 petulantibus
357 427 477 468 saviis
503 427 737 467 festinanter
760 427 940 480 ingestis,
969 427 1014 466 de
1040 425 1165 466 somni
1191 435 1372 464 mensura
1398 421 1606 461 metuebat.
1658 418 1733 460 Sed
1759 420 1847 458 dum

71 485 173 524 bono
203 489 310 523 tanto
342 483 488 537 percita
517 482 650 522 saucia
681 490 809 522 mente
841 482 1021 532 ssuotuat,
1055 482 1215 521 lucerna
1244 479 1332 530 illa,
1365 478 1448 518 sive
1470 477 1475 533 Ι
1497 476 1657 530 perfidia
1682 475 1848 528 pessima
1874 474 1970 514 [¹69]

72 540 155 580 sive
185 539 332 579 invidia
363 539 504 590 noxia,
537 539 620 579 sive
651 540 751 591 quod
784 538 860 578 tale
891 552 1031 591 corpus
1063 537 1291 590 contingere
1322 542 1360 575 et
1390 534 1500 586 quasi
1525 532 1679 572 basiare
1705 537 1744 570 et
1767 531 1851 584 ipsa

74 596 286 649 gestiebat,
314 595 485 635 evomuit
509 594 554 634 de
579 608 727 634 summa
754 594 910 634 luminis
935 594 994 634 sui
1020 594 1162 634 stillam
1188 591 1376 632 ferventis
1408 589 1482 629 olei
1508 602 1624 642 super
1649 587 1851 626 humerum

73 652 134 692 dei
165 652 366 692 dexterum
375 681 383 690 .

435 650 535 691 Hem
566 651 697 690 audax
728 657 766 690 et
796 650 1006 690 temeraria
1035 650 1197 690 lucerna
1227 655 1266 688 et
1295 646 1438 687 amoris
1468 645 1546 685 vile
1571 642 1848 684 ministerium!

67 778 188 817 pungit
200 780 238 808 D.
286 778 478 806 rotat-erint
490 781 526 808 G.
543 779 570 807 1.
607 781 639 805 el
655 780 999 814 roraveruntparvue
1014 778 1034 806 f.
1071 776 1255 805 rosriElm.
1269 775 1396 804 vitiose.
1421 772 1640 810 rostiguelae
1653 774 1690 800 D.
1715 770 1855 808 ingrata

74 832 129 860 pro
143 825 271 861 ignara
291 825 325 858 G.
340 825 370 852 2.
389 825 426 853 Ρ.
447 823 486 852 D.
533 822 669 859 Psyche*
686 826 721 852 G.
735 826 765 852 2.
779 825 817 851 D.
864 823 899 850 vi
912 820 1043 850 Amoris
1057 825 1092 851 G.
1106 824 1137 851 2.
1151 824 1188 850 1).
1236 820 1342 857 magis
1357 820 1446 855 prtus
1465 821 1608 847 exulata
1620 814 1649 845 d.
1688 815 1857 855 fragluns

74 871 110 898 G.
127 871 154 898 1.
168 871 198 897 2.
214 866 369 906 flaglans
382 870 420 897 D.
446 865 600 902 afflictim
615 870 651 896 Β.
665 870 702 897 D.
717 869 855 897 Vulcan.
870 864 992 902 esllt'clr'
1003 869 1037 896 P.
1053 875 1107 902 pro
1121 875 1207 895 more
1230 867 1270 895 cf.
1285 867 1325 895 ad
1337 867 1391 894 ΙΙΙ.
1407 873 1434 898 p.
1445 865 1520 892 201.
1553 861 1672 899 palilis
1686 863 1760 891 ΕΑ.
1774 862 1856 889 Elm.

68 913 194 950 petalis
218 915 294 942 Bas.
311 915 339 943 1.
382 913 498 950 petilis
510 915 649 942 Vutean.
665 915 695 941 2.
737 912 972 949 peculantibus
986 914 1021 941 B.
1065 911 1302 948 pululantibus
1326 912 1402 939 Bas.
1418 911 1446 939 1.
1470 910 1529 938 Vir
1548 909 1660 936 doctus
1677 907 1711 935 in
1730 907 1857 935 Vicent.

74 966 174 995 marg.
188 957 319 994 patulis
338 966 380 985 ae
394 957 600 994 patentibus.
649 957 751 986 sabiis
770 959 806 987 F.
820 960 849 986 3.
865 960 900 986 G.
918 959 945 986 1.
960 960 989 986 2.
1009 959 1044 985 P.
1057 958 1097 985 D.
1133 956 1260 984 suariis
1279 957 1314 984 F.
1332 957 1358 984 1.
1373 957 1409 983 B.
1428 955 1517 983 Colv.
1535 954 1630 981 vuic.
1650 954 1731 981 Elin.
1753 950 1857 978 δτι-ἰν.

75 1001 172 1031 labiis
186 1000 215 1032 δ.
262 1001 300 1030 de
320 1003 427 1030 comm*
444 1010 601 1031 mensura
619 1002 790 1030 metuebat
806 1006 886 1031 haec
905 1005 1005 1031 verba
1018 1004 1135 1030 absunt
1156 1009 1175 1029 a
1188 1003 1226 1029 R.
1240 1005 1267 1029 et
1284 1001 1304 1028 f.
1353 1007 1486 1027 mesura
1500 1000 1535 1027 G.
1552 1000 1580 1026 1.
1596 1005 1616 1027 a
1628 1005 1667 1025 m.
1683 1005 1713 1031 ι).

75 1051 185 1077 exulat
198 1056 218 1077 a
230 1049 267 1077 Ρ.
314 1048 384 1075 sine
398 1049 448 1076 his
462 1049 613 1082 deinceps
625 1050 663 1076 D.
710 1047 865 1075 bassiare
879 1049 914 1075 G.
931 1049 959 1076 1.

1762 997 1856 1022 [mito

1001 1046 1102 1073 etiam
1118 1045 1193 1081 ipsa
1206 1048 1289 1073 male
1302 1046 1446 1073 emendat
1462 1045 1551 1072 Colv.
1588 1041 1626 1069 de
1640 1049 1762 1069 summo
1777 1043 1812 1069 G.
1828 1040 1858 1068 1.

76 1100 96 1122 8.
109 1102 148 1122 m.
161 1101 188 1121 s.
234 1091 410 1121 timueram
424 1094 459 1121 F.
474 1095 503 1121 3.
518 1097 548 1122 et
561 1095 596 1122 G.
615 1094 641 1121 1.
656 1100 676 1121 a
689 1101 729 1121 m.
743 1101 768 1121 S.
783 1094 820 1121 D.
845 1094 881 1120 In
895 1095 966 1120 celt-
980 1089 1149 1118 dea-eram.
1195 1088 1257 1117 beu
1272 1091 1308 1117 G.
1327 1091 1355 1118 1.
1380 1087 1419 1115 he
1433 1091 1469 1117 G.
1482 1091 1513 1116 2.
1528 1089 1565 1117 D.
1613 1085 1763 1114 mandax
1777 1087 1858 1114 G.-2.

76 1137 222 1165 mendax·
234 1139 270 1166 P.
284 1139 322 1167 D.
337 1146 392 1173 pro
406 1136 540 1176 audax,
566 1139 647 1172 quod
662 1138 736 1166 inde
750 1140 895 1166 exortum
912 1140 976 1173 est,
1003 1144 1097 1170 quum
1111 1144 1142 1161 m
1155 1135 1264 1164 littera
1277 1134 1499 1169 praecedentis
1515 1133 1669 1161 vocabuli
1688 1133 1728 1160 ad
1742 1129 1860 1158 audax

76 1184 344 1213 transduceretur.

80 1294 178 1332 quae
202 1281 359 1318 variatio
386 1284 573 1331 perpetua
598 1284 659 1317 est
683 1281 717 1317 in
743 1279 843 1317 Mss.
893 1277 942 1316 cf.

78 1336 166 1375 VV.
182 1337 271 1375 DD.
286 1350 384 1388 quos
399 1340 597 1374 enumerat
609 1335 741 1374 Eckst.
757 1335 807 1373 ad
820 1334 940 1372 voss.

78 1393 194 1431 Arist.
210 1391 370 1430 Ton1.II.
386 1395 526 1442 p.859.
543 1391 670 1442 Kopp.
681 1391 730 1429 ad
743 1391 856 1429 Mart.
873 1389 941 1428 Ca-

79 1447 712 1500 pell.V111.§.838.p.655.Quidue
724 1447 941 1484 discrimine

78 1506 276 1555 utriusque
306 1504 453 1542 formae
484 1505 711 1555 interpretes
747 1502 940 1541 allucinati

80 1563 176 1606 sint,
211 1574 285 1599 non
321 1574 458 1599 moror.
506 1560 604 1598 Puto
641 1573 691 1598 ex
724 1559 834 1597 codd.
860 1572 940 1596 rem

82 1630 175 1655 esse
200 1617 490 1655 diiudicandum.
518 1617 564 1655 cf.
579 1615 701 1654 Orell.
716 1616 766 1654 ad
781 1614 858 1653 Cic.
872 1628 940 1665 pro

81 1672 214 1712 Plane.
241 1687 272 1712 c.
299 1677 362 1713 27.
387 1686 425 1723 p.
454 1676 543 1714 159.
581 1672 621 1711 In
647 1670 802 1730 Apuleii
835 1671 941 1708 libris

83 1729 192 1768 codd.
223 1728 403 1767 meliores
435 1729 595 1767 sormam
631 1730 738 1768 nisus
769 1727 943 1766 videntur

83 1783 352 1838 praetulisse]

139 1843 182 1880 in
207 1840 365 1881 Amoris
388 1842 537 1880 incidit
559 1854 745 1880 amorem.
779 1838 849 1892 [Ut
871 1838 947 1877 hoc

85 1898 172 1936 loco
196 1898 391 1943 incidere,
428 1899 480 1936 ita
514 1897 675 1947 saepius
713 1897 796 1935 lubi
826 1896 875 1934 de
900 1909 946 1933 eo

84 1954 240 2000 dicitur,
273 1955 335 2004 qui
365 1968 388 1992 a
413 1952 600 2004 Cupidine
625 1953 848 1990 vulneratus
873 1956 947 1996 est,

83 2014 125 2049 ut
149 2010 184 2048 in
210 2009 436 2060 profundam
463 2011 574 2060 quasi
600 2009 751 2047 foveam
772 2008 946 2046 deiectus

85 2066 148 2103 vel
180 2067 324 2104 retibus
351 2067 556 2104 obstrictus
582 2065 756 2104 videatur
780 2077 892 2109 esse,
926 2077 948 2101 e

88 2122 223 2173 quibus
239 2121 390 2159 liberari
405 2124 587 2173 nequeat;
614 2120 753 2160 cs.lntt.
769 2121 819 2158 ad
833 2119 948 2171 Prop.

140 2233 297 2286 patulis
322 2247 372 2273 ae
394 2233 672 2285 petulantibus
696 2234 827 2272 saviis.
855 2231 949 2270 Con-

88 2291 164 2329 iieit
189 2289 295 2328 Colv.
322 2303 343 2328 e
368 2290 533 2328 lectione
559 2289 629 2328 Ed.
644 2289 737 2328 Bas.
755 2293 788 2329 1.
814 2290 951 2326 vitiosa

84 2346 253 2399 petulas,
281 2344 483 2398 legendum
498 2359 590 2383 esse
602 2347 740 2398 petilis
761 2346 781 2384 i.
797 2359 829 2383 e.
845 2345 953 2383 exili-

90 2403 164 2441 bus
190 2406 229 2439 et
251 2403 430 2441 tenuibus
456 2401 654 2441 c01!.N0n.
670 2416 706 2454 p.
724 2405 812 2442 149.
832 2401 953 2440 Mero.

88 2459 279 2511 petitum:
317 2464 432 2498 tenue
467 2463 505 2497 et
539 2458 656 2497 exile.
705 2458 867 2496 Taubm.
904 2457 954 2496 ad

90 2514 216 2553 Plaut.
247 2514 380 2565 fragm.
406 2528 442 2566 p.
472 2519 588 2554 1477.
632 2514 732 2566 [Sed
755 2514 953 2552 retinenda

93 2575 155 2609 est
194 2571 383 2622 scriptura
419 2572 588 2623 patulis.
648 2571 806 2610 Patala
853 2572 952 2609 enim

94 2626 232 2665 oscula
273 2631 380 2673 sunt,
418 2641 517 2678 quae
562 2640 627 2666 ore
668 2627 816 2678 patulo,
859 2640 953 2678 prae

92 2681 250 2721 libidine
275 2686 313 2721 et
335 2684 441 2722 rabie
466 2684 608 2721 amoris
633 2683 797 2734 patenti,
829 2683 953 2734 impri-

93 2742 250 2778 muntur.
287 2739 344 2778 lta
367 2740 457 2778 dicit
479 2740 623 2777 Arnob.
638 2738 703 2777 VI.
723 2743 783 2779 10.
808 2739 954 2791 patulo

95 2808 166 2835 ore
190 2795 239 2834 de
263 2796 439 2841 canibus,
465 2796 529 2847 qui
555 2795 722 2846 linguam
742 2800 858 2845 potus
879 2796 956 2833 avi·

95 2850 217 2890 ditate
229 2853 445 2904 proliciunt,
466 2851 528 2889 ubi
544 2850 748 2901 legendum
764 2854 825 2889 est
833 2855 957 2903 potus

94 2907 209 2947 rabie
221 2907 283 2946 vel
302 2909 387 2948 sitis
405 2907 496 2947 tabe
516 2920 565 2945 ex
583 2907 748 2945 lectione
767 2907 956 2945 mendosa

93 2964 297 3016 pituitate.
345 2964 575 3002 Accuratius
612 2963 847 3001 luxuriosum
882 2962 957 3002 hoc

97 3019 271 3057 osculum
296 3019 477 3059 describit
501 3018 617 3070 Apul.
638 3019 733 3057 Met.
748 3017 791 3057 11.
813 3032 848 3070 p.
868 3023 956 3059 114.

100 3075 405 3127 iampatentis
426 3077 525 3115 oris
542 3075 729 3114 inhalatu
750 3076 957 3113 cinnameo

103 3134 142 3168 et
166 3133 414 3172 occursantis
439 3133 605 3185 linquae
636 3131 746 3170 illisu
768 3135 958 3172 nectareo

1001 1277 1197 1328 cupidine
1238 1276 1522 1315 adlibescenti:
1563 1275 1627 1314 ubi
1674 1274 1720 1312 cf.
1763 1286 1861 1324 quae

1000 1332 1178 1384 protuli]

1058 1389 1162 1427 bono
1187 1393 1310 1427 tanto.
1346 1387 1527 1439 [Bonum
1551 1387 1627 1424 hoc
1651 1386 1736 1424 loeo
1761 1386 1862 1423 idem

1000 1446 1205 1495 siguificat,
1232 1444 1335 1495 quod
1357 1443 1626 1495 pulchritudo
1652 1442 1699 1481 cf.
1715 1442 1798 1480 lntt.
1815 1442 1864 1479 ad

999 1499 1173 1553 Propert.
1201 1500 1226 1539 l.
1254 1505 1289 1540 2.
1318 1500 1372 1552 6.]

1056 1558 1196 1597 srmciu
1220 1561 1356 1595 mente.
1396 1555 1589 1607 [Saucius
1609 1554 1713 1607 apud
1726 1558 1864 1606 poetas

1000 1614 1243 1666 potissimum
1280 1613 1314 1650 in
1353 1625 1426 1650 usu
1462 1615 1524 1650 est
1559 1611 1608 1649 de
1644 1611 1865 1649 vulneribus

1001 1670 1163 1714 amoris,
1194 1673 1234 1706 ut
1264 1669 1379 1707 etiam
1411 1669 1550 1707 vulnus
1575 1671 1613 1706 et
1636 1668 1866 1707 vulneratus

1002 1726 1050 1764 cs.
1082 1725 1177 1763 Met.
1201 1723 1250 1763 X.
1277 1739 1312 1777 p.
1329 1726 1420 1766 680.
1446 1725 1509 1763 ubi
1535 1724 1635 1763 vide.
1661 1727 1698 1761 et
1713 1723 1865 1774 Erythr.

1006 1783 1041 1820 in
1067 1781 1181 1820 Indic.
1208 1781 1342 1831 virgil.
1367 1795 1400 1820 s.
1420 1794 1454 1819 v,
1485 1782 1654 1820 saucius.
1703 1779 1786 1817 lntt.
1819 1779 1868 1816 ad

1006 1838 1110 1889 Virg.
1142 1838 1240 1875 Aen.
1274 1837 1340 1876 lv.
1375 1842 1407 1877 1.
1440 1836 1535 1874 Enn.
1568 1836 1670 1887 apud
1697 1834 1772 1873 Cic.
1799 1848 1867 1886 pro

1007 1893 1113 1932 Coel.
1140 1898 1175 1934 8.
1202 1894 1276 1931 init.
1317 1893 1365 1932 cf.
1392 1893 1476 1931 lntt.
1503 1892 1552 1930 ad
1577 1891 1752 1942 Propert.
1778 1890 1805 1930 I.
1832 1895 1867 1931 7.

1011 1955 1071 1991 15.
1086 1950 1134 1988 ef.
1148 1949 1242 1988 Met.
1257 1949 1298 1987 V.
1310 1964 1344 2001 p.
1358 1953 1448 1989 367.
1464 1949 1644 1988 sauciam
1658 1947 1870 2002 Psychem,

1006 2006 1108 2056 quod
1134 2005 1356 2044 idemtidem
1382 2005 1432 2044 ad
1451 2005 1535 2043 eius
1554 2005 1793 2043 calamitates
1813 2016 1870 2040 re-

1008 2062 1109 2108 sero,
1137 2075 1236 2112 quae
1258 2075 1305 2099 ex
1326 2075 1454 2099 amore
1476 2061 1589 2099 nimio
1611 2064 1649 2098 et
1662 2060 1870 2098 insatiabili

1009 2118 1206 2169 Cupidinis
1233 2118 1423 2156 desiderio
1459 2118 1736 2155 exoriebantur.
1775 2115 1871 2154 Met.

1008 2174 1074 2213 Vl.
1106 2189 1141 2226 p.
1174 2179 1266 2215 424.
1298 2174 1347 2212 de
1378 2174 1537 2212 Amore:
1569 2172 1872 2213 convulneraris

1009 2231 1183 2271 assiduis
1207 2229 1388 2282 ictibus]

1066 2289 1302 2340 eontinqere
1315 2291 1351 2325 et
1366 2287 1482 2339 quasi
1496 2287 1663 2325 basiare.
1690 2284 1774 2337 [De
1800 2285 1873 2322 hoe

1012 2343 1098 2382 loeo
1125 2343 1174 2383 cs.
1195 2356 1294 2394 quae
1319 2343 1463 2395 profert
1487 2342 1662 2381 d'Orvill.
1673 2342 1721 2380 ad
1732 2340 1870 2379 charit.

1011 2399 1039 2438 1.
1068 2404 1101 2441 1.
1127 2414 1163 2452 p.
1190 2403 1281 2440 205.
1307 2400 1355 2437 ed
1380 2399 1515 2451 Lips.]

1068 2457 1248 2495 evomuit.
1276 2455 1404 2509 [Fulg.
1419 2454 1586 2506 Mythol.
1602 2454 1662 2492 III.
1680 2458 1714 2494 6.
1736 2454 1872 2505 p.'717.

1014 2514 1145 2559 Quum
1158 2513 1283 2551 altum
1296 2526 1480 2565 soporem
1499 2513 1667 2550 maritus
1685 2509 1873 2549 extende-

1011 2574 1084 2615 ret,
1098 2569 1172 2608 illa
1182 2572 1299 2621 ferro
1313 2574 1483 2613 armata,
1500 2567 1782 2618 lucernamque
1795 2579 1874 2603 mo-

1012 2627 1072 2665 dii
1091 2626 1301 2666 custodiae
1316 2629 1450 2671 eruta,
1480 2624 1680 2675 Cupidine
1694 2623 1873 2674 coynito,

1013 2683 1107 2721 dum
1121 2680 1514 2721 immodestoAmoris
1528 2684 1701 2718 torretur
1716 2681 1874 2731 affectu,

1012 2738 1274 2778 scintillantis
1288 2737 1366 2776 olei
1375 2737 1678 2787 desputamento
1692 2735 1876 2772 maritum

1012 2795 1234 2835 succendit.
1277 2792 1408 2832 Barth.
1435 2793 1470 2829 in
1495 2791 1659 2829 Advers.
1686 2788 1875 2827 XXXVI.

1015 2864 1049 2891 c.
1066 2854 1126 2891 13.
1141 2864 1176 2901 p.
1196 2854 1319 2895 1654,
1340 2848 1554 2886 memoriter
1569 2847 1693 2884 locum
1708 2844 1875 2897 protulit,

1011 2921 1081 2959 pro
1119 2907 1307 2945 evomuit:
1346 2904 1489 2944 ebullit
1532 2903 1678 2953 legenS.
1735 2901 1876 2940 Totum

1015 2963 1138 3002 locum
1177 2963 1275 3000 enim
1313 2961 1363 2998 ita
1400 2959 1583 2998 enotavit:
1631 2958 1797 2998 Bullire
1839 2962 1877 2996 et

1014 3019 1182 3062 ebullire
1207 3017 1354 3063 dicitur,
1381 3015 1484 3066 quod
1509 3014 1742 3054 succedente
1766 3016 1877 3067 copia

1014 3088 1094 3114 rem
1110 3074 1273 3124 aliquam
1288 3072 1460 3119 subiicit;
1484 3073 1541 3110 sic
1552 3071 1720 3124 Apuleio
1742 3071 1874 3110 libi-N.

1019 3131 1162 3170 Oleum
1186 3129 1328 3169 ebulle't·
1353 3127 1550 3180 lucerna]
1723 3140 1729 3144 ·
