<?xml version="1.0" encoding="UTF-8"?>
<!DOCTYPE html PUBLIC "-//W3C//DTD XHTML 1.0 Transitional//EN"
    "http://www.w3.org/TR/xhtml1/DTD/xhtml1-transitional.dtd">
<html xmlns="http://www.w3.org/1999/xhtml" xml:lang="en" lang="en">
 <head>
  <title>
</title>
<meta http-equiv="Content-Type" content="text/html;charset=utf-8" />
  <meta name='ocr-system' content='tesseract 3.04.00' />
  <meta name='ocr-capabilities' content='ocr_page ocr_carea ocr_par ocr_line ocrx_word'/>
</head>
<body>
  <div class='ocr_page' id='page_1' title='image "./operaomnia01apuluoft/operaomnia01apuluoft_0939.png"; bbox 0 0 2155 3590; ppageno 0'>
   <div class='ocr_carea' id='block_1_1' title="bbox 609 145 1883 190">
    <p class='ocr_par' dir='ltr' id='par_1_1' title="bbox 609 145 1883 190">
     <span class='ocr_line' id='line_1_1' title="bbox 609 145 1883 190; baseline 0 -1"><span class='ocrx_word' id='word_1_1' title='bbox 609 148 796 189; x_wconf 88' lang='lat' dir='ltr'>LIBER</span> <span class='ocrx_word' id='word_1_2' title='bbox 830 148 950 190; x_wconf 80' lang='lat' dir='ltr'><strong>VIII.</strong></span> <span class='ocrx_word' id='word_1_3' title='bbox 1015 147 1143 188; x_wconf 91' lang='lat' dir='ltr'><strong>CAP.</strong></span> <span class='ocrx_word' id='word_1_4' title='bbox 1173 147 1338 188; x_wconf 81' lang='lat' dir='ltr'><strong>XXVI.</strong></span> <span class='ocrx_word' id='word_1_5' title='bbox 1801 145 1883 190; x_wconf 76' lang='lat'><strong>⁴729</strong></span> 
     </span>
    </p>
   </div>
   <div class='ocr_carea' id='block_1_2' title="bbox 99 258 1877 319">
    <p class='ocr_par' dir='ltr' id='par_1_2' title="bbox 99 258 1877 319">
     <span class='ocr_line' id='line_1_2' title="bbox 99 258 1877 319; baseline -0.004 -14"><span class='ocrx_word' id='word_1_6' title='bbox 99 265 247 307; x_wconf 83' lang='lat' dir='ltr'><strong>scilicet</strong></span> <span class='ocrx_word' id='word_1_7' title='bbox 282 261 488 319; x_wconf 88' lang='lat' dir='ltr'><strong>pullulum,</strong></span> <span class='ocrx_word' id='word_1_8' title='bbox 527 263 595 304; x_wconf 90' lang='lat' dir='ltr'><strong>sed</strong></span> <span class='ocrx_word' id='word_1_9' title='bbox 625 263 737 304; x_wconf 87' lang='lat' dir='ltr'><strong>nohis</strong></span> <span class='ocrx_word' id='word_1_10' title='bbox 769 277 941 317; x_wconf 88' lang='lat' dir='ltr'><strong>quoque,</strong></span> <span class='ocrx_word' id='word_1_11' title='bbox 969 263 1046 303; x_wconf 82' lang='lat' dir='ltr'><strong>tuis</strong></span> <span class='ocrx_word' id='word_1_12' title='bbox 1071 261 1317 317; x_wconf 87' lang='lat' dir='ltr'><strong>palumbulis,</strong></span> <span class='ocrx_word' id='word_1_13' title='bbox 1352 274 1631 315; x_wconf 86' lang='lat' dir='ltr'><strong>nonnunquam</strong></span> <span class='ocrx_word' id='word_1_14' title='bbox 1662 258 1877 314; x_wconf 75' lang='lat' dir='ltr'><strong>impertias.</strong></span> 
     </span>
    </p>
   </div>
   <div class='ocr_carea' id='block_1_3' title="bbox 97 315 1883 433">
    <p class='ocr_par' dir='ltr' id='par_1_3' title="bbox 97 315 1883 433">
     <span class='ocr_line' id='line_1_3' title="bbox 98 315 1883 373; baseline -0.004 -12"><span class='ocrx_word' id='word_1_15' title='bbox 98 321 206 362; x_wconf 87' lang='lat' dir='ltr'><strong>Haec</strong></span> <span class='ocrx_word' id='word_1_16' title='bbox 242 327 281 361; x_wconf 84' lang='lat' dir='ltr'><strong>et</strong></span> <span class='ocrx_word' id='word_1_17' title='bbox 317 320 536 360; x_wconf 85' lang='lat' dir='ltr'><strong>huiusmodi</strong></span> <span class='ocrx_word' id='word_1_18' title='bbox 572 327 706 360; x_wconf 84' lang='lat' dir='ltr'><strong>mutuo</strong></span> <span class='ocrx_word' id='word_1_19' title='bbox 742 319 984 360; x_wconf 83' lang='lat' dir='ltr'><strong>blaterantes</strong></span> <span class='ocrx_word' id='word_1_20' title='bbox 1014 318 1217 373; x_wconf 87' lang='lat' dir='ltr'><strong>praesepio</strong></span> <span class='ocrx_word' id='word_1_21' title='bbox 1249 331 1309 357; x_wconf 90' lang='lat' dir='ltr'><strong>me</strong></span> <span class='ocrx_word' id='word_1_22' title='bbox 1336 317 1514 371; x_wconf 86' lang='lat' dir='ltr'><strong>proximo</strong></span> <span class='ocrx_word' id='word_1_23' title='bbox 1546 316 1731 370; x_wconf 75' lang='lat' dir='ltr'><strong>deligant.</strong></span> <span class='ocrx_word' id='word_1_24' title='bbox 1782 315 1883 355; x_wconf 84' lang='lat' dir='ltr'><strong>Erat</strong></span> 
     </span>
     <span class='ocr_line' id='line_1_4' title="bbox 97 372 1882 433; baseline -0.003 -15"><span class='ocrx_word' id='word_1_25' title='bbox 97 378 249 432; x_wconf 89' lang='lat' dir='ltr'><strong>quidam</strong></span> <span class='ocrx_word' id='word_1_26' title='bbox 269 377 422 418; x_wconf 86' lang='lat' dir='ltr'><strong>iuvenis</strong></span> <span class='ocrx_word' id='word_1_27' title='bbox 442 376 539 417; x_wconf 86' lang='lat' dir='ltr'><strong>satis</strong></span> <span class='ocrx_word' id='word_1_28' title='bbox 560 376 825 433; x_wconf 78' lang='lat' dir='ltr'><strong>corpulentus,</strong></span> <span class='ocrx_word' id='word_1_29' title='bbox 844 376 1028 417; x_wconf 79' lang='lat' dir='ltr'><strong>choraula</strong></span> <span class='ocrx_word' id='word_1_30' title='bbox 1048 374 1310 425; x_wconf 83' lang='lat' dir='ltr'><strong>doctissimus,</strong></span> <span class='ocrx_word' id='word_1_31' title='bbox 1335 372 1340 429; x_wconf 90' lang='grc' dir='ltr'>Ι</span> <span class='ocrx_word' id='word_1_32' title='bbox 1363 373 1555 413; x_wconf 76' lang='lat' dir='ltr'><strong>collaticia</strong></span> <span class='ocrx_word' id='word_1_33' title='bbox 1576 373 1674 428; x_wconf 83' lang='lat' dir='ltr'><strong>stipe</strong></span> <span class='ocrx_word' id='word_1_34' title='bbox 1689 373 1734 413; x_wconf 90' lang='lat' dir='ltr'><strong>de</strong></span> <span class='ocrx_word' id='word_1_35' title='bbox 1747 385 1882 413; x_wconf 86' lang='lat' dir='ltr'><strong>mensa</strong></span> 
     </span>
    </p>
   </div>
   <div class='ocr_carea' id='block_1_4' title="bbox 93 499 1887 716">
    <p class='ocr_par' dir='ltr' id='par_1_4' title="bbox 93 499 1887 716">
     <span class='ocr_line' id='line_1_5' title="bbox 93 499 1884 544; baseline -0.004 -10"><span class='ocrx_word' id='word_1_36' title='bbox 93 504 221 544; x_wconf 77' lang='lat' dir='ltr'><strong>pullum</strong></span> <span class='ocrx_word' id='word_1_37' title='bbox 235 508 271 535; x_wconf 82' lang='lat' dir='ltr'><strong>G.</strong></span> <span class='ocrx_word' id='word_1_38' title='bbox 287 507 315 535; x_wconf 90' lang='lat'><strong>1.</strong></span> <span class='ocrx_word' id='word_1_39' title='bbox 330 507 365 535; x_wconf 93' lang='grc' dir='ltr'><strong>Ο.</strong></span> <span class='ocrx_word' id='word_1_40' title='bbox 379 503 409 535; x_wconf 79' lang='grc' dir='ltr'><strong>ὃ.</strong></span> <span class='ocrx_word' id='word_1_41' title='bbox 455 514 519 533; x_wconf 84' lang='lat' dir='ltr'><strong>mm</strong></span> <span class='ocrx_word' id='word_1_42' title='bbox 533 505 689 543; x_wconf 71' lang='lat' dir='ltr'><strong>cuiquam</strong></span> <span class='ocrx_word' id='word_1_43' title='bbox 703 514 758 541; x_wconf 77' lang='lat' dir='ltr'><strong>pro</strong></span> <span class='ocrx_word' id='word_1_44' title='bbox 771 513 1008 543; x_wconf 79' lang='lat' dir='ltr'><strong>nonnunquam</strong></span> <span class='ocrx_word' id='word_1_45' title='bbox 1022 506 1056 533; x_wconf 88' lang='lat'><strong>0.</strong></span> <span class='ocrx_word' id='word_1_46' title='bbox 1086 505 1213 533; x_wconf 77' lang='lat' dir='ltr'><strong>Addere</strong></span> <span class='ocrx_word' id='word_1_47' title='bbox 1232 505 1335 538; x_wconf 77' lang='lat' dir='ltr'><strong>placet</strong></span> <span class='ocrx_word' id='word_1_48' title='bbox 1348 502 1484 530; x_wconf 85' lang='lat' dir='ltr'><strong>Pricaeo</strong></span> <span class='ocrx_word' id='word_1_49' title='bbox 1504 499 1655 529; x_wconf 69' lang='lat' dir='ltr'><strong>indidem.</strong></span> <span class='ocrx_word' id='word_1_50' title='bbox 1702 500 1884 538; x_wconf 70' lang='lat' dir='ltr'><strong>impartias</strong></span> 
     </span>
     <span class='ocr_line' id='line_1_6' title="bbox 96 546 1883 586; baseline -0.004 -5"><span class='ocrx_word' id='word_1_51' title='bbox 96 555 179 581; x_wconf 82' lang='lat' dir='ltr'><strong>Iunt.</strong></span> <span class='ocrx_word' id='word_1_52' title='bbox 194 553 223 580; x_wconf 91' lang='lat'><strong>1.</strong></span> <span class='ocrx_word' id='word_1_53' title='bbox 237 553 268 580; x_wconf 79' lang='lat'><strong>2.</strong></span> <span class='ocrx_word' id='word_1_54' title='bbox 281 552 356 581; x_wconf 86' lang='lat' dir='ltr'><strong>Ald.</strong></span> <span class='ocrx_word' id='word_1_55' title='bbox 370 551 477 580; x_wconf 84' lang='lat' dir='ltr'><strong>Paris.</strong></span> <span class='ocrx_word' id='word_1_56' title='bbox 523 549 621 580; x_wconf 67' lang='lat' dir='ltr'><strong>leuius</strong></span> <span class='ocrx_word' id='word_1_57' title='bbox 635 548 663 580; x_wconf 85' lang='grc' dir='ltr'><strong>ὃ.</strong></span> <span class='ocrx_word' id='word_1_58' title='bbox 689 549 985 579; x_wconf 72' lang='grc' dir='ltr'><strong>ΙιιιιίιεεεηιοιίῖΕᾱ.</strong></span> <span class='ocrx_word' id='word_1_59' title='bbox 999 550 1137 578; x_wconf 81' lang='lat' dir='ltr'><strong>Scriver.</strong></span> <span class='ocrx_word' id='word_1_60' title='bbox 1179 547 1339 586; x_wconf 66' lang='lat' dir='ltr'><strong>proximo</strong></span> <span class='ocrx_word' id='word_1_61' title='bbox 1359 548 1394 576; x_wconf 88' lang='lat' dir='ltr'><strong>F.</strong></span> <span class='ocrx_word' id='word_1_62' title='bbox 1412 548 1440 576; x_wconf 89' lang='lat'><strong>1.</strong></span> <span class='ocrx_word' id='word_1_63' title='bbox 1454 548 1484 575; x_wconf 84' lang='grc'><strong>3.</strong></span> <span class='ocrx_word' id='word_1_64' title='bbox 1507 548 1542 575; x_wconf 87' lang='lat' dir='ltr'><strong>G.</strong></span> <span class='ocrx_word' id='word_1_65' title='bbox 1558 548 1586 575; x_wconf 85' lang='lat'><strong>1.</strong></span> <span class='ocrx_word' id='word_1_66' title='bbox 1602 548 1632 574; x_wconf 76' lang='lat'><strong>2.</strong></span> <span class='ocrx_word' id='word_1_67' title='bbox 1652 547 1688 575; x_wconf 88' lang='lat' dir='ltr'><strong>P.</strong></span> <span class='ocrx_word' id='word_1_68' title='bbox 1707 548 1745 575; x_wconf 93' lang='lat' dir='ltr'><strong>D.</strong></span> <span class='ocrx_word' id='word_1_69' title='bbox 1760 547 1794 574; x_wconf 91' lang='grc' dir='ltr'><strong>Ο.</strong></span> <span class='ocrx_word' id='word_1_70' title='bbox 1808 547 1846 574; x_wconf 86' lang='lat' dir='ltr'><strong>R.</strong></span> <span class='ocrx_word' id='word_1_71' title='bbox 1862 546 1883 574; x_wconf 80' lang='lat' dir='ltr'><strong>s.</strong></span> 
     </span>
     <span class='ocr_line' id='line_1_7' title="bbox 96 589 1887 632; baseline -0.005 -6"><span class='ocrx_word' id='word_1_72' title='bbox 96 599 133 626; x_wconf 92' lang='lat' dir='ltr'><strong>L.</strong></span> <span class='ocrx_word' id='word_1_73' title='bbox 152 593 181 626; x_wconf 79' lang='grc' dir='ltr'><strong>δ.</strong></span> <span class='ocrx_word' id='word_1_74' title='bbox 205 598 320 625; x_wconf 79' lang='lat' dir='ltr'><strong>Incert.</strong></span> <span class='ocrx_word' id='word_1_75' title='bbox 339 600 368 625; x_wconf 76' lang='lat' dir='ltr'><strong>el</strong></span> <span class='ocrx_word' id='word_1_76' title='bbox 387 597 468 625; x_wconf 85' lang='lat' dir='ltr'><strong>Edd.</strong></span> <span class='ocrx_word' id='word_1_77' title='bbox 489 600 561 632; x_wconf 82' lang='lat' dir='ltr'><strong>post</strong></span> <span class='ocrx_word' id='word_1_78' title='bbox 579 598 725 626; x_wconf 66' lang='lat' dir='ltr'><strong>W&#39;ower.</strong></span> <span class='ocrx_word' id='word_1_79' title='bbox 748 599 784 625; x_wconf 90' lang='lat' dir='ltr'><strong>In</strong></span> <span class='ocrx_word' id='word_1_80' title='bbox 803 600 876 625; x_wconf 78' lang='lat' dir='ltr'><strong>cett.</strong></span> <span class='ocrx_word' id='word_1_81' title='bbox 896 599 943 625; x_wconf 82' lang='lat' dir='ltr'><strong>est</strong></span> <span class='ocrx_word' id='word_1_82' title='bbox 959 594 1166 632; x_wconf 63' lang='lat' dir='ltr'><strong>proximum.</strong></span> <span class='ocrx_word' id='word_1_83' title='bbox 1213 592 1377 631; x_wconf 75' lang='lat' dir='ltr'><strong>delle&#39;gant</strong></span> <span class='ocrx_word' id='word_1_84' title='bbox 1394 593 1429 620; x_wconf 78' lang='lat' dir='ltr'><strong>G.</strong></span> <span class='ocrx_word' id='word_1_85' title='bbox 1448 593 1475 620; x_wconf 80' lang='grc'><strong>1.</strong></span> <span class='ocrx_word' id='word_1_86' title='bbox 1511 589 1658 628; x_wconf 70' lang='lat' dir='ltr'><strong>diligant</strong></span> <span class='ocrx_word' id='word_1_87' title='bbox 1669 592 1705 619; x_wconf 87' lang='lat' dir='ltr'><strong>P.</strong></span> <span class='ocrx_word' id='word_1_88' title='bbox 1741 589 1887 627; x_wconf 76' lang='lat' dir='ltr'><strong>diligunt</strong></span> 
     </span>
     <span class='ocr_line' id='line_1_8' title="bbox 97 635 1883 679; baseline -0.001 -8"><span class='ocrx_word' id='word_1_89' title='bbox 97 643 133 671; x_wconf 86' lang='lat' dir='ltr'><strong>G.</strong></span> <span class='ocrx_word' id='word_1_90' title='bbox 147 644 177 671; x_wconf 74' lang='lat'><strong>2.</strong></span> <span class='ocrx_word' id='word_1_91' title='bbox 191 641 231 671; x_wconf 91' lang='lat' dir='ltr'><strong>D.</strong></span> <span class='ocrx_word' id='word_1_92' title='bbox 278 640 407 679; x_wconf 78' lang='lat' dir='ltr'><strong>quidem</strong></span> <span class='ocrx_word' id='word_1_93' title='bbox 420 642 546 671; x_wconf 78' lang='lat' dir='ltr'><strong>Vicent.</strong></span> <span class='ocrx_word' id='word_1_94' title='bbox 593 639 760 669; x_wconf 77' lang='lat' dir='ltr'><strong>choraula</strong></span> <span class='ocrx_word' id='word_1_95' title='bbox 779 643 815 671; x_wconf 82' lang='lat' dir='ltr'><strong>F.</strong></span> <span class='ocrx_word' id='word_1_96' title='bbox 832 643 860 670; x_wconf 86' lang='lat'><strong>1.</strong></span> <span class='ocrx_word' id='word_1_97' title='bbox 875 643 905 670; x_wconf 88' lang='grc'><strong>3.</strong></span> <span class='ocrx_word' id='word_1_98' title='bbox 926 642 961 669; x_wconf 87' lang='lat' dir='ltr'><strong>G.</strong></span> <span class='ocrx_word' id='word_1_99' title='bbox 978 643 1006 669; x_wconf 86' lang='lat'><strong>1.</strong></span> <span class='ocrx_word' id='word_1_100' title='bbox 1021 643 1051 669; x_wconf 75' lang='lat'><strong>2.</strong></span> <span class='ocrx_word' id='word_1_101' title='bbox 1071 641 1106 669; x_wconf 90' lang='grc' dir='ltr'><strong>Β.</strong></span> <span class='ocrx_word' id='word_1_102' title='bbox 1126 641 1164 668; x_wconf 92' lang='lat' dir='ltr'><strong>D.</strong></span> <span class='ocrx_word' id='word_1_103' title='bbox 1180 640 1249 668; x_wconf 84' lang='lat' dir='ltr'><strong>edd.</strong></span> <span class='ocrx_word' id='word_1_104' title='bbox 1264 642 1341 667; x_wconf 80' lang='lat' dir='ltr'><strong>vett.</strong></span> <span class='ocrx_word' id='word_1_105' title='bbox 1377 635 1518 665; x_wconf 77' lang='lat' dir='ltr'><strong>ceraula</strong></span> <span class='ocrx_word' id='word_1_106' title='bbox 1536 638 1571 665; x_wconf 86' lang='lat' dir='ltr'><strong>F.</strong></span> <span class='ocrx_word' id='word_1_107' title='bbox 1587 638 1617 665; x_wconf 82' lang='lat'><strong>2.</strong></span> <span class='ocrx_word' id='word_1_108' title='bbox 1632 644 1660 670; x_wconf 74' lang='grc' dir='ltr'><strong>Ρ·</strong></span> <span class='ocrx_word' id='word_1_109' title='bbox 1681 637 1764 665; x_wconf 83' lang='lat' dir='ltr'><strong>Elm·</strong></span> <span class='ocrx_word' id='word_1_110' title='bbox 1779 637 1883 664; x_wconf 67' lang='lat' dir='ltr'><strong>Scriv-</strong></span> 
     </span>
     <span class='ocr_line' id='line_1_9' title="bbox 96 680 1884 716; baseline -0.003 0"><span class='ocrx_word' id='word_1_111' title='bbox 96 687 214 716; x_wconf 81' lang='lat' dir='ltr'><strong>Florid.</strong></span> <span class='ocrx_word' id='word_1_112' title='bbox 240 686 371 715; x_wconf 78' lang='lat' dir='ltr'><strong>comula</strong></span> <span class='ocrx_word' id='word_1_113' title='bbox 384 689 421 716; x_wconf 89' lang='lat' dir='ltr'><strong>P.</strong></span> <span class='ocrx_word' id='word_1_114' title='bbox 446 687 551 716; x_wconf 81' lang='lat' dir='ltr'><strong>Ceteri</strong></span> <span class='ocrx_word' id='word_1_115' title='bbox 565 688 652 715; x_wconf 79' lang='lat' dir='ltr'><strong>codd.</strong></span> <span class='ocrx_word' id='word_1_116' title='bbox 668 685 834 714; x_wconf 79' lang='lat' dir='ltr'><strong>choraula</strong></span> <span class='ocrx_word' id='word_1_117' title='bbox 848 689 965 715; x_wconf 76' lang='lat' dir='ltr'><strong>nabere</strong></span> <span class='ocrx_word' id='word_1_118' title='bbox 977 686 1137 714; x_wconf 74' lang='lat' dir='ltr'><strong>videntur.</strong></span> <span class='ocrx_word' id='word_1_119' title='bbox 1184 682 1393 712; x_wconf 72' lang='lat' dir='ltr'><strong>{lolh&#39;ssz&#39;tmls</strong></span> <span class='ocrx_word' id='word_1_120' title='bbox 1406 684 1444 712; x_wconf 91' lang='lat' dir='ltr'><strong>D.</strong></span> <span class='ocrx_word' id='word_1_121' title='bbox 1470 680 1655 709; x_wconf 58' lang='lat' dir='ltr'><strong>conlatu-ia</strong></span> <span class='ocrx_word' id='word_1_122' title='bbox 1670 681 1744 710; x_wconf 69' lang='lat' dir='ltr'><strong>Rs.</strong></span> <span class='ocrx_word' id='word_1_123' title='bbox 1758 683 1793 710; x_wconf 83' lang='lat' dir='ltr'><strong>G.</strong></span> <span class='ocrx_word' id='word_1_124' title='bbox 1811 682 1838 709; x_wconf 88' lang='lat'><strong>1.</strong></span> <span class='ocrx_word' id='word_1_125' title='bbox 1854 682 1884 710; x_wconf 79' lang='lat'><strong>2.</strong></span> 
     </span>
    </p>
   </div>
   <div class='ocr_carea' id='block_1_5' title="bbox 97 731 1077 770">
    <p class='ocr_par' dir='ltr' id='par_1_5' title="bbox 97 731 1077 770">
     <span class='ocr_line' id='line_1_10' title="bbox 97 731 1077 770; baseline 0 -10"><span class='ocrx_word' id='word_1_126' title='bbox 97 731 304 760; x_wconf 73' lang='lat' dir='ltr'><strong>collaticium</strong></span> <span class='ocrx_word' id='word_1_127' title='bbox 318 734 356 762; x_wconf 88' lang='lat' dir='ltr'><strong>D.</strong></span> <span class='ocrx_word' id='word_1_128' title='bbox 402 732 493 769; x_wconf 72' lang='lat' dir='ltr'><strong>spipe</strong></span> <span class='ocrx_word' id='word_1_129' title='bbox 506 733 543 761; x_wconf 94' lang='lat' dir='ltr'><strong>D.</strong></span> <span class='ocrx_word' id='word_1_130' title='bbox 591 732 697 770; x_wconf 63' lang='lat' dir='ltr'><strong>stirpe</strong></span> <span class='ocrx_word' id='word_1_131' title='bbox 710 734 791 761; x_wconf 80' lang='lat' dir='ltr'><strong>Elin.</strong></span> <span class='ocrx_word' id='word_1_132' title='bbox 805 732 885 761; x_wconf 78' lang='lat' dir='ltr'><strong>vitio</strong></span> <span class='ocrx_word' id='word_1_133' title='bbox 898 738 1077 767; x_wconf 76' lang='lat' dir='ltr'><strong>operarum.</strong></span> 
     </span>
    </p>
   </div>
   <div class='ocr_carea' id='block_1_6' title="bbox 92 830 973 3197">
    <p class='ocr_par' dir='ltr' id='par_1_6' title="bbox 92 830 973 3141">
     <span class='ocr_line' id='line_1_11' title="bbox 149 830 963 883; baseline -0.004 -12"><span class='ocrx_word' id='word_1_134' title='bbox 149 831 365 883; x_wconf 74' lang='lat' dir='ltr'><strong>pallulam.</strong></span> <span class='ocrx_word' id='word_1_135' title='bbox 416 830 545 883; x_wconf 85' lang='lat' dir='ltr'><strong>[Fest.</strong></span> <span class='ocrx_word' id='word_1_136' title='bbox 582 845 618 883; x_wconf 87' lang='lat' dir='ltr'><strong>p.</strong></span> <span class='ocrx_word' id='word_1_137' title='bbox 659 834 748 872; x_wconf 83' lang='lat'><strong>129.</strong></span> <span class='ocrx_word' id='word_1_138' title='bbox 785 830 963 869; x_wconf 89' lang='lat' dir='ltr'><strong>Lindem.</strong></span> 
     </span>
     <span class='ocr_line' id='line_1_12' title="bbox 99 888 963 940; baseline -0.001 -13"><span class='ocrx_word' id='word_1_139' title='bbox 99 889 223 934; x_wconf 68' lang='lat' dir='ltr'><strong>Puer,</strong></span> <span class='ocrx_word' id='word_1_140' title='bbox 251 888 321 940; x_wconf 80' lang='lat' dir='ltr'><strong>qui</strong></span> <span class='ocrx_word' id='word_1_141' title='bbox 336 888 501 927; x_wconf 78' lang='lat' dir='ltr'><strong>obscene</strong></span> <span class='ocrx_word' id='word_1_142' title='bbox 514 888 564 927; x_wconf 79' lang='lat' dir='ltr'><strong>ab</strong></span> <span class='ocrx_word' id='word_1_143' title='bbox 580 888 723 940; x_wconf 77' lang='lat' dir='ltr'><strong>aliquo</strong></span> <span class='ocrx_word' id='word_1_144' title='bbox 738 888 963 934; x_wconf 75' lang='lat' dir='ltr'><strong>amabatur.</strong></span> 
     </span>
     <span class='ocr_line' id='line_1_13' title="bbox 98 945 963 996; baseline 0 -13"><span class='ocrx_word' id='word_1_145' title='bbox 98 946 194 989; x_wconf 74' lang='lat' dir='ltr'><strong>eins,</strong></span> <span class='ocrx_word' id='word_1_146' title='bbox 225 959 250 983; x_wconf 86' lang='lat' dir='ltr'><strong>a</strong></span> <span class='ocrx_word' id='word_1_147' title='bbox 282 958 363 996; x_wconf 79' lang='lat' dir='ltr'><strong>quo</strong></span> <span class='ocrx_word' id='word_1_148' title='bbox 394 949 548 983; x_wconf 74' lang='lat' dir='ltr'><strong>amatus</strong></span> <span class='ocrx_word' id='word_1_149' title='bbox 572 949 686 990; x_wconf 83' lang='lat' dir='ltr'><strong>esset,</strong></span> <span class='ocrx_word' id='word_1_150' title='bbox 709 945 879 996; x_wconf 73' lang='lat' dir='ltr'><strong>pullas</strong></span> <span class='ocrx_word' id='word_1_151' title='bbox 903 945 963 983; x_wconf 77' lang='lat' dir='ltr'><strong>‹li-</strong></span> 
     </span>
     <span class='ocr_line' id='line_1_14' title="bbox 99 1001 964 1047; baseline -0.002 -7"><span class='ocrx_word' id='word_1_152' title='bbox 99 1001 276 1046; x_wconf 75' lang='lat' dir='ltr'><strong>cebatur,</strong></span> <span class='ocrx_word' id='word_1_153' title='bbox 301 1001 410 1040; x_wconf 79' lang='lat' dir='ltr'><strong>unde</strong></span> <span class='ocrx_word' id='word_1_154' title='bbox 437 1001 486 1046; x_wconf 82' lang='lat' dir='ltr'><strong>Q.</strong></span> <span class='ocrx_word' id='word_1_155' title='bbox 516 1001 681 1047; x_wconf 75' lang='lat' dir='ltr'><strong>Fabius,</strong></span> <span class='ocrx_word' id='word_1_156' title='bbox 707 1002 773 1040; x_wconf 78' lang='lat' dir='ltr'><strong>cui</strong></span> <span class='ocrx_word' id='word_1_157' title='bbox 794 1001 964 1040; x_wconf 75' lang='lat' dir='ltr'><strong>Eburno</strong></span> 
     </span>
     <span class='ocr_line' id='line_1_15' title="bbox 98 1057 962 1110; baseline 0 -15"><span class='ocrx_word' id='word_1_158' title='bbox 98 1070 323 1110; x_wconf 70' lang='lat' dir='ltr'><strong>coynomen</strong></span> <span class='ocrx_word' id='word_1_159' title='bbox 370 1062 460 1096; x_wconf 78' lang='lat' dir='ltr'><strong>erat</strong></span> <span class='ocrx_word' id='word_1_160' title='bbox 507 1062 682 1109; x_wconf 77' lang='lat' dir='ltr'><strong>propter</strong></span> <span class='ocrx_word' id='word_1_161' title='bbox 729 1057 962 1101; x_wconf 78' lang='lat' dir='ltr'><strong>candorem,</strong></span> 
     </span>
     <span class='ocr_line' id='line_1_16' title="bbox 100 1113 961 1166; baseline -0.001 -13"><span class='ocrx_word' id='word_1_162' title='bbox 100 1114 213 1166; x_wconf 78' lang='lat' dir='ltr'><strong>quod</strong></span> <span class='ocrx_word' id='word_1_163' title='bbox 227 1115 311 1153; x_wconf 69' lang='lat' dir='ltr'><strong>eius</strong></span> <span class='ocrx_word' id='word_1_164' title='bbox 324 1114 430 1152; x_wconf 77' lang='lat' dir='ltr'><strong>natis</strong></span> <span class='ocrx_word' id='word_1_165' title='bbox 439 1114 612 1163; x_wconf 80' lang='lat' dir='ltr'><strong>fulmine</strong></span> <span class='ocrx_word' id='word_1_166' title='bbox 626 1114 709 1152; x_wconf 75' lang='lat' dir='ltr'><strong>ieta</strong></span> <span class='ocrx_word' id='word_1_167' title='bbox 725 1118 833 1157; x_wconf 75' lang='lat' dir='ltr'><strong>erat,</strong></span> <span class='ocrx_word' id='word_1_168' title='bbox 857 1127 923 1164; x_wconf 79' lang='lat' dir='ltr'><strong>pu</strong></span> <span class='ocrx_word' id='word_1_169' title='bbox 933 1113 961 1151; x_wconf 82' lang='lat' dir='ltr'><strong>l-</strong></span> 
     </span>
     <span class='ocr_line' id='line_1_17' title="bbox 98 1169 961 1221; baseline -0.003 -12"><span class='ocrx_word' id='word_1_170' title='bbox 98 1171 114 1209; x_wconf 88' lang='lat' dir='ltr'><strong>l</strong></span> <span class='ocrx_word' id='word_1_171' title='bbox 120 1185 170 1210; x_wconf 81' lang='lat' dir='ltr'><strong>us</strong></span> <span class='ocrx_word' id='word_1_172' title='bbox 184 1169 290 1209; x_wconf 77' lang='lat' dir='ltr'><strong>Iovis</strong></span> <span class='ocrx_word' id='word_1_173' title='bbox 304 1170 538 1221; x_wconf 78' lang='lat' dir='ltr'><strong>appellatus</strong></span> <span class='ocrx_word' id='word_1_174' title='bbox 551 1174 624 1215; x_wconf 78' lang='lat' dir='ltr'><strong>est,</strong></span> <span class='ocrx_word' id='word_1_175' title='bbox 639 1183 739 1220; x_wconf 89' lang='lat' dir='ltr'><strong>quae</strong></span> <span class='ocrx_word' id='word_1_176' title='bbox 754 1170 961 1220; x_wconf 70' lang='lat' dir='ltr'><strong>explicatio</strong></span> 
     </span>
     <span class='ocr_line' id='line_1_18' title="bbox 99 1226 962 1277; baseline -0.001 -14"><span class='ocrx_word' id='word_1_177' title='bbox 99 1226 281 1277; x_wconf 84' lang='lat' dir='ltr'><strong>originem</strong></span> <span class='ocrx_word' id='word_1_178' title='bbox 307 1227 413 1263; x_wconf 86' lang='lat' dir='ltr'><strong>vocis</strong></span> <span class='ocrx_word' id='word_1_179' title='bbox 434 1239 456 1263; x_wconf 85' lang='lat' dir='ltr'><strong>a</strong></span> <span class='ocrx_word' id='word_1_180' title='bbox 470 1239 609 1277; x_wconf 81' lang='lat' dir='ltr'><strong>graeco</strong></span> <span class='ocrx_word' id='word_1_181' title='bbox 624 1226 748 1270; x_wconf 73' lang='grc' dir='ltr'><em>πῶλος</em></span> <span class='ocrx_word' id='word_1_182' title='bbox 761 1226 962 1276; x_wconf 75' lang='lat' dir='ltr'><strong>indigitare</strong></span> 
     </span>
     <span class='ocr_line' id='line_1_19' title="bbox 98 1281 962 1332; baseline -0.002 -12"><span class='ocrx_word' id='word_1_183' title='bbox 98 1282 256 1320; x_wconf 85' lang='lat' dir='ltr'><strong>videtur.</strong></span> <span class='ocrx_word' id='word_1_184' title='bbox 305 1281 352 1320; x_wconf 84' lang='lat' dir='ltr'><strong>cs.</strong></span> <span class='ocrx_word' id='word_1_185' title='bbox 379 1281 463 1320; x_wconf 91' lang='lat' dir='ltr'><strong>Intt.</strong></span> <span class='ocrx_word' id='word_1_186' title='bbox 489 1282 537 1320; x_wconf 87' lang='lat' dir='ltr'><strong>ad</strong></span> <span class='ocrx_word' id='word_1_187' title='bbox 563 1281 599 1320; x_wconf 91' lang='lat' dir='ltr'><strong>h.</strong></span> <span class='ocrx_word' id='word_1_188' title='bbox 627 1281 648 1319; x_wconf 93' lang='lat' dir='ltr'><strong>l.</strong></span> <span class='ocrx_word' id='word_1_189' title='bbox 675 1295 711 1332; x_wconf 84' lang='lat' dir='ltr'><strong>p.</strong></span> <span class='ocrx_word' id='word_1_190' title='bbox 739 1285 830 1322; x_wconf 84' lang='lat'><strong>607.</strong></span> <span class='ocrx_word' id='word_1_191' title='bbox 856 1281 962 1319; x_wconf 82' lang='lat' dir='ltr'><strong>Idem</strong></span> 
     </span>
     <span class='ocr_line' id='line_1_20' title="bbox 98 1336 965 1388; baseline -0.002 -12"><span class='ocrx_word' id='word_1_192' title='bbox 98 1340 212 1377; x_wconf 86' lang='lat' dir='ltr'><strong>etiam</strong></span> <span class='ocrx_word' id='word_1_193' title='bbox 238 1336 384 1376; x_wconf 87' lang='lat' dir='ltr'><strong>Placid.</strong></span> <span class='ocrx_word' id='word_1_194' title='bbox 405 1337 541 1376; x_wconf 86' lang='lat' dir='ltr'><strong>Gloss.</strong></span> <span class='ocrx_word' id='word_1_195' title='bbox 560 1351 598 1388; x_wconf 83' lang='lat' dir='ltr'><strong>p.</strong></span> <span class='ocrx_word' id='word_1_196' title='bbox 613 1341 706 1379; x_wconf 82' lang='lat'><strong>493.</strong></span> <span class='ocrx_word' id='word_1_197' title='bbox 733 1351 817 1376; x_wconf 89' lang='lat' dir='ltr'><strong>eum</strong></span> <span class='ocrx_word' id='word_1_198' title='bbox 845 1337 965 1375; x_wconf 76' lang='lat' dir='ltr'><strong>Festo</strong></span> 
     </span>
     <span class='ocr_line' id='line_1_21' title="bbox 98 1394 964 1446; baseline 0 -14"><span class='ocrx_word' id='word_1_199' title='bbox 98 1396 330 1446; x_wconf 82' lang='lat' dir='ltr'><strong>pronuntiat:</strong></span> <span class='ocrx_word' id='word_1_200' title='bbox 357 1394 550 1434; x_wconf 79' lang='lat' dir='ltr'><strong>Pullum</strong></span> <span class='ocrx_word' id='word_1_201' title='bbox 570 1408 744 1446; x_wconf 74' lang='lat' dir='ltr'><strong>puerum</strong></span> <span class='ocrx_word' id='word_1_202' title='bbox 764 1395 804 1432; x_wconf 80' lang='grc' dir='ltr'><strong>ἱη</strong></span> <span class='ocrx_word' id='word_1_203' title='bbox 820 1396 964 1433; x_wconf 73' lang='lat' dir='ltr'><strong>‹mim-i-</strong></span> 
     </span>
     <span class='ocr_line' id='line_1_22' title="bbox 98 1451 964 1496; baseline -0.002 -6"><span class='ocrx_word' id='word_1_204' title='bbox 98 1453 177 1491; x_wconf 81' lang='lat' dir='ltr'><strong>bus.</strong></span> <span class='ocrx_word' id='word_1_205' title='bbox 212 1451 329 1491; x_wconf 81' lang='lat' dir='ltr'><strong>Umle</strong></span> <span class='ocrx_word' id='word_1_206' title='bbox 356 1451 511 1490; x_wconf 78' lang='lat' dir='ltr'><strong>Romae</strong></span> <span class='ocrx_word' id='word_1_207' title='bbox 532 1451 580 1496; x_wconf 79' lang='lat' dir='ltr'><strong>Q.</strong></span> <span class='ocrx_word' id='word_1_208' title='bbox 604 1451 755 1490; x_wconf 76' lang='lat' dir='ltr'><strong>Fabt’ns</strong></span> <span class='ocrx_word' id='word_1_209' title='bbox 776 1451 964 1489; x_wconf 77' lang='lat' dir='ltr'><strong>Eburuns</strong></span> 
     </span>
     <span class='ocr_line' id='line_1_23' title="bbox 99 1507 964 1560; baseline -0.002 -13"><span class='ocrx_word' id='word_1_210' title='bbox 99 1507 212 1560; x_wconf 80' lang='lat' dir='ltr'><strong>quod</strong></span> <span class='ocrx_word' id='word_1_211' title='bbox 231 1507 389 1546; x_wconf 79' lang='lat' dir='ltr'><strong>natibus</strong></span> <span class='ocrx_word' id='word_1_212' title='bbox 403 1507 646 1560; x_wconf 75' lang='lat' dir='ltr'><strong>fetlyuralus</strong></span> <span class='ocrx_word' id='word_1_213' title='bbox 666 1513 772 1553; x_wconf 76' lang='lat' dir='ltr'><strong>erat,</strong></span> <span class='ocrx_word' id='word_1_214' title='bbox 794 1508 885 1558; x_wconf 77' lang='lat' dir='ltr'><strong>pul</strong></span> <span class='ocrx_word' id='word_1_215' title='bbox 892 1507 908 1545; x_wconf 90' lang='lat' dir='ltr'><strong>l</strong></span> <span class='ocrx_word' id='word_1_216' title='bbox 915 1521 964 1547; x_wconf 79' lang='lat' dir='ltr'><strong>us</strong></span> 
     </span>
     <span class='ocr_line' id='line_1_24' title="bbox 99 1564 963 1615; baseline -0.002 -12"><span class='ocrx_word' id='word_1_217' title='bbox 99 1564 203 1603; x_wconf 76' lang='lat' dir='ltr'><strong>lovis</strong></span> <span class='ocrx_word' id='word_1_218' title='bbox 216 1564 350 1603; x_wconf 70' lang='lat' dir='ltr'><strong>(lictus</strong></span> <span class='ocrx_word' id='word_1_219' title='bbox 368 1568 425 1602; x_wconf 82' lang='lat' dir='ltr'><strong>est</strong></span> <span class='ocrx_word' id='word_1_220' title='bbox 442 1567 481 1601; x_wconf 92' lang='lat' dir='ltr'><strong>et</strong></span> <span class='ocrx_word' id='word_1_221' title='bbox 500 1577 536 1614; x_wconf 84' lang='lat' dir='ltr'><strong>p.</strong></span> <span class='ocrx_word' id='word_1_222' title='bbox 552 1567 643 1604; x_wconf 87' lang='grc'><strong>494.</strong></span> <span class='ocrx_word' id='word_1_223' title='bbox 671 1564 789 1602; x_wconf 79' lang='lat' dir='ltr'><strong>Immo</strong></span> <span class='ocrx_word' id='word_1_224' title='bbox 811 1578 963 1615; x_wconf 71' lang='lat' dir='ltr'><strong>parvus</strong></span> 
     </span>
     <span class='ocr_line' id='line_1_25' title="bbox 97 1619 963 1672; baseline -0.002 -13"><span class='ocrx_word' id='word_1_225' title='bbox 97 1619 265 1672; x_wconf 80' lang='lat' dir='ltr'><strong>pullus</strong></span> <span class='ocrx_word' id='word_1_226' title='bbox 289 1624 347 1658; x_wconf 84' lang='lat' dir='ltr'><strong>est</strong></span> <span class='ocrx_word' id='word_1_227' title='bbox 372 1619 433 1659; x_wconf 76' lang='lat' dir='ltr'><strong>vel</strong></span> <span class='ocrx_word' id='word_1_228' title='bbox 453 1634 593 1659; x_wconf 82' lang='lat' dir='ltr'><strong>recens</strong></span> <span class='ocrx_word' id='word_1_229' title='bbox 622 1621 728 1664; x_wconf 73' lang='grc' dir='ltr'><strong>ηαίἰ,</strong></span> <span class='ocrx_word' id='word_1_230' title='bbox 758 1620 892 1672; x_wconf 71' lang='lat' dir='ltr'><strong>pulli</strong></span> <span class='ocrx_word' id='word_1_231' title='bbox 916 1634 963 1659; x_wconf 80' lang='lat' dir='ltr'><strong>eo</strong></span> 
     </span>
     <span class='ocr_line' id='line_1_26' title="bbox 101 1676 960 1729; baseline -0.007 -12"><span class='ocrx_word' id='word_1_232' title='bbox 101 1677 213 1729; x_wconf 79' lang='lat' dir='ltr'><strong>quod</strong></span> <span class='ocrx_word' id='word_1_233' title='bbox 223 1676 377 1727; x_wconf 76' lang='lat' dir='ltr'><strong>polluti</strong></span> <span class='ocrx_word' id='word_1_234' title='bbox 393 1682 495 1716; x_wconf 75' lang='lat' dir='ltr'><strong>sunt.</strong></span> <span class='ocrx_word' id='word_1_235' title='bbox 535 1676 724 1727; x_wconf 76' lang='lat' dir='ltr'><strong>Equidem</strong></span> <span class='ocrx_word' id='word_1_236' title='bbox 737 1677 878 1728; x_wconf 74' lang='lat' dir='ltr'><strong>pullus</strong></span> <span class='ocrx_word' id='word_1_237' title='bbox 893 1690 960 1727; x_wconf 71' lang='lat' dir='ltr'><strong>pro</strong></span> 
     </span>
     <span class='ocr_line' id='line_1_27' title="bbox 94 1733 960 1785; baseline -0.003 -13"><span class='ocrx_word' id='word_1_238' title='bbox 94 1733 259 1785; x_wconf 76' lang='lat' dir='ltr'><strong>puellus</strong></span> <span class='ocrx_word' id='word_1_239' title='bbox 272 1745 366 1770; x_wconf 84' lang='lat' dir='ltr'><strong>esse</strong></span> <span class='ocrx_word' id='word_1_240' title='bbox 380 1733 552 1779; x_wconf 79' lang='lat' dir='ltr'><strong>dixerim,</strong></span> <span class='ocrx_word' id='word_1_241' title='bbox 572 1733 674 1771; x_wconf 87' lang='lat' dir='ltr'><strong>unde</strong></span> <span class='ocrx_word' id='word_1_242' title='bbox 694 1733 875 1784; x_wconf 78' lang='lat' dir='ltr'><strong>displicet</strong></span> <span class='ocrx_word' id='word_1_243' title='bbox 894 1733 960 1770; x_wconf 80' lang='lat' dir='ltr'><strong>viri</strong></span> 
     </span>
     <span class='ocr_line' id='line_1_28' title="bbox 97 1789 966 1841; baseline -0.001 -14"><span class='ocrx_word' id='word_1_244' title='bbox 97 1789 199 1828; x_wconf 88' lang='lat' dir='ltr'><strong>docti</strong></span> <span class='ocrx_word' id='word_1_245' title='bbox 226 1790 460 1835; x_wconf 84' lang='lat' dir='ltr'><strong>coniectura,</strong></span> <span class='ocrx_word' id='word_1_246' title='bbox 494 1791 556 1840; x_wconf 86' lang='lat' dir='ltr'><strong>qui</strong></span> <span class='ocrx_word' id='word_1_247' title='bbox 578 1790 806 1841; x_wconf 71' lang='lat' dir='ltr'><strong>pnellulmn</strong></span> <span class='ocrx_word' id='word_1_248' title='bbox 834 1790 966 1840; x_wconf 79' lang='lat' dir='ltr'><strong>legere</strong></span> 
     </span>
     <span class='ocr_line' id='line_1_29' title="bbox 96 1846 965 1896; baseline -0.001 -12"><span class='ocrx_word' id='word_1_249' title='bbox 96 1846 258 1891; x_wconf 70' lang='lat' dir='ltr'><strong>lunavult,</strong></span> <span class='ocrx_word' id='word_1_250' title='bbox 287 1858 399 1896; x_wconf 81' lang='lat' dir='ltr'><strong>quain</strong></span> <span class='ocrx_word' id='word_1_251' title='bbox 416 1846 575 1884; x_wconf 82' lang='lat' dir='ltr'><strong>sormam</strong></span> <span class='ocrx_word' id='word_1_252' title='bbox 590 1859 638 1884; x_wconf 85' lang='lat' dir='ltr'><strong>ex</strong></span> <span class='ocrx_word' id='word_1_253' title='bbox 658 1847 839 1895; x_wconf 63' lang='lat' dir='ltr'><strong>analogia</strong></span> <span class='ocrx_word' id='word_1_254' title='bbox 857 1847 965 1884; x_wconf 76' lang='lat' dir='ltr'><strong>vocis</strong></span> 
     </span>
     <span class='ocr_line' id='line_1_30' title="bbox 92 1902 965 1955; baseline 0 -14"><span class='ocrx_word' id='word_1_255' title='bbox 92 1903 280 1955; x_wconf 72' lang='lat' dir='ltr'><strong>puellula</strong></span> <span class='ocrx_word' id='word_1_256' title='bbox 294 1902 480 1941; x_wconf 73' lang='lat' dir='ltr'><strong>defendit.</strong></span> <span class='ocrx_word' id='word_1_257' title='bbox 506 1902 749 1952; x_wconf 82' lang='lat' dir='ltr'><strong>Quamquam</strong></span> <span class='ocrx_word' id='word_1_258' title='bbox 764 1903 859 1947; x_wconf 70' lang='lat' dir='ltr'><strong>scio,</strong></span> <span class='ocrx_word' id='word_1_259' title='bbox 878 1916 965 1941; x_wconf 83' lang='lat' dir='ltr'><strong>sae-</strong></span> 
     </span>
     <span class='ocr_line' id='line_1_31' title="bbox 99 1958 964 2010; baseline 0.001 -15"><span class='ocrx_word' id='word_1_260' title='bbox 99 1960 185 2010; x_wconf 82' lang='lat' dir='ltr'><strong>pius</strong></span> <span class='ocrx_word' id='word_1_261' title='bbox 223 1958 327 1998; x_wconf 79' lang='lat' dir='ltr'><strong>bella</strong></span> <span class='ocrx_word' id='word_1_262' title='bbox 361 1959 503 2010; x_wconf 75' lang='lat' dir='ltr'><strong>puella</strong></span> <span class='ocrx_word' id='word_1_263' title='bbox 540 1961 735 2009; x_wconf 77' lang='lat' dir='ltr'><strong>componi,</strong></span> <span class='ocrx_word' id='word_1_264' title='bbox 774 1963 812 1996; x_wconf 92' lang='lat' dir='ltr'><strong>ut</strong></span> <span class='ocrx_word' id='word_1_265' title='bbox 850 1960 964 1998; x_wconf 82' lang='lat' dir='ltr'><strong>etiam</strong></span> 
     </span>
     <span class='ocr_line' id='line_1_32' title="bbox 99 2015 965 2066; baseline 0 -12"><span class='ocrx_word' id='word_1_266' title='bbox 99 2015 225 2054; x_wconf 75' lang='lat' dir='ltr'><strong>bellas</strong></span> <span class='ocrx_word' id='word_1_267' title='bbox 245 2015 452 2066; x_wconf 77' lang='lat' dir='ltr'><strong>puellulas</strong></span> <span class='ocrx_word' id='word_1_268' title='bbox 471 2015 542 2053; x_wconf 82' lang='lat' dir='ltr'><strong>dici</strong></span> <span class='ocrx_word' id='word_1_269' title='bbox 565 2015 695 2060; x_wconf 84' lang='lat' dir='ltr'><strong>liceat,</strong></span> <span class='ocrx_word' id='word_1_270' title='bbox 720 2020 846 2053; x_wconf 80' lang='lat' dir='ltr'><strong>tamen</strong></span> <span class='ocrx_word' id='word_1_271' title='bbox 865 2017 965 2066; x_wconf 88' lang='lat' dir='ltr'><strong>quic-</strong></span> 
     </span>
     <span class='ocr_line' id='line_1_33' title="bbox 100 2071 967 2123; baseline -0.001 -13"><span class='ocrx_word' id='word_1_272' title='bbox 100 2084 215 2122; x_wconf 87' lang='lat' dir='ltr'><strong>quam</strong></span> <span class='ocrx_word' id='word_1_273' title='bbox 235 2071 457 2109; x_wconf 87' lang='lat' dir='ltr'><strong>mutandum</strong></span> <span class='ocrx_word' id='word_1_274' title='bbox 477 2085 570 2109; x_wconf 74' lang='lat' dir='ltr'><strong>esse</strong></span> <span class='ocrx_word' id='word_1_275' title='bbox 589 2076 721 2110; x_wconf 87' lang='lat' dir='ltr'><strong>contra</strong></span> <span class='ocrx_word' id='word_1_276' title='bbox 740 2072 852 2111; x_wconf 79' lang='lat' dir='ltr'><strong>codd.</strong></span> <span class='ocrx_word' id='word_1_277' title='bbox 869 2086 967 2123; x_wconf 73' lang='lat' dir='ltr'><strong>nego</strong></span> 
     </span>
     <span class='ocr_line' id='line_1_34' title="bbox 98 2127 967 2179; baseline 0.002 -14"><span class='ocrx_word' id='word_1_278' title='bbox 98 2127 145 2166; x_wconf 86' lang='lat' dir='ltr'><strong>cf.</strong></span> <span class='ocrx_word' id='word_1_279' title='bbox 173 2127 301 2166; x_wconf 75' lang='lat' dir='ltr'><strong>Burin.</strong></span> <span class='ocrx_word' id='word_1_280' title='bbox 327 2127 376 2164; x_wconf 87' lang='lat' dir='ltr'><strong>ad</strong></span> <span class='ocrx_word' id='word_1_281' title='bbox 401 2127 561 2166; x_wconf 80' lang='lat' dir='ltr'><strong>Anthol.</strong></span> <span class='ocrx_word' id='word_1_282' title='bbox 586 2128 672 2166; x_wconf 86' lang='lat' dir='ltr'><strong>Lat.</strong></span> <span class='ocrx_word' id='word_1_283' title='bbox 700 2127 745 2167; x_wconf 88' lang='grc' dir='ltr'><strong>Τ.</strong></span> <span class='ocrx_word' id='word_1_284' title='bbox 764 2133 796 2168; x_wconf 89' lang='grc'><strong>1.</strong></span> <span class='ocrx_word' id='word_1_285' title='bbox 824 2142 858 2179; x_wconf 80' lang='lat' dir='ltr'><strong>p.</strong></span> <span class='ocrx_word' id='word_1_286' title='bbox 875 2132 967 2170; x_wconf 75' lang='lat'><strong>65⁶2.</strong></span> 
     </span>
     <span class='ocr_line' id='line_1_35' title="bbox 98 2183 967 2236; baseline 0.001 -14"><span class='ocrx_word' id='word_1_287' title='bbox 98 2183 216 2235; x_wconf 75' lang='lat' dir='ltr'><strong>Apol.</strong></span> <span class='ocrx_word' id='word_1_288' title='bbox 250 2197 287 2234; x_wconf 76' lang='lat' dir='ltr'><strong>p.</strong></span> <span class='ocrx_word' id='word_1_289' title='bbox 313 2187 406 2224; x_wconf 87' lang='lat'><strong>501.</strong></span> <span class='ocrx_word' id='word_1_290' title='bbox 439 2184 612 2223; x_wconf 68' lang='lat' dir='ltr'><strong>bellum</strong></span> <span class='ocrx_word' id='word_1_291' title='bbox 646 2198 740 2223; x_wconf 67' lang='lat' dir='ltr'><strong>vero</strong></span> <span class='ocrx_word' id='word_1_292' title='bbox 766 2199 967 2236; x_wconf 74' lang='lat' dir='ltr'><strong>puerum</strong></span> 
     </span>
     <span class='ocr_line' id='line_1_36' title="bbox 100 2240 966 2292; baseline 0 -13"><span class='ocrx_word' id='word_1_293' title='bbox 100 2240 293 2292; x_wconf 76' lang='lat' dir='ltr'><strong>eleyistis‚</strong></span> <span class='ocrx_word' id='word_1_294' title='bbox 321 2241 382 2278; x_wconf 89' lang='lat' dir='ltr'><strong>ubi</strong></span> <span class='ocrx_word' id='word_1_295' title='bbox 409 2241 545 2278; x_wconf 84' lang='lat' dir='ltr'><strong>eadem</strong></span> <span class='ocrx_word' id='word_1_296' title='bbox 565 2241 711 2279; x_wconf 86' lang='lat' dir='ltr'><strong>ratione</strong></span> <span class='ocrx_word' id='word_1_297' title='bbox 734 2241 847 2279; x_wconf 77' lang='lat' dir='ltr'><strong>facile</strong></span> <span class='ocrx_word' id='word_1_298' title='bbox 868 2256 966 2279; x_wconf 88' lang='lat' dir='ltr'><strong>com-</strong></span> 
     </span>
     <span class='ocr_line' id='line_1_37' title="bbox 100 2297 964 2349; baseline 0.003 -15"><span class='ocrx_word' id='word_1_299' title='bbox 100 2297 234 2334; x_wconf 88' lang='lat' dir='ltr'><strong>mutari</strong></span> <span class='ocrx_word' id='word_1_300' title='bbox 255 2300 395 2346; x_wconf 80' lang='lat' dir='ltr'><strong>posset</strong></span> <span class='ocrx_word' id='word_1_301' title='bbox 420 2297 596 2337; x_wconf 76' lang='lat' dir='ltr'><strong>bellum</strong></span> <span class='ocrx_word' id='word_1_302' title='bbox 623 2311 714 2336; x_wconf 70' lang='lat' dir='ltr'><strong>vero</strong></span> <span class='ocrx_word' id='word_1_303' title='bbox 735 2298 964 2349; x_wconf 79' lang='lat' dir='ltr'><strong>puellum.</strong></span> 
     </span>
     <span class='ocr_line' id='line_1_38' title="bbox 100 2352 970 2393; baseline 0 -1"><span class='ocrx_word' id='word_1_304' title='bbox 100 2352 247 2393; x_wconf 74' lang='lat' dir='ltr'><strong>Pullus</strong></span> <span class='ocrx_word' id='word_1_305' title='bbox 277 2356 315 2390; x_wconf 88' lang='lat' dir='ltr'><strong>et</strong></span> <span class='ocrx_word' id='word_1_306' title='bbox 348 2353 540 2393; x_wconf 75' lang='lat' dir='ltr'><strong>Pullulus</strong></span> <span class='ocrx_word' id='word_1_307' title='bbox 570 2353 843 2392; x_wconf 79' lang='lat' dir='ltr'><strong>blandientium</strong></span> <span class='ocrx_word' id='word_1_308' title='bbox 880 2359 970 2392; x_wconf 86' lang='lat' dir='ltr'><strong>sunt</strong></span> 
     </span>
     <span class='ocr_line' id='line_1_39' title="bbox 100 2408 967 2461; baseline 0.005 -15"><span class='ocrx_word' id='word_1_309' title='bbox 100 2408 308 2454; x_wconf 74' lang='lat' dir='ltr'><strong>vocabula,</strong></span> <span class='ocrx_word' id='word_1_310' title='bbox 345 2413 385 2447; x_wconf 92' lang='lat' dir='ltr'><strong>ut</strong></span> <span class='ocrx_word' id='word_1_311' title='bbox 419 2411 672 2459; x_wconf 79' lang='lat' dir='ltr'><strong>subsequens</strong></span> <span class='ocrx_word' id='word_1_312' title='bbox 706 2411 967 2461; x_wconf 71' lang='lat' dir='ltr'><strong>ymlmnbalefs,</strong></span> 
     </span>
     <span class='ocr_line' id='line_1_40' title="bbox 101 2465 968 2518; baseline -0.002 -13"><span class='ocrx_word' id='word_1_313' title='bbox 101 2470 138 2505; x_wconf 88' lang='lat' dir='ltr'><strong>et</strong></span> <span class='ocrx_word' id='word_1_314' title='bbox 163 2465 370 2503; x_wconf 78' lang='lat' dir='ltr'><strong>verisimile</strong></span> <span class='ocrx_word' id='word_1_315' title='bbox 397 2470 470 2512; x_wconf 86' lang='lat' dir='ltr'><strong>est,</strong></span> <span class='ocrx_word' id='word_1_316' title='bbox 495 2479 541 2503; x_wconf 79' lang='lat' dir='ltr'><strong>se</strong></span> <span class='ocrx_word' id='word_1_317' title='bbox 562 2468 671 2518; x_wconf 80' lang='lat' dir='ltr'><strong>ipsos</strong></span> <span class='ocrx_word' id='word_1_318' title='bbox 697 2467 758 2504; x_wconf 90' lang='lat' dir='ltr'><strong>hic</strong></span> <span class='ocrx_word' id='word_1_319' title='bbox 784 2467 968 2506; x_wconf 67' lang='lat' dir='ltr'><strong>cinaedos</strong></span> 
     </span>
     <span class='ocr_line' id='line_1_41' title="bbox 99 2523 966 2574; baseline 0.002 -14"><span class='ocrx_word' id='word_1_320' title='bbox 99 2535 350 2573; x_wconf 78' lang='lat' dir='ltr'><strong>nuncupasse</strong></span> <span class='ocrx_word' id='word_1_321' title='bbox 381 2523 428 2560; x_wconf 84' lang='lat' dir='ltr'><strong>iis</strong></span> <span class='ocrx_word' id='word_1_322' title='bbox 461 2524 693 2568; x_wconf 81' lang='lat' dir='ltr'><strong>nominibus,</strong></span> <span class='ocrx_word' id='word_1_323' title='bbox 732 2524 870 2574; x_wconf 77' lang='lat' dir='ltr'><strong>quibus</strong></span> <span class='ocrx_word' id='word_1_324' title='bbox 897 2524 966 2562; x_wconf 89' lang='lat' dir='ltr'><strong>Ar-</strong></span> 
     </span>
     <span class='ocr_line' id='line_1_42' title="bbox 101 2578 965 2631; baseline 0.001 -14"><span class='ocrx_word' id='word_1_325' title='bbox 101 2578 292 2629; x_wconf 72' lang='lat' dir='ltr'><strong>chigallus</strong></span> <span class='ocrx_word' id='word_1_326' title='bbox 318 2592 387 2618; x_wconf 81' lang='lat' dir='ltr'><strong>eos</strong></span> <span class='ocrx_word' id='word_1_327' title='bbox 413 2580 613 2631; x_wconf 78' lang='lat' dir='ltr'><strong>appellare</strong></span> <span class='ocrx_word' id='word_1_328' title='bbox 639 2580 804 2618; x_wconf 81' lang='lat' dir='ltr'><strong>solebat.</strong></span> <span class='ocrx_word' id='word_1_329' title='bbox 834 2579 965 2619; x_wconf 81' lang='lat' dir='ltr'><strong>Utrum</strong></span> 
     </span>
     <span class='ocr_line' id='line_1_43' title="bbox 101 2635 968 2683; baseline 0.001 -9"><span class='ocrx_word' id='word_1_330' title='bbox 101 2649 185 2674; x_wconf 87' lang='lat' dir='ltr'><strong>cum</strong></span> <span class='ocrx_word' id='word_1_331' title='bbox 221 2635 309 2674; x_wconf 82' lang='lat' dir='ltr'><strong>aliis</strong></span> <span class='ocrx_word' id='word_1_332' title='bbox 345 2636 592 2674; x_wconf 86' lang='lat' dir='ltr'><strong>statuendum</strong></span> <span class='ocrx_word' id='word_1_333' title='bbox 635 2637 704 2683; x_wconf 72' lang='lat' dir='ltr'><strong>sit,</strong></span> <span class='ocrx_word' id='word_1_334' title='bbox 748 2636 796 2674; x_wconf 89' lang='lat' dir='ltr'><strong>ad</strong></span> <span class='ocrx_word' id='word_1_335' title='bbox 839 2650 968 2675; x_wconf 85' lang='lat' dir='ltr'><strong>eorum</strong></span> 
     </span>
     <span class='ocr_line' id='line_1_44' title="bbox 100 2693 967 2743; baseline 0 -13"><span class='ocrx_word' id='word_1_336' title='bbox 100 2705 219 2743; x_wconf 82' lang='lat' dir='ltr'><strong>opera</strong></span> <span class='ocrx_word' id='word_1_337' title='bbox 243 2694 457 2731; x_wconf 84' lang='lat' dir='ltr'><strong>meretricia</strong></span> <span class='ocrx_word' id='word_1_338' title='bbox 482 2697 520 2730; x_wconf 91' lang='lat' dir='ltr'><strong>et</strong></span> <span class='ocrx_word' id='word_1_339' title='bbox 540 2693 706 2732; x_wconf 85' lang='lat' dir='ltr'><strong>nefanda</strong></span> <span class='ocrx_word' id='word_1_340' title='bbox 732 2695 889 2743; x_wconf 76' lang='grc' dir='ltr'><strong>(πῶλος)</strong></span> <span class='ocrx_word' id='word_1_341' title='bbox 917 2693 967 2731; x_wconf 87' lang='lat' dir='ltr'><strong>al-</strong></span> 
     </span>
     <span class='ocr_line' id='line_1_45' title="bbox 102 2748 966 2801; baseline 0.002 -15"><span class='ocrx_word' id='word_1_342' title='bbox 102 2748 247 2786; x_wconf 78' lang='lat' dir='ltr'><strong>lusisse</strong></span> <span class='ocrx_word' id='word_1_343' title='bbox 277 2749 507 2801; x_wconf 84' lang='lat' dir='ltr'><strong>Apuleium.</strong></span> <span class='ocrx_word' id='word_1_344' title='bbox 538 2750 628 2788; x_wconf 88' lang='lat' dir='ltr'><strong>mihi</strong></span> <span class='ocrx_word' id='word_1_345' title='bbox 661 2763 729 2801; x_wconf 86' lang='lat' dir='ltr'><strong>pro</strong></span> <span class='ocrx_word' id='word_1_346' title='bbox 763 2754 866 2788; x_wconf 86' lang='lat' dir='ltr'><strong>certo</strong></span> <span class='ocrx_word' id='word_1_347' title='bbox 894 2765 966 2788; x_wconf 89' lang='lat' dir='ltr'><strong>non</strong></span> 
     </span>
     <span class='ocr_line' id='line_1_46' title="bbox 101 2804 966 2846; baseline 0.003 -4"><span class='ocrx_word' id='word_1_348' title='bbox 101 2808 263 2843; x_wconf 85' lang='lat' dir='ltr'><strong>constat.</strong></span> <span class='ocrx_word' id='word_1_349' title='bbox 290 2805 337 2845; x_wconf 84' lang='lat' dir='ltr'><strong>cf.</strong></span> <span class='ocrx_word' id='word_1_350' title='bbox 354 2804 482 2845; x_wconf 88' lang='lat' dir='ltr'><strong>Plaut.</strong></span> <span class='ocrx_word' id='word_1_351' title='bbox 497 2805 624 2845; x_wconf 81' lang='lat' dir='ltr'><strong>Casin.</strong></span> <span class='ocrx_word' id='word_1_352' title='bbox 641 2805 668 2844; x_wconf 92' lang='lat' dir='ltr'><strong>l.</strong></span> <span class='ocrx_word' id='word_1_353' title='bbox 683 2810 747 2846; x_wconf 88' lang='lat'><strong>51.</strong></span> <span class='ocrx_word' id='word_1_354' title='bbox 774 2805 867 2845; x_wconf 89' lang='lat' dir='ltr'><strong>Hor.</strong></span> <span class='ocrx_word' id='word_1_355' title='bbox 882 2806 966 2846; x_wconf 85' lang='lat' dir='ltr'><strong>Sat.</strong></span> 
     </span>
     <span class='ocr_line' id='line_1_47' title="bbox 101 2859 965 2914; baseline 0.005 -16"><span class='ocrx_word' id='word_1_356' title='bbox 101 2859 127 2898; x_wconf 92' lang='lat' dir='ltr'><strong>l.</strong></span> <span class='ocrx_word' id='word_1_357' title='bbox 165 2865 202 2901; x_wconf 88' lang='lat'><strong>3.</strong></span> <span class='ocrx_word' id='word_1_358' title='bbox 239 2866 302 2902; x_wconf 83' lang='grc'><strong>45.</strong></span> <span class='ocrx_word' id='word_1_359' title='bbox 352 2861 494 2901; x_wconf 90' lang='lat' dir='ltr'><strong>Fronto</strong></span> <span class='ocrx_word' id='word_1_360' title='bbox 525 2862 575 2900; x_wconf 85' lang='lat' dir='ltr'><strong>ad</strong></span> <span class='ocrx_word' id='word_1_361' title='bbox 606 2863 748 2901; x_wconf 86' lang='lat' dir='ltr'><strong>Anton.</strong></span> <span class='ocrx_word' id='word_1_362' title='bbox 776 2861 913 2914; x_wconf 75' lang='lat' dir='ltr'><strong>lmper.</strong></span> <span class='ocrx_word' id='word_1_363' title='bbox 939 2862 965 2902; x_wconf 94' lang='lat' dir='ltr'><strong>l.</strong></span> 
     </span>
     <span class='ocr_line' id='line_1_48' title="bbox 103 2915 973 2971; baseline 0.002 -16"><span class='ocrx_word' id='word_1_364' title='bbox 103 2915 226 2968; x_wconf 83' lang='lat' dir='ltr'><strong>Epist.</strong></span> <span class='ocrx_word' id='word_1_365' title='bbox 253 2921 289 2958; x_wconf 90' lang='lat'><strong>3.</strong></span> <span class='ocrx_word' id='word_1_366' title='bbox 317 2932 352 2970; x_wconf 83' lang='lat' dir='ltr'><strong>p.</strong></span> <span class='ocrx_word' id='word_1_367' title='bbox 384 2924 473 2959; x_wconf 84' lang='lat'><strong>151.</strong></span> <span class='ocrx_word' id='word_1_368' title='bbox 505 2919 567 2958; x_wconf 87' lang='lat' dir='ltr'><strong>ed.</strong></span> <span class='ocrx_word' id='word_1_369' title='bbox 592 2919 705 2957; x_wconf 81' lang='lat' dir='ltr'><strong>Rom.</strong></span> <span class='ocrx_word' id='word_1_370' title='bbox 746 2919 842 2958; x_wconf 71' lang='lat' dir='ltr'><strong>Vidi</strong></span> <span class='ocrx_word' id='word_1_371' title='bbox 867 2919 973 2971; x_wconf 80' lang='lat' dir='ltr'><strong>pul·</strong></span> 
     </span>
     <span class='ocr_line' id='line_1_49' title="bbox 103 2973 972 3028; baseline 0.003 -16"><span class='ocrx_word' id='word_1_372' title='bbox 103 2973 177 3013; x_wconf 81' lang='lat' dir='ltr'><strong>lul</strong></span> <span class='ocrx_word' id='word_1_373' title='bbox 185 2987 234 3013; x_wconf 80' lang='lat' dir='ltr'><strong>os</strong></span> <span class='ocrx_word' id='word_1_374' title='bbox 257 2979 337 3014; x_wconf 76' lang='lat' dir='ltr'><strong>tam</strong></span> <span class='ocrx_word' id='word_1_375' title='bbox 360 2975 481 3015; x_wconf 71' lang='lat' dir='ltr'><strong>simili</strong></span> <span class='ocrx_word' id='word_1_376' title='bbox 496 2977 610 3028; x_wconf 79' lang='lat' dir='ltr'><strong>facie</strong></span> <span class='ocrx_word' id='word_1_377' title='bbox 629 2976 715 3014; x_wconf 76' lang='lat' dir='ltr'><strong>tibi.</strong></span> <span class='ocrx_word' id='word_1_378' title='bbox 741 2975 803 3014; x_wconf 91' lang='lat' dir='ltr'><strong>De</strong></span> <span class='ocrx_word' id='word_1_379' title='bbox 813 2976 972 3026; x_wconf 77' lang='lat' dir='ltr'><strong>palmu-</strong></span> 
     </span>
     <span class='ocr_line' id='line_1_50' title="bbox 104 3029 972 3084; baseline 0.002 -16"><span class='ocrx_word' id='word_1_380' title='bbox 104 3029 208 3069; x_wconf 73' lang='lat' dir='ltr'><strong>bulis</strong></span> <span class='ocrx_word' id='word_1_381' title='bbox 232 3029 278 3068; x_wconf 85' lang='lat' dir='ltr'><strong>cf.</strong></span> <span class='ocrx_word' id='word_1_382' title='bbox 304 3029 429 3071; x_wconf 84' lang='lat' dir='ltr'><strong>Plaut.</strong></span> <span class='ocrx_word' id='word_1_383' title='bbox 457 3032 506 3071; x_wconf 82' lang='lat' dir='ltr'><strong>ad</strong></span> <span class='ocrx_word' id='word_1_384' title='bbox 531 3031 674 3071; x_wconf 87' lang='lat' dir='ltr'><strong>Bacch.</strong></span> <span class='ocrx_word' id='word_1_385' title='bbox 697 3031 721 3070; x_wconf 89' lang='lat' dir='ltr'><strong>l.</strong></span> <span class='ocrx_word' id='word_1_386' title='bbox 746 3036 781 3072; x_wconf 88' lang='lat'><strong>1.</strong></span> <span class='ocrx_word' id='word_1_387' title='bbox 797 3035 881 3077; x_wconf 64' lang='lat'><strong>35„</strong></span> <span class='ocrx_word' id='word_1_388' title='bbox 907 3033 972 3084; x_wconf 86' lang='lat' dir='ltr'><strong>qui</strong></span> 
     </span>
     <span class='ocr_line' id='line_1_51' title="bbox 101 3085 942 3141; baseline 0.002 -17"><span class='ocrx_word' id='word_1_389' title='bbox 101 3085 176 3124; x_wconf 89' lang='lat' dir='ltr'><strong>hoc</strong></span> <span class='ocrx_word' id='word_1_390' title='bbox 199 3087 426 3127; x_wconf 86' lang='lat' dir='ltr'><strong>vocabulum</strong></span> <span class='ocrx_word' id='word_1_391' title='bbox 452 3089 548 3127; x_wconf 84' lang='lat' dir='ltr'><strong>inter</strong></span> <span class='ocrx_word' id='word_1_392' title='bbox 573 3089 772 3128; x_wconf 82' lang='lat' dir='ltr'><strong>obscoena</strong></span> <span class='ocrx_word' id='word_1_393' title='bbox 795 3088 942 3141; x_wconf 71' lang='lat' dir='ltr'><strong>refert]</strong></span> 
     </span>
    </p>

    <p class='ocr_par' dir='ltr' id='par_1_7' title="bbox 160 3142 968 3197">
     <span class='ocr_line' id='line_1_52' title="bbox 160 3142 968 3197; baseline 0.004 -17"><span class='ocrx_word' id='word_1_394' title='bbox 160 3142 372 3184; x_wconf 76' lang='lat' dir='ltr'><strong>choraula.</strong></span> <span class='ocrx_word' id='word_1_395' title='bbox 421 3144 514 3183; x_wconf 64' lang='lat' dir='ltr'><strong>sum</strong></span> <span class='ocrx_word' id='word_1_396' title='bbox 541 3144 639 3183; x_wconf 86' lang='lat' dir='ltr'><strong>Elm.</strong></span> <span class='ocrx_word' id='word_1_397' title='bbox 675 3144 841 3197; x_wconf 75' lang='lat' dir='ltr'><strong>aliisque</strong></span> <span class='ocrx_word' id='word_1_398' title='bbox 867 3144 968 3183; x_wconf 91' lang='lat' dir='ltr'><strong>Oud.</strong></span> 
     </span>
    </p>
   </div>
   <div class='ocr_carea' id='block_1_7' title="bbox 1021 826 1896 3189">
    <p class='ocr_par' dir='ltr' id='par_1_8' title="bbox 1021 826 1896 3189">
     <span class='ocr_line' id='line_1_53' title="bbox 1022 826 1885 881; baseline -0.007 -13"><span class='ocrx_word' id='word_1_399' title='bbox 1022 829 1192 881; x_wconf 84' lang='lat' dir='ltr'><strong>praefert</strong></span> <span class='ocrx_word' id='word_1_400' title='bbox 1212 828 1417 868; x_wconf 88' lang='lat' dir='ltr'><strong>lectionem</strong></span> <span class='ocrx_word' id='word_1_401' title='bbox 1438 826 1627 867; x_wconf 78' lang='lat' dir='ltr'><strong>ceraulae</strong></span> <span class='ocrx_word' id='word_1_402' title='bbox 1640 828 1799 878; x_wconf 85' lang='lat' dir='ltr'><strong>propter</strong></span> <span class='ocrx_word' id='word_1_403' title='bbox 1822 838 1885 862; x_wconf 84' lang='lat' dir='ltr'><strong>se-</strong></span> 
     </span>
     <span class='ocr_line' id='line_1_54' title="bbox 1023 881 1885 938; baseline -0.006 -14"><span class='ocrx_word' id='word_1_404' title='bbox 1023 887 1179 938; x_wconf 82' lang='lat' dir='ltr'><strong>quentia</strong></span> <span class='ocrx_word' id='word_1_405' title='bbox 1224 887 1293 938; x_wconf 73' lang='lat' dir='ltr'><strong>qui</strong></span> <span class='ocrx_word' id='word_1_406' title='bbox 1336 901 1358 925; x_wconf 85' lang='lat' dir='ltr'><strong>c</strong></span> <span class='ocrx_word' id='word_1_407' title='bbox 1374 898 1512 924; x_wconf 77' lang='lat' dir='ltr'><strong>ornu</strong></span> <span class='ocrx_word' id='word_1_408' title='bbox 1555 896 1701 923; x_wconf 77' lang='lat' dir='ltr'><strong>canens</strong></span> <span class='ocrx_word' id='word_1_409' title='bbox 1743 881 1885 920; x_wconf 82' lang='lat' dir='ltr'><strong>adam-</strong></span> 
     </span>
     <span class='ocr_line' id='line_1_55' title="bbox 1023 938 1884 983; baseline -0.009 -1"><span class='ocrx_word' id='word_1_410' title='bbox 1023 943 1198 983; x_wconf 77' lang='lat' dir='ltr'><strong>lmlabat.</strong></span> <span class='ocrx_word' id='word_1_411' title='bbox 1274 942 1521 982; x_wconf 71' lang='lat' dir='ltr'><strong>Clzorazclam</strong></span> <span class='ocrx_word' id='word_1_412' title='bbox 1551 940 1653 978; x_wconf 87' lang='lat' dir='ltr'><strong>enim</strong></span> <span class='ocrx_word' id='word_1_413' title='bbox 1683 951 1777 976; x_wconf 79' lang='lat' dir='ltr'><strong>esse</strong></span> <span class='ocrx_word' id='word_1_414' title='bbox 1802 938 1884 976; x_wconf 86' lang='lat' dir='ltr'><strong>tibi-</strong></span> 
     </span>
     <span class='ocr_line' id='line_1_56' title="bbox 1022 995 1885 1045; baseline -0.006 -9"><span class='ocrx_word' id='word_1_415' title='bbox 1022 1000 1162 1045; x_wconf 82' lang='lat' dir='ltr'><strong>cinem,</strong></span> <span class='ocrx_word' id='word_1_416' title='bbox 1188 999 1282 1036; x_wconf 84' lang='lat' dir='ltr'><strong>tibia</strong></span> <span class='ocrx_word' id='word_1_417' title='bbox 1307 1003 1411 1036; x_wconf 87' lang='lat' dir='ltr'><strong>recta</strong></span> <span class='ocrx_word' id='word_1_418' title='bbox 1437 998 1472 1035; x_wconf 92' lang='lat' dir='ltr'><strong>in</strong></span> <span class='ocrx_word' id='word_1_419' title='bbox 1498 997 1622 1035; x_wconf 84' lang='lat' dir='ltr'><strong>sacris</strong></span> <span class='ocrx_word' id='word_1_420' title='bbox 1648 995 1885 1034; x_wconf 84' lang='lat' dir='ltr'><strong>Graecorum</strong></span> 
     </span>
     <span class='ocr_line' id='line_1_57' title="bbox 1023 1050 1887 1105; baseline -0.006 -12"><span class='ocrx_word' id='word_1_421' title='bbox 1023 1056 1123 1094; x_wconf 84' lang='lat' dir='ltr'><strong>ludis</strong></span> <span class='ocrx_word' id='word_1_422' title='bbox 1148 1055 1356 1105; x_wconf 85' lang='lat' dir='ltr'><strong>chorisque</strong></span> <span class='ocrx_word' id='word_1_423' title='bbox 1381 1057 1582 1092; x_wconf 87' lang='lat' dir='ltr'><strong>canentem</strong></span> <span class='ocrx_word' id='word_1_424' title='bbox 1609 1052 1696 1091; x_wconf 87' lang='lat' dir='ltr'><strong>coll.</strong></span> <span class='ocrx_word' id='word_1_425' title='bbox 1722 1051 1810 1090; x_wconf 88' lang='lat' dir='ltr'><strong>dict.</strong></span> <span class='ocrx_word' id='word_1_426' title='bbox 1836 1050 1887 1089; x_wconf 82' lang='lat' dir='ltr'><strong>ad</strong></span> 
     </span>
     <span class='ocr_line' id='line_1_58' title="bbox 1021 1106 1885 1151; baseline -0.005 -2"><span class='ocrx_word' id='word_1_427' title='bbox 1021 1113 1130 1151; x_wconf 85' lang='lat' dir='ltr'><strong>Suet.</strong></span> <span class='ocrx_word' id='word_1_428' title='bbox 1166 1111 1259 1149; x_wconf 89' lang='lat' dir='ltr'><strong>Ner.</strong></span> <span class='ocrx_word' id='word_1_429' title='bbox 1297 1125 1327 1150; x_wconf 90' lang='lat' dir='ltr'><strong>c.</strong></span> <span class='ocrx_word' id='word_1_430' title='bbox 1367 1115 1430 1151; x_wconf 87' lang='grc'><strong>54.</strong></span> <span class='ocrx_word' id='word_1_431' title='bbox 1478 1108 1662 1148; x_wconf 81' lang='lat' dir='ltr'><strong>Harduin.</strong></span> <span class='ocrx_word' id='word_1_432' title='bbox 1700 1108 1749 1146; x_wconf 87' lang='lat' dir='ltr'><strong>ad</strong></span> <span class='ocrx_word' id='word_1_433' title='bbox 1784 1106 1885 1145; x_wconf 89' lang='lat' dir='ltr'><strong>Plin.</strong></span> 
     </span>
     <span class='ocr_line' id='line_1_59' title="bbox 1021 1165 1886 1208; baseline -0.007 -2"><span class='ocrx_word' id='word_1_434' title='bbox 1021 1167 1228 1206; x_wconf 65' lang='lat' dir='ltr'><strong>XXXVII.</strong></span> <span class='ocrx_word' id='word_1_435' title='bbox 1248 1173 1281 1208; x_wconf 90' lang='lat'><strong>1.</strong></span> <span class='ocrx_word' id='word_1_436' title='bbox 1308 1166 1428 1205; x_wconf 82' lang='lat' dir='ltr'><strong>Tales</strong></span> <span class='ocrx_word' id='word_1_437' title='bbox 1443 1179 1535 1204; x_wconf 80' lang='lat' dir='ltr'><strong>vero</strong></span> <span class='ocrx_word' id='word_1_438' title='bbox 1556 1165 1772 1204; x_wconf 82' lang='lat' dir='ltr'><strong>cornicines</strong></span> <span class='ocrx_word' id='word_1_439' title='bbox 1785 1177 1886 1201; x_wconf 75' lang='lat' dir='ltr'><strong>sein-</strong></span> 
     </span>
     <span class='ocr_line' id='line_1_60' title="bbox 1021 1221 1886 1275; baseline -0.003 -14"><span class='ocrx_word' id='word_1_440' title='bbox 1021 1238 1091 1275; x_wconf 69' lang='grc' dir='ltr'><strong>μοι·</strong></span> <span class='ocrx_word' id='word_1_441' title='bbox 1122 1224 1297 1263; x_wconf 81' lang='lat' dir='ltr'><strong>adfuisse</strong></span> <span class='ocrx_word' id='word_1_442' title='bbox 1329 1223 1464 1261; x_wconf 81' lang='lat' dir='ltr'><strong>lsiacis</strong></span> <span class='ocrx_word' id='word_1_443' title='bbox 1496 1228 1535 1260; x_wconf 90' lang='lat' dir='ltr'><strong>et</strong></span> <span class='ocrx_word' id='word_1_444' title='bbox 1560 1222 1734 1274; x_wconf 67' lang='lat' dir='ltr'><strong>Cybeles</strong></span> <span class='ocrx_word' id='word_1_445' title='bbox 1760 1221 1886 1259; x_wconf 86' lang='lat' dir='ltr'><strong>Deae-</strong></span> 
     </span>
     <span class='ocr_line' id='line_1_61' title="bbox 1022 1278 1890 1331; baseline -0.003 -13"><span class='ocrx_word' id='word_1_446' title='bbox 1022 1294 1097 1331; x_wconf 86' lang='lat' dir='ltr'><strong>que</strong></span> <span class='ocrx_word' id='word_1_447' title='bbox 1123 1280 1262 1331; x_wconf 81' lang='lat' dir='ltr'><strong>Syriae</strong></span> <span class='ocrx_word' id='word_1_448' title='bbox 1282 1280 1415 1318; x_wconf 77' lang='lat' dir='ltr'><strong>sacris.</strong></span> <span class='ocrx_word' id='word_1_449' title='bbox 1455 1279 1553 1326; x_wconf 81' lang='lat' dir='ltr'><strong>Quia</strong></span> <span class='ocrx_word' id='word_1_450' title='bbox 1575 1283 1703 1317; x_wconf 87' lang='lat' dir='ltr'><strong>tamen</strong></span> <span class='ocrx_word' id='word_1_451' title='bbox 1727 1282 1765 1316; x_wconf 88' lang='lat' dir='ltr'><strong>et</strong></span> <span class='ocrx_word' id='word_1_452' title='bbox 1777 1278 1890 1316; x_wconf 79' lang='lat' dir='ltr'><strong>turba</strong></span> 
     </span>
     <span class='ocr_line' id='line_1_62' title="bbox 1026 1335 1888 1385; baseline -0.006 -10"><span class='ocrx_word' id='word_1_453' title='bbox 1026 1337 1234 1375; x_wconf 73' lang='lat' dir='ltr'><strong>tibicinum</strong></span> <span class='ocrx_word' id='word_1_454' title='bbox 1258 1335 1435 1381; x_wconf 81' lang='lat' dir='ltr'><strong>adfuerit,</strong></span> <span class='ocrx_word' id='word_1_455' title='bbox 1463 1340 1502 1373; x_wconf 89' lang='lat' dir='ltr'><strong>ut</strong></span> <span class='ocrx_word' id='word_1_456' title='bbox 1527 1335 1589 1373; x_wconf 74' lang='lat' dir='ltr'><strong>vel</strong></span> <span class='ocrx_word' id='word_1_457' title='bbox 1617 1348 1665 1372; x_wconf 82' lang='lat' dir='ltr'><strong>ex</strong></span> <span class='ocrx_word' id='word_1_458' title='bbox 1689 1348 1777 1385; x_wconf 72' lang='lat' dir='ltr'><strong>pag.</strong></span> <span class='ocrx_word' id='word_1_459' title='bbox 1804 1347 1888 1384; x_wconf 84' lang='lat' dir='ltr'><strong>seq.</strong></span> 
     </span>
     <span class='ocr_line' id='line_1_63' title="bbox 1025 1387 1890 1443; baseline -0.003 -12"><span class='ocrx_word' id='word_1_460' title='bbox 1025 1397 1063 1431; x_wconf 88' lang='lat' dir='ltr'><strong>et</strong></span> <span class='ocrx_word' id='word_1_461' title='bbox 1084 1393 1243 1431; x_wconf 84' lang='lat' dir='ltr'><strong>Luciani</strong></span> <span class='ocrx_word' id='word_1_462' title='bbox 1271 1389 1434 1443; x_wconf 66' lang='grc' dir='ltr'><strong>αὐλητὴς</strong></span> <span class='ocrx_word' id='word_1_463' title='bbox 1455 1387 1582 1442; x_wconf 65' lang='grc' dir='ltr'><strong>ὅμιλος</strong></span> <span class='ocrx_word' id='word_1_464' title='bbox 1607 1394 1750 1442; x_wconf 73' lang='lat' dir='ltr'><strong>pateat.</strong></span> <span class='ocrx_word' id='word_1_465' title='bbox 1778 1389 1890 1428; x_wconf 80' lang='lat' dir='ltr'><strong>libra·</strong></span> 
     </span>
     <span class='ocr_line' id='line_1_64' title="bbox 1023 1446 1889 1501; baseline -0.006 -14"><span class='ocrx_word' id='word_1_466' title='bbox 1023 1450 1102 1488; x_wconf 84' lang='lat' dir='ltr'><strong>rios</strong></span> <span class='ocrx_word' id='word_1_467' title='bbox 1127 1453 1237 1501; x_wconf 83' lang='lat' dir='ltr'><strong>putat</strong></span> <span class='ocrx_word' id='word_1_468' title='bbox 1262 1449 1351 1487; x_wconf 83' lang='lat' dir='ltr'><strong>inde</strong></span> <span class='ocrx_word' id='word_1_469' title='bbox 1378 1448 1578 1488; x_wconf 77' lang='lat' dir='ltr'><strong>choraula</strong></span> <span class='ocrx_word' id='word_1_470' title='bbox 1606 1448 1808 1486; x_wconf 76' lang='lat' dir='ltr'><strong>sornmsse.</strong></span> <span class='ocrx_word' id='word_1_471' title='bbox 1846 1446 1889 1484; x_wconf 85' lang='lat' dir='ltr'><strong>Si</strong></span> 
     </span>
     <span class='ocr_line' id='line_1_65' title="bbox 1022 1505 1875 1556; baseline -0.002 -14"><span class='ocrx_word' id='word_1_472' title='bbox 1022 1520 1114 1543; x_wconf 82' lang='lat' dir='ltr'><strong>vero</strong></span> <span class='ocrx_word' id='word_1_473' title='bbox 1141 1505 1244 1545; x_wconf 89' lang='lat' dir='ltr'><strong>Oud.</strong></span> <span class='ocrx_word' id='word_1_474' title='bbox 1271 1506 1319 1543; x_wconf 77' lang='lat' dir='ltr'><strong>(le</strong></span> <span class='ocrx_word' id='word_1_475' title='bbox 1349 1505 1431 1542; x_wconf 79' lang='lat' dir='ltr'><strong>Deo</strong></span> <span class='ocrx_word' id='word_1_476' title='bbox 1448 1505 1597 1543; x_wconf 81' lang='lat' dir='ltr'><strong>Socrat.</strong></span> <span class='ocrx_word' id='word_1_477' title='bbox 1620 1518 1654 1555; x_wconf 75' lang='grc' dir='ltr'><strong>μ.</strong></span> <span class='ocrx_word' id='word_1_478' title='bbox 1673 1507 1762 1543; x_wconf 86' lang='grc'><strong>149.</strong></span> <span class='ocrx_word' id='word_1_479' title='bbox 1789 1517 1875 1556; x_wconf 65' lang='lat' dir='ltr'><strong>cym.</strong></span> 
     </span>
     <span class='ocr_line' id='line_1_66' title="bbox 1023 1562 1890 1615; baseline -0.001 -16"><span class='ocrx_word' id='word_1_480' title='bbox 1023 1564 1258 1602; x_wconf 71' lang='lat' dir='ltr'><strong>balistarum.</strong></span> <span class='ocrx_word' id='word_1_481' title='bbox 1284 1567 1322 1600; x_wconf 75' lang='lat' dir='ltr'><strong>el</strong></span> <span class='ocrx_word' id='word_1_482' title='bbox 1345 1562 1679 1615; x_wconf 64' lang='lat' dir='ltr'><strong>lytnpam&#39;slmwm</strong></span> <span class='ocrx_word' id='word_1_483' title='bbox 1697 1565 1736 1598; x_wconf 75' lang='lat' dir='ltr'><strong>et</strong></span> <span class='ocrx_word' id='word_1_484' title='bbox 1753 1574 1890 1598; x_wconf 73' lang='lat' dir='ltr'><strong>cerau-</strong></span> 
     </span>
     <span class='ocr_line' id='line_1_67' title="bbox 1023 1618 1890 1669; baseline -0.005 -12"><span class='ocrx_word' id='word_1_485' title='bbox 1023 1620 1151 1658; x_wconf 79' lang='lat' dir='ltr'><strong>larmu</strong></span> <span class='ocrx_word' id='word_1_486' title='bbox 1181 1619 1311 1669; x_wconf 75' lang='lat' dir='ltr'><strong>legere</strong></span> <span class='ocrx_word' id='word_1_487' title='bbox 1330 1618 1488 1656; x_wconf 79' lang='lat' dir='ltr'><strong>mavult.</strong></span> <span class='ocrx_word' id='word_1_488' title='bbox 1515 1622 1628 1663; x_wconf 74' lang='lat' dir='ltr'><strong>errat,</strong></span> <span class='ocrx_word' id='word_1_489' title='bbox 1655 1629 1783 1667; x_wconf 90' lang='lat' dir='ltr'><strong>neque</strong></span> <span class='ocrx_word' id='word_1_490' title='bbox 1803 1629 1890 1654; x_wconf 84' lang='lat' dir='ltr'><strong>sen-</strong></span> 
     </span>
     <span class='ocr_line' id='line_1_68' title="bbox 1021 1673 1891 1725; baseline -0.005 -12"><span class='ocrx_word' id='word_1_491' title='bbox 1021 1677 1139 1714; x_wconf 78' lang='lat' dir='ltr'><strong>tentia</strong></span> <span class='ocrx_word' id='word_1_492' title='bbox 1180 1675 1251 1713; x_wconf 86' lang='lat' dir='ltr'><strong>loci</strong></span> <span class='ocrx_word' id='word_1_493' title='bbox 1291 1688 1416 1725; x_wconf 83' lang='lat' dir='ltr'><strong>neque</strong></span> <span class='ocrx_word' id='word_1_494' title='bbox 1455 1674 1635 1711; x_wconf 70' lang='lat' dir='ltr'><strong>librorum</strong></span> <span class='ocrx_word' id='word_1_495' title='bbox 1663 1673 1891 1712; x_wconf 79' lang='lat' dir='ltr'><strong>auctoritate</strong></span> 
     </span>
     <span class='ocr_line' id='line_1_69' title="bbox 1021 1728 1892 1771; baseline -0.006 0"><span class='ocrx_word' id='word_1_496' title='bbox 1021 1737 1192 1771; x_wconf 81' lang='lat' dir='ltr'><strong>coactus.</strong></span> <span class='ocrx_word' id='word_1_497' title='bbox 1246 1732 1305 1770; x_wconf 83' lang='lat' dir='ltr'><strong>De</strong></span> <span class='ocrx_word' id='word_1_498' title='bbox 1331 1731 1497 1771; x_wconf 72' lang='lat' dir='ltr'><strong>coraula</strong></span> <span class='ocrx_word' id='word_1_499' title='bbox 1523 1730 1570 1769; x_wconf 81' lang='lat' dir='ltr'><strong>cf.</strong></span> <span class='ocrx_word' id='word_1_500' title='bbox 1599 1730 1681 1768; x_wconf 84' lang='lat' dir='ltr'><strong>lntt.</strong></span> <span class='ocrx_word' id='word_1_501' title='bbox 1705 1729 1753 1767; x_wconf 86' lang='lat' dir='ltr'><strong>ad</strong></span> <span class='ocrx_word' id='word_1_502' title='bbox 1775 1728 1892 1768; x_wconf 78' lang='lat' dir='ltr'><strong>ovid.</strong></span> 
     </span>
     <span class='ocr_line' id='line_1_70' title="bbox 1024 1785 1893 1839; baseline -0.005 -12"><span class='ocrx_word' id='word_1_503' title='bbox 1024 1789 1151 1839; x_wconf 68' lang='lat' dir='ltr'><strong>Epist.</strong></span> <span class='ocrx_word' id='word_1_504' title='bbox 1190 1802 1238 1826; x_wconf 86' lang='lat' dir='ltr'><strong>ex</strong></span> <span class='ocrx_word' id='word_1_505' title='bbox 1275 1787 1384 1826; x_wconf 81' lang='lat' dir='ltr'><strong>Pont.</strong></span> <span class='ocrx_word' id='word_1_506' title='bbox 1418 1787 1442 1825; x_wconf 90' lang='lat' dir='ltr'><strong>l.</strong></span> <span class='ocrx_word' id='word_1_507' title='bbox 1482 1793 1513 1827; x_wconf 89' lang='lat' dir='ltr'><strong>l.</strong></span> <span class='ocrx_word' id='word_1_508' title='bbox 1549 1791 1611 1827; x_wconf 86' lang='lat'><strong>39.</strong></span> <span class='ocrx_word' id='word_1_509' title='bbox 1649 1785 1816 1837; x_wconf 76' lang='lat' dir='ltr'><strong>Neapol.</strong></span> <span class='ocrx_word' id='word_1_510' title='bbox 1854 1789 1893 1823; x_wconf 90' lang='lat' dir='ltr'><strong>et</strong></span> 
     </span>
     <span class='ocr_line' id='line_1_71' title="bbox 1024 1842 1890 1884; baseline -0.003 -1"><span class='ocrx_word' id='word_1_511' title='bbox 1024 1845 1161 1884; x_wconf 70' lang='lat' dir='ltr'><strong>Heius.</strong></span> <span class='ocrx_word' id='word_1_512' title='bbox 1188 1845 1237 1883; x_wconf 81' lang='lat' dir='ltr'><strong>ad</strong></span> <span class='ocrx_word' id='word_1_513' title='bbox 1263 1845 1377 1883; x_wconf 79' lang='lat' dir='ltr'><strong>ovid.</strong></span> <span class='ocrx_word' id='word_1_514' title='bbox 1406 1843 1524 1881; x_wconf 51' lang='lat' dir='ltr'><strong>(Pi-ist.</strong></span> <span class='ocrx_word' id='word_1_515' title='bbox 1552 1843 1615 1881; x_wconf 70' lang='lat' dir='ltr'><strong>lV.</strong></span> <span class='ocrx_word' id='word_1_516' title='bbox 1654 1847 1742 1882; x_wconf 49' lang='lat'><strong>¹181.</strong></span> <span class='ocrx_word' id='word_1_517' title='bbox 1782 1842 1890 1880; x_wconf 77' lang='lat' dir='ltr'><strong>Fast.</strong></span> 
     </span>
     <span class='ocr_line' id='line_1_72' title="bbox 1024 1899 1891 1950; baseline -0.003 -11"><span class='ocrx_word' id='word_1_518' title='bbox 1024 1901 1091 1940; x_wconf 70' lang='lat' dir='ltr'><strong>Vl.</strong></span> <span class='ocrx_word' id='word_1_519' title='bbox 1118 1905 1212 1943; x_wconf 72' lang='lat'><strong>660.</strong></span> <span class='ocrx_word' id='word_1_520' title='bbox 1262 1901 1384 1939; x_wconf 76' lang='lat' dir='ltr'><strong>Salui.</strong></span> <span class='ocrx_word' id='word_1_521' title='bbox 1420 1899 1518 1938; x_wconf 88' lang='lat' dir='ltr'><strong>Plin.</strong></span> <span class='ocrx_word' id='word_1_522' title='bbox 1558 1899 1724 1938; x_wconf 59' lang='lat' dir='ltr'><strong>Exci-cit.</strong></span> <span class='ocrx_word' id='word_1_523' title='bbox 1762 1913 1798 1950; x_wconf 85' lang='lat' dir='ltr'><strong>p.</strong></span> <span class='ocrx_word' id='word_1_524' title='bbox 1825 1902 1891 1938; x_wconf 88' lang='lat'><strong>87.</strong></span> 
     </span>
     <span class='ocr_line' id='line_1_73' title="bbox 1025 1956 1892 2009; baseline -0.005 -13"><span class='ocrx_word' id='word_1_525' title='bbox 1025 1957 1076 2009; x_wconf 83' lang='lat' dir='ltr'><strong>[E</strong></span> <span class='ocrx_word' id='word_1_526' title='bbox 1102 1959 1290 1996; x_wconf 84' lang='lat' dir='ltr'><strong>contrario</strong></span> <span class='ocrx_word' id='word_1_527' title='bbox 1316 1971 1390 2009; x_wconf 78' lang='lat' dir='ltr'><strong>ego</strong></span> <span class='ocrx_word' id='word_1_528' title='bbox 1423 1957 1653 2008; x_wconf 63' lang='lat' dir='ltr'><strong>putaverim.</strong></span> <span class='ocrx_word' id='word_1_529' title='bbox 1687 1956 1892 1995; x_wconf 71' lang='lat' dir='ltr'><strong>ceraulam</strong></span> 
     </span>
     <span class='ocr_line' id='line_1_74' title="bbox 1024 2012 1892 2063; baseline -0.005 -11"><span class='ocrx_word' id='word_1_530' title='bbox 1024 2015 1334 2053; x_wconf 83' lang='lat' dir='ltr'><strong>emendationem</strong></span> <span class='ocrx_word' id='word_1_531' title='bbox 1361 2027 1454 2052; x_wconf 72' lang='lat' dir='ltr'><strong>esse</strong></span> <span class='ocrx_word' id='word_1_532' title='bbox 1479 2026 1629 2058; x_wconf 78' lang='lat' dir='ltr'><strong>eorum,</strong></span> <span class='ocrx_word' id='word_1_533' title='bbox 1662 2014 1724 2063; x_wconf 88' lang='lat' dir='ltr'><strong>qui</strong></span> <span class='ocrx_word' id='word_1_534' title='bbox 1752 2026 1824 2052; x_wconf 92' lang='lat' dir='ltr'><strong>non</strong></span> <span class='ocrx_word' id='word_1_535' title='bbox 1851 2012 1892 2049; x_wconf 93' lang='lat' dir='ltr'><strong>ti-</strong></span> 
     </span>
     <span class='ocr_line' id='line_1_75' title="bbox 1027 2069 1892 2110; baseline -0.002 -2"><span class='ocrx_word' id='word_1_536' title='bbox 1027 2072 1100 2109; x_wconf 85' lang='lat' dir='ltr'><strong>biis</strong></span> <span class='ocrx_word' id='word_1_537' title='bbox 1119 2071 1191 2109; x_wconf 80' lang='lat' dir='ltr'><strong>sed</strong></span> <span class='ocrx_word' id='word_1_538' title='bbox 1212 2084 1328 2109; x_wconf 87' lang='lat' dir='ltr'><strong>cornu</strong></span> <span class='ocrx_word' id='word_1_539' title='bbox 1349 2084 1489 2110; x_wconf 86' lang='lat' dir='ltr'><strong>canere</strong></span> <span class='ocrx_word' id='word_1_540' title='bbox 1509 2070 1610 2107; x_wconf 83' lang='lat' dir='ltr'><strong>hunc</strong></span> <span class='ocrx_word' id='word_1_541' title='bbox 1629 2069 1824 2108; x_wconf 74' lang='lat' dir='ltr'><strong>servulum</strong></span> <span class='ocrx_word' id='word_1_542' title='bbox 1843 2081 1892 2106; x_wconf 84' lang='lat' dir='ltr'><strong>ex</strong></span> 
     </span>
     <span class='ocr_line' id='line_1_76' title="bbox 1025 2126 1893 2179; baseline -0.005 -13"><span class='ocrx_word' id='word_1_543' title='bbox 1025 2141 1140 2179; x_wconf 81' lang='lat' dir='ltr'><strong>seqq.</strong></span> <span class='ocrx_word' id='word_1_544' title='bbox 1165 2127 1441 2178; x_wconf 80' lang='lat' dir='ltr'><strong>intelligebant.</strong></span> <span class='ocrx_word' id='word_1_545' title='bbox 1479 2126 1576 2165; x_wconf 74' lang='lat' dir='ltr'><strong>Mihi</strong></span> <span class='ocrx_word' id='word_1_546' title='bbox 1604 2126 1758 2177; x_wconf 84' lang='lat' dir='ltr'><strong>quidem</strong></span> <span class='ocrx_word' id='word_1_547' title='bbox 1783 2139 1893 2176; x_wconf 77' lang='lat' dir='ltr'><strong>aper-</strong></span> 
     </span>
     <span class='ocr_line' id='line_1_77' title="bbox 1025 2182 1893 2235; baseline -0.002 -14"><span class='ocrx_word' id='word_1_548' title='bbox 1025 2189 1104 2221; x_wconf 79' lang='lat' dir='ltr'><strong>tum</strong></span> <span class='ocrx_word' id='word_1_549' title='bbox 1136 2189 1214 2231; x_wconf 69' lang='lat' dir='ltr'><strong>est,</strong></span> <span class='ocrx_word' id='word_1_550' title='bbox 1253 2184 1463 2235; x_wconf 78' lang='lat' dir='ltr'><strong>Apuleium</strong></span> <span class='ocrx_word' id='word_1_551' title='bbox 1501 2183 1584 2221; x_wconf 84' lang='lat' dir='ltr'><strong>sere</strong></span> <span class='ocrx_word' id='word_1_552' title='bbox 1621 2182 1764 2221; x_wconf 88' lang='lat' dir='ltr'><strong>nullum</strong></span> <span class='ocrx_word' id='word_1_553' title='bbox 1797 2182 1893 2220; x_wconf 80' lang='lat' dir='ltr'><strong>inter</strong></span> 
     </span>
     <span class='ocr_line' id='line_1_78' title="bbox 1024 2239 1893 2293; baseline 0 -16"><span class='ocrx_word' id='word_1_554' title='bbox 1024 2245 1226 2293; x_wconf 81' lang='lat' dir='ltr'><strong>utrumque</strong></span> <span class='ocrx_word' id='word_1_555' title='bbox 1252 2241 1482 2278; x_wconf 83' lang='lat' dir='ltr'><strong>vocabulum</strong></span> <span class='ocrx_word' id='word_1_556' title='bbox 1509 2240 1713 2278; x_wconf 75' lang='lat' dir='ltr'><strong>discrimen</strong></span> <span class='ocrx_word' id='word_1_557' title='bbox 1741 2239 1893 2290; x_wconf 77' lang='lat' dir='ltr'><strong>posuis-</strong></span> 
     </span>
     <span class='ocr_line' id='line_1_79' title="bbox 1024 2295 1893 2348; baseline 0 -15"><span class='ocrx_word' id='word_1_558' title='bbox 1024 2311 1087 2344; x_wconf 74' lang='lat' dir='ltr'><strong>se,</strong></span> <span class='ocrx_word' id='word_1_559' title='bbox 1115 2311 1229 2348; x_wconf 86' lang='lat' dir='ltr'><strong>quum</strong></span> <span class='ocrx_word' id='word_1_560' title='bbox 1256 2297 1399 2335; x_wconf 72' lang='lat' dir='ltr'><strong>Floria.</strong></span> <span class='ocrx_word' id='word_1_561' title='bbox 1426 2310 1461 2348; x_wconf 77' lang='lat' dir='ltr'><strong>p.</strong></span> <span class='ocrx_word' id='word_1_562' title='bbox 1492 2301 1552 2337; x_wconf 86' lang='lat'><strong>17.</strong></span> <span class='ocrx_word' id='word_1_563' title='bbox 1580 2296 1699 2334; x_wconf 84' lang='lat' dir='ltr'><strong>dicat:</strong></span> <span class='ocrx_word' id='word_1_564' title='bbox 1727 2295 1893 2347; x_wconf 69' lang='lat' dir='ltr'><strong>Autiffl‘-</strong></span> 
     </span>
     <span class='ocr_line' id='line_1_80' title="bbox 1027 2353 1892 2404; baseline -0.003 -12"><span class='ocrx_word' id='word_1_565' title='bbox 1027 2355 1148 2393; x_wconf 73' lang='lat' dir='ltr'><strong>nidus</strong></span> <span class='ocrx_word' id='word_1_566' title='bbox 1245 2368 1333 2393; x_wconf 76' lang='lat' dir='ltr'><strong>cnm</strong></span> <span class='ocrx_word' id='word_1_567' title='bbox 1359 2359 1455 2392; x_wconf 73' lang='lat' dir='ltr'><strong>esset</strong></span> <span class='ocrx_word' id='word_1_568' title='bbox 1484 2355 1525 2392; x_wconf 78' lang='lat' dir='ltr'><strong>e‘n</strong></span> <span class='ocrx_word' id='word_1_569' title='bbox 1557 2353 1789 2392; x_wconf 73' lang='lat' dir='ltr'><strong>tibicinio</strong></span> <span class='ocrx_word' id='word_1_570' title='bbox 1821 2366 1892 2404; x_wconf 79' lang='lat' dir='ltr'><strong>ap-</strong></span> 
     </span>
     <span class='ocr_line' id='line_1_81' title="bbox 1023 2409 1894 2462; baseline -0.003 -14"><span class='ocrx_word' id='word_1_571' title='bbox 1023 2412 1156 2462; x_wconf 75' lang='lat' dir='ltr'><strong>prime</strong></span> <span class='ocrx_word' id='word_1_572' title='bbox 1180 2411 1346 2457; x_wconf 71' lang='grc' dir='ltr'><strong>ηοΙιίῖῐε,</strong></span> <span class='ocrx_word' id='word_1_573' title='bbox 1372 2410 1480 2449; x_wconf 54' lang='lat' dir='ltr'><strong>nillil</strong></span> <span class='ocrx_word' id='word_1_574' title='bbox 1497 2423 1624 2462; x_wconf 69' lang='lat' dir='ltr'><strong>aeque</strong></span> <span class='ocrx_word' id='word_1_575' title='bbox 1643 2423 1682 2447; x_wconf 78' lang='lat' dir='ltr'><strong>se.</strong></span> <span class='ocrx_word' id='word_1_576' title='bbox 1703 2409 1894 2448; x_wconf 77' lang='lat' dir='ltr'><strong>laborare</strong></span> 
     </span>
     <span class='ocr_line' id='line_1_82' title="bbox 1026 2465 1892 2519; baseline -0.003 -14"><span class='ocrx_word' id='word_1_577' title='bbox 1026 2472 1064 2506; x_wconf 77' lang='lat' dir='ltr'><strong>et</strong></span> <span class='ocrx_word' id='word_1_578' title='bbox 1081 2469 1182 2519; x_wconf 73' lang='lat' dir='ltr'><strong>avyl</strong></span> <span class='ocrx_word' id='word_1_579' title='bbox 1201 2467 1382 2513; x_wconf 70' lang='lat' dir='ltr'><strong>dicebat,</strong></span> <span class='ocrx_word' id='word_1_580' title='bbox 1410 2481 1528 2519; x_wconf 77' lang='lat' dir='ltr'><strong>quam</strong></span> <span class='ocrx_word' id='word_1_581' title='bbox 1545 2465 1657 2518; x_wconf 75' lang='lat' dir='ltr'><strong>qnod</strong></span> <span class='ocrx_word' id='word_1_582' title='bbox 1671 2479 1892 2503; x_wconf 77' lang='lat' dir='ltr'><strong>nmmcmen-</strong></span> 
     </span>
     <span class='ocr_line' id='line_1_83' title="bbox 1027 2522 1893 2563; baseline -0.003 -1"><span class='ocrx_word' id='word_1_583' title='bbox 1027 2525 1124 2563; x_wconf 74' lang='lat' dir='ltr'><strong>tarii</strong></span> <span class='ocrx_word' id='word_1_584' title='bbox 1165 2524 1396 2563; x_wconf 75' lang='lat' dir='ltr'><strong>ceraulae</strong></span> <span class='ocrx_word' id='word_1_585' title='bbox 1439 2524 1672 2562; x_wconf 65' lang='lat' dir='ltr'><strong>tibicines</strong></span> <span class='ocrx_word' id='word_1_586' title='bbox 1711 2522 1893 2560; x_wconf 75' lang='lat' dir='ltr'><strong>diceren-</strong></span> 
     </span>
     <span class='ocr_line' id='line_1_84' title="bbox 1026 2579 1891 2631; baseline -0.002 -12"><span class='ocrx_word' id='word_1_587' title='bbox 1026 2584 1103 2626; x_wconf 73' lang='lat' dir='ltr'><strong>tur,</strong></span> <span class='ocrx_word' id='word_1_588' title='bbox 1130 2581 1192 2618; x_wconf 81' lang='lat' dir='ltr'><strong>ubi</strong></span> <span class='ocrx_word' id='word_1_589' title='bbox 1214 2594 1330 2631; x_wconf 85' lang='lat' dir='ltr'><strong>quum</strong></span> <span class='ocrx_word' id='word_1_590' title='bbox 1356 2580 1405 2618; x_wconf 89' lang='lat' dir='ltr'><strong>de</strong></span> <span class='ocrx_word' id='word_1_591' title='bbox 1430 2579 1649 2617; x_wconf 84' lang='lat' dir='ltr'><strong>tibicinibus</strong></span> <span class='ocrx_word' id='word_1_592' title='bbox 1675 2591 1803 2616; x_wconf 81' lang='lat' dir='ltr'><strong>sermo</strong></span> <span class='ocrx_word' id='word_1_593' title='bbox 1825 2579 1891 2617; x_wconf 84' lang='lat' dir='ltr'><strong>sit.</strong></span> 
     </span>
     <span class='ocr_line' id='line_1_85' title="bbox 1028 2634 1892 2685; baseline -0.006 -10"><span class='ocrx_word' id='word_1_594' title='bbox 1028 2638 1193 2676; x_wconf 70' lang='lat' dir='ltr'><strong>coraula</strong></span> <span class='ocrx_word' id='word_1_595' title='bbox 1215 2637 1306 2674; x_wconf 84' lang='lat' dir='ltr'><strong>item</strong></span> <span class='ocrx_word' id='word_1_596' title='bbox 1327 2637 1361 2674; x_wconf 90' lang='lat' dir='ltr'><strong>in</strong></span> <span class='ocrx_word' id='word_1_597' title='bbox 1386 2636 1611 2675; x_wconf 68' lang='lat' dir='ltr'><strong>choraulae</strong></span> <span class='ocrx_word' id='word_1_598' title='bbox 1625 2634 1892 2685; x_wconf 81' lang='lat' dir='ltr'><strong>corrigendum</strong></span> 
     </span>
     <span class='ocr_line' id='line_1_86' title="bbox 1027 2690 1893 2737; baseline -0.003 -6"><span class='ocrx_word' id='word_1_599' title='bbox 1027 2698 1150 2737; x_wconf 76' lang='lat' dir='ltr'><strong>esset,</strong></span> <span class='ocrx_word' id='word_1_600' title='bbox 1176 2693 1247 2731; x_wconf 80' lang='lat' dir='ltr'><strong>sed</strong></span> <span class='ocrx_word' id='word_1_601' title='bbox 1275 2706 1411 2731; x_wconf 85' lang='lat' dir='ltr'><strong>omnes</strong></span> <span class='ocrx_word' id='word_1_602' title='bbox 1436 2690 1539 2731; x_wconf 81' lang='lat' dir='ltr'><strong>Mss.</strong></span> <span class='ocrx_word' id='word_1_603' title='bbox 1565 2694 1790 2729; x_wconf 85' lang='lat' dir='ltr'><strong>constanter</strong></span> <span class='ocrx_word' id='word_1_604' title='bbox 1815 2704 1893 2728; x_wconf 86' lang='lat' dir='ltr'><strong>ser-</strong></span> 
     </span>
     <span class='ocr_line' id='line_1_87' title="bbox 1025 2747 1894 2801; baseline -0.002 -15"><span class='ocrx_word' id='word_1_605' title='bbox 1025 2753 1127 2788; x_wconf 77' lang='lat' dir='ltr'><strong>vant.</strong></span> <span class='ocrx_word' id='word_1_606' title='bbox 1177 2750 1341 2788; x_wconf 89' lang='lat' dir='ltr'><strong>Accedit</strong></span> <span class='ocrx_word' id='word_1_607' title='bbox 1372 2748 1477 2801; x_wconf 87' lang='lat' dir='ltr'><strong>quod</strong></span> <span class='ocrx_word' id='word_1_608' title='bbox 1508 2762 1624 2786; x_wconf 83' lang='lat' dir='ltr'><strong>cornu</strong></span> <span class='ocrx_word' id='word_1_609' title='bbox 1661 2748 1764 2785; x_wconf 77' lang='lat' dir='ltr'><strong>tibiis</strong></span> <span class='ocrx_word' id='word_1_610' title='bbox 1789 2747 1894 2798; x_wconf 80' lang='lat' dir='ltr'><strong>apud</strong></span> 
     </span>
     <span class='ocr_line' id='line_1_88' title="bbox 1024 2801 1895 2857; baseline -0.001 -15"><span class='ocrx_word' id='word_1_611' title='bbox 1024 2810 1181 2844; x_wconf 83' lang='lat' dir='ltr'><strong>veteres</strong></span> <span class='ocrx_word' id='word_1_612' title='bbox 1206 2806 1499 2857; x_wconf 79' lang='lat' dir='ltr'><strong>adiungebatur,</strong></span> <span class='ocrx_word' id='word_1_613' title='bbox 1525 2804 1573 2843; x_wconf 87' lang='lat' dir='ltr'><strong>cf.</strong></span> <span class='ocrx_word' id='word_1_614' title='bbox 1588 2803 1760 2854; x_wconf 67' lang='lat' dir='ltr'><strong>Hesych.</strong></span> <span class='ocrx_word' id='word_1_615' title='bbox 1779 2801 1895 2855; x_wconf 71' lang='grc' dir='ltr'><em>ἐγκαί-</em></span> 
     </span>
     <span class='ocr_line' id='line_1_89' title="bbox 1024 2858 1895 2915; baseline -0.003 -14"><span class='ocrx_word' id='word_1_616' title='bbox 1024 2878 1103 2915; x_wconf 72' lang='grc' dir='ltr'><em>ριον</em></span> <span class='ocrx_word' id='word_1_617' title='bbox 1139 2860 1321 2914; x_wconf 76' lang='grc' dir='ltr'><strong><em>αὐλῆσαι,</em></strong></span> <span class='ocrx_word' id='word_1_618' title='bbox 1370 2859 1462 2901; x_wconf 70' lang='grc' dir='ltr'><strong>ὅθεν</strong></span> <span class='ocrx_word' id='word_1_619' title='bbox 1503 2862 1566 2899; x_wconf 74' lang='grc' dir='ltr'><strong>καὶ</strong></span> <span class='ocrx_word' id='word_1_620' title='bbox 1609 2859 1628 2899; x_wconf 86' lang='grc' dir='ltr'>ὁ</span> <span class='ocrx_word' id='word_1_621' title='bbox 1674 2858 1895 2912; x_wconf 69' lang='grc' dir='ltr'><em>ἐγκεραύλης</em></span> 
     </span>
     <span class='ocr_line' id='line_1_90' title="bbox 1031 2910 1893 2971; baseline -0.003 -13"><span class='ocrx_word' id='word_1_622' title='bbox 1031 2918 1294 2971; x_wconf 69' lang='grc' dir='ltr'><em>πρυςκειμέ-νου</em></span> <span class='ocrx_word' id='word_1_623' title='bbox 1325 2934 1363 2970; x_wconf 74' lang='grc' dir='ltr'><strong>γε</strong></span> <span class='ocrx_word' id='word_1_624' title='bbox 1394 2917 1549 2970; x_wconf 62' lang='grc' dir='ltr'><strong><em>κέρατος</em></strong></span> <span class='ocrx_word' id='word_1_625' title='bbox 1577 2920 1630 2966; x_wconf 76' lang='grc' dir='ltr'><strong>τῷ</strong></span> <span class='ocrx_word' id='word_1_626' title='bbox 1662 2914 1768 2965; x_wconf 75' lang='grc' dir='ltr'><strong>(ιύλῴ</strong></span> <span class='ocrx_word' id='word_1_627' title='bbox 1791 2910 1893 2967; x_wconf 64' lang='grc' dir='ltr'><strong>ᾖδον.</strong></span> 
     </span>
     <span class='ocr_line' id='line_1_91' title="bbox 1031 2973 1896 3015; baseline 0 -4"><span class='ocrx_word' id='word_1_628' title='bbox 1031 2975 1148 3013; x_wconf 77' lang='lat' dir='ltr'><strong>Ovid.</strong></span> <span class='ocrx_word' id='word_1_629' title='bbox 1186 2975 1282 3014; x_wconf 82' lang='lat' dir='ltr'><strong>Met.</strong></span> <span class='ocrx_word' id='word_1_630' title='bbox 1314 2973 1376 3013; x_wconf 89' lang='lat' dir='ltr'><strong>Ill.</strong></span> <span class='ocrx_word' id='word_1_631' title='bbox 1415 2977 1507 3015; x_wconf 85' lang='lat'><strong>533.</strong></span> <span class='ocrx_word' id='word_1_632' title='bbox 1546 2973 1705 3012; x_wconf 78' lang='grc' dir='ltr'><em>Αεναηε</em></span> <span class='ocrx_word' id='word_1_633' title='bbox 1741 2978 1896 3014; x_wconf 73' lang='lat' dir='ltr'><strong>tantum</strong></span> 
     </span>
     <span class='ocr_line' id='line_1_92' title="bbox 1033 3029 1895 3084; baseline -0.001 -14"><span class='ocrx_word' id='word_1_634' title='bbox 1033 3030 1136 3082; x_wconf 79' lang='lat' dir='ltr'><strong>Aere</strong></span> <span class='ocrx_word' id='word_1_635' title='bbox 1158 3031 1322 3084; x_wconf 79' lang='lat' dir='ltr'><strong>repulsa</strong></span> <span class='ocrx_word' id='word_1_636' title='bbox 1347 3031 1481 3070; x_wconf 75' lang='lat' dir='ltr'><strong>calent</strong></span> <span class='ocrx_word' id='word_1_637' title='bbox 1505 3035 1543 3069; x_wconf 85' lang='lat' dir='ltr'><strong>et</strong></span> <span class='ocrx_word' id='word_1_638' title='bbox 1566 3029 1733 3069; x_wconf 75' lang='lat' dir='ltr'><strong>adunco</strong></span> <span class='ocrx_word' id='word_1_639' title='bbox 1770 3030 1895 3069; x_wconf 80' lang='lat' dir='ltr'><strong>tibia</strong></span> 
     </span>
     <span class='ocr_line' id='line_1_93' title="bbox 1030 3085 1894 3139; baseline -0.003 -12"><span class='ocrx_word' id='word_1_640' title='bbox 1030 3102 1051 3127; x_wconf 85' lang='lat' dir='ltr'><strong>c</strong></span> <span class='ocrx_word' id='word_1_641' title='bbox 1061 3101 1200 3134; x_wconf 76' lang='lat' dir='ltr'><strong>orna,</strong></span> <span class='ocrx_word' id='word_1_642' title='bbox 1215 3101 1316 3139; x_wconf 84' lang='lat' dir='ltr'><strong>quae</strong></span> <span class='ocrx_word' id='word_1_643' title='bbox 1330 3086 1503 3138; x_wconf 84' lang='lat' dir='ltr'><strong>Phrygia</strong></span> <span class='ocrx_word' id='word_1_644' title='bbox 1517 3090 1597 3132; x_wconf 81' lang='lat' dir='ltr'><strong>est,</strong></span> <span class='ocrx_word' id='word_1_645' title='bbox 1611 3099 1728 3124; x_wconf 89' lang='lat' dir='ltr'><strong>cornu</strong></span> <span class='ocrx_word' id='word_1_646' title='bbox 1743 3085 1894 3124; x_wconf 79' lang='lat' dir='ltr'><strong>habens</strong></span> 
     </span>
     <span class='ocr_line' id='line_1_94' title="bbox 1028 3141 1894 3189; baseline -0.001 -7"><span class='ocrx_word' id='word_1_647' title='bbox 1028 3144 1206 3182; x_wconf 86' lang='lat' dir='ltr'><strong>inllexum</strong></span> <span class='ocrx_word' id='word_1_648' title='bbox 1232 3144 1255 3181; x_wconf 94' lang='lat' dir='ltr'><strong>i.</strong></span> <span class='ocrx_word' id='word_1_649' title='bbox 1271 3157 1304 3182; x_wconf 87' lang='lat' dir='ltr'><strong>e.</strong></span> <span class='ocrx_word' id='word_1_650' title='bbox 1330 3147 1487 3182; x_wconf 81' lang='lat' dir='ltr'><strong>curvata</strong></span> <span class='ocrx_word' id='word_1_651' title='bbox 1511 3143 1614 3189; x_wconf 82' lang='lat' dir='ltr'><strong>tibia,</strong></span> <span class='ocrx_word' id='word_1_652' title='bbox 1641 3141 1842 3181; x_wconf 66' lang='lat' dir='ltr'><strong>Tibullll.</strong></span> <span class='ocrx_word' id='word_1_653' title='bbox 1861 3147 1894 3183; x_wconf 91' lang='lat'><strong>1.</strong></span> 
     </span>
    </p>
   </div>
   <div class='ocr_carea' id='block_1_8' title="bbox 1909 379 1972 412">
    <p class='ocr_par' dir='ltr' id='par_1_9' title="bbox 1909 379 1972 412">
     <span class='ocr_line' id='line_1_95' title="bbox 1909 379 1972 412; baseline 0 0"><span class='ocrx_word' id='word_1_654' title='bbox 1909 379 1972 412; x_wconf 81' lang='lat'><strong>578</strong></span> 
     </span>
    </p>
   </div>
  </div>
 </body>
</html>
