2155 3590
779 74 809 113 C
833 75 868 112 A
896 73 928 113 P
955 72 990 112 U
1016 73 1048 112 T
1132 74 1205 113 ΙΙΙ.
1806 91 1870 116 in

80 193 120 227 ut
144 189 179 225 in
211 187 347 225 codice
371 185 418 226 Π.
447 185 551 226 Plut.
576 185 724 226 XXIX.
756 200 874 239 supra
898 189 929 235 ξ.
957 192 992 227 4.
1023 187 1138 237 §.1.‚
1169 188 1232 225 ubi
1263 187 1470 226 editionem
1496 187 1757 227 Florentinum
1785 202 1872 227 ann.

79 243 294 283 MDXXH.
325 243 601 281 consuluimus.
666 242 704 280 ln
738 244 846 281 calce
878 244 960 282 libri
990 245 1099 295 primi
1131 244 1326 294 quadratis
1358 241 1550 282 Romanis
1581 247 1762 296 scriptum
1794 250 1873 283 est:

81 301 176 352 Eyo
211 300 257 340 G.
294 297 462 351 Crispus
491 300 708 339 Sallustius
738 301 946 339 emendavi
977 301 1130 341 Romae
1156 300 1279 350 selim.
1339 300 1511 351 Apuleii
1543 301 1755 340 Platonici
1785 303 1874 341 ,Μα-

78 357 288 395 (tamensis
310 370 392 407 pro
414 369 455 394 se
478 360 582 406 aput
608 356 666 394 Cl.
692 357 921 395 Maoeimum
948 357 1106 395 Procas
1136 357 1187 395 de
1211 357 1360 407 Illa-qia
1393 357 1485 394 Lib.
1515 356 1543 395 l.
1576 358 1780 408 lia-plica.
1812 359 1875 396 In-

79 414 182 463 cipit
207 412 298 451 Lib.
324 412 378 450 II.
416 412 528 462 Leye
554 412 746 463 feliciter.
806 412 980 463 Itemque
1010 414 1044 451 in
1077 412 1185 450 calce
1215 412 1299 450 libri
1326 411 1368 450 ll.
1396 413 1551 463 legitur:
1584 414 1751 464 Apuleii
1777 415 1877 453 Pla-

78 470 206 508 tonici
230 469 518 507 Hlaaelaurensis
543 468 702 506 Prosae
727 469 779 506 cle
803 469 952 521 lllayia
977 469 1068 508 Lib.
1093 469 1144 507 ll.
1170 469 1356 520 explicit.
1389 469 1486 521 qu
1507 470 1729 509 Sallustius
1753 485 1875 509 emcn-

79 526 175 563 (lavi
205 526 362 563 Boutae
389 525 510 574 selim.
568 524 680 562 Loca
710 524 862 563 Graeca
894 539 995 576 quae
1026 526 1061 563 in
1095 525 1203 562 bisce
1229 525 1334 563 libris
1361 530 1579 569 occurrunt,
1608 530 1699 564 sunt
1723 540 1770 564 ea
1797 528 1877 577 qui-

78 581 165 619 dem
191 581 343 630 graecis
369 580 656 618 characteribus
686 581 756 618 sed
786 581 900 619 valde
924 583 1113 632 corruptis
1139 585 1178 619 et
1206 582 1408 619 mendosis
1439 595 1649 632 expressa,
1686 585 1877 621 recentior

76 642 203 676 tamen
229 651 276 674 ac
299 637 415 674 docta
438 650 575 674 manus
600 637 739 675 eadem
765 638 799 675 in
827 639 997 687 margine
1022 638 1226 676 emendate
1251 638 1532 688 diligenterque
1558 640 1796 691 conscripsit.

189 692 252 731 ΙΙΙ.
277 706 315 744 p.
340 697 429 733 126.
461 693 653 732 Eiusdem
669 694 1053 745 Metamorphoseon
1071 709 1101 733 s.
1122 695 1173 732 cle
1189 694 1314 733 Asino
1330 694 1466 734 Aureo
1487 695 1582 733 libri
1597 696 1691 740 XI„
1717 697 1874 746 praevio

75 748 267 799 Prologo‚
292 753 332 787 ut
357 750 391 787 in
417 749 519 787 dicto
545 750 628 788 cod.
654 749 685 800 ᾧ.
715 755 776 790 11.
836 750 877 788 In
903 751 1010 789 calce
1036 751 1202 788 omnium
1231 750 1407 789 librorum
1434 751 1556 802 primo
1588 757 1627 789 et
1650 752 1784 790 ultimo
1812 766 1876 789 ex—

75 807 201 857 ceptis
227 805 365 856 legitur
389 807 564 843 censoris
589 806 844 857 subscriptio:
873 807 967 859 Eyo
994 807 1214 846 Sallustius
1239 808 1322 858 [ι’-ιμ’
1347 813 1384 846 et
1407 809 1615 846 emendari
1640 810 1797 847 Romae
1819 811 1876 860 fe-

77 864 160 907 lix3
191 863 226 900 in
260 861 368 900 calce
397 876 489 900 vero
518 863 599 900 libri
625 862 691 900 lX.
717 864 913 913 aliquanto
942 864 1089 911 lons-rior
1112 864 1164 901 ita
1188 863 1324 901 babet:
1363 864 1462 915 159⁰
1488 865 1708 904 Sallustius
1733 865 1817 917 leyi
1841 870 1878 903 et

77 919 285 957 emendari
311 920 468 958 Itomae
489 919 616 969 felix,
652 920 791 958 Olibio
822 925 861 958 et
885 920 1072 958 Probino
1105 920 1148 958 V.
1179 918 1221 958 C.
1253 921 1369 959 Cous.
1401 922 1441 959 in
1468 922 1579 958 Foro
1604 922 1754 960 Hlartis
1785 936 1876 960 con-

74 977 306 1014 troversiam
331 976 564 1014 declamans
590 976 760 1014 Oratori
793 976 1056 1015 Emleleeleio.
1093 977 1250 1015 Rursus
1273 977 1632 1028 Constantinopoli
1655 979 1878 1027 recessum&

78 1033 271 1072 Caesario
295 1036 334 1070 et
356 1030 506 1070 Attico
536 1030 670 1070 Conss.
697 1033 854 1077 (eadem
879 1033 1114 1083 subscriptio
1141 1033 1175 1069 in
1202 1033 1290 1071 dict.
1317 1034 1401 1071 cod.
1428 1033 1472 1071 H.
1499 1032 1600 1072 Plut.
1625 1033 1808 1083 xxix).

188 1087 253 1126 lv.
295 1101 333 1138 p.
365 1092 454 1127 184.
481 1088 673 1127 Eiusdem
700 1089 962 1128 Floridorum
995 1089 1113 1127 Libri
1140 1089 1209 1127 IV.
1242 1094 1287 1128 ut
1316 1090 1416 1129 ibid.
1449 1091 1483 1138 ξ.
1517 1090 1596 1129 Ill.
1634 1092 1877 1142 Subscriptio

75 1158 178 1195 quae
208 1144 373 1182 babetur
403 1146 436 1182 in
463 1144 535 1181 tine
560 1145 934 1195 Metamorphoseon
962 1149 1023 1182 est
1047 1146 1096 1182 ab
1122 1146 1296 1196 imperito
1327 1147 1552 1198 supposita,
1583 1147 1876 1186 Montl'auconio

74 1202 192 1239 etiam
216 1205 335 1246 teste,
362 1201 424 1250 qui
451 1200 623 1237 codicem
649 1200 749 1238 bunc
773 1214 872 1239 num.
898 1200 1082 1239 XXVIII.
1109 1201 1196 1239 ideo
1223 1207 1421 1244 recenset.
1448 1217 1563 1254 quum
1589 1203 1705 1241 hodie
1729 1206 1780 1242 sit
1802 1205 1877 1242 sub

76 1271 175 1295 num.
202 1256 265 1303 IL,
298 1257 401 1307 quod
432 1261 523 1307 post
548 1256 785 1294 Duccianum
813 1256 1041 1307 Cataloguin
1068 1271 1182 1307 quem
1208 1257 1526 1297 Montl'auconius
1556 1260 1691 1305 edidit,
1724 1261 1879 1298 diversa

73 1314 249 1353 codicum
287 1313 539 1363 quorumdam
575 1313 745 1351 interfuit
774 1314 1023 1351 enumeratio.
1095 1314 1247 1351 (Hirtius
1279 1314 1450 1353 Picbcna
1483 1316 1546 1365 qui
1577 1316 1677 1354 hunc
1705 1317 1800 1355 vidit
1841 1318 1879 1354 li-

72 1372 180 1408 brum
217 1383 344 1420 eoque
379 1383 476 1408 usus
513 1374 591 1415 est,
628 1371 680 1407 uti
716 1374 879 1421 apparet
914 1383 964 1407 cx
994 1370 1222 1421 syngrapha
1250 1372 1494 1422 autographav
1524 1373 1648 1423 ipsius
1679 1372 1879 1411 Picbcnae

72 1441 176 1465 nona
206 1427 267 1464 die
292 1426 373 1464 lulii
404 1430 508 1466 1599
540 1427 574 1464 in
603 1428 720 1464 veteri
746 1427 926 1476 catalogo
952 1427 1125 1477 reposita
1149 1427 1340 1478 deceptus
1367 1432 1445 1474 est,
1477 1429 1567 1467 dum
1592 1431 1758 1480 putavit,
1784 1444 1878 1468 esse

73 1484 175 1522 bunc
201 1484 371 1521 codicem
397 1483 572 1520 eiusdem
597 1483 836 1533 antiquitatis
862 1496 977 1533 quam
1004 1483 1174 1534 praefert
1197 1484 1432 1536 subscriptio
1457 1485 1634 1523 Sallustii
1661 1490 1698 1524 et
1722 1490 1878 1538 tempus

74 1540 290 1578 consulum.
328 1539 385 1577 lta
409 1540 510 1577 enini
535 1541 569 1576 in
594 1552 714 1590 supra
739 1541 855 1578 citata
878 1539 1120 1591 praefatione
1146 1540 1333 1578 lectorem
1359 1540 1586 1592 alloquitur:
1614 1542 1797 1582 Alterum
1823 1548 1877 1582 cst

74 1597 285 1647 exemplar
322 1597 549 1635 barbaricis
585 1596 889 1635 characteribus
919 1602 1179 1642 exornatum,
1225 1611 1326 1648 quos
1355 1598 1705 1650 LousJobarrlicos
1735 1600 1877 1651 appel-

75 1654 163 1692 lant
191 1654 260 1692 serl
290 1667 375 1691 meo
406 1653 564 1692 iudicio
595 1653 711 1691 leand
741 1657 869 1697 τρίτος
900 1667 994 1691 nam
1020 1654 1051 1691 is
1077 1653 1179 1692 liber
1205 1655 1436 1705 escscriptus
1459 1657 1577 1694 anuis
1601 1656 1652 1694 ab
1677 1670 1775 1694 aero
1800 1656 1879 1695 lum

73 1710 183 1748 mille
213 1710 416 1758 (tercentis3
450 1710 619 1748 atlneoea
644 1710 746 1747 enim
777 1715 869 1748 sunt
895 1709 1061 1759 Apuleii
1096 1711 1297 1749 nonnulla
1327 1712 1467 1750 iisdem
1499 1712 1805 1751 characteribus
1841 1717 1879 1751 et

75 1766 214 1804 eadem
244 1770 288 1805 ut
318 1766 476 1805 videtur
507 1780 628 1804 mauu
659 1779 710 1805 ac
737 1769 934 1818 frequens
965 1767 1006 1803 in
1037 1766 1264 1805 libellorum
1292 1770 1374 1819 fine
1402 1768 1649 1820 subscriptio
1676 1768 1878 1809 Sallustii

76 1823 148 1873 qui
171 1823 290 1860 etiam
315 1822 467 1861 alicubi
491 1823 571 1861 ait.-
599 1822 696 1872 qu
711 1822 928 1862 Sallustius
954 1822 1037 1873 leyi
1062 1826 1135 1861 etc.
1178 1823 1348 1862 Priores
1373 1837 1420 1862 eo
1446 1839 1555 1863 auno
1576 1825 1770 1866 consules,
1798 1840 1879 1877 quo

79 1879 330 1917 Theodosias
367 1879 466 1917 obiit
497 1893 522 1918 a
556 1878 717 1917 Clu-isto
751 1884 849 1918 nato
890 1879 1120 1918 CCCXCV.
1157 1879 1277 1918 alteri
1309 1885 1405 1930 post
1447 1881 1669 1925 biennium,
1706 1884 1880 1921 necdum

73 1936 212 1986 itaque
243 1949 290 1973 eo
320 1940 498 1986 tempore
531 1949 611 1986 qao
642 1934 744 1974 liber
774 1940 832 1974 cst
860 1936 1152 1986 transscriptus
1183 1935 1461 1987 Larissam-di
1491 1938 1533 1975 in
1566 1938 1728 1977 Italiam
1756 1940 1879 1990 ‘impe-

73 1996 180 2029 rant.
242 1990 402 2028 Fallitur
420 1990 594 2029 Picbena
619 1992 734 2029 etiam
760 1992 849 2029 dum
875 1991 1034 2029 inferius
1059 1992 1246 2042 adiungit:
1273 1994 1446 2045 'itemque
1471 1995 1512 2032 in
1532 1996 1721 2045 priorum
1745 1995 1879 2033 Anna-

75 2048 173 2086 lium
198 2047 397 2085 volumine
422 2048 542 2091 aliut,
567 2047 680 2091 illut,
705 2049 819 2092 istut,
846 2053 965 2099 (quit,
992 2048 1108 2094 litant,
1138 2049 1237 2100 quit,
1264 2049 1426 2100 aliquit,
1453 2055 1532 2091 set:
1557 2065 1648 2089 nam
1674 2066 1757 2089 non
1782 2053 1878 2090 ideo

76 2104 322 2142 crediderim
352 2105 410 2142 sic
445 2104 670 2154 antiquitus
699 2105 889 2143 usitatum
924 2104 996 2142 sed
1032 2118 1084 2143 ea:
1116 2106 1458 2155 pronuntiatione
1499 2107 1745 2146 Germanica
1781 2110 1878 2147 irre-

72 2160 218 2210 psisse;
243 2160 571 2210 transscriptoris
595 2160 850 2210 nessii-qentia
875 2161 916 2198 in
949 2161 1183 2211 Virssiliano
1209 2162 1355 2201 codice
1385 2167 1453 2201 sel
1479 2164 1631 2214 passim
1662 2166 1877 2215 reperitur.

75 2214 214 2252 Mirum
240 2215 344 2265 quod
364 2214 597 2254 Franciscus
616 2216 827 2254 Venturius
846 2215 1038 2254 Patricius
1058 2217 1162 2255 Flor.
1187 2231 1284 2255 sane
1309 2218 1447 2256 doctus
1474 2223 1514 2257 et
1537 2221 1711 2258 acerrimi
1737 2221 1876 2270 ingenii

77 2271 149 2315 vir,
186 2271 294 2309 cuius
331 2285 452 2322 opera
487 2285 584 2310 usus
621 2276 683 2310 est
718 2272 793 2310 hac
823 2272 857 2309 in
884 2272 1108 2311 adornanda
1137 2278 1270 2325 sparta
1297 2273 1487 2320 Pichona,
1525 2276 1639 2314 buius
1671 2279 1808 2315 erroris
1840 2282 1879 2315 et

73 2328 248 2365 acriseos
273 2342 347 2365 non
374 2329 660 2366 commonuerit.
726 2328 988 2367 Excusandus
1014 2328 1204 2375 l'icbena‚
1243 2331 1306 2380 qui
1331 2332 1379 2370 ab
1407 2332 1560 2371 ineunte
1584 2337 1715 2371 aetate
1740 2334 1878 2372 aulicis

73 2387 114 2420 ut
145 2383 194 2421 de
224 2397 270 2421 se
300 2384 384 2436 ipso
414 2384 557 2423 fatetur
587 2386 906 2437 occupationibus
936 2385 1137 2425 innutritus
1169 2387 1348 2438 politiora
1378 2389 1508 2428 studia
1538 2391 1700 2428 summis
1732 2394 1879 2428 tantuin

75 2440 192 2479 labris
218 2440 458 2479 delibarerit.

187 2497 284 2537 Cod.
315 2497 642 2536 Membranaceus
674 2497 753 2535 Ms-
786 2498 821 2535 in
853 2498 917 2536 sol.
950 2499 1064 2537 Saec.
1097 2499 1163 2538 Xl.
1197 2500 1424 2539 charactere
1458 2502 1757 2553 Longobardico
1789 2517 1878 2541 con-

74 2553 259 2603 scriptus,
285 2554 414 2591 multis
440 2555 474 2592 in
502 2555 598 2592 locis
624 2554 828 2599 evanidus,
853 2555 916 2593 ubi
937 2557 1128 2606 posterior
1148 2557 1301 2606 quidem
1322 2558 1395 2596 sed
1415 2562 1568 2596 vetusta
1588 2572 1723 2597 manus
1745 2559 1879 2598 deleta

74 2611 193 2647 verba
218 2611 252 2648 in
278 2611 416 2661 spatiis
443 2611 749 2649 interlinearibus
775 2612 990 2662 rescripsit.
1017 2627 1131 2663 quein
1159 2614 1427 2652 admirabilem
1455 2615 1629 2653 codicem
1659 2615 1755 2653 dixit
1780 2616 1876 2654 Hol—

74 2666 225 2703 stenius
250 2667 285 2704 in
311 2667 473 2704 schedis
499 2668 600 2706 Mss.
662 2667 699 2704 ln
727 2668 910 2719 principio
937 2668 1036 2708 baec
1063 2670 1200 2719 legitur
1226 2670 1374 2708 notula:
1406 2671 1471 2709 De
1497 2671 1641 2710 XXII.
1669 2673 1800 2711 banco
1825 2687 1878 2712 ea:

70 2727 192 2773 parte.
219 2724 443 2761 occidentis
471 2724 681 2763 Cornelius
706 2725 871 2763 Tacitus
895 2730 931 2763 et
956 2726 1097 2777 Opera
1120 2727 1287 2777 Apuleii
1312 2732 1383 2764 etc.
1430 2730 1656 2766 Conventus
1677 2730 1719 2768 S.
1740 2730 1879 2768 llIarci

74 2779 127 2816 (le
155 2779 365 2818 Florentia
393 2780 565 2819 Ordinis
591 2780 937 2820 Praedicatormn
960 2783 1012 2821 cle
1036 2784 1262 2821 hereditate
1288 2783 1459 2822 Nic-olai
1484 2784 1628 2822 Nicoli
1647 2785 1878 2824 Florentiui

73 2836 152 2872 riri
172 2836 407 2874 doctissimi.
440 2836 603 2875 Constat
622 2836 725 2875 t'oliis
744 2838 900 2890 scriptis
923 2844 1015 2880 191.
1046 2838 1086 2878 ln
1109 2839 1229 2878 (latai.
1243 2839 1460 2879 Montl'auc.
1481 2841 1554 2879 sub
1576 2855 1675 2879 num.
1689 2841 1876 2880 xxxin.

186 2947 250 3000 b)
286 2949 630 3002 Guelferbytanus
658 2955 691 2989 1.

74 3003 147 3041 Hic
184 3005 307 3042 codex
341 3005 556 3044 Meinbran.
594 3007 628 3043 in
662 3005 729 3044 sol.
765 3010 818 3047 72
862 3007 953 3046 solia
981 3009 1169 3048 continet.
1207 3009 1477 3047 undetricenas
1503 3010 1722 3049 tricenasve
1753 3012 1876 3050 lineas

74 3060 263 3099 babentia.
282 3061 615 3113 Metamorpliosin
637 3062 764 3101 babet.
795 3063 1000 3103 Mutilatus
1021 3066 1086 3103 ille
1111 3066 1260 3116 aliquot
1285 3066 1380 3103 locis
1405 3070 1467 3104 est
1491 3071 1530 3105 et
1554 3067 1588 3105 in
1617 3068 1698 3106 libri
1714 3070 1875 3107 secundi
