2155 3590
682 144 870 210 11¹.ssssss
900 144 948 187 u.
1004 142 1130 184 cAP.
1160 142 1229 182 iv,
1822 141 1877 184 83

73 257 289 307 afflaverit,
323 271 437 311 posse
463 256 632 310 decerpi.
694 244 783 308 Etsi
810 257 954 308 fontes,
983 256 1049 311 qui
1073 257 1168 297 deae
1193 253 1363 308 vestigio
1389 254 1656 294 discurrentes
1681 253 1719 294 in
1746 253 1875 294 lenem

72 314 280 354 vibrantur
304 314 467 364 undam,
495 327 642 367 pronus
668 313 921 367 adspexeris‚
956 314 1091 354 credes
1116 312 1204 353 illos
1229 324 1413 365 superne
1438 310 1652 364 pendentes
1671 309 1874 365 racelmos

72 370 177 410 inter
224 376 355 409 cetera
398 369 579 410 veritatis
622 383 694 410 nec
738 370 966 424 agitationis
1004 369 1133 410 officio
1170 381 1322 408 carere.
1385 367 1494 406 Inter
1529 366 1677 406 medias
1714 367 1875 407 frondes

73 426 210 480 lapidis
247 426 429 465 Actaeon
467 425 720 466 simulacrum
757 426 914 466 curioso
947 425 1086 466 obtutu
1115 425 1157 465 in
1186 423 1322 464 Deam
1350 437 1514 464 versum
1540 423 1758 477 proiectus,
1799 423 1874 462 iam

72 482 112 522 in
149 496 309 522 cervum
344 482 494 523 ferinus
531 488 571 523 et
606 482 645 522 in
681 496 782 522 saxo
819 482 934 523 simul
972 489 1010 523 et
1045 482 1086 522 in
1124 483 1230 522 fonte
1266 481 1435 521 loturam
1467 477 1636 520 Dianam
1669 479 1876 533 opperiens

72 538 230 579 visitur.

73 641 210 681 efflavit
229 641 257 673 δ.
308 643 453 683 somnes
473 652 528 679 pro
545 645 669 684 fontes
693 646 728 674 Β.
754 645 796 674 es.
820 645 949 680 sciopp.
970 648 1066 680 Susp.
1086 646 1240 674 Lect.1]1.
1261 653 1310 679 ep.
1326 645 1377 673 10.
1398 643 1452 672 cui
1471 643 1595 676 aliquid
1614 644 1717 671 latere
1739 642 1877 670 videtur.

73 689 218 727 vestigia
237 692 271 718 0.
290 697 327 719 π.
354 688 547 718 discurrent
567 691 602 719 F.
617 692 646 720 3.
669 692 704 719 G.
724 691 760 719 Ρ.
779 688 1013 718 discurrerent
1030 692 1068 719 D.
1089 689 1289 718 discurrunt
1305 691 1341 719 0.
1361 695 1397 718 π.
1416 689 1453 718 L.
1475 688 1496 717 f.
1516 690 1554 716 R.
1575 684 1603 715 δ’.
1663 685 1765 714 lez-em
1786 688 1822 716 G.
1839 688 1879 715 R.

74 735 94 764 f.
116 734 172 770 [de
192 742 255 769 qua
274 734 467 764 confusione
486 735 526 764 cf.
540 736 594 764 Dr.
615 737 657 764 au
670 736 742 764 Liv.
757 737 780 764 1.
795 737 847 764 34.
868 737 900 770 S.
915 738 945 764 S.
959 737 997 764 Π.
1013 737 1042 764 7.
1055 737 1087 770 S.
1105 738 1155 764 10.
1169 737 1269 764 Bach.
1285 737 1326 763 ad
1339 734 1432 763 Ovid.
1445 735 1522 763 Mel.
1536 734 1606 761 XV.
1621 733 1697 761 398.
1711 733 1823 767 Spald.
1838 732 1880 760 ad

72 780 179 815 Quint.
193 781 231 809 X.
250 781 276 808 1.
290 779 322 815 S.
338 779 429 815 121]
478 779 652 808 nudantur
664 789 700 809 π.
760 779 910 808 umbram
926 789 982 815 pro
996 779 1119 808 undam
1133 782 1169 809 Β.
1185 782 1220 809 Ρ.
1236 787 1256 808 a
1268 788 1308 808 m.
1324 788 1352 814 p.
1367 780 1402 808 Ο.
1418 787 1454 808 π.
1503 777 1654 806 umbram
1669 775 1791 805 undam
1807 777 1828 806 f.
1843 784 1880 805 π.

73 826 158 853 unde
176 825 318 860 intelligi
337 829 455 860 polest,
477 825 627 854 umbram
643 829 807 861 glossema
829 834 902 854 esse
922 826 1015 854 vocis
1030 824 1162 853 undam.
1189 824 1253 860 [De
1266 825 1500 860 permutatione
1514 826 1625 852 horum
1641 825 1755 851 vocab.
1770 822 1811 851 cf.
1826 823 1880 850 Dr.

73 871 114 898 ad
137 870 196 898 Sil.
217 871 339 899 15168.
354 875 383 899 et
397 872 434 899 V.
450 873 486 900 L.
507 872 591 906 apud
612 873 735 900 Lucan.
756 872 810 900 VI.
832 870 923 906 716.]
971 870 1104 907 asperis
1123 873 1161 899 D.
1175 878 1195 899 a
1208 878 1248 900 m.
1263 878 1290 905 p.
1340 867 1477 897 credent
1496 866 1524 898 δ’.
1573 865 1796 905 ritpendentes
1808 869 1847 896 D.
1863 874 1881 895 a

74 923 113 944 m.
128 924 157 950 p.
172 922 252 942 rure
266 923 286 944 a
299 923 337 944 m.
353 925 379 944 s.
395 924 455 943 rue
464 915 561 952 pand.
576 918 611 946 L.
637 916 671 944 ln
686 920 758 945 cett.
775 917 867 944 libris
881 921 910 945 et
925 917 994 944 edd.
1009 920 1087 944 veit.
1102 921 1148 945 esi
1165 923 1245 943 rure
1253 913 1438 952 pendentes
1452 918 1579 949 praeter
1591 916 1629 942 R.
1640 913 1744 942 [Am.
1759 914 1881 949 Iun1?.,

74 960 108 988 in
133 961 250 995 quibus
270 965 318 989 est
338 964 373 988 ul
397 961 473 990 cite.
494 963 542 990 ed.
564 970 608 996 pr.
631 964 724 990 habet
745 965 887 989 iterare.
935 968 1091 988 racemus
1112 963 1148 990 P.
1163 963 1198 989 G.
1212 962 1250 989 D.
1298 959 1484 998 agnitionis
1499 961 1533 988 0.
1582 956 1734 995 lapideus
1750 959 1881 993 Vulgar.

74 1002 258 1033 Actaeonis
272 1007 306 1035 0.
327 1009 445 1033 numm
460 1008 496 1036 D.
545 1006 763 1034 simulacrum
777 1009 868 1035 abest
884 1008 916 1034 in
930 1008 1025 1034 Vulc.
1041 1008 1069 1035 ⁸2.
1119 1005 1269 1034 obtutum
1286 1015 1313 1041 p.
1328 1007 1442 1034 Venel.
1465 1008 1494 1033 2.
1544 1002 1618 1031 inde
1638 1004 1705 1031 iam
1721 1011 1777 1041 pr.
1795 1005 1830 1032 G.
1846 1004 1881 1032 P.

74 1051 111 1079 D.
132 1051 170 1079 R.
191 1051 211 1080 f.
236 1052 270 1080 o.
291 1060 326 1079 π.
347 1049 375 1080 δ.
395 1053 430 1081 F.
452 1054 481 1080 ἱ).
503 1053 587 1080 unde
604 1053 715 1081 Brant.
733 1052 870 1080 coniecit
890 1052 924 1080 in
945 1049 1078 1078 Deliam
1103 1053 1214 1080 norat.
1235 1052 1291 1080 Od.
1305 1053 1359 1079 [V.
1380 1053 1410 1079 6.
1432 1051 1484 1079 33.
1507 1049 1540 1076 in
1561 1048 1633 1081 me
1655 1056 1785 1077 versum
1800 1049 1836 1076 F.
1855 1049 1882 1077 1.

72 1095 107 1123 v'n
121 1094 275 1124 deorsum
290 1098 325 1125 B.
338 1098 421 1125 Iuni.
437 1099 466 1126 ⁸2.
481 1097 514 1124 ln
528 1095 624 1124 deam
638 1105 710 1125 snm
723 1098 757 1126 F.
772 1099 802 1125 3.
817 1096 851 1123 in
865 1095 959 1124 deum
974 1104 1045 1124 siun
1060 1106 1088 1131 p.
1115 1097 1221 1125 Ceteri
1234 1097 1324 1124 codd.
1340 1100 1368 1124 el
1384 1097 1453 1124 edd.
1468 1099 1544 1123 veit.
1560 1094 1594 1121 in
1607 1092 1752 1122 dorsum.
1797 1101 1883 1130 pro-

73 1139 181 1169 lectus
194 1142 230 1171 F.
248 1143 273 1171 1.
289 1144 470 1178 porrectus
486 1145 546 1171 Ms.
562 1143 674 1171 incert.
714 1142 866 1180 fem'mus
879 1143 927 1170 ed.
943 1150 989 1176 pr.
1004 1142 1133 1170 Vicenl.
1147 1143 1261 1170 Vener.
1276 1143 1304 1169 ⁸2.
1321 1148 1490 1176 perperam
1505 1140 1547 1168 cf.
1562 1140 1692 1169 Bet-ich.
1707 1140 1812 1175 Epist.
1829 1140 1881 1167 71.

73 1185 239 1226 insontem
255 1188 289 1216 P.
337 1185 503 1224 Dtjmmm
518 1188 644 1217 vicent.
694 1187 783 1215 visus
804 1186 870 1214 eri!
886 1195 914 1222 p.

75 1274 243 1312 iecturae
264 1288 334 1313 een
354 1275 442 1312 ideo
461 1274 706 1325 suffragatur,
733 1273 835 1325 quod
852 1287 950 1312 uvae

73 1329 135 1368 hic
164 1330 280 1369 alium
311 1330 480 1369 colorem
512 1344 584 1368 non
612 1331 785 1368 emittant
809 1331 949 1368 ceteris

73 1388 160 1424 anni
174 1388 487 1438 tempestatibus,
503 1387 619 1425 alium
633 1390 827 1425 autuman.
866 1386 947 1425 Sed

74 1447 234 1494 uterque
272 1443 308 1481 Ιι.
339 1444 363 1482 l.
396 1443 642 1481 intellexisse
675 1457 748 1481 non
787 1443 946 1481 ridetur.

76 1498 187 1538 Uvae
222 1499 323 1538 enim
361 1500 435 1552 ipsi
472 1504 631 1538 naturae
667 1503 746 1538 tam
786 1513 947 1551 congru-

76 1560 182 1595 enter
213 1561 321 1595 erant
351 1557 549 1609 depictae,
589 1561 628 1595 ut
658 1558 692 1594 si
722 1557 832 1595 acina
864 1570 950 1595 auc-

74 1612 283 1652 tumnalem
316 1614 550 1653 habuissent
580 1613 750 1652 colorem
776 1627 862 1652 cuin
888 1628 951 1652 na-

72 1673 180 1709 turae
210 1672 371 1710 veritate
402 1684 450 1710 ea
479 1671 762 1710 decertassent.
823 1669 951 1716 Quum

74 1740 166 1765 vero
192 1726 293 1779 lapis
319 1731 430 1766 esset
456 1728 612 1774 nitidus.
638 1727 674 1765 id
701 1726 808 1766 nullo
834 1727 950 1765 modo

73 1787 226 1835 poterat
250 1784 356 1837 fieri]

130 1855 303 1893 superne
323 1842 557 1893 pendentes.
620 1841 800 1879 Brantius
827 1841 951 1879 conie-

75 1898 126 1936 cit
157 1911 263 1943 rere,
303 1898 406 1949 quod
438 1899 487 1936 ob
517 1911 759 1950 praegressa
792 1899 953 1936 ceritati

74 1954 221 1993 similes
243 1956 397 2006 probari
423 1955 568 2005 nequit,
593 1954 804 1993 Putschius
823 1957 951 1993 autem

76 2011 111 2048 in
144 2024 262 2062 marg.
296 2012 356 2050 ed.
384 2011 494 2051 Colv.
524 2016 569 2050 ut
592 2025 713 2062 rupe,
745 2023 793 2048 eo
821 2010 952 2048 defen·

76 2080 163 2105 sum
198 2068 247 2106 ab
277 2067 400 2112 oud„
432 2068 536 2119 quod
576 2081 673 2106 uvas
711 2067 953 2119 dependisse

75 2124 149 2162 sub
199 2128 373 2163 extremo
419 2126 506 2163 saxi
547 2125 719 2174 margine
764 2125 798 2161 in
849 2127 954 2162 ante-

77 2180 307 2219 cedentibus
344 2181 546 2232 legeretur.
614 2180 697 2218 Sed
734 2181 768 2218 in
801 2193 848 2219 ea
880 2180 955 2219 lec-

77 2237 180 2275 tione
229 2237 427 2276 offendere
469 2236 700 2289 particulam
745 2241 804 2281 nt,
855 2250 955 2287 quae

77 2294 135 2332 sic
165 2293 378 2333 abundaret
409 2294 470 2332 vel
504 2293 711 2345 legendum
743 2306 838 2331 esse
863 2294 956 2332 illos

78 2350 129 2389 ab
166 2364 270 2402 rupe
302 2351 539 2402 pendentes.
609 2350 672 2388 De
708 2363 749 2387 re
785 2351 872 2402 ipsa
908 2349 957 2389 cf.

77 2404 162 2444 lntt.
189 2407 239 2446 ad
259 2407 357 2446 Stat.
378 2407 474 2445 Silv.
502 2406 528 2445 l.
552 2410 590 2447 3.
615 2411 676 2446 17.
699 2406 850 2445 Auson.
871 2405 956 2444 Mo—

79 2462 168 2501 sell.
198 2466 290 2503 194.
305 2467 397 2504 223.
421 2462 488 2515 [cs.
509 2463 610 2502 Stat.
626 2462 722 2501 Silv.
742 2461 788 2500 11.
810 2466 845 2503 2.
865 2466 955 2503 105.

80 2520 196 2559 Rure
225 2523 353 2559 tamen
386 2520 448 2558 vel
482 2533 552 2559 rue
582 2520 686 2570 quod
711 2518 813 2557 Mss.
847 2533 956 2571 prae-

79 2576 172 2614 bent
202 2590 436 2628 quamquam
468 2578 568 2615 bene
599 2579 751 2628 poterat
781 2589 830 2613 ex
855 2590 957 2627 rupe

80 2633 185 2679 oriri,
211 2637 339 2672 tamen
365 2633 464 2672 haec
490 2635 577 2685 ipsa
601 2646 676 2671 vox
703 2646 776 2670 non
803 2631 958 2671 satisfa-

80 2690 148 2734 cit,
185 2691 366 2741 quoniam
398 2691 431 2728 in
464 2689 710 2742 praegressis
742 2690 817 2728 iam
849 2703 959 2728 accu-

80 2747 273 2785 ratissime
304 2747 405 2785 idern
438 2751 499 2785 est
524 2747 756 2798 expositum.
819 2745 901 2784 Sed
925 2745 959 2783 si

81 2816 186 2854 rupe
221 2803 444 2849 admiseris,
483 2804 612 2855 potius
652 2802 860 2853 legendum
891 2803 961 2840 erit

82 2858 154 2898 sub
203 2873 326 2912 rupe,
374 2859 501 2899 littera
541 2873 560 2898 s
609 2859 657 2898 ab
701 2858 960 2898 antecedente

82 2914 224 2955 vocula
265 2917 463 2969 absorpta.
535 2913 664 2955 Multo
709 2916 834 2953 minus
875 2914 959 2967 pla-

84 2974 146 3010 cet
191 2974 283 3019 vite,
321 2974 425 3024 quod
464 2974 570 3025 prius
606 2972 697 3010 mihi
739 2972 774 3009 in
817 2972 960 3023 cogita-

83 3028 227 3067 tionem
275 3034 458 3068 venerat.
509 3042 625 3080 quum
668 3028 786 3080 plane
828 3042 962 3080 super·

84 3097 297 3125 vacaneum
323 3087 375 3124 sit
399 3086 714 3125 additamentum.
764 3083 850 3135 Ego
876 3099 963 3124 con-

85 3141 172 3181 iicio
197 3156 388 3194 superne,
415 3143 519 3195 quod
544 3143 705 3195 probam
731 3141 847 3180 eflicit
877 3155 963 3180 sen-

1010 1274 1179 1311 tentiam.
1242 1271 1326 1312 Eae
1364 1274 1463 1311 enim
1506 1287 1630 1317 uvae.
1677 1286 1779 1323 quae
1820 1287 1884 1312 su-

1004 1343 1134 1382 perne
1177 1330 1200 1367 i.
1242 1343 1280 1368 e.
1322 1343 1444 1381 super
1491 1343 1626 1381 aquae
1674 1330 1886 1381 superficie

1009 1386 1260 1438 dependent,
1297 1387 1349 1424 ita
1372 1386 1596 1423 tremiscunt
1621 1387 1656 1423 iu
1682 1385 1813 1429 undis,
1847 1389 1887 1424 ut

1008 1444 1137 1480 vivere
1173 1442 1387 1482 videantur.
1445 1441 1677 1480 Emendatio
1709 1454 1801 1479 vero
1832 1441 1886 1479 fa-

1007 1499 1151 1538 cillima
1181 1503 1254 1537 est.
1315 1499 1509 1550 Scriptum
1541 1499 1642 1536 enim
1675 1502 1758 1535 erat
1783 1500 1888 1536 s’rne

1011 1569 1061 1594 ex
1075 1555 1319 1608 compendio.
1339 1570 1356 1593 s
1377 1555 1462 1594 dein
1479 1558 1636 1607 propter
1650 1554 1815 1593 eandem
1830 1554 1887 1592 lit-

1011 1617 1135 1651 teram
1158 1612 1455 1654 antecedentem
1482 1612 1683 1663 neglecto.
1710 1612 1828 1650 fiebat
1853 1612 1887 1650 in

1010 1669 1114 1708 Mss.
1141 1669 1255 1708 lectio
1282 1683 1354 1708 rue
1380 1669 1441 1708 vel
1469 1669 1590 1721 rnre]

1070 1725 1254 1766 Actaeon
1285 1727 1557 1765 ,ςὶηιιιῖαιί-ιιηι.
1619 1725 1735 1771 Quod
1767 1723 1888 1763 Codd.

1012 1783 1168 1833 Anglici
1204 1783 1393 1834 praebent
1431 1783 1668 1827 Actaeonis,
1711 1795 1786 1819 non
1822 1781 1889 1819 mi-

1014 1854 1085 1879 nus
1115 1840 1352 1891 improbatur
1378 1853 1494 1890 quain
1520 1839 1686 1877 Sei-iver.
1713 1838 1889 1877 aliorum-

1013 1910 1090 1948 que
1110 1896 1321 1939 temeritas.
1349 1897 1411 1945 qui
1431 1895 1694 1935 simulacrum
1706 1894 1769 1933 vel
1790 1895 1888 1933 eiici-

1011 1957 1078 1992 unt
1099 1953 1159 1990 vel
1180 1954 1287 1991 uncis
1307 1952 1451 1990 includi
1470 1952 1613 1990 iubent.
1660 1950 1771 1989 Bene
1785 1949 1888 1990 Oud.

1012 2009 1123 2047 affert
1159 2009 1248 2047 Ael.
1282 2009 1332 2046 V.
1364 2009 1440 2047 An.
1473 2013 1538 2048 47.
1577 2010 1690 2047 λίθον
1719 2006 1892 2058 ῴπεροῦν

1011 2068 1224 2117 &velweto-10
1238 2061 1391 2116 γλὺμμα
1403 2069 1554 2117 σαῦρης.
1604 2065 1711 2115 Virg.
1728 2064 1811 2103 Ecl.
1827 2062 1891 2103 ΙΙΙ.

1018 2127 1079 2163 10.
1107 2122 1296 2161 Scheffer.
1323 2122 1373 2160 ad
1399 2121 1501 2173 Hyg.
1531 2122 1688 2160 Astron.
1715 2120 1759 2159 ll.
1783 2125 1848 2161 17.

1071 2180 1111 2217 in
1144 2180 1262 2218 (leam
1293 2192 1446 2218 versum
1471 2179 1696 2229 proiectus.
1767 2177 1896 2217 Deam

1015 2236 1217 2286 probatum
1249 2249 1347 2273 nunc
1366 2250 1389 2274 a
1407 2232 1510 2273 Mss.
1537 2236 1611 2272 iam
1636 2239 1742 2273 recte
1767 2237 1892 2273 conie-

1014 2296 1119 2330 cerat
1150 2292 1198 2331 G.
1224 2292 1415 2336 Vossius,
1454 2291 1557 2342 quod
1596 2292 1720 2341 inagis
1752 2291 1895 2330 arridet

1018 2362 1133 2399 quam
1164 2349 1385 2387 coniectura
1410 2348 1514 2387 (iud.
1542 2348 1690 2387 Beana
1721 2362 1789 2399 pro
1822 2347 1895 2385 Di·

1016 2420 1099 2444 cma
1125 2405 1305 2456 legentis,
1332 2419 1565 2456 quamquam
1592 2406 1679 2456 ipse
1704 2404 1804 2444 lianc
1823 2404 1896 2441 sor-

1015 2475 1117 2500 mam
1149 2475 1198 2499 ex
1223 2461 1341 2499 Donii
1369 2460 1556 2513 lnscriptt.
1585 2460 1736 2500 Etrusc.
1763 2475 1800 2512 p.
1829 2464 1894 2501 67.

1015 2518 1160 2557 Bertin.
1188 2518 1238 2557 ad
1256 2517 1408 2556 Ortelli.
1429 2517 1526 2556 Tali.
1555 2518 1604 2555 ile
1624 2517 1755 2556 Gallia
1781 2516 1898 2568 [Gru-

1015 2578 1073 2613 ter
1098 2579 1164 2620 39,
1184 2575 1223 2621 ⁹2,
1251 2579 1275 2614 4
1302 2579 1339 2613 et
1366 2575 1421 2627 7.]
1449 2575 1655 2612 confirmet.
1682 2573 1769 2612 Hoc
1794 2572 1898 2611 idem

1017 2633 1117 2670 enim
1139 2631 1369 2670 vocabulum
1388 2632 1518 2669 statim
1539 2631 1799 2681 subsequitur.
1851 2628 1898 2667 In

1018 2689 1184 2727 dorsum
1214 2688 1340 2733 lectio,
1374 2701 1489 2739 quain
1516 2700 1564 2724 ex
1589 2687 1674 2725 eod.
1703 2686 1805 2723 Bert.
1833 2685 1899 2724 alii

1018 2745 1199 2789 efficiunt,
1225 2745 1313 2782 ideo
1340 2743 1402 2781 liic
1431 2744 1557 2782 locutu
1583 2743 1729 2782 babere
1755 2743 1899 2793 nequit,

1019 2802 1201 2853 quoniam
1232 2802 1411 2839 Actaeon
1445 2800 1480 2837 in
1514 2799 1671 2838 dorsum
1702 2799 1899 2850 proiectus

1019 2858 1186 2898 Dianam
1211 2858 1246 2895 in
1275 2857 1380 2896 sonte
1408 2856 1569 2894 loturam
1594 2856 1717 2894 oculis
1743 2869 1901 2894 cernere

1019 2929 1092 2954 non
1114 2917 1277 2967 poterat.
1314 2913 1472 2965 Optime
1494 2912 1593 2951 liunc
1608 2912 1736 2951 locum
1750 2927 1781 2951 c.
1796 2911 1899 2952 Oud.

1018 2973 1202 3011 restituas
1229 2972 1269 3009 in
1296 2971 1414 3009 deam
1441 2983 1602 3008 cei-snm.
1638 2968 1739 3008 Nam
1765 2982 1899 3021 praep.

1023 3041 1219 3068 cerswns.
1246 3040 1379 3066 versus
1404 3026 1566 3077 saepius
1593 3027 1646 3064 ita
1670 3026 1903 3063 construitur

1023 3085 1069 3124 cf.
1086 3098 1186 3137 quos
1208 3083 1274 3121 ille
1296 3083 1439 3121 excitat
1459 3080 1674 3120 comment.
1689 3082 1741 3120 ad
1756 3081 1860 3119 Vell.
1875 3080 1903 3120 1.

1027 3146 1089 3183 15.
1150 3139 1317 3192 Longol.
1343 3139 1392 3179 ad
1419 3137 1517 3178 Plin.
1536 3137 1586 3179 X.
1613 3138 1686 3192 Ep.
1706 3141 1773 3179 32.
1800 3135 1903 3177 Oud.

1699 3204 1757 3247 6·

1901 320 1940 346 95
