2155 3590
602 129 793 170 LIBER
822 129 917 168 Vll.

976 128 1105 168 CAP.
1134 128 1351 168 XXVIII.

1781 126 1861 168 631

23 239 25 241 ’
68 242 184 282 nitate
213 247 330 293 atque
361 239 513 280 foetore
545 241 703 280 tandem
735 240 872 294 fuga-ta
903 246 965 280 esi.
994 254 1017 280 a
1040 253 1103 280 me
1126 238 1337 294 pernicies.
1389 237 1578 279 Ceterum
1605 238 1743 278 titione
1769 237 1863 278 deli-

66 297 191 338 rantis
214 296 383 337 Altheae
406 294 615 350 Meleager
637 297 772 336 a=sinus
794 296 1015 337 interisset.
1521 315 1526 321 ·

64 445 188 485 absque
199 446 238 475 D.
279 445 432 483 pernicie
444 453 476 481 p.
517 445 675 482 pernices
687 447 772 476 Elm.
786 454 894 476 errore
913 453 1100 484 operarum,
1120 452 1219 486 quem
1237 447 1303 474 tam
1322 444 1448 473 sutilem
1467 443 1540 473 sine
1559 444 1657 474 dubio
1676 444 1801 479 pulavit
1821 445 1862 472 li-

64 491 190 521 brarius
202 498 311 529 meus⁷
334 493 370 519 ut
389 497 460 520 eum
479 498 543 519 non
557 491 742 526 corrigeret.
789 494 920 519 certum
933 492 981 520 ed.
997 499 1042 526 pr.
1056 491 1313 521 Vicen1.Venet.
1326 491 1358 518 2.
1372 491 1403 518 4.
1442 487 1596 516 titionem
1610 490 1649 518 R.
1691 486 1862 516 delibran-

64 535 108 564 τῖε
120 544 150 571 p.
197 534 237 564 al
254 533 328 563 thee
347 537 383 564 G.
396 537 428 564 2.
473 534 654 573 meleager
672 537 709 564 G.
721 537 752 565 2.
766 537 805 564 D.
829 543 880 563 me
892 535 1030 573 Iegal‘er
1042 538 1078 565 G.
1094 537 1123 565 1.
1137 543 1174 565 π.
1187 537 1223 564 0.
1269 534 1388 563 asinus
1408 536 1502 563 abest
1515 541 1535 562 a
1547 535 1586 562 R.
1601 533 1625 561 f.
1672 533 1864 561 interiisset

63 582 140 610 Bas.
153 582 185 610 2.
209 582 309 610 Porro
327 580 363 609 in
377 581 414 610 R.
429 580 495 610 etvf.
507 581 564 611 hic
575 582 703 610 demum
716 581 852 617 explicit
863 582 935 613 Lib.
944 582 1000 611 VI.
1016 584 1047 610 et
1056 581 1175 616 incipit
1185 581 1257 610 VH.
1281 580 1324 609 cf.
1338 580 1379 610 ad
1392 579 1523 608 initium
1535 585 1604 613 seq.
1616 578 1702 608 libri.

61 692 265 742 ruptamet
277 690 521 741 glossemate
541 689 811 740 interpolatam
824 689 930 729 Bert.

60 746 146 785 cod.
169 746 398 797 scripturam
427 750 575 785 temere
613 746 771 797 arripuit
795 747 930 798 Sciop-

59 802 166 854 pius,
192 802 306 844 latius
332 803 381 841 de
401 816 448 841 ea
462 816 585 854 agens
598 803 634 840 in
649 802 767 853 Susp.
779 801 849 841 IV.
865 807 929 844 22.

61 857 135 910 [At
158 860 193 897 in
220 872 266 897 eo
292 873 377 897 cum
403 858 525 904 Oud.,
550 858 613 909 qui
639 859 674 896 in
701 859 842 897 ceteris
868 872 931 897 me

58 916 339 953 assentientem
369 915 507 960 habet,
533 915 736 953 convenire
761 927 929 965 nequeo,

58 970 163 1020 quod
188 984 238 1008 ex
267 985 341 1009 uno
367 971 451 1009 cod.
477 971 602 1016 Bert.,
628 971 690 1021 qui
715 975 792 1009 tam
818 972 926 1009 muti·

57 1025 160 1065 latus
196 1031 275 1072 est,
310 1025 566 1066 masculinum
603 1040 727 1077 genus
761 1027 926 1079 liquido

52 1085 149 1135 fimo
167 1083 338 1122 strictim
351 1088 487 1135 eyesto
500 1082 692 1133 praetulit,
714 1083 802 1132 quia
817 1082 921 1133 apud

55 1142 209 1176 ceteros
226 1139 437 1189 scriptores
455 1152 612 1189 semper
632 1138 846 1176 masculino
863 1138 924 1175 vel

55 1198 189 1232 neutro
202 1207 347 1244 genere
360 1195 584 1240 inveniatur,
606 1207 678 1232 nec
692 1193 804 1232 aliter
817 1194 925 1244 Apu-

54 1249 154 1288 leius
185 1250 282 1288 Met.
307 1248 374 1288 lV.
405 1263 442 1301 p.
469 1254 562 1291 242.
591 1252 686 1302 fimo
713 1250 925 1301 fistulatim

53 1319 225 1346 excusso
256 1305 395 1344 dixerit
424 1305 512 1345 coll.
542 1305 674 1343 Burm.
705 1305 757 1342 ad
787 1304 922 1343 Seren.

53 1362 252 1400 Sammon.
295 1365 360 1402 72.
409 1361 486 1409 Qui
533 1362 634 1399 enim
683 1374 731 1398 ea
776 1361 924 1399 ratione

51 1422 173 1456 totum
203 1417 435 1469 Apuleium,
472 1431 587 1469 quem
624 1421 755 1455 notum
787 1420 850 1454 est
875 1430 924 1454 ex

52 1474 206 1512 arbitrio
226 1474 337 1525 plura
351 1487 542 1520 novasse,
567 1472 777 1511 emendare
790 1472 923 1518 vellet,

51 1544 125 1568 non
164 1530 412 1571 emendatum
447 1530 521 1568 sed
545 1529 777 1568 mendosum
806 1529 922 1567 nobis

54 1588 273 1626 restitueret
300 1600 370 1638 pro
400 1587 515 1625 deum
547 1586 662 1625 fidem
697 1586 924 1623 miserrime.

53 1641 142 1681 Non
169 1644 267 1682 enim
292 1641 566 1694 negligendum
598 1646 672 1688 est,
703 1655 840 1680 omnes
873 1641 924 1679 ad

50 1713 167 1737 unum
192 1699 304 1737 codd.
329 1700 365 1737 in
385 1713 433 1738 ea
453 1699 616 1737 lectione
637 1698 854 1743 concinere,
879 1701 922 1736 ut

51 1755 295 1794 verisimilius
310 1756 372 1801 sit,
391 1755 701 1794 emendationem
717 1768 810 1792 esse
823 1756 919 1806 fimo

50 1816 186 1864 eyesto
212 1811 315 1850 illius
341 1810 479 1849 librarii
499 1812 532 1849 si
552 1811 627 1849 diis
647 1810 776 1862 placet
802 1809 919 1854 docti,

51 1868 115 1918 qui
128 1871 248 1906 totum
270 1867 397 1906 locum
413 1869 524 1906 nobis
538 1868 786 1918 perturbavit.
813 1866 921 1904 Satis

50 1922 181 1974 lepida
204 1925 350 1962 ratione
375 1924 437 1962 hic
461 1924 662 1974 usurpavit
690 1926 826 1960 auctor
855 1922 920 1959 ad-

49 1980 222 2018 verbium
246 1981 435 2025 strictim„
467 1979 572 2029 quod
601 1979 813 2031 fistulatim
838 1977 921 2015 sere

49 2040 131 2082 est,
155 2040 197 2074 ut
220 2036 323 2073 idem
347 2035 442 2074 dixit
465 2035 564 2073 Met.
588 2034 654 2072 IV.
682 2034 705 2072 l.
727 2048 758 2073 c.
786 2034 921 2072 Gloss.

50 2092 295 2143 Cyr.p.475.
321 2090 594 2143 ἐσφιγμένως
612 2091 795 2130 strictim.
820 2088 922 2128 Prae

49 2148 185 2186 dolore
210 2149 310 2186 enim
335 2160 381 2186 ac
405 2148 537 2186 mortis
561 2150 666 2184 metu
691 2146 819 2185 alvum
844 2146 922 2184 sol-

51 2217 143 2242 vere
167 2203 272 2242 solet
297 2207 427 2242 noster
459 2203 606 2242 asinus.
653 2201 921 2253 Apertissime

48 2260 216 2299 illustrat
240 2265 413 2298 nostrum
438 2259 564 2297 locum
581 2259 703 2297 Solin.
730 2273 762 2297 c.
778 2262 844 2298 43.
870 2258 920 2296 de

48 2317 230 2355 Bonaso:
264 2316 485 2368 Quidquid
514 2315 716 2367 praesidii
740 2319 920 2353 monstro

49 2373 114 2411 illi
135 2375 255 2424 frons
280 2376 423 2424 ueyat,
461 2372 575 2410 aleus
611 2372 787 2422 sufficit,
825 2384 920 2409 nam

50 2443 141 2468 cum
164 2429 207 2467 in
228 2431 378 2480 fuyam
402 2428 582 2472 vertitur,
615 2427 805 2478 proluvie
847 2428 921 2466 citi

49 2486 196 2524 centris
217 2486 387 2537 fimum
411 2484 573 2536 eyerit
593 2497 672 2534 per
693 2483 919 2535 longitudi-

49 2555 137 2580 nem
161 2543 282 2580 trium
306 2542 503 2591 umerum,
531 2541 645 2579 cuius
665 2539 796 2578 ardor
810 2539 919 2591 quic-

51 2597 155 2650 quid
179 2598 369 2644 attiyerit
393 2596 545 2635 adm-it.

103 2656 265 2705 foetore
307 2657 462 2691 tantum
500 2654 656 2704 fuyata
698 2655 756 2690 est
795 2665 821 2689 a
861 2664 922 2689 me

46 2710 262 2762 pernicies.
299 2707 485 2746 Pricaeus
505 2709 605 2745 bene
625 2707 801 2752 adnotat,
826 2706 921 2745 mul-

49 2770 111 2804 tas
140 2766 290 2804 bestias
321 2766 558 2803 insectantes
583 2763 815 2802 intolerabili
840 2762 922 2800 foe-

51 2821 172 2859 ditate
206 2820 409 2873 depellere
445 2820 533 2859 coll.
571 2820 695 2858 Solin.
733 2818 757 2857 l.
790 2833 821 2857 c.
854 2819 921 2857 Ita

53 2878 187 2929 eqerie
215 2878 346 2916 noxia
369 2881 586 2916 summovet
608 2877 857 2928 insequentes
881 2878 920 2912 et

53 2931 230 2971 Cassiod.
261 2932 311 2971 X.
342 2937 407 2974 30.
440 2933 489 2970 de
526 2932 754 2983 elephanto:
794 2931 921 2976 Quod

52 2990 86 3026 si
106 2990 195 3040 quis
219 2989 577 3037 (circumstantium)
600 2988 803 3040 praebere
828 3002 919 3026 con-

53 3046 257 3097 tempserit
282 3046 510 3097 postulata,
542 3045 697 3084 vesicae
729 3043 919 3084 collecta-

991 691 1086 730 culo
1101 690 1322 742 patefacto
1341 693 1496 728 tantam
1515 687 1673 728 dicitur
1691 687 1860 727 alluvio—

988 761 1076 785 nem
1095 759 1283 798 eyerere,
1309 750 1354 785 ut
1379 746 1422 784 in
1446 747 1531 784 eius
1539 744 1761 796 penatibus
1776 744 1860 795 qui-

989 804 1084 842 dam
1101 803 1248 856 fluvius
1266 802 1458 841 videatne·
1479 802 1659 850 intrasse,
1686 804 1860 839 contem·
1910 816 1912 819 ·

982 864 1102 911 plum
1128 858 1340 896 vindicans
1365 858 1416 896 de
1436 859 1610 908 foetore.

1049 914 1231 953 Ceterum
1266 915 1412 952 titione
1444 912 1660 951 delirantis
1693 911 1862 951 Altheae

984 970 1199 1022 Illeleaqer
1234 971 1370 1008 asinus
1404 969 1616 1007 interisset.
1682 967 1794 1005 Haec
1837 980 1861 1004 a

983 1040 1099 1064 manu
1135 1025 1263 1063 omnia
1299 1038 1393 1062 esse
1430 1023 1665 1075 glossatoris
1697 1023 1859 1062 facetias

983 1080 1230 1132 Apuleianas
1245 1081 1380 1118 imitari
1396 1079 1574 1125 volentis,
1590 1081 1785 1118 sententia
1798 1083 1861 1116 est

984 1137 1185 1181 Floridi,in
1201 1149 1316 1187 quam
1330 1136 1623 1174 induciturvoce
1633 1136 1859 1177 interiisset,

984 1192 1180 1244 quomodo
1195 1196 1306 1242 putat
1313 1191 1525 1243 Apuleium
1540 1206 1613 1229 non
1629 1193 1859 1242 scripturum

984 1250 1108 1287 fuisse
1144 1247 1220 1285 sed
1255 1248 1493 1294 interissem,
1537 1247 1643 1298 quod
1685 1246 1860 1298 postulet

983 1304 1167 1343 orationis
1191 1303 1336 1348 series,
1363 1316 1440 1354 qua
1458 1304 1494 1341 in
1514 1317 1557 1341 re
1577 1304 1860 1341 assentientem

982 1361 1102 1399 habet
1125 1359 1354 1397 Wasseum.
1398 1358 1525 1397 Recte
1548 1372 1642 1396 vero
1667 1359 1769 1397 hanc
1793 1359 1859 1396 du-

981 1417 1206 1455 bitationem
1237 1414 1340 1453 Oud.
1372 1414 1532 1460 refutat,
1570 1415 1858 1461 demonstrans,

981 1472 1193 1524 Apuleium
1218 1471 1382 1522 saepius
1407 1485 1515 1511 meus
1535 1471 1672 1510 asinus
1689 1484 1758 1522 pro
1780 1484 1859 1522 eqo

983 1530 1138 1573 asinus,
1169 1530 1209 1565 et
1232 1541 1340 1567 nzeus
1365 1526 1522 1567 Lucius
1551 1540 1622 1577 pro
1660 1541 1739 1578 090
1777 1526 1858 1565 Lu-

983 1587 1069 1624 cius
1093 1584 1255 1622 dixisse.
1295 1582 1389 1635 [Cui
1414 1586 1640 1634 argumento
1666 1582 1743 1620 alia
1767 1595 1858 1632 pos-

981 1644 1071 1679 sunt
1101 1639 1272 1691 suggeri.
1325 1638 1495 1677 Primum
1526 1640 1626 1677 enim
1658 1639 1721 1689 qui
1753 1638 1857 1688 glos-

979 1701 1151 1735 satorum
1173 1696 1356 1747 figmenta
1375 1709 1425 1733 ex
1441 1695 1546 1733 libris
1561 1696 1778 1733 accuratius
1793 1708 1857 1732 no-

977 1754 1093 1798 verit,
1128 1753 1334 1798 concedet,
1366 1752 1467 1789 hanc
1497 1752 1653 1803 quidem
1680 1750 1856 1800 glossam

979 1809 1190 1848 doctiorem
1222 1821 1335 1853 esse,
1367 1821 1482 1858 quam
1514 1820 1616 1858 quae
1646 1807 1696 1844 ab
1722 1820 1856 1844 eorum

979 1879 1097 1903 manu
1121 1864 1312 1916 proficisci
1336 1864 1519 1915 potuerit,
1552 1876 1669 1914 quum
1701 1863 1777 1900 hae
1803 1861 1856 1898 sa-

980 1922 1104 1960 cetiae
1129 1934 1204 1958 non
1230 1924 1307 1958 tani
1333 1920 1368 1957 in
1394 1922 1575 1971 promptu
1595 1920 1672 1957 sint
1689 1919 1855 1969 positae,

978 1982 1021 2016 ut
1056 1978 1090 2014 in
1127 1980 1296 2015 mentem
1334 1977 1473 2026 cuique
1515 1976 1647 2014 statim
1689 1975 1854 2012 veniant.

979 2033 1135 2072 Deinde
1155 2033 1322 2071 omnium
1342 2032 1524 2070 librorum
1545 2044 1765 2069 consensus
1778 2044 1854 2067 non

981 2089 1242 2140 negligendus
1259 2092 1354 2134 erat,
1369 2087 1474 2139 quod
1487 2087 1563 2126 hac
1576 2088 1611 2124 in
1626 2101 1666 2125 re
1682 2087 1852 2125 luculen-

980 2146 1173 2184 tissimum
1204 2148 1268 2182 est
1297 2147 1576 2195 argumentum.
1627 2142 1758 2181 Tertio
1789 2143 1854 2180 de-

978 2203 1095 2252 nique
1117 2201 1203 2239 loco
1217 2199 1412 2252 Apuleius
1429 2201 1494 2238 vix
1514 2200 1626 2238 aliter
1645 2199 1774 2237 dicere
1789 2212 1853 2250 pn-

978 2260 1068 2303 tuit,
1093 2258 1166 2296 nisi
1191 2257 1418 2296 interiisset.
1467 2255 1597 2302 Quum
1623 2256 1724 2293 enim
1749 2269 1852 2293 com-

978 2318 1089 2366 paret
1101 2313 1266 2352 Lucium
1281 2326 1367 2351 cum
1380 2312 1605 2362 Meleagro,
1630 2325 1744 2350 anum
1760 2325 1852 2348 vero

978 2370 1208 2409 delirantem
1234 2383 1320 2407 cum
1346 2368 1514 2415 Althea,
1546 2381 1592 2406 se
1617 2368 1745 2419 ipsum
1770 2366 1853 2404 Mc-

978 2427 1151 2477 leagrum
1164 2426 1347 2471 nominat,
1356 2429 1396 2463 et
1407 2426 1545 2465 asinus
1559 2438 1694 2462 vocem
1707 2427 1853 2462 tantum

977 2483 1098 2529 addit,
1106 2487 1148 2521 ut
1161 2483 1299 2532 cuique
1312 2485 1458 2533 pateat,
1474 2481 1561 2532 quis
1575 2481 1639 2518 ille
1648 2480 1853 2529 Meleager

977 2540 1040 2578 sit.
1066 2538 1153 2577 Nos
1168 2551 1324 2590 quoque
1338 2541 1490 2576 vertere
1505 2538 1605 2575 bene
1619 2548 1850 2587 possumus:

979 2596 1105 2635 Sonst
1125 2599 1236 2634 wilre
1261 2595 1397 2634 durch
1422 2594 1496 2632 der
1519 2593 1764 2632 uviitlicndeu
1785 2590 1851 2630 Al-

979 2652 1072 2691 tlzea
1103 2650 1259 2691 Brund
1291 2651 1366 2689 der
1397 2649 1496 2688 Esel
1523 2649 1738 2700 lWIeIeaycr
1770 2661 1854 2686 um-

977 2708 1227 2760 ‚qelcommem
1277 2705 1366 2752 Qua
1384 2706 1419 2744 in
1434 2704 1586 2743 dicendi
1600 2705 1748 2742 ratione
1763 2703 1853 2753 quid

980 2764 1150 2801 inusitati
1169 2767 1209 2801 et
1229 2762 1318 2801 salsi
1339 2763 1406 2808 Sit,
1432 2761 1613 2812 equidem
1627 2774 1700 2797 non
1728 2758 1852 2796 video.

979 2818 1158 2858 Ceterum
1204 2818 1409 2857 notissima
1455 2821 1517 2855 est
1563 2816 1661 2853 haec
1709 2814 1852 2861 sabula,

978 2889 1093 2925 quam
1108 2874 1303 2926 Apuleius
1317 2874 1380 2912 hic
1392 2873 1535 2924 tetigit3
1556 2872 1602 2909 cs.
1614 2871 1759 2922 Hygin.
1775 2870 1853 2908 fab.

979 2930 1157 2969 FLXXI.
1178 2944 1214 2982 p.
1231 2934 1325 2971 287.
1350 2930 1478 2975 Stav„
1504 2929 1569 2966 ubi
1594 2928 1641 2966 cs.
1656 2926 1854 2978 Munker.]

978 2987 1105 3026 Recte
1125 2987 1227 3025 Oud.
1254 2986 1493 3030 observavit,
1526 2997 1655 3022 errare
1683 2983 1852 3027 codices,

980 3045 1043 3094 qui
1069 3049 1220 3083 certum
1241 3056 1309 3093 pro
1326 3047 1498 3083 ceterum
1517 3041 1724 3092 praebent,
1750 3039 1853 3091 quod
