2221 3667
309 133 364 176 24
557 133 604 175 L.
635 131 856 173 APULEH
887 130 1286 173 MADAURENSIS
1315 130 1864 173 METAMORPHOSEON

310 255 441 287 tamen
466 247 637 288 Athenis
668 248 850 301 proximo
880 255 972 288 ante
1002 246 1188 288 Poecilen
1220 248 1412 302 porticum
1444 248 1520 288 isto
1553 246 1708 300 gemino
1734 245 1872 286 obtutu
1903 245 2109 288 circulato-

311 319 394 345 rem
419 304 559 358 aspexi
583 312 805 358 equestrem
830 305 1006 359 spatham
1034 312 1283 360 praeacutam
1301 302 1510 361 {mucrone
1531 304 1676 343 infesto
1696 303 1924 354 devorasse,
1953 316 1998 343 ac
2017 318 2111 345 mox

309 441 381 461 cum
397 429 475 461 Ath.
484 441 539 470 pr.
551 435 590 464 R.
606 434 627 463 f.
653 436 685 462 et
699 435 733 462 iu
748 431 974 472 Atheu.p1·.p.
1001 432 1143 470 inprime>
1158 434 1238 460 aute
1252 434 1286 462 Ο,
1306 433 1467 470 proximo
1489 436 1569 461 (mle
1589 442 1621 467 φ.
1643 432 1804 470 μναῖ-ὑπο
1824 435 1855 459 et
1870 435 1950 460 ante
1970 434 2005 463 F.
2025 434 2056 464 3,
2076 434 2111 462 Ρ,

309 480 346 508 Β.
360 481 398 509 D.
414 480 449 508 G.
463 480 500 509 R.
516 479 538 509 f.
586 478 740 508 Poetilen
761 481 795 509 F.
811 482 841 509 3.
863 482 898 509 G.
913 482 952 509 D.
972 488 991 508 a
1005 488 1051 515 pr.
1065 487 1106 509 m.
1128 478 1165 514 [a
1179 486 1204 507 s.
1218 478 1438 516 n1.p⁰ecz·len]
1487 479 1553 507 isto
1573 481 1716 508 exulata
1737 479 1772 507 P.
1794 483 1823 507 et
1840 480 1875 507 G.

309 591 468 629 comicis
503 595 650 630 tantum
686 592 836 630 videtur
877 603 972 629 esse
1014 591 1180 641 propria,

309 647 413 686 unde
437 646 632 699 Apuleius
665 662 750 686 eam
776 648 923 692 hausit,
949 648 1051 685 idem
1077 646 1182 697 quod

308 704 494 755 particula
507 708 600 757 fere
613 705 812 755 significat.
839 703 886 742 «rs.
900 702 1181 742 Pharnacen.

310 759 376 800 ΙΥ.
408 766 445 801 ,4.
484 765 548 802 21.
586 761 687 800 lx’nd.
722 760 765 799 ll.
793 766 828 800 5.
856 765 892 799 3.
931 759 1084 797 Trucul.
1116 758 1179 797 lll.

310 822 347 858 2.
374 822 411 858 5.
438 818 552 868 Apul.
580 817 723 856 Florid.
752 831 786 867 p.
818 821 884 856 42.
925 817 989 855 illi
1020 817 1184 854 minimo

307 875 449 914 ‘lm‘mls-
476 874 736 925 Res-pondere
761 873 909 911 videtur
933 872 1042 910 alteri
1070 873 1184 910 comi-

309 945 439 969 corum
479 930 666 968 t'orlnulae
696 931 824 969 ”times
848 930 997 975 m'lu‘lo,
1027 928 1077 966 «le
1109 942 1186 979 qua

309 987 357 1026 cf.
395 987 521 1025 Hand.
559 987 608 1024 ad
642 984 810 1025 Tursell.
842 985 905 1025 Ill.
944 1000 980 1037 p.
1009 990 1101 1026 618.
1134 986 1186 1024 dc

307 1045 469 1082 minimo
495 1045 623 1082 nu'nus
647 1043 695 1082 cf.
722 1042 849 1081 Hand.
872 1043 961 1081 ibid.
987 1057 1024 1095 p.
1047 1042 1157 1109 620]

360 1101 557 1153 promitur)
571 1100 673 1139 Oud.
688 1101 789 1138 bene
804 1100 973 1151 explicat
990 1114 1046 1152 pr
1050 1101 1183 1138 occime

307 1172 340 1195 S.
366 1171 498 1209 nuper
522 1170 571 1195 ex
598 1156 675 1195 (ic.
708 1158 757 1195 ad
788 1157 867 1196 Att.
893 1156 960 1195 ΙΥ.
992 1161 1053 1197 17.
1086 1156 1117 1207 ξ.
1145 1159 1181 1196 3

309 1214 389 1266 [nbi
422 1218 461 1252 et
485 1213 634 1252 Manat.
661 1218 700 1251 et
725 1213 847 1252 Orell.
877 1213 968 1265 vid]
1000 1213 1086 1252 Liv.
1112 1212 1179 1250 IX.

308 1275 374 1311 523.
407 1272 437 1322 ᾧ.
472 1274 507 1311 6.
546 1271 715 1310 Gronov.
757 1270 885 1321 [Hane
915 1270 1085 1308 adverbii
1111 1273 1183 1307 ter-

307 1328 555 1366 minationem
577 1341 694 1379 quum
721 1327 860 1366 librarii
892 1341 966 1365 non
999 1330 1185 1378 caperent

307 1384 450 1423 sactum
469 1388 550 1429 est,
569 1389 611 1423 ut
622 1386 818 1437 proximo
834 1398 902 1436 pro
917 1385 1035 1423 verbo
1056 1396 1183 1422 sume-

304 1446 408 1487 rent,
435 1442 494 1480 cui
515 1443 629 1480 errori
655 1443 839 1480 intrusam
865 1442 950 1479 sine
976 1442 1092 1479 (lubio
1119 1441 1183 1478 de-

304 1500 446 1537 bemus
456 1503 547 1550 post
557 1500 767 1551 prosc-imo,
783 1503 821 1537 et
833 1497 1072 1549 particulam,
1083 1511 1184 1549 quae

306 1561 508 1606 utramque
528 1556 836 1594 enunciationem
857 1555 1074 1593 arctissime
1095 1568 1182 1592 con-

306 1616 490 1651 necteret.
533 1612 660 1650 Multo
686 1613 800 1663 peius
826 1611 989 1650 Piccart.
1017 1610 1182 1649 Pericul.

307 1671 384 1708 crit.
411 1685 441 1709 c.
472 1673 534 1710 16.
561 1673 600 1708 et
624 1668 650 1708 l.
680 1669 846 1707 Guielm.
874 1668 1003 1707 Veris.
1026 1668 1071 1707 ll.
1098 1683 1129 1707 c.
1145 1673 1181 1707 4.

307 1727 517 1765 conflarunt
542 1731 707 1771 effante,
741 1739 841 1777 quae
866 1730 995 1763 tamen
1021 1727 1183 1764 barbara

306 1782 449 1822 locutio
471 1784 544 1821 iam
568 1783 631 1821 diu
652 1796 702 1821 ex
716 1782 905 1821 latinitate
928 1783 1096 1833 expulsa
1120 1786 1183 1820 est

306 1854 329 1878 a
365 1840 483 1879 Drak.
521 1840 572 1879 ad
603 1840 673 1879 Sil.
700 1839 767 1878 VI.
806 1843 899 1880 580.
937 1839 1023 1877 ‘Nec
1053 1840 1180 1877 minus

304 1898 520 1936 barbariem
558 1897 666 1935 olent
709 1896 920 1948 particulae
957 1896 1106 1935 abantc
1143 1900 1181 1933 et

305 1956 454 1994 inante.
484 1954 546 1992 De
567 1959 715 1993 extolle
734 1953 780 1992 cf.
797 1953 924 1992 Hand.
946 1953 997 1991 ad
1012 1952 1181 1990 Turseli.

304 2010 331 2050 Ι.
369 2025 407 2063 p.
441 2015 533 2052 665.
567 2010 628 2049 HI.
661 2024 697 2062 p.
731 2015 824 2051 357.
863 2010 1097 2048 Defenditur
1126 2011 1182 2048 iu·

305 2073 398 2107 mztc
421 2082 444 2106 a
471 2067 639 2107 Salmas.
672 2068 721 2106 ad
753 2068 880 2118 Spart.
913 2066 1032 2105 Hadr.
1059 2080 1089 2104 c.
1119 2070 1181 2107 13.

304 2139 341 2177 p.
371 2130 461 2166 117.
488 2125 796 2163 Accuratissime
822 2124 872 2162 de
897 2124 972 2169 his,
999 2127 1040 2161 ut
1064 2123 1182 2168 solet,

264 2183 265 2186 ’
303 2181 440 2221 Eckst.
468 2182 517 2220 ad
536 2181 657 2219 Voss.
677 2182 795 2219 Arist.
823 2180 884 2219 111.
912 2194 949 2231 p.
977 2183 1070 2220 999.
1091 2181 1181 2231 agit,

304 2240 369 2291 qui
396 2238 505 2289 plura
527 2238 782 2290 suppeditat]

361 2296 651 2335 ct'rculatorem
689 2294 823 2347 [Varia
859 2294 971 2332 buius
1003 2293 1181 2332 vocabuli

304 2353 410 2403 origo
427 2368 449 2391 a
465 2353 554 2389 viris
570 2351 697 2390 doctis
712 2351 947 2402 proponitur.
958 2350 1093 2389 Gloss.
1104 2350 1179 2388 La-

303 2411 367 2448 tin.
390 2408 454 2448 Gr.
472 2408 700 2448 circulator
720 2408 917 2458 explicant
937 2405 1183 2460 ὀχλαγωγεύς,

303 2463 475 2519 ἀγύρτης.
489 2465 675 2503 Nonnulli
693 2465 820 2502 dirtos
836 2478 906 2501 eos¹
920 2468 1068 2515 putant,
1079 2465 1183 2516 quod

302 2522 492 2576 populum
518 2524 553 2560 in
581 2520 721 2560 circulo
754 2522 1065 2559 circiunstantem
1099 2522 1183 2559 suis

302 2580 524 2631 praestigiis
557 2583 596 2617 et
625 2578 916 2616 ariolationilms
949 2578 1182 2616 alliciebant.

302 2637 427 2677 Plane
453 2636 564 2674 aliter
588 2637 858 2686 interpretatur
890 2634 1023 2673 Scbol.
1051 2634 1101 2672 ad
1126 2634 1183 2672 lu-

303 2693 429 2733 venal.
450 2692 516 2732 vl.
550 2697 642 2733 583.
672 2692 786 2745 quod
811 2692 1081 2731 circulatores
1106 2692 1184 2730 hoc

305 2752 585 2789 consueverint
611 2749 820 2793 adhibere,
845 2753 890 2787 ut
915 2749 1084 2787 delectis*
1108 2749 1186 2787 sim·

305 2807 407 2846 Iocis
439 2807 598 2846 duobus
623 2819 691 2845 eos
722 2806 911 2851 lustrent,
943 2805 990 2844 id
1020 2810 1078 2844 est
1108 2807 1183 2843 cir-

305 2869 470 2908 cueant,
508 2864 660 2903 deinde
691 2877 771 2916 per
795 2876 862 2901 cos
897 2867 1026 2902 sortes
1051 2862 1097 2900 id
1128 2867 1184 2900 est

305 2921 476 2960 tax-illos
502 2922 705 2966 iaetitent,
746 2933 826 2972 quo
859 2919 1028 2963 eccimle,
1068 2919 1183 2971 quod

303 2991 401 3017 suae
414 2991 607 3029 yeneseos
621 2978 785 3029 sisynum
796 2991 836 3016 se
850 2976 1182 3016 accommodare-

306 3036 372 3079 rit,
392 3034 652 3085 inspiciatur,
677 3034 878 3086 numquid
892 3035 992 3073 vicet
1004 3037 1043 3072 et
1057 3046 1183 3086 quan-

307 3091 384 3130 do.-
415 3095 452 3129 et
478 3092 628 3142 paucis
653 3104 706 3130 ex
741 3091 870 3130 verbis
904 3090 1056 3129 ibidem
1089 3103 1183 3129 con·

305 3149 473 3200 scriptis
504 3153 631 3187 sortes
663 3147 841 3187 educunt
865 3161 976 3193 suas,
1001 3146 1104 3185 unde
1130 3147 1182 3184 in-

1239 587 1363 639 telligi
1390 593 1541 641 potest,
1572 605 1596 629 a
1619 589 1838 628 circulando
1865 590 1886 628 i.
1913 603 1946 629 e.
1973 590 2114 629 circum

1240 646 1367 684 eundo
1387 660 1458 684 eos
1474 660 1568 684 esse
1582 647 1862 685 denominatos.
1890 645 1992 686 Isou.
2006 646 2113 698 Mag.

1242 702 1377 742 Gloss.
1410 703 1460 741 ad
1492 702 1673 741 Prudent.
1705 702 1848 754 Hymn.
1874 704 1910 742 in
1936 703 2050 742 Rom.
2078 717 2113 742 v.

1243 762 1336 799 303.
1363 773 1399 810 p.
1427 763 1520 799 817.
1551 760 1612 798 ed.
1639 759 1782 799 W‘eitz.
1810 760 2037 799 circulator
2064 783 2112 787 -—

1244 816 1460 867 deceptor,
1500 817 1596 868 quia
1623 817 1726 855 alios
1754 817 1933 869 quodam.
1959 817 2116 855 circulo

1243 874 1398 910 erroris
1413 873 1581 911 involvit
1600 878 1638 911 ct
1657 873 1824 925 decae'pe't.
1841 872 2116 912 Circulatorum

1244 928 1376 980 plures
1391 933 1497 967 erant
1511 929 1615 980 apud
1630 934 1781 967 veteres
1797 943 1941 980 genera
1953 933 1992 968 et
2000 930 2116 968 deno-

1243 985 1492 1023 minationes:
1518 987 1850 1036 praestigiatores,
1875 987 2117 1037 serpentarii,

1241 1042 1488 1081 acetabularii
1522 1046 1560 1080 et
1590 1056 1731 1093 graece
1763 1039 1939 1096 ἀγύρται,
1965 1045 2117 1096 πτωχοί,

1239 1101 1548 1152 ψηᾳοβλαῖπται,
1574 1108 1861 1151 ψηᾳοπαΐκται,
1885 1102 2118 1153 ψευδοτεχνῖ-

1240 1171 1320 1203 ται,
1362 1159 1659 1207 θαυματοποιοί
1696 1160 1735 1195 et
1772 1157 1833 1195 his
1870 1158 2118 1208 potissimum

1240 1214 1483 1264 temporibus
1521 1213 1684 1251 Graecis
1716 1218 1755 1252 et
1784 1212 1975 1252 Romanis
2011 1217 2120 1252 erant

1244 1271 1463 1321 gratissimi.
1495 1269 1558 1308 De
1572 1270 1766 1308 miraculis
1781 1271 2118 1321 praestigiatorum

1244 1328 1307 1378 qui
1332 1326 1444 1378 plura
1468 1327 1668 1365 desiderat
1693 1327 1739 1366 cs.
1761 1326 1935 1378 Onuphr.
1955 1325 2116 1366 Panvin.

1242 1384 1293 1422 de
1316 1383 1417 1422 Lud.
1445 1382 1540 1422 sire.
1567 1383 1653 1422 Lib.
1681 1383 1708 1422 Ι.
1735 1398 1765 1423 c.
1790 1389 1851 1424 14.
1878 1385 1967 1436 ibiq.
1993 1384 2118 1436 Argo-

1245 1441 1321 1478 lum
1347 1440 1451 1491 apud
1473 1440 1615 1479 GraeV.
1642 1441 1677 1478 in
1693 1439 1813 1480 Thes.
1830 1441 1988 1492 Antiqq.
2003 1440 2117 1479 Rom.

1244 1496 1354 1536 Tem.
1382 1496 1449 1536 lx.
1476 1510 1512 1547 p.
1543 1497 1633 1538 153.
1660 1503 1699 1535 et
1724 1497 1890 1548 Buleng.
1916 1497 1967 1536 de
1993 1496 2119 1536 Thea-

1241 1559 1300 1592 tro
1331 1553 1378 1593 L.
1411 1553 1438 1592 1.
1477 1567 1508 1592 e.
1535 1557 1601 1594 40.
1639 1554 1729 1593 ibid.
1761 1567 1798 1605 p.
1824 1554 1919 1596 902.
1952 1568 2013 1605 sq.
2061 1553 2121 1592 Ita

1242 1611 1526 1649 emendandum
1558 1614 1653 1662 puto
1679 1611 1783 1662 apud
1814 1610 1949 1650 Isidor.
1981 1610 2118 1650 Gloss.

1242 1682 1279 1719 p.
1297 1672 1389 1708 672.
1408 1668 1649 1713 circulator,
1667 1669 1949 1721 quisitratpro
1972 1671 2118 1720 fumat,

1242 1726 1307 1763 ubi
1320 1725 1423 1763 male
1431 1724 1596 1764 Vulcan.
1608 1726 1672 1775 qui
1681 1728 1837 1777 fumum
1848 1725 1992 1764 rendit.
2000 1727 2121 1777 furat

1242 1782 1384 1820 dictum
1402 1785 1464 1819 est
1477 1795 1546 1832 pro
1557 1785 1726 1834 furatur
1740 1786 1780 1820 ut
1790 1783 1945 1834 furatis
1956 1781 2120 1833 passive

1241 1852 1303 1889 ap.
1329 1838 1449 1889 Apul.
1475 1838 1571 1877 Met.
1599 1837 1626 1876 l.
1652 1851 1689 1889 p.
1711 1842 1803 1879 704.
1827 1840 1984 1890 furatis
2007 1839 2117 1878 clau-

1241 1896 1336 1934 culo
1357 1895 1562 1947 partibus.
1590 1895 1885 1935 cllArtemidor.
1908 1894 1971 1933 lll.
1998 1909 2029 1934 c.
2056 1899 2118 1936 16.

1241 1960 1525 2016 ψηᾳοπα7κτεῖν
1554 1954 1684 2004 παρα).
1688 1949 1866 2003 οζάμειῸι
1896 1954 1959 1990 καὶ
1983 1948 2120 2004 ’φειδό-

1241 2024 1350 2060 uno)
1365 2006 1427 2048 δια
1440 2024 1482 2047 το
1497 2011 1570 2047 πο).
1574 2006 1642 2055 mg
1654 2021 1808 2061 ψηᾳοις
1826 2010 2036 2048 κλέπτειν
2055 2010 2120 2047 καὶ

1241 2081 1384 2112 ται-τας
1413 2060 1549 2105 ἄλλοτε
1585 2059 1707 2112 ἄλλας
1736 2061 1877 2105 δεικνύ
1861 2081 1924 2105 em.
1957 2066 2118 2130 Gregor.

1240 2122 1352 2161 Yam
1356 2137 1401 2162 ιΖ
1423 2137 1458 2161 1n
1474 2123 1665 2161 Athana<
1695 2126 1757 2186 16.
1771 2119 1872 2161 ἀὶὶὰ
1894 2119 2030 2162 ταυτὸν
2055 2116 2121 2161 οὖν

1241 2191 1388 2231 urlqmg
1431 2195 1471 2218 τε
1515 2179 1658 2227 παίζειν
1698 2176 1742 2231 τι)
1748 2195 1764 2218 ι·
1807 2173 1898 2231 ὄψιν
1939 2181 1984 2219 κ).
1988 2194 2119 2218 επτου·

1241 2236 1355 2289 σαις.]

1299 2294 1448 2345 aspexi
1473 2292 1625 2345 [Argol.
1652 2294 1688 2331 in
1715 2292 1738 2332 1.
1761 2307 1791 2332 c.
1820 2294 1952 2332 nescio
1972 2308 2020 2332 an
2039 2292 2119 2330 edi.-

1239 2352 1344 2388 tione
1376 2364 1485 2395 usus,
1512 2349 1607 2399 legit
1632 2351 1796 2402 Inspexi
1819 2354 1859 2388 et
1883 2363 1952 2401 pro
1978 2350 2119 2389 incita-

1242 2412 1373 2446 mento
1401 2431 1452 2435 m
1479 2408 1742 2446 ‘imitamento
1773 2411 1812 2445 et
1841 2408 2050 2459 inquinem
2080 2410 2120 2445 et

1244 2464 1414 2516 diceus]

1301 2525 1522 2573 equestrem
1552 2521 1751 2573 spatham.
1790 2520 1891 2560 Ond.
1924 2533 2010 2558 eam
2035 2521 2120 2558 bre-

1245 2579 1387 2616 viorem
1426 2582 1465 2615 et
1500 2576 1674 2617 latiorem
1712 2578 1803 2617 dicit
1834 2577 1958 2616 fuisse
1999 2577 2118 2628 pede-

1243 2635 1330 2680 stri,
1367 2638 1406 2673 et
1441 2634 1673 2674 vocabulum
1704 2635 1996 2673 accuratissime
2033 2647 2120 2674 cum

1239 2696 1512 2744 praeacutam
1536 2692 1742 2742 coniungit.
1771 2690 1912 2743 [Aliter
1936 2691 2039 2729 hunc
2064 2690 2118 2729 lo-

1243 2762 1329 2786 cum
1353 2748 1540 2799 Argolius
1574 2748 1596 2786 1.
1623 2762 1654 2787 c.
1687 2748 1877 2798 intelligit,
1910 2749 1974 2799 qui
2005 2761 2118 2801 eque-

1241 2810 1361 2844 strem
1380 2818 1466 2843 cnm
1486 2806 1775 2844 circulatorem
1791 2804 1994 2855 copulans,
2015 2818 2119 2856 equo

1242 2863 1473 2900 insidentem
1500 2861 1691 2913 intelligit.
1727 2861 1838 2900 Prior
1867 2865 1995 2900 tamen
2021 2862 2117 2900 ratio

1241 2919 1461 2970 explicandi
1487 2920 1611 2969 magis
1626 2919 1906 2969 comprobatur,
1927 2918 2032 2969 quod
2051 2919 2119 2957 cir-

1242 2976 1434 3014 culatores
1454 2989 1556 3027 equo
1573 2975 1789 3013 insidentes
1804 2988 1996 3025 nusquam
2016 2988 2117 3013 com-

1240 3037 1509 3072 memorantur.
1543 3032 1709 3084 Spatha
1727 3032 1897 3069 testibus
1911 3031 2115 3083 Hesychio

1241 3088 1485 3128 ctGlossis(
1483 3102 1513 3127 x
1517 3089 1588 3127 rilli
1601 3085 1862 3138 onc21775‚„1‹50‚
1875 3088 2028 3139 gladius
2042 3092 2115 3127 est.

1241 3145 1289 3185 cf.
1311 3145 1442 3186 Barth
1463 3144 1978 3198 Atlvers.XXX111.12.p
1996 3149 2115 3187 15⁰4
