2221 3667
322 148 405 190 666

323 316 539 356 cruciabat.

583 148 629 186 1..
662 147 884 187 APULEII
914 146 1320 189 MADAURENSIS
1345 146 1894 190 METAMORPHOSEON

233 267 298 299 528
322 266 528 310 maverat,
586 259 718 300 adfixo
772 259 960 316 ser-{vitio
1009 259 1152 300 divinis
1199 258 1410 312 percolens
1458 259 1674 301 honoribus
1721 261 1805 315 ipso
1853 276 1941 303 sese
1989 264 2132 303 solatio

310 444 503 484 foraverat
518 445 554 474 F.
571 446 599 473 1.
614 446 644 473 3.
673 443 864 484 formarint
875 446 912 473 L.
941 444 1132 483 formarat
1146 445 1230 473 Elm.
1246 442 1366 473 Florid.
1390 447 1427 473 ln
1441 445 1758 483 cethsormaoerat.
1806 443 1920 481 affixo
1934 445 1969 475 F.
1985 449 2014 476 1.
2027 449 2059 476 3.
2074 449 2110 475 Β.
2121 469 2129 481 ,

319 491 358 518 de
375 490 447 519 suis
466 491 555 518 codd.
575 491 655 519 Oud.
673 491 757 519 nihil
777 491 878 519 addit.
899 491 969 518 edd.
991 493 1068 518 vett.
1088 490 1179 518 Colv.
1200 491 1297 518 Vulc.
1318 492 1350 517 2.
1367 491 1452 518 Elm.
1489 488 1610 526 affisso
1629 488 1659 519 δ.
1690 492 1728 519 ln
1747 494 1822 519 cett.
1842 488 1960 527 affixa
1978 492 2130 520 servitio.

317 533 462 563 honores
475 532 505 564 δ.
530 535 601 572 ipse
614 542 686 564 sese
700 538 736 564 L.
762 536 833 572 ipso
846 542 881 562 se
895 535 965 563 edd.
979 538 1057 564 vett.
1072 543 1176 569 usque
1188 536 1230 564 ad
1244 536 1333 564 Colv.
1372 534 1553 563 conciabat
1566 533 1597 565 ὃ.

317 657 558 708 temporibus
582 656 757 694 valuisse
783 655 935 695 videtur
965 657 1002 694 in
1028 656 1192 695 homini-

316 713 391 751 bus
423 712 697 757 nobilissimis,
729 715 770 750 ut
794 712 1019 764 Augustum
1050 717 1089 751 et
1113 712 1192 752 Ha-

315 769 491 808 drianum
512 769 665 807 con'stat
681 769 755 806 sub
776 768 936 807 deorum
956 769 1189 820 imaginibus

315 825 442 864 cultos
488 825 621 864 fuisse.
670 825 785 863 Hunc
819 839 967 864 morem
1003 827 1039 864 in
1076 840 1190 865 suum

314 896 426 921 usum
457 881 651 932 Apuleius
683 884 882 921 convertit.
931 881 1052 921 Plura
1082 883 1190 921 dabit

315 940 439 989 Spou.
469 940 502 976 in
529 938 700 977 Miscell.
726 937 845 977 Erud.
870 938 1004 990 Antiq.
1032 939 1138 978 Seet.
1166 938 1191 976 I.

313 994 477 1033 Art.1V.
502 996 580 1034 tab.
599 999 662 1035 12.
688 996 724 1033 in
751 994 890 1034 Polen.
917 995 1194 1047 Suppl.Thes.

312 1052 442 1101 Antiq.
459 1050 506 1089 T.
520 1051 587 1090 IV.
602 1066 639 1104 p.
656 1055 771 1098 674„
798 1054 861 1103 qui
876 1056 1050 1091 nostrum
1064 1052 1192 1091 locum

311 1107 642 1154 commemoravit,
656 1107 847 1160 pluralem
861 1110 1072 1161 inzaqz'nes,
1089 1123 1192 1162 quas

309 1164 554 1216 praeferens,
569 1165 702 1205 d'Orv.
715 1166 765 1204 ad
775 1165 917 1205 Charit.
926 1165 994 1206 IV.
1008 1171 1042 1206 1.
1051 1181 1087 1218 p.
1099 1169 1191 1206 421.

310 1221 371 1259 ed.
398 1220 509 1272 Lips.
535 1221 681 1272 Rigalt.
706 1223 757 1261 ad
782 1222 926 1262 Minue.
947 1237 984 1274 p.
1001 1227 1066 1263 21.
1094 1223 1191 1262 dnm

310 1278 532 1330 defunctos
545 1292 612 1318 eos
625 1279 867 1318 desiderant
879 1280 922 1318 in
940 1280 1191 1334 inzayinibus

308 1335 464 1380 videre,
492 1336 589 1374 dum
611 1337 792 1387 ycstiztnt
816 1350 953 1376 corum
978 1337 1191 1376 memorias

308 1392 352 1430 in
376 1392 520 1431 statuis
553 1392 755 1437 detinere,
787 1407 908 1432 sacra
931 1394 1052 1443 facta
1083 1397 1190 1437 sunt,

311 1462 419 1499 quae
441 1450 615 1499 fuerant
633 1454 842 1501 assumpta
863 1449 1027 1488 solatia.
1053 1448 1189 1487 Munk.

307 1504 358 1541 ad
383 1503 528 1554 Hygia.
556 1504 655 1543 CIV.
687 1519 726 1556 p.
755 1509 845 1546 193.
878 1505 928 1543 de
955 1505 1190 1544 Laodamia:

311 1561 428 1599 Fecit
449 1561 713 1601 simulacrum
737 1575 899 1601 aereum
928 1562 1057 1601 simile
1084 1562 1190 1600 Pro-

307 1617 440 1656 tesilai
466 1618 658 1670 coniuyis
684 1624 722 1657 ct
747 1620 789 1657 in
820 1618 1011 1658 thalamis
1032 1619 1189 1670 posuit,

306 1674 378 1713 sub
392 1673 650 1713 simulatione
661 1689 874 1715 sacrorum
893 1679 931 1714 et
952 1689 1038 1715 eum
1053 1675 1187 1714 colere

307 1731 454 1781 coepit.
483 1729 618 1770 Isidor.
642 1730 870 1782 Origwlll.
902 1736 964 1771 11.
995 1731 1027 1782 ᾧ.
1054 1736 1091 1772 5.
1125 1731 1187 1770 Si-

305 1787 582 1826 mulam-orum
606 1801 701 1827 usus
725 1792 894 1827 exortus
918 1793 991 1833 cst,
1018 1802 1109 1828 cum
1133 1802 1187 1827 ex

305 1843 514 1882 desiderio
550 1849 803 1884 mortuorum
841 1845 1187 1884 constituerentur

302 1900 501 1951 imayiues
529 1900 594 1938 vel
615 1902 779 1954 effiqies
807 1906 1002 1952 tanquam
1026 1903 1069 1939 in
1098 1915 1186 1941 coe-

303 1956 385 1996 lum
398 1961 674 2009 receptorum,
699 1971 780 2009 pro
798 1957 941 2009 quibus
953 1972 994 1997 se
1007 1959 1051 1996 in
1065 1959 1186 1997 terris

303 2013 521 2052 daemones
536 2014 705 2053 colendi
719 2019 1042 2066 supposuerunt,
1057 2019 1096 2054 et
1107 2015 1185 2054 sibi

302 2070 536 2122 sacrificari
560 2085 585 2109 a
612 2070 797 2122 deceptis
822 2075 862 2110 ct
884 2071 1067 2122 perditis
1090 2085 1183 2124 per-

303 2131 528 2166 suaserant.
560 2126 593 2176 ᾧ.
626 2130 663 2167 6.
697 2127 936 2167 Simulat-ra
968 2133 1101 2168 autem
1131 2142 1185 2166 ex

303 2182 572 2222 similitudine
596 2189 691 2224 sunt
713 2188 967 2235 nuncupata,
994 2199 1042 2223 eo
1070 2185 1186 2237 quod

302 2253 426 2278 manu
445 2241 617 2292 artificis
639 2255 692 2280 ex
708 2240 853 2292 lapide
866 2241 999 2280 aliave
1013 2243 1185 2280 materia

303 2309 441 2335 eorum
456 2296 830 2345 vultus-imitantur,
856 2298 899 2335 in
922 2312 1094 2350 quorum
1115 2297 1185 2337 lio-

302 2366 440 2391 norcm
462 2355 692 2405 finyuntur.
724 2353 809 2392 lntt.
843 2353 895 2392 ad
919 2353 1037 2406 Prop.
1064 2354 1090 2393 l.
1120 2357 1184 2395 19.

305 2413 368 2449 11.
395 2412 435 2447 et
459 2408 577 2448 Ovid.
602 2409 861 2449 Hemilel.
888 2413 953 2451 99.
979 2412 1186 2464 Imayines

301 2466 457 2510 retinui,
483 2467 575 2516 quia
600 2467 714 2505 codd.
741 2467 875 2517 optimi
901 2468 954 2505 ita
978 2469 1181 2519 praebent.

304 2521 444 2560 Plures
492 2523 616 2562 mariti
671 2523 863 2573 imagines
918 2523 1090 2563 habebat
1145 2526 1181 2563 in

303 2579 469 2618 diversis
502 2580 645 2618 domus
681 2578 868 2618 membris
906 2583 1114 2633 expositas
1129 2585 1184 2630 ‚et

301 2636 352 2674 ad
365 2636 547 2675 diversos
562 2637 623 2675 dei
639 2637 796 2676 habitus
811 2641 850 2675 et
864 2637 1006 2688 figuras
1022 2638 1183 2677 fabrica-

295 2695 374 2731 tas.
424 2692 538 2731 Certe
563 2693 806 2745 probabilius
832 2698 913 2740 est,
944 2695 1181 2746 interpretes

300 2748 492 2799 pluralem
505 2755 702 2795 mutasse,
729 2763 845 2800 quam
863 2752 950 2790 vice
968 2765 1085 2790 versa
1103 2753 1182 2790 sin-

301 2806 488 2855 gularem.
547 2807 650 2846 Mira
685 2807 775 2845 dein
814 2811 876 2847 est
914 2807 1028 2848 lectio
1067 2808 1181 2848 codd.

301 2861 492 2902 Florentt.
527 2865 763 2914 foraverut,
807 2866 914 2915 quod
948 2867 1005 2904 vir
1042 2866 1183 2905 doctus

301 2921 427 2958 suasit
457 2920 548 2958 mihi
579 2924 621 2958 ut
644 2921 869 2965 retinerem,
900 2922 1182 2973 significatione

302 2977 556 3021 tcrebrandi,
583 2981 622 3015 ut
634 2976 790 3030 τορεύω,
810 2979 917 3028 quod
937 2979 1186 3031 potissimum

303 3031 354 3068 de
379 3033 545 3081 gemmis
570 3034 708 3072 dicitur
746 3035 793 3075 cf.
827 3035 929 3074 Plin.
963 3036 1066 3075 Hist.
1092 3035 1184 3076 Nat.

304 3086 514 3127 XXXVII.
552 3095 614 3130 13.
647 3095 731 3134 76..
776 3096 817 3131 ut
848 3096 996 3145 forare
1033 3093 1068 3131 in
1106 3095 1186 3132 uni-

305 3157 460 3183 versum
488 3145 551 3184 hic
587 3161 658 3198 pro
695 3150 902 3201 sculpere,
940 3150 1187 3202 exsculpere

1252 656 1396 695 dictum
1422 660 1533 694 esset
1558 656 1608 695 de
1632 656 1866 708 imaginibus
1898 657 2034 695 aeneis
2066 656 2130 695 vel

1251 711 1429 763 sculptis.
1480 713 1563 751 Sed
1600 714 1728 751 animo
1764 725 1925 763 semper
1957 713 2132 752 inhaeret

1250 769 1459 816 dubitatio,
1485 770 1576 820 quia
1597 771 1746 820 forare
1770 769 1903 808 dubito
1936 770 1990 808 ita
2020 783 2130 814 usur-

1248 827 1333 876 pari
1347 839 1481 877 posse.
1532 827 1798 865 Formarcrat
1810 839 1903 863 vero
1919 826 2129 864 emendare

1248 881 1511 934 periculosum
1527 886 1598 920 est.
1636 881 1739 921 Nam
1757 883 1915 921 mutatio
1929 883 2131 934 utriusque

1252 939 1432 977 vocabuli
1458 939 1648 977 difficilior
1673 943 1753 985 est,
1786 939 1878 990 quia
1914 938 2054 977 librarii
2078 939 2130 977 ita

1252 996 1424 1034 scribere
1438 1010 1511 1034 non
1526 995 1669 1042 solent,
1696 1001 1738 1046 ut
1751 1010 1806 1041 nz,
1833 995 1938 1046 quod
1952 996 2002 1034 ad
2015 1009 2128 1034 voca-

1251 1052 1333 1090 buli
1347 1052 1516 1091 radicem
1527 1053 1705 1103 pertinet,
1713 1052 1990 1103 superaddant.
2000 1051 2131 1103 Prope

1251 1109 1404 1148 accedit
1423 1114 1659 1148 tornavcrat
1676 1108 1739 1147 vel
1755 1108 2015 1161 caelaverat]

1297 1166 1446 1219 adfixo
1454 1166 1627 1205 servitio.
1644 1165 1882 1217 Discrepant
1895 1166 2128 1217 interpretes

1250 1223 1347 1261 inter
1382 1223 1595 1274 scripturas
1632 1224 1771 1275 affixa
1806 1223 1988 1268 servitio,
2026 1235 2128 1272 quae

1252 1282 1435 1330 quantum
1460 1279 1597 1324 video,
1629 1277 1782 1317 Pricaei
1807 1282 1871 1316 est
1896 1279 2127 1323 coniectura,

1251 1340 1290 1374 et
1315 1338 1454 1388 affixo
1478 1337 1662 1382 servitio,
1690 1348 1790 1386 quae
1812 1335 1925 1373 codd.
1942 1339 2013 1373 est.
2040 1334 2128 1374 Flo-

1250 1392 1376 1438 riduS,
1402 1392 1642 1431 Beroaldum
1666 1396 1846 1437 secutus,
1872 1391 2043 1443 explicat
2065 1395 2128 1444 af-

1247 1452 1351 1502 flav,
1360 1450 1526 1488 assiduo
1536 1453 1574 1486 et
1582 1449 1790 1501 diliqenti,
1799 1461 1902 1499 quae
1917 1448 2128 1500 explicatio

1251 1505 1355 1544 Oud.
1387 1510 1539 1543 veretur
1569 1509 1610 1543 ut
1641 1518 1733 1544 vera
1764 1506 1826 1543 sit.
1874 1504 1963 1543 Hoc
1999 1505 2127 1556 ipsum

1251 1562 1433 1600 dubitans
1458 1561 1644 1600 Beroald.
1670 1560 1857 1613 explicuit
1887 1562 2023 1601 etiam:
2054 1562 2126 1601 ad-

1246 1620 1397 1671 pose'te's
1421 1619 1640 1670 mancipiis
1664 1619 1722 1657 ad
1747 1619 1825 1657 lioc
1850 1619 2127 1663 ministerium,

1247 1676 1300 1713 uti
1325 1688 1451 1726 saepe
1476 1676 1680 1714 servicium
1710 1689 1780 1726 pro
1812 1675 1935 1714 servis
1963 1676 2127 1727 ponitur.

1246 1731 1394 1769 Verum
1420 1736 1526 1770 recte
1551 1735 1682 1769 monet
1707 1732 1810 1770 Oud.
1846 1730 1991 1770 cultum
2016 1732 2127 1770 illum

1247 1788 1311 1826 vel
1344 1789 1597 1826 ministerium
1629 1802 1783 1826 sacrum
1817 1801 1885 1839 per
1915 1802 2048 1827 servos
2073 1789 2126 1826 in-

1247 1845 1406 1895 dignum
1444 1844 1570 1883 fuisse
1606 1844 1792 1883 Manibus
1830 1857 1903 1882 nee
1945 1845 2126 1883 decorum

1247 1902 1323 1952 ipsi
1350 1900 1542 1939 Charitae.
1569 1901 1713 1939 Fuisse
1745 1899 1901 1951 quidem
1931 1915 2065 1940 servos
2089 1905 2129 1939 et

1247 1959 1415 1997 libertos
1435 1957 1892 2002 Verzereos,‘]!1arttales
1905 1957 2025 2003 alios,
2053 1958 2128 1996 sed

1248 2014 1375 2053 fuisse
1407 2028 1480 2052 eos
1512 2014 1694 2053 homines
1725 2014 1890 2060 liberos,
1922 2014 2010 2052 dein
2037 2014 2126 2052 Deo

1245 2072 1399 2110 deaeve
1423 2071 1669 2121 mancipatos
1693 2070 1782 2109 coll.
1805 2070 1945 2109 Graev.
1972 2071 2023 2109 ad
2049 2070 2124 2110 Cic.

1245 2128 1377 2167 Divin.
1409 2142 1440 2167 c.
1477 2132 1538 2168 17.
1573 2127 1706 2174 Quare
1740 2129 1826 2178 ipse
1857 2141 2014 2179 quoque
2040 2141 2125 2166 cum

1246 2184 1410 2224 Pricaeo
1437 2184 1584 2223 mavult
1609 2185 1687 2235 legi
1718 2185 1867 2237 adfixa
1898 2184 1920 2223 i.
1947 2197 1981 2222 e.
2013 2185 2126 2222 unice

1246 2242 1406 2280 adtenta
1437 2242 1565 2280 divino
1597 2255 1670 2280 Suo
1701 2241 1824 2279 mariti
1855 2240 1973 2279 cultui
1998 2244 2037 2279 et
2060 2241 2127 2278 ad-

1245 2298 1416 2337 haerens
1442 2299 1532 2337 coll.
1561 2298 1692 2337 Tibull
1707 2297 1734 2335 I.
1750 2301 1785 2338 3.
1802 2302 1866 2338 87.
1894 2297 1959 2349 [cf.
1986 2297 2053 2336 Dr.
2075 2298 2125 2336 ad

1248 2356 1319 2394 Sil.
1340 2354 1425 2394 Vll.
1464 2355 1582 2407 362]
1633 2354 1754 2392 Porro
1794 2355 1987 2406 vituperat
2022 2353 2123 2392 Oud.

1226 2412 1470 2459 Heinsium,
1497 2412 1562 2463 qui
1588 2411 1638 2450 ad
1663 2411 1778 2449 Ovid.
1792 2409 1891 2450 Met.
1906 2410 2015 2450 XIV.
2031 2415 2124 2451 208.

1243 2469 1323 2520 legi
1339 2468 1421 2507 vult
1439 2469 1711 2520 sacrificio
1733 2468 1892 2520 adfixa.
1929 2467 2032 2506 Nam
2047 2481 2125 2506 ser-

1245 2527 1384 2566 vitium.
1404 2525 1466 2564 hic
1492 2526 1582 2576 poni
1607 2538 1677 2576 pro
1697 2526 1854 2577 λατρείᾳ
1876 2524 2005 2563 divino
2021 2523 2124 2562 cultu

1244 2582 1335 2621 coll.
1350 2582 1446 2621 Met.
1462 2581 1529 2620 XI.
1550 2596 1588 2634 p.
1605 2585 1696 2622 783.
1726 2595 1900 2633 quorum
1925 2582 2004 2620 sibi
2022 2581 2126 2619 vitas

1244 2640 1415 2680 serviti
1423 2653 1495 2679 um
1519 2639 1623 2677 deae
1646 2642 1813 2676 nostrae
1835 2638 2025 2677 maiestas
2044 2638 2126 2676 vin-

1243 2697 1410 2735 dicavit.
1438 2694 1558 2748 [Hinc
1576 2699 1707 2734 tamen
1731 2694 1849 2731 nolim
1871 2694 2022 2746 colligi,
2047 2707 2125 2732 ser—

1242 2753 1384 2792 vitium
1420 2754 1457 2791 in
1494 2752 1719 2790 universum
1750 2764 1820 2801 pro
1853 2750 1961 2789 cultu
1992 2750 2124 2789 divino

1243 2810 1389 2859 ubique
1419 2809 1495 2847 dici
1526 2821 1669 2861 posse,
1702 2807 1778 2845 sed
1804 2807 2050 2857 potissimum
2075 2806 2125 2844 de

1244 2879 1312 2911 eo,
1351 2879 1468 2916 quem
1505 2865 1663 2904 adtento
1700 2863 1828 2902 animo
1860 2867 1900 2901 et
1923 2863 2125 2902 submisso

1245 2936 1446 2961 servorum
1478 2922 1600 2961 instar
1632 2921 1813 2960 homines
1838 2924 2048 2970 peragunt3
2086 2923 2125 2956 et

1247 2981 1299 3018 ita
1324 2979 1374 3017 de
1401 2978 1580 3018 Charites
1606 2979 1730 3021 cultu,
1756 2990 1858 3027 quae
1883 2976 2069 3015 servilem
2088 2977 2124 3013 in

1247 3035 1406 3074 modum
1433 3034 1648 3086 Thrasyllo
1676 3033 1854 3072 faciebat.
1893 3034 1941 3072 cs.
1969 3033 2061 3071 Gor.
2088 3032 2123 3069 in

1246 3092 1424 3144 Inscript.
1440 3092 1544 3131 Flor.
1560 3091 1606 3129 T.
1621 3090 1647 3129 Ι.
1673 3104 1710 3142 p.
1726 3093 1820 3130 374.
1847 3090 2009 3141 Duplex
2035 3101 2125 3126 vero

1247 3153 1311 3188 est
1324 3149 1527 3194 dubitatio,
1553 3160 1670 3198 quam
1694 3146 1887 3197 scriptura
1906 3147 2052 3199 adfixo
2072 3146 2122 3183 in-
