2221 3667
317 153 398 195 448
589 152 623 191 L
667 151 886 192 APULEII
917 148 1312 190 MADAL'RENSIS
1342 148 1885 190 METAMORPHOSEON

318 277 461 317 magna
490 264 638 305 videris
671 265 858 318 quaedam
890 263 983 304 mihi
1014 269 1052 302 et
1083 260 1162 300 alta
1193 274 1351 314 prorsus
1377 260 1575 311 malefica,
1603 275 1702 315 quae
1726 262 1869 304 talibus
1895 261 2111 317 praeceptis

317 320 415 360 meis
448 320 725 374 obtemperasti
757 322 922 361 naviter.
975 318 1052 359 Sed
1084 317 1208 356 adhuc
1233 316 1357 367 istud,
1391 331 1478 357 mea
1504 318 1666 371 pupula,
1695 318 1918 359 ministrare
1944 318 2114 359 debebis.

319 374 438 417 Sume
468 377 584 417 istam
615 378 799 433 pyxidem
838 381 900 423 (et
925 375 1029 414 dedit
1060 372 1263 427 protinus)
1301 380 1340 413 ct
1370 387 1492 427 usque
1524 374 1571 413 ad
1602 372 1758 415 Inferos
1791 382 1831 415 et
1864 375 1986 430 ipsius
2019 373 2114 416 Orci

318 526 447 564 quidem
461 537 546 566 mag.
563 527 685 556 videris
700 529 734 556 F.
750 529 779 555 3.
795 529 829 554 G.
845 528 882 554 D.
909 528 945 553 ln
959 528 1032 552 cen.
1048 523 1177 561 quidem
1192 523 1316 552 videris
1331 533 1416 561 mag.
1465 533 1565 561 maga
1579 526 1614 553 P.
1629 524 1661 562 β.
1677 522 1705 554 δ.
1721 533 1756 553 π.
1776 529 1805 554 et
1819 526 1962 554 Florem.
1982 526 2118 554 testibus

317 574 480 608 excerptis
494 575 527 603 in
542 582 640 609 marg.
656 575 704 602 ed.
721 574 812 600 vulo.
828 574 858 598 2.
872 572 955 599 lunt.
973 572 1000 598 1.
1015 571 1046 599 2.
1060 570 1174 598 Aldin.
1189 570 1292 598 Colin.
1319 572 1355 598 ln
1368 573 1442 599 cett.
1456 574 1503 599 est
1519 579 1643 607 magna
1659 575 1689 599 ut
1705 572 1739 599 ln
1752 571 1787 600 F.
1804 572 1833 600 1.
1859 570 1960 605 (teste
1973 571 2118 599 Linden-

319 618 448 654 mugio]
462 620 492 647 3.
507 620 542 647 Β,
559 620 644 647 (3.1),
694 614 857 654 quaedam
872 617 962 643 abest
978 622 997 643 a
1011 616 1047 643 R.
1064 614 1083 643 f.
1122 617 1157 642 et
1169 619 1244 643 ante
1256 613 1331 642 alta
1346 623 1408 643 non
1423 619 1587 650 comparet
1601 616 1634 644 in
1647 617 1730 644 lunt.
1746 617 1774 644 1.
1789 618 1819 644 2.
1833 617 1908 645 Ald.
1945 614 2023 643 alea
2037 618 2118 644 Mss-

317 667 349 691 ut
365 664 400 692 F.
418 665 446 692 1.
461 666 490 693 3.
507 666 542 692 G.
557 665 594 692 D.
610 665 646 691 Β.
658 685 665 697 ,
691 670 770 695 quos
785 661 933 694 equidem
947 660 1094 689 conferre
1107 660 1196 694 potui
1209 663 1237 688 et
1253 668 1365 689 onmes
1379 662 1448 689 edd.
1462 665 1539 689 vett.
1576 660 1646 688 ulte
1660 662 1736 690 inde
1748 669 1766 690 a
1781 662 1929 690 xvower.
1944 664 2120 695 sequentes

316 709 509 743 interpretes
523 711 745 742 reposuerunt.
769 708 853 732 cata
868 713 923 739 pro
937 705 1008 732 alte
1021 709 1109 734 extat
1129 705 1161 733 in
1177 706 1270 733 Vulc.
1284 708 1314 734 2.
1326 728 1333 741 ,
1360 713 1444 739 quae
1463 706 1652 735 coniectura
1669 710 1719 735 est
1732 707 1904 742 scaligeri.
1951 702 2122 742 maleficia

315 755 354 782 D.
369 755 482 782 Venet.
498 756 527 782 ⁴2.
576 751 711 780 nen-iter
729 752 764 779 F.
779 752 809 778 3.
831 752 866 779 G.
881 752 919 779 D.
956 753 993 779 In
1012 754 1084 779 cett.
1101 749 1272 787 gnae-iter.
1305 750 1462 788 graviter
1481 755 1568 779 extat
1589 751 1621 779 in
1642 759 1670 785 p.
1693 752 1806 781 venet.
1828 754 1858 780 4.
1883 752 1991 780 Paris.
2016 751 2122 780 Basil.

316 797 444 833 (neque
459 799 578 827 veroin
594 799 629 825 G.
645 800 674 824 ut
690 799 841 830 excerpta
851 797 931 824 Oud.
945 796 1175 831 praebebant.)
1212 796 1283 823 ista
1297 804 1352 830 pro
1366 795 1460 823 istud
1472 805 1501 831 p.
1537 804 1611 823 mea
1621 795 1753 833 pupilla
1768 799 1804 825 G.
1817 798 1854 826 P.
1868 798 1907 825 D.
1940 795 2072 833 papula
2085 797 2121 825 0.

317 843 477 880 (puplila,
493 844 573 877 quod
589 843 620 870 in
634 842 705 870 suis
719 842 881 875 excerptis
895 844 931 870 G.
946 842 1025 870 Oud.
1040 841 1183 877 invenit,
1209 841 1254 869 ibi
1267 849 1331 870 non
1345 841 1464 877 extat.)
1508 839 1667 877 pr‘ssz'dem
1677 843 1718 871 G.
1733 843 1771 870 1).
1820 844 1855 869 et
1867 839 1956 869 dedit
1975 844 2067 870 abest
2087 842 2121 870 in

314 891 350 918 F.
373 892 400 917 1.
428 890 509 923 quod
530 887 659 922 punctis
679 887 878 922 subscriptis
898 894 917 915 a
936 886 1178 922 Lindennrogio
1196 886 1376 916 indicarum
1394 891 1453 916 est.

318 932 415 963 Orcis
428 942 461 970 p.

316 1056 414 1094 dens
427 1054 573 1099 scribo,
594 1054 697 1106 quod
712 1055 855 1105 optime
870 1054 1050 1106 exprimit
1069 1055 1188 1093 iratae

315 1111 614 1163 etdespicientis
624 1110 791 1150 Veneris
806 1112 923 1150 risum
933 1111 1188 1162 etaliquoties

314 1169 349 1206 in
372 1168 514 1207 ridens
533 1172 594 1206 est
614 1174 852 1220 corruptum,
879 1168 1007 1206 utiam
1021 1167 1189 1206 vidimus

314 1224 409 1263 Met.
442 1224 468 1263 l.
502 1238 538 1276 p.
575 1228 665 1266 119.
697 1225 761 1263 ubi
799 1224 847 1263 cf.
879 1225 1064 1263 adnotata
1088 1237 1188 1263 mea.

316 1281 382 1320 Sic
397 1281 520 1320 Tacit.
536 1282 637 1320 Anu.
657 1280 724 1320 IV.
742 1285 805 1322 60.
834 1282 1020 1321 Tiberius
1036 1281 1190 1334 falsum

316 1339 549 1377 renidens
575 1338 686 1378 vultu
712 1342 751 1376 et
776 1338 847 1377 Sil.
873 1337 1187 1378 ltal.X111.375.

314 1396 489 1435 Torrwn
515 1399 554 1434 ct
573 1395 733 1447 furiale
757 1396 999 1434 renidens.

370 1465 523 1502 massua
540 1452 742 1503 quaedam
756 1452 855 1490 ηιίΙιί
868 1456 905 1490 εί
919 1451 1006 1490 alta
1016 1465 1192 1502 prorsus

313 1509 508 1560 malefica.
560 1507 692 1559 [Haec
724 1508 837 1546 lectio
870 1512 933 1546 est
962 1508 1192 1558 optimorum

315 1564 565 1615 codd..quam
576 1564 845 1603 diversissima
858 1565 1006 1602 ratione
1020 1564 1191 1603 editores

315 1622 587 1660 emendarunt.
602 1626 642 1659 ut
658 1620 830 1661 ColviuS.
853 1621 916 1672 qui
930 1636 1055 1674 mayn
1071 1635 1192 1673 quac-

316 1679 411 1717 dam
426 1678 521 1716 ηιίΙιὶ
535 1683 629 1717 cala
639 1692 815 1730 prorsas
829 1677 892 1716 vel
912 1683 1006 1717 atra
1017 1692 1192 1729 prorsus

314 1735 468 1781 maluit3
494 1735 686 1772 Xvaeu:
713 1750 837 1788 muya
865 1735 1070 1787 quaedam
1095 1734 1192 1772 ηιίΙιὶ

316 1796 354 1830 et
377 1791 460 1830 alte
479 1805 664 1842 prorsus.
699 1790 738 1829 In
766 1792 1039 1830 emendatione
1067 1805 1191 1842 mayn

315 1860 471 1893 omnes,
504 1852 687 1898 quantum
714 1849 815 1893 scio,
849 1848 1088 1886 recentiores
1114 1847 1191 1884 edi-

314 1908 422 1942 tores
437 1905 702 1948 consentiunt,
730 1905 835 1955 quod
855 1904 1036 1955 equidem
1050 1903 1195 1941 reiicio.

316 1959 404 2007 Qua
413 1961 557 1999 enimin
566 1974 607 1998 re
617 1960 794 1999 differunt
807 1975 931 2013 mayn
946 1966 985 2000 et
996 1960 1195 2012 malefica,

314 2017 350 2056 id
365 2021 428 2056 est
440 2020 629 2070 venefica,
650 2022 691 2056 ut
705 2017 810 2069 apud
825 2017 990 2056 Tertull.
1011 2017 1060 2054 de
1080 2016 1197 2067 pudic

316 2088 350 2113 c.
365 2079 400 2115 7.
422 2076 464 2113 in
477 2075 740 2115 ministerium
752 2075 912 2114 alienae
925 2073 1195 2113 idololatriae

315 2132 520 2184 maleficas
550 2136 657 2171 artes
691 2132 772 2180 (ubi
805 2131 921 2182 vulgo
946 2131 1093 2169 habent
1119 2130 1193 2168 ali-

317 2202 418 2240 quas
445 2201 518 2238 ego
544 2190 728 2240 ηιαῃίεαε
753 2188 950 2237 emendo.)
984 2187 1084 2226 Elm.
1111 2186 1194 2224 vult

315 2243 417 2296 legi?
439 2245 655 2297 IIIaIefi'cus
669 2244 742 2283 hac
756 2245 912 2296 quidam
928 2243 1192 2288 incantatoris,

314 2303 416 2353 magi
443 2302 724 2352 significatione
750 2303 998 2352 potissimum
1023 2300 1127 2339 lCtis
1151 2300 1187 2337 in

313 2371 388 2397 usu
415 2364 489 2397 est.
515 2357 572 2397 lta
597 2358 724 2397 malas
742 2364 849 2398 artes
869 2358 1088 2397 cantamina
1100 2357 1191 2395 dicit

315 2415 510 2467 Apuleius
536 2414 633 2453 Met.
660 2414 701 2453 II.
729 2429 764 2466 p.
793 2419 878 2459 96„
909 2416 973 2453 ubi
998 2415 1115 2453 etiam
1140 2414 1191 2452 de

314 2473 501 2525 malefica
516 2472 661 2522 aliquid
675 2473 815 2510 monui.
850 2472 966 2518 Quod
982 2485 1098 2522 quum
1113 2485 1188 2509 non

314 2529 573 2579 intelligerent
587 2530 835 2580 interpretes,
862 2529 1095 2566 sententiam
1117 2528 1191 2566 loci

316 2590 484 2625 ceteram
504 2586 608 2624 bene
628 2587 905 2637 percipientes.
938 2585 1192 2623 emendarunt

315 2658 455 2696 mayn,
482 2656 599 2693 quum
619 2643 850 2694 praesertim
874 2646 1038 2693 utraque
1059 2655 1135 2680 vox
1154 2642 1190 2679 in

316 2700 429 2738 codd.
440 2700 602 2752 saepius
618 2698 1143 2751 confundaturMet.lII.p.2l
1154 2702 1191 2738 3.

315 2757 370 2795 At
394 2757 445 2794 ibi
471 2757 782 2795 demonstratum
808 2760 886 2802 est,
912 2770 1086 2808 maymts
1113 2757 1134 2794 i.
1156 2768 1190 2793 e.

315 2817 475 2863 potens,
503 2813 658 2864 pollens
685 2814 932 2865 potissimum
953 2812 1002 2850 ad
1023 2813 1190 2862 magiam

317 2871 479 2920 eiusque
528 2871 603 2907 vim
642 2871 1002 2921 praesentissimam
1045 2869 1191 2907 rel'erri.

318 2924 472 2964 Deinde
499 2928 534 2964 in
556 2941 652 2964 voce
679 2928 764 2966 alta
790 2927 951 2965 haerent
976 2938 1113 2963 omnes
1139 2927 1191 2963 in-

316 2987 526 3033 terpretes,
565 2989 604 3021 et
639 2985 727 3034 ipse
764 2984 883 3029 Oud..
922 2995 1037 3032 quem
1069 2982 1190 3020 Orell.

317 3041 500 3089 sequitur.
516 3040 617 3079 Oud.
634 3041 861 3091 comprobat
873 3040 1047 3078 XVower.
1063 3053 1190 3077 emen-

318 3096 512 3134 dationem
523 3098 616 3142 alle,
626 3097 730 3148 quod
740 3097 911 3147 explicat
919 3093 1016 3135 πάνυ
1027 3098 1190 3134 omnino

318 3152 437 3191 valde
462 3153 548 3191 coll.
576 3152 672 3192 Prie.
700 3159 739 3192 et
764 3154 870 3204 Yirg.
897 3154 996 3192 Aen.
1012 3152 1078 3192 lv.
1098 3158 1188 3194 145.

1501 890 1537 914 et
1555 890 1630 915 ante
1649 894 1754 924 usque
1772 889 1864 916 abest
1883 887 1915 916 in
1934 888 1974 916 D.
1993 887 2123 916 vicent.

1249 1053 1351 1092 Vell.
1379 1053 1422 1092 II.
1449 1057 1513 1094 35.
1550 1053 1773 1105 WVopkens.
1806 1054 1920 1093 Misc.
1952 1053 2121 1092 observ.

1246 1109 1351 1149 wll.
1378 1124 1416 1162 p.
1442 1115 1507 1150 44.
1555 1109 1726 1149 Primum
1763 1123 1853 1148 vero
1887 1110 2038 1157 dubito,
2073 1124 2121 1148 an

1248 1167 1329 1206 alte
1364 1168 1399 1205 in
1437 1167 1657 1206 universum
1695 1168 1747 1205 ita
1782 1166 2122 1218 usurpa1·i.liceat,

1249 1238 1365 1275 quum
1398 1237 1555 1269 omnes,
1593 1237 1693 1274 quos
1730 1224 1911 1274 equidem
1948 1223 2123 1262 conferre

1249 1282 1374 1332 potui,
1407 1280 1480 1319 loci
1501 1294 1658 1332 semper
1678 1280 1727 1320 ad
1751 1282 1802 1319 rei
1823 1280 2124 1333 profunditatem

1247 1341 1442 1390 spectent,
1456 1341 1495 1375 et
1507 1337 1571 1375 vel
1587 1338 1636 1375 de
1652 1337 1934 1388 longinquitate
1946 1338 2123 1376 remotis-

1249 1396 1349 1433 sima
1367 1394 1430 1431 vel
1451 1394 1501 1431 de
1521 1395 1636 1432 animi
1655 1395 1996 1440 commotionibus,
2024 1407 2124 1444 quae

1252 1455 1396 1502 quanto
1433 1451 1592 1489 altiores
1618 1455 1730 1495 sunt,
1767 1464 1814 1489 eo
1851 1451 2051 1501 graviores
2084 1455 2123 1489 et

1252 1508 1418 1546 maiores
1456 1521 1550 1546 esse
1581 1507 1728 1554 solent,
1767 1507 1998 1559 metaphora
2034 1521 2125 1546 nus-

1251 1578 1367 1615 quam
1405 1564 1585 1614 neglecta
1618 1578 1748 1603 sermo
1785 1565 1845 1603 sit.
1895 1564 2052 1602 Deinde
2083 1567 2125 1602 ut

1251 1622 1333 1660 alte
1358 1621 1585 1673 simpliciter
1610 1635 1679 1673 pro
1701 1621 1833 1665 valde,
1861 1622 2024 1659 omnino
2049 1620 2124 1659 dici

1250 1678 1396 1730 possit,
1435 1677 1526 1728 quid
1564 1681 1644 1715 tum
1682 1678 1757 1715 sibi
1791 1677 1872 1714 vult
1901 1676 2126 1716 adverbium

1247 1749 1433 1786 prorsus.
1476 1734 1582 1785 quod
1613 1733 1779 1773 eandem
1808 1734 2124 1784 significationem

1251 1791 1393 1829 habet?
1428 1791 1526 1830 Hinc
1552 1804 1816 1836 commoveor,
1841 1794 1883 1828 ut
1908 1790 2013 1830 altus
2037 1791 2127 1829 reti-

1253 1861 1384 1893 neam,
1427 1848 1531 1898 quod
1575 1847 1720 1899 duplici
1756 1849 1902 1885 ratione
1939 1847 2127 1898 explicari

1253 1908 1398 1955 potest,
1425 1908 1489 1942 aut
1514 1908 1555 1941 nt
1578 1905 1628 1942 sit
1654 1904 1874 1949 excellens,
1906 1909 2127 1956 praestans

1255 1961 1302 1998 cs.
1330 1960 1406 1999 Cic.
1434 1961 1484 1999 ‹le
1510 1960 1632 1999 Finib.
1657 1960 1724 2011 llll.
1751 1964 1787 2000 8.
1820 1962 1882 1999 vir
1906 1962 2030 2005 altus,
2062 1964 2128 1999 aut

1256 2022 1383 2057 tectus
1409 2021 1448 2055 et
1473 2017 1686 2063 simulans,
1711 2021 1753 2055 ut
1778 2017 1941 2069 Vopisc.
1979 2016 2126 2055 'Nume-

1254 2075 1344 2112 rian.
1374 2078 1437 2114 14.
1464 2074 1656 2125 Denique
1680 2078 1726 2113 ut
1749 2078 1838 2113 erut
1862 2074 2009 2118 altus,
2035 2074 2129 2112 risit

1254 2136 1291 2170 et
1305 2131 1451 2177 lacuit,
1471 2131 1534 2168 i.e.
1551 2135 1697 2175 tectus,
1718 2130 1942 2170 simulator.
1969 2129 2125 2169 ossan.

1253 2187 1332 2239 lug.
1360 2192 1424 2228 95.
1451 2187 1480 2237 ᾧ.
1508 2191 1544 2227 3.
1573 2187 1696 2227 Sulla
1722 2216 1731 2224 .
1750 2217 1758 2226 .
1775 2216 1784 2224 .
1810 2187 1869 2226 ad
1892 2187 2126 2226 simulanda

1251 2246 1424 2297 negotia
1437 2244 1658 2283 altitudo
1678 2244 1839 2296 inqenae't'
1852 2243 2124 2288 incredibili&

1249 2302 1314 2340 ubi
1339 2301 1386 2339 cf.
1402 2300 1542 2345 Kritz„
1568 2302 1632 2351 qui
1657 2300 1806 2351 aliquot
1824 2304 1996 2338 veterum
2018 2300 2127 2338 locos

1248 2357 1407 2409 profert.
1454 2357 1655 2395 Posterior
1680 2356 1793 2395 huius
1819 2356 1893 2396 loci
1919 2357 2126 2409 explicatio

1246 2415 1337 2453 mihi
1364 2415 1489 2465 magis
1515 2414 1726 2465 probatum]

1303 2505 1478 2558 pupula.
1507 2504 1587 2557 [De
1613 2504 1689 2542 hoc
1714 2504 1949 2543 deminutivo
1970 2504 2006 2543 in
2020 2502 2126 2543 blan-

1251 2562 1392 2600 dientis
1424 2562 1597 2601 oratione
1624 2561 1738 2599 obvio
1777 2561 1825 2600 cf.
1853 2560 2049 2600 Stewech.
2075 2561 2126 2599 ad

1249 2617 1496 2658 Arnob.v11.
1523 2632 1554 2657 c.
1570 2623 1605 2659 8.
1633 2616 1804 2656 Tom.II.
1830 2632 1866 2669 p.
1882 2621 1974 2659 403.
2001 2617 2125 2656 Orell.

1251 2680 1290 2714 et
1303 2690 1340 2727 p.
1360 2680 1449 2716 144.
1465 2675 1525 2714 ed.
1542 2674 1669 2726 Lugd.
1697 2674 1846 2726 Spanh.
1861 2674 1911 2713 ad
1925 2673 1992 2712 Iul.
2010 2673 2123 2712 Caes.

1251 2733 1312 2771 ed.
1340 2732 1509 2784 l'rancog.
1535 2745 1570 2783 p.
1599 2730 1716 2783 249]

1308 2817 1347 2852 et
1372 2812 1488 2851 dedit
1508 2812 1711 2863 protinus.
1749 2809 1859 2849 Male
1884 2809 2001 2860 vulgo
2027 2809 2126 2848 haec

1251 2870 1370 2908 verba
1395 2870 1542 2907 uncinis
1561 2867 1734 2918 sepiunt,
1762 2880 1846 2904 cum
1862 2869 1966 2904 certo
1982 2867 2125 2905 certius

1249 2939 1358 2966 sume
1378 2931 1416 2965 et
1440 2930 1477 2964 ie
1498 2926 1636 2977 diriqe
1662 2925 1738 2962 sint
1763 2922 1992 2974 copulanda.
2024 2922 2127 2961 Hine

1251 2982 1392 3020 melius
1413 2982 1531 3021 dedit
1547 2982 1736 3034 protinus
1754 2980 1870 3018 modo
1890 2980 2125 3017 circumscri-

1249 3040 1390 3077 buntur
1420 3052 1443 3076 a
1473 3038 1567 3077 Bas.
1599 3041 1636 3078 2.
1668 3036 1726 3075 Εἰ·
1755 3037 1873 3075 dedit
1903 3048 1924 3074 a
1957 3036 2124 3074 Scriver.

1249 3095 1410 3147 Optime
1424 3109 1527 3139 vero,
1542 3094 1645 3144 quod
1658 3107 1731 3131 non
1747 3093 1912 3132 advertit
1923 3093 1994 3131 rite
2008 3091 2122 3137 Elm„

1250 3157 1429 3192 exaratur
1454 3153 1489 3190 in
1516 3151 1618 3190 Flor.
1653 3150 1773 3189 Sume
1791 3151 1906 3190 islam
1921 3149 2124 3202 pyxidem
