2155 3590
632 135 821 176 LIBER
850 136 924 174 111.

75 249 324 288 simulacrum
350 246 551 303 resildens
576 247 796 299 aediculae,
826 249 928 302 quod
948 255 1130 289 accurate
1149 246 1307 287 corollis
1327 247 1452 286 roseis
1480 253 1522 286 et
1542 246 1708 301 quidem
1733 259 1869 286 recen·
1894 252 1958 286 226

985 135 1113 175 CAP.
1144 134 1334 174 xxvll.

1788 132 1869 174 203

75 305 177 345 tibus
203 305 333 344 fuerat
357 311 551 344 ornatum.
602 302 784 358 Denique
810 306 944 360 agnito
969 304 1132 346 salutari
1157 303 1352 359 praesidio
1377 316 1525 357 pronus
1550 302 1654 356 spei,
1683 310 1869 356 quantum

73 430 222 470 equidem
239 440 350 462 omnes
368 436 522 467 quantum
541 433 609 462 scio
622 435 703 462 mss.
723 438 753 462 et
767 434 837 463 edd.
851 438 929 464 vett.
977 436 1111 462 attento
1125 431 1278 462 salutari
1283 438 1399 469 praes.
1413 433 1449 460 Β.
1492 430 1667 468 praesidio
1681 429 1825 459 remedio
1840 436 1869 467 p.

75 535 115 570 et
126 531 250 570 Frick.
259 533 295 570 in
304 530 392 570 Act.
403 532 492 571 Soc.
501 531 654 572 lenens.
664 532 708 570 T.
719 533 766 571 V.
783 547 820 584 p.
830 537 940 582 214.)

78 588 228 640 Epona
251 589 394 639 ubique
423 589 621 639 praebent.
669 588 795 627 Aliter
820 589 941 628 Orell.

77 645 113 682 in
140 643 238 683 Coll.
263 643 382 683 Inscr.
407 644 497 683 Lat.
527 649 644 686 1793.
671 659 709 696 p.
735 649 830 686 330.
861 660 940 684 rem

77 700 314 746 ‹liiudieavit,
340 714 456 752 quum
481 706 684 753 utrumque
709 702 940 741 vocabulum

77 757 229 795 omnino
263 757 518 808 disiungeret,
556 759 708 810 Epona
738 760 786 797 ab
818 760 875 798 ἐπὶ
908 763 941 796 et

77 807 178 860 ὄνος,
204 814 410 866 Hippana
436 815 484 852 ab
505 813 620 861 ἵππος
642 819 836 867 repetens.
864 815 942 853 Sed

78 874 315 921 quantopere
340 871 375 908 in
401 884 448 908 eo
474 871 672 917 erraverit,
698 872 736 909 id
756 885 870 910 unum
889 886 944 910 ar-

78 930 260 975 gumento
286 931 365 972 est,
402 927 505 978 quod
537 928 636 967 haec
667 928 742 967 dea
765 929 945 967 Romana

79 986 160 1021 erat
183 996 256 1021 nec
287 997 309 1020 a
335 983 498 1022 Graecis
523 985 656 1036 petita,
680 985 784 1023 unde
809 984 943 1023 Barth.

79 1037 942 1092 AdversXXVI.c.11.p.1268.etXXXVH.

83 1101 115 1135 l.
154 1110 191 1147 p.
231 1099 350 1136 1675.
393 1097 570 1135 omnibus
613 1102 809 1136 auctorum
847 1097 943 1135 locis

80 1152 259 1204 Eqaoua
288 1153 464 1191 restituit.
518 1152 783 1204 praegressus
813 1157 941 1191 tamen

79 1212 140 1246 est
166 1207 200 1246 in
227 1221 353 1246 errore
379 1223 613 1259 quamquam
634 1210 814 1247 dissimili
834 1209 943 1247 Brei-

78 1265 230 1315 tinger„
265 1265 327 1315 qui
361 1269 462 1302 teste
488 1265 589 1303 Oud.
621 1265 733 1305 deam
766 1265 870 1303 illam
896 1267 948 1304 iu-

77 1325 291 1359 mentorum
317 1321 459 1371 ubique
472 1322 715 1373 Hipponem
736 1323 948 1360 rescriben-

78 1377 166 1415 dam
215 1382 255 1415 et
297 1376 411 1414 deam
449 1375 639 1428 Eponam
688 1378 810 1416 fuisse
852 1380 947 1430 topi-

78 1447 163 1472 cam
184 1438 224 1472 et
245 1433 449 1472 tutelarem
475 1434 724 1472 contenderat
749 1434 785 1472 in
806 1434 946 1486 Suppl.

80 1491 166 1529 Act.
204 1489 305 1528 Nov.
335 1489 532 1541 Lipsiens.
572 1489 616 1529 T.
643 1488 710 1529 Vl.
744 1490 784 1529 S.
812 1490 877 1529 lv.
910 1505 945 1542 p.

83 1550 175 1587 153.
234 1545 471 1598 Scripturam
518 1547 692 1598 Eponae
734 1547 947 1585 defendunt

79 1607 283 1655 praeterea
307 1602 374 1641 lnt.
401 1603 450 1640 ad
466 1602 542 1641 luv.
559 1604 641 1642 sat.
657 1603 761 1642 Vm.
780 1604 869 1645 157.
897 1604 946 1642 ad

80 1659 222 1698 Minue.
260 1659 346 1698 Fel.
391 1673 421 1698 c.
455 1664 520 1700 28.
568 1659 703 1698 Heius.
741 1661 776 1698 in
823 1659 945 1711 Epist.

80 1715 193 1767 Corp.
220 1715 330 1754 Toni.
358 1715 423 1753 W.
451 1730 487 1767 p.
515 1720 606 1757 208.
634 1720 727 1757 262.
768 1717 815 1755 ad
854 1716 946 1755 Pru-

80 1772 182 1811 dent.
225 1771 371 1824 Apotb.
419 1776 509 1813 197.
564 1772 698 1811 Munk.
744 1773 791 1811 ad
833 1772 944 1824 Fulg.

79 1843 117 1881 p.
134 1833 225 1870 773.
252 1829 316 1880 qui
343 1843 479 1867 omnes
494 1830 653 1870 docent.
682 1829 857 1881 Eponam
873 1844 946 1867 non

80 1898 265 1937 equorum
290 1886 418 1924 solum
444 1886 518 1924 sed
544 1891 583 1924 et
608 1886 795 1925 mulorum
818 1890 855 1924 et
875 1887 948 1923 asi-

80 1956 214 1981 norum
251 1945 368 1993 atque
403 1955 619 1993 agasonum
662 1943 775 1981 deam
813 1943 948 1981 fuisse.

80 1997 175 2037 Erat
196 2013 311 2051 porro
335 1999 435 2037 haec
460 2000 533 2037 dea
560 2012 643 2037 cum
669 1998 832 2050 Priapo,
864 2013 950 2037 cum

82 2055 297 2093 vertumno
335 2056 430 2094 inter
468 2056 566 2093 deos·
605 2055 805 2100 Simones,
850 2070 949 2106 quos

81 2115 184 2150 teste
209 2110 414 2160 Fulgentio
442 2111 464 2149 Ι.
487 2125 516 2149 c.
543 2111 595 2149 ita
621 2113 866 2149 nominavere
886 2125 949 2149 au-

81 2168 194 2218 tiqui,
221 2168 325 2218 quod
350 2182 422 2206 nec
446 2168 556 2206 coelo
577 2168 717 2218 dignos
732 2173 949 2212 censerent,

82 2237 211 2275 neque
247 2228 421 2262 terrenos
459 2225 646 2276 deputare
683 2224 838 2263 vellent.
886 2224 949 2263 De

83 2280 238 2320 numine
263 2279 427 2332 Eponae
463 2281 509 2318 cs.
537 2281 673 2330 Argol.
700 2281 750 2319 ad
775 2281 950 2331 Onuphr.

84 2337 246 2376 Panvin.
283 2337 333 2375 de
362 2337 463 2376 Lud.
491 2336 587 2376 sire.
614 2337 638 2376 l.
666 2336 691 2376 l.
729 2337 763 2375 in
808 2338 950 2376 Graev.

85 2393 207 2432 Thes.
222 2393 290 2432 IX.
312 2406 350 2445 p.
368 2398 458 2434 110.
484 2393 647 2443 Buleng.
663 2394 713 2431 de
728 2393 822 2432 Circ.
838 2393 950 2432 Rom.

85 2448 211 2489 Tract.
238 2450 288 2488 de
313 2451 425 2501 equis
451 2454 564 2491 2220.
590 2449 678 2488 ibid.
705 2464 741 2501 p.
759 2454 849 2490 746.
877 2449 950 2488 Το-

84 2508 220 2545 masin.
247 2506 297 2544 de
321 2507 453 2545 donar.
486 2511 576 2545 vett.
610 2522 640 2545 c.
670 2511 733 2546 32.
765 2508 798 2544 in
826 2507 951 2545 eiusd.

86 2562 132 2602 T.
164 2561 251 2601 XII.
282 2576 320 2614 p.
352 2567 446 2604 862.
479 2563 666 2611 Hartung.
711 2563 846 2615 Heli-q.
879 2564 952 2602 der

85 2621 209 2661 Ro'm.
233 2618 282 2658 T.
306 2618 352 2659 ll.
375 2634 413 2672 p.
443 2620 552 2671 154]

141 2675 321 2715 residens
345 2676 571 2715 aediculae.
609 2676 950 2721 Hauclcctioneni,

86 2745 201 2785 quam
226 2733 422 2771 Stewecb.
461 2736 499 2770 et
534 2732 671 2771 Dousa
698 2736 888 2772 mutarunt
918 2734 953 2771 in

82 2790 325 2842 praesidens
339 2790 569 2835 aediculae,
579 2788 740 2840 Lipsius
756 2792 793 2827 et
802 2789 953 2828 Gruter.

88 2845 205 2897 Susp.
229 2845 296 2883 w.
323 2850 360 2885 4.
386 2847 421 2883 iu
447 2846 627 2884 residens
651 2846 858 2885 sediculae
883 2846 903 2883 i.
920 2861 954 2886 e.

87 2905 234 2940 sacrato
267 2902 353 2940 loco
380 2901 450 2955 [de
474 2915 551 2953 qua
577 2915 673 2940 voce
698 2903 744 2941 cf.
771 2902 873 2941 Oud.
905 2904 954 2942 ad

89 2957 196 2996 Suet.
225 2957 338 2997 Caes.
372 2973 403 2997 c.
432 2963 498 2998 84.
533 2959 651 3010 vulp.
678 2959 728 2996 ad
755 2957 840 2997 Tib.
866 2958 891 2997 l.
919 2963 955 3000 2.

88 3014 192 3066 83.];
214 3013 352 3053 Heins.
377 3015 427 3054 ad
452 3014 568 3053 Ovid.
594 3014 703 3053 Fast.
724 3015 774 3052 V.
803 3019 894 3056 123.
920 3017 955 3054 in

85 3071 326 3121 praesidens
349 3072 494 3124 equili,
520 3071 623 3109 Oud.
639 3072 737 3109 bene
751 3071 812 3110 his
826 3072 955 3111 verbis

89 3125 277 3165 defendit:
314 3126 401 3166 Non
434 3128 598 3178 loquitur
630 3132 763 3167 auctor
793 3128 842 3167 de
873 3133 953 3167 toto

1001 533 1156 572 stabulo
1190 545 1263 571 seu
1295 531 1411 582 equili
1441 531 1515 570 sed
1546 530 1595 568 de
1625 530 1754 568 media
1782 531 1868 569 eius

1000 590 1099 641 pila,
1125 591 1161 628 in
1186 589 1295 628 cuius
1320 587 1533 626 meditullio
1558 587 1609 624 ait
1630 586 1753 624 fuisse
1767 586 1869 638 Epo-

1000 659 1086 684 nam
1120 646 1354 684 residentem
1384 644 1599 683 aediculae
1630 647 1790 694 eratque
1814 657 1870 681 re-

1001 702 1242 753 ceptaculum
1269 700 1464 752 quoddam
1495 713 1566 738 seu
1597 699 1869 751 repositorium

1004 764 1043 797 et
1068 759 1238 804 loculus,
1278 757 1339 795 vel
1377 756 1480 808 pilae
1515 756 1716 807 adpensus
1741 755 1804 793 vel
1834 757 1869 794 in

1002 829 1165 854 recessu
1201 816 1285 854 eius
1322 817 1553 859 excavatus,
1592 813 1628 851 in
1666 826 1741 864 quo
1773 812 1871 850 deae

1005 876 1086 911 erat
1109 871 1354 923 imaguncula
1378 869 1426 909 cf.
1452 868 1549 908 Pric.
1564 869 1614 908 ad
1628 868 1715 908 Act.
1731 869 1871 921 Apost.

1003 927 1114 966 XIX.
1142 932 1206 968 24.
1233 928 1406 967 Fabrett.
1433 926 1605 978 Inscript.
1631 940 1668 978 p.
1699 929 1759 966 16.
1793 925 1871 964 Go-

1004 986 1097 1022 rium
1130 984 1176 1021 ad
1210 983 1310 1022 Insc.
1342 983 1458 1022 Donii
1490 997 1526 1034 p.
1560 986 1624 1023 86.
1658 980 1871 1020 Comment.

1003 1041 1054 1078 ad
1077 1039 1182 1079 Petr.
1216 1055 1246 1079 e.
1273 1044 1337 1081 29.
1370 1039 1456 1078 Nec
1481 1039 1679 1077 offendere
1703 1038 1874 1078 debebat

1004 1096 1137 1135 Heius.
1165 1098 1215 1135 ad
1239 1096 1422 1135 Pmdent.
1449 1096 1593 1147 Apotb.
1625 1099 1715 1136 197.
1747 1097 1783 1149 in
1809 1095 1874 1134 da-

1002 1153 1079 1191 tivo
1107 1153 1341 1197 aediculae,
1366 1151 1469 1190 male
1489 1153 1537 1190 ab
1557 1166 1604 1190 eo
1626 1152 1661 1190 in
1682 1152 1875 1192 aedicula

1001 1213 1169 1254 mutato,
1195 1222 1310 1260 quem
1336 1208 1678 1255 Oud.vi11‹11cavit,
1704 1222 1753 1246 ex
1778 1207 1875 1246 Met.

1006 1264 1091 1303 vVll.
1129 1280 1164 1316 p.
1200 1268 1290 1305 460.
1324 1265 1449 1303 asello
1593 1267 1753 1317 [serenti
1784 1266 1875 1304 resi-

1009 1322 1116 1360 dens.
1153 1320 1223 1359 IX.
1256 1334 1291 1371 p.
1320 1324 1411 1360 656.
1439 1322 1575 1360 nudae
1599 1323 1743 1373 spinae
1767 1335 1877 1360 meae

1006 1378 1198 1416 residens.

1064 1435 1190 1472 roseis
1205 1438 1243 1471 et
1265 1435 1428 1486 quidem
1450 1435 1688 1473 recentibus.
1717 1433 1877 1486 [Quam-

1008 1503 1124 1540 quam
1150 1504 1306 1530 omnes.
1334 1494 1517 1540 quantum
1544 1491 1644 1536 scio,
1678 1488 1790 1529 codd.
1817 1491 1880 1529 hic

1007 1547 1194 1599 equidem
1224 1548 1406 1591 retinent,
1439 1547 1543 1585 nulla
1574 1551 1701 1585 tamen
1734 1548 1879 1585 ratione

1007 1603 1044 1641 id
1070 1603 1226 1641 defendi
1255 1604 1410 1654 poterit,
1437 1603 1507 1641 nisi
1533 1604 1720 1655 particula
1751 1608 1789 1643 et
1812 1604 1880 1642 ad-

1007 1659 1135 1701 datur,
1163 1674 1263 1710 quae
1284 1659 1506 1712 copulativa
1524 1660 1686 1712 saepius
1700 1660 1881 1699 adiuncta

1006 1716 1193 1754 invenitur
1223 1717 1327 1768 apud
1358 1715 1539 1755 Plautum
1576 1721 1616 1755 et
1647 1716 1881 1762 Terentium,

1008 1773 1112 1810 male
1138 1787 1160 1810 a
1186 1774 1325 1811 criticis
1353 1774 1504 1811 omnino
1524 1775 1667 1812 reiecta
1691 1773 1739 1812 cf.
1754 1772 1881 1813 Plaut.

1010 1828 1216 1867 Cistell.ll.
1249 1835 1281 1869 1.
1309 1834 1372 1870 46.
1400 1835 1435 1868 el
1455 1830 1641 1882 equidem
1656 1830 1791 1869 hercle
1805 1832 1882 1870 m'sc'

1007 1887 1197 1937 peditatu
1224 1888 1345 1924 tertio
1371 1917 1402 1924 ..
1419 1917 1428 1925 .
1455 1888 1647 1939 efsliscero
1680 1885 1727 1924 cf.
1755 1885 1882 1925 Hand.

1010 1942 1058 1980 ad
1086 1940 1314 1980 Turselffll.
1341 1957 1377 1994 p.
1399 1946 1490 1983 436.
1520 1942 1648 1989 Quum
1675 1957 1765 1981 vero
1792 1943 1881 1982 scri-

1012 2002 1147 2048 pturae
1173 1999 1436 2050 discrepantia
1467 2000 1561 2037 inter
1593 2005 1630 2038 et
1658 2001 1819 2053 quidem
1844 2004 1882 2038 et

1011 2056 1200 2106 equidem
1239 2055 1320 2093 sere
1357 2069 1515 2108 semper
1550 2055 1781 2102 inveniatur,
1819 2056 1882 2095 ubi

1010 2111 1234 2149 alterutrum
1261 2113 1446 2163 scriptum
1472 2117 1554 2158 est,
1578 2112 1641 2151 hic
1661 2117 1699 2151 et
1720 2113 1884 2166 quidem

1009 2169 1043 2205 in
1069 2172 1175 2206 textu
1201 2181 1346 2219 ponere
1372 2183 1444 2207 non
1472 2169 1677 2221 dubitavi]

1069 2224 1253 2276 denique.
1282 2224 1442 2277 [Markl.
1464 2226 1512 2264 ad
1530 2226 1627 2265 Stat.
1644 2225 1739 2265 silv.
1756 2224 1883 2278 Epist.

1012 2280 1099 2318 Lib.
1126 2279 1187 2318 ΙΙΙ.
1215 2283 1393 2327 coniecit,
1420 2288 1500 2322 tam
1523 2284 1716 2335 deniqne,
1742 2286 1884 2323 uttam

1012 2337 1061 2374 ob
1087 2338 1330 2390 praecedens
1360 2345 1544 2379 ornatam
1571 2339 1767 2378 exciderit.
1804 2340 1883 2379 De-

1013 2395 1135 2446 nique
1150 2408 1238 2432 vero
1255 2395 1317 2433 hic
1337 2396 1575 2447 significare:
1602 2402 1645 2436 ut
1661 2396 1788 2435 brevis
1799 2398 1884 2435 sim.

1013 2450 1115 2488 salso
1142 2453 1376 2502 pronuntiat.
1403 2453 1451 2490 ab
1478 2451 1604 2491 Hand.
1631 2454 1705 2491 iam
1731 2453 1767 2490 in
1790 2451 1883 2491 Tur-

1012 2506 1099 2546 scll.
1139 2506 1182 2546 ll.
1220 2523 1255 2560 p.
1295 2512 1387 2549 265.
1431 2509 1689 2561 vituperatus,
1727 2511 1790 2559 qui
1814 2523 1885 2561 per

1008 2569 1218 2615 postremo
1245 2565 1469 2615 particulam
1498 2566 1667 2617 explicat
1692 2564 1780 2603 coll.
1809 2563 1883 2604 Te-

1009 2624 1106 2659 rent.
1140 2619 1294 2660 Pliorm.
1328 2620 1353 2659 l.
1388 2627 1423 2662 2.
1459 2627 1522 2662 71.
1561 2622 1677 2668 Quod
1703 2621 1884 2672 equidem

1010 2679 1230 2728 comprobo.
1258 2678 1342 2717 Hac
1367 2679 1467 2716 enim
1493 2677 1770 2729 significatione
1795 2682 1885 2717 tunc

1013 2734 1166 2772 demum
1205 2734 1302 2773 haec
1337 2734 1524 2786 particula
1560 2736 1730 2786 ponitur,
1767 2749 1883 2786 quum

1013 2793 1175 2829 narratio
1201 2791 1361 2829 alicuius
1387 2792 1440 2829 rei
1466 2796 1576 2830 actae
1599 2805 1670 2842 per
1694 2796 1825 2843 partes
1846 2796 1884 2831 et

1013 2847 1144 2885 ordine
1176 2848 1226 2885 ad
1263 2853 1475 2886 extremum
1512 2852 1666 2899 tempus
1697 2849 1882 2900 procedit.

1014 2903 1076 2941 De
1102 2905 1221 2942 altera
1249 2905 1332 2942 eins
1360 2910 1397 2941 ot
1424 2905 1538 2955 longe
1562 2906 1703 2943 tritiore
1728 2910 1881 2944 senten-

1015 2960 1066 2998 tia
1093 2961 1140 2999 cs.
1170 2961 1294 2999 llaud.
1323 2960 1490 2999 Turseli.
1520 2960 1560 2999 ll.
1594 2974 1630 3012 p.
1664 2966 1737 3003 271
1775 2963 1880 3015 sqq]

1073 3019 1229 3070 aquito.
1280 3016 1487 3056 Placuerat
1501 3017 1645 3055 Bertini
1667 3019 1750 3057 cod.
1766 3019 1880 3058 lectio

1015 3078 1170 3112 attento
1201 3074 1221 3111 i.
1242 3088 1275 3111 e.
1320 3075 1602 3113 animadverso
1640 3074 1801 3127 Sciopp.
1843 3077 1879 3113 in

1015 3131 1197 3182 Suspect.
1224 3130 1334 3169 Lect.
1361 3129 1385 3168 l.
1413 3135 1477 3171 22.
1516 3131 1597 3169 Sed
1623 3132 1696 3171 iam
1722 3133 1878 3177 dixerat,
