2155 3590
659 177 849 218 LIBER
881 177 1001 218 VIII.
1050 177 1179 217 CAP.
1204 176 1291 216 lv.

1803 140 1885 218 651

93 305 297 346 spumeus,
337 290 458 331 oculis
489 290 674 343 adspectu
699 290 841 330 minaci
873 290 1095 338 flammeus,
1130 288 1276 343 impetu
1301 301 1421 328 saevo
1447 288 1650 329 frementis
1677 287 1758 328 oris
1783 294 1889 328 totus

95 348 318 389 fulmineus.
368 345 423 386 Et
446 346 610 400 primum
637 346 789 399 quidem
817 360 956 386 canum
982 345 1254 400 procacioreS‚
1289 357 1389 397 quae
1415 343 1614 400 comilnus
1641 344 1891 384 contulerant
1915 348 1978 382 516

92 404 319 458 vestigium,
359 402 471 457 genis
504 402 576 442 hac
607 402 698 442 illac
734 402 892 442 iactatis
929 409 1135 442 consectas
1173 400 1380 451 interficit,
1421 400 1509 440 dein
1541 401 1689 441 calcata
1723 400 1886 451 retiola,

92 474 169 514 qua
193 459 339 515 primos
363 459 530 513 impetus
555 459 792 509 reduxerat,
820 458 1046 499 transabiit.

92 594 246 624 spumeus
259 589 296 616 G.
311 589 340 616 1.
353 588 384 616 2.
398 587 437 615 D.
452 583 482 615 ὃ.
495 587 531 615 Ρ.
545 588 582 616 L.
607 593 766 623 spumans
779 587 815 615 B.
832 587 923 616 Colv.
936 588 1032 616 Vulc.
1045 588 1160 615 Wow.
1174 585 1261 615 Prie.
1299 582 1484 623 flammeus
1499 582 1661 620 adspectu
1675 582 1803 611 minaci
1819 580 1849 612 δ.
1862 591 1892 618 p.

91 637 121 662 et
136 633 205 661 edd.
220 636 296 661 ante
309 628 589 668 Colv.flammens
603 633 638 661 G.
653 634 684 660 2.
724 631 911 670 fermentis
925 634 1038 661 Venet.
1052 633 1083 661 4.
1099 632 1203 660 Paris.
1252 639 1340 669 quere
1357 631 1392 660 F.
1410 632 1439 658 1.
1453 631 1484 658 3.
1506 638 1535 664 p.
1558 631 1593 658 G.
1610 630 1638 658 1.
1653 631 1684 657 2.
1706 630 1743 657 D.
1759 631 1795 657 P.
1810 626 1839 657 ὃ.
1852 630 1891 658 R.

92 678 114 707 f.
129 680 174 706 M.
188 687 220 711 φ.
245 679 458 706 1ncert.1unt.
472 679 502 704 2.
516 679 599 706 Elm.
649 675 758 714 quiin
779 681 850 707 cett.
872 681 970 706 extat.

1019 676 1201 704 comminus
1221 678 1258 706 G.
1277 678 1308 705 2.
1330 677 1368 704 D.
1394 674 1458 710 [Ila
1471 676 1620 704 scribunt
1633 674 1768 708 saepius
1782 673 1893 708 optimi

91 724 182 752 codd.
207 722 248 751 cf.
267 723 381 751 Deder.
401 723 485 750 Dict.
499 723 582 752 Cret.
600 724 639 751 11.
661 724 714 751 41.
735 726 798 751 not.
819 721 906 757 crin]
954 721 1110 750 commas
1130 724 1165 750 G.
1188 723 1216 750 1.
1264 724 1439 750 consectas
1457 723 1502 751 M.
1523 717 1552 750 δ.
1589 721 1785 748 conscellas
1805 721 1841 747 G.
1863 719 1893 746 1.

91 767 270 806 confectas
283 769 351 796 cod.
365 769 481 796 Incert.
494 768 636 796 Scriver.
650 771 679 796 et
692 767 813 797 Florid.
838 765 913 795 dein
926 768 963 797 F.
979 769 1007 797 1.
1021 769 1052 797 3.
1068 769 1103 796 G.
1122 768 1149 797 1.
1163 769 1197 796 2.
1211 768 1250 797 D.
1263 769 1347 797 Elm.
1362 766 1467 795 Scriv.
1480 765 1603 796 Floria.
1626 766 1664 794 In
1678 766 1752 794 cett.
1765 761 1892 792 deinde.

91 812 314 851 quaeprimos
328 814 364 842 G.
381 814 408 841 1.
423 820 454 848 p.

90 911 193 950 Oud.
219 911 469 956 sententiam,
495 912 559 961 qui
586 924 670 949 cum
689 910 738 950 N.
759 910 896 949 Heius.
912 911 962 949 ad

91 967 207 1006 Ovid.
227 967 323 1006 Met.
344 966 413 1006 XI.
437 971 525 1008 176.
551 967 702 1006 coniicit
726 968 829 1014 auri,
857 967 961 1018 quod

93 1025 209 1064 corio
251 1038 325 1062 non
369 1023 523 1062 differat
564 1024 613 1062 ab
645 1027 749 1076 cute)
788 1027 827 1061 et
857 1023 961 1062 clare

93 1084 242 1132 pateat,
268 1081 316 1118 ab
341 1079 511 1131 Apuleio
536 1094 605 1131 pro
638 1081 721 1118 eius
753 1093 859 1118 more
884 1079 961 1117 sin-

91 1137 183 1188 gula
207 1137 289 1188 apri
313 1137 487 1175 membra
505 1136 689 1181 describi,
715 1136 856 1187 quibus
875 1135 961 1173 hor-

91 1193 235 1232 rendus
249 1196 448 1244 appareat.
473 1192 515 1231 In
531 1193 591 1231 his
606 1205 699 1230 esse
715 1193 799 1230 eius
813 1192 963 1243 pilosas

91 1249 335 1300 villosasque
360 1262 474 1287 aures
501 1248 590 1287 coll.
616 1247 790 1287 Met.111.
815 1262 852 1300 p.
868 1252 961 1289 220.

95 1307 208 1346 Cutis
221 1305 369 1344 tenella
382 1305 560 1344 duratur
578 1305 621 1342 in
638 1305 803 1343 corium.
817 1334 825 1342 .
837 1334 864 1342 ..
891 1304 963 1343 Sic

92 1367 131 1400 et
143 1375 260 1401 aures
273 1362 499 1400 immodicis
506 1360 963 1412 horripilantauelibus,

91 1417 243 1470 [Minus
276 1418 375 1455 bene
411 1412 513 1455 Oud.
550 1416 652 1455 hunc
686 1419 809 1454 totum
836 1416 962 1454 locum

91 1473 293 1512 intellexit.
324 1473 439 1513 Cutis
463 1473 562 1511 enirn
588 1476 627 1511 et
652 1473 806 1511 corium
831 1485 961 1523 quam-

91 1543 206 1582 quam
220 1529 456 1568 indiscretim
470 1529 520 1567 de
533 1529 766 1567 animalibus
774 1529 961 1574 (licuntur,

90 1588 126 1625 in
160 1599 208 1625 eo
240 1590 370 1624 tamen
401 1589 564 1637 apparet
593 1585 767 1632 differre,
792 1589 834 1624 ut
858 1586 963 1625 cutis

89 1644 216 1694 magis
229 1647 344 1681 tenue
356 1642 674 1689 membranulum,
701 1643 856 1682 corium
871 1641 962 1680 den-

90 1713 177 1738 sum
209 1703 248 1738 et
277 1712 460 1750 asperum
492 1698 665 1750 corporis
696 1702 963 1749 tegumentum

90 1757 297 1807 significet,
324 1755 427 1806 quod
441 1769 516 1794 non
531 1755 659 1793 solum
681 1755 790 1793 locus
805 1754 964 1806 Apuleii

91 1813 208 1851 modo
240 1812 302 1852 cit.
335 1812 579 1862 comprobat,
610 1811 685 1849 sed
715 1810 814 1849 Plin.
845 1810 963 1849 'etiam

91 1869 196 1908 Hist.
220 1868 310 1907 Nat.
330 1867 420 1907 XV.
437 1872 500 1908 28.
516 1872 581 1908 34.
607 1868 827 1907 Putamine
852 1867 962 1906 clau-

92 1926 247 1965 duntur
260 1938 393 1969 nuces,
414 1925 552 1963 corio
573 1929 802 1969 castaneae,
823 1928 963 1963 crusta

93 1986 289 2034 teguntur
311 1980 505 2032 9Imzdes,
537 1985 642 2019 cute
665 1994 784 2026 uvae,
821 1981 962 2018 corio

93 2043 132 2076 et
160 2037 431 2076 membrana
461 2037 637 2076 Punica.
690 2036 802 2075 Cutis
826 2035 888 2074 hic
912 2035 962 2073 de

91 2106 208 2132 calne
238 2092 408 2144 pulposa
438 2092 591 2137 dicitur,
622 2092 672 2130 de
702 2096 812 2143 parte
836 2092 962 2131 carnis

94 2153 271 2194 extante,
315 2162 392 2199 qua
431 2148 628 2200 pinguedo
672 2148 893 2187 animalium
929 2152 968 2187 et

94 2206 292 2244 hominum
318 2207 532 2256 conspicua
556 2209 636 2250 est,
668 2208 708 2243 et
738 2205 774 2242 in
799 2204 904 2256 apris
930 2209 969 2243 et

91 2263 229 2301 suibus
254 2261 288 2299 in
302 2261 525 2299 universum
544 2262 579 2299 in
599 2260 702 2299 collo
718 2261 968 2312 dignoscitur.

93 2318 142 2358 cs.
162 2318 278 2357 Ovitl.
298 2317 394 2355 Met.
415 2317 523 2356 XIV.
540 2322 633 2358 283.
660 2318 793 2357 colla
819 2322 968 2357 tumere

94 2376 229 2414 toris.
263 2374 403 2412 senec.
430 2373 589 2424 Hippol.
619 2378 737 2415 1042.
764 2374 814 2412 de
839 2378 966 2412 tauro:

95 2431 246 2483 Opima
283 2431 424 2470 cervia:
460 2431 613 2470 arduos
649 2430 761 2469 tollit
794 2435 963 2469 toros.

97 2487 210 2528 Cutis
234 2487 347 2538 igitur
371 2490 434 2525 est
456 2487 520 2525 hic
543 2488 672 2525 tenuis
692 2486 761 2525 illa
778 2486 897 2537 pellis
916 2500 966 2525 ex

93 2548 245 2596 gutture
258 2543 491 2594 dependens
505 2547 543 2581 et
556 2543 655 2582 satis
664 2544 800 2588 obesa,
809 2544 967 2583 corium

92 2614 184 2638 vero
210 2604 331 2639 totum
363 2601 444 2650 apri
470 2603 753 2650 tegumentum,
784 2599 967 2650 pillosum

93 2657 189 2696 illud
214 2661 255 2695 et
279 2656 473 2694 villosum.
511 2655 638 2695 Recte
662 2656 774 2693 vertit
797 2655 967 2703 Rodius3

93 2714 200 2754 scine
224 2713 445 2765 hanqencle
477 2713 665 2753 IVamme.
701 2711 914 2751 Praeterea
933 2712 967 2750 in

94 2770 315 2809 coniectura
327 2769 478 2808 Heinsii
498 2782 561 2807 me
582 2768 744 2807 offendit
762 2768 970 2819 singularis

94 2827 206 2872 auri,
243 2839 360 2876 quum
394 2827 541 2871 oculis,
579 2825 765 2865 dentibus
795 2825 831 2863 in
856 2838 971 2876 seqq.

96 2882 293 2935 Apuleius
318 2882 450 2935 dicat]

150 2953 344 2990 spumeus.
403 2938 490 2977 Iure
526 2937 628 2978 Elm.
664 2938 859 2976 revocavit
894 2937 970 2976 hoc

97 2995 347 3041 vocabulum,
385 2996 491 3046 quod
523 3008 574 3032 ex
605 3007 792 3046 perversa
821 2993 971 3044 aliquot

95 3051 210 3089 codd.
232 3051 400 3090 lectione
419 3049 779 3104 spumensColvius
798 3053 969 3088 mutave-

96 3111 154 3146 rat
178 3108 214 3145 in
239 3122 448 3160 spumans,
474 3106 800 3158 quamquamhoc
813 3119 971 3159 quoque

96 3163 145 3202 (le
159 3177 254 3216 apro
269 3164 343 3203 dici
355 3165 523 3216 probant
535 3163 720 3215 lociVirg.
730 3163 829 3202 Aen.
840 3162 866 3202 I.
876 3166 970 3204 324.

1024 910 1106 950 Aut
1127 910 1399 962 spumantis
1423 909 1520 962 apri
1539 922 1698 949 cursum
1716 906 1895 946 clamore

1017 971 1262 1019 prementem
1281 965 1433 1005 Auson.
1456 964 1582 1016 Epist.
1603 963 1670 1003 IV.
1693 968 1758 1005 28.
1789 962 1893 1001 Dein

1019 1026 1178 1074 propter
1192 1023 1390 1061 verborum
1405 1021 1701 1060 concinnitatem
1709 1020 1895 1072 spumeus

1019 1078 1319 1131 praeferendum
1350 1082 1430 1125 est,
1463 1091 1550 1116 nam
1587 1077 1761 1127 sequitur
1783 1076 1893 1128 flam-

1018 1148 1144 1178 meus,
1167 1135 1402 1186 fulmineus.
1449 1134 1513 1173 De
1537 1134 1718 1173 dentium
1748 1132 1896 1171 attritu

1022 1190 1069 1229 cf.
1085 1190 1186 1229 Pric.
1201 1194 1240 1228 et
1253 1190 1382 1229 Burm.
1397 1191 1448 1228 ad
1462 1189 1577 1228 Ovid.
1587 1187 1790 1227 Met.V1ll.
1800 1191 1893 1228 369.

1075 1247 1286 1299 frementis
1312 1248 1404 1285 oris.
1454 1246 1541 1298 [De
1578 1245 1654 1284 hoc
1688 1243 1894 1288 vocabule,

1022 1303 1126 1353 quod
1151 1303 1200 1340 de
1226 1303 1364 1340 bestiis
1390 1303 1537 1349 dicitur,
1563 1301 1712 1340 fervida
1731 1301 1787 1339 ira
1809 1312 1896 1351 per-

1021 1360 1151 1397 cussis
1177 1358 1224 1397 cf.
1251 1357 1356 1398 Cort.
1380 1358 1430 1396 ad
1454 1358 1601 1402 Lucan.
1626 1356 1654 1396 I.
1681 1361 1776 1398 210.
1807 1355 1896 1394 Intt.

1021 1415 1071 1454 ad
1096 1415 1202 1464 Virg.
1230 1413 1374 1465 Georg.
1400 1415 1426 1453 1.
1456 1419 1519 1456 12.
1550 1413 1672 1453 Bach.
1704 1413 1753 1453 ad
1779 1411 1895 1450 Ovid.

1020 1470 1117 1510 Met.
1143 1470 1212 1510 IX.
1239 1471 1356 1523 207.]

1075 1528 1310 1579 fulmineus.
1336 1526 1403 1579 [cs.
1419 1525 1534 1565 Ovid.
1551 1526 1634 1566 Art.
1649 1524 1738 1565 Am.
1753 1523 1787 1562 II
1802 1528 1899 1565 374.

1022 1583 1137 1636 Aper
1158 1584 1400 1634 fulmineo
1420 1597 1511 1623 cum
1523 1588 1639 1622 rotat
1658 1595 1740 1620 ore
1767 1594 1896 1621 canes.

1026 1641 1258 1680 Fulmineae
1283 1640 1382 1678 enim
1408 1640 1560 1678 bestiae
1585 1639 1769 1684 dicuntur,
1797 1650 1898 1689 quae

1023 1697 1151 1735 furunt
1176 1700 1215 1735 et
1238 1696 1494 1734 vehementer
1512 1699 1603 1734 sunt
1621 1696 1743 1733 iratae
1767 1706 1899 1745 pugna

1022 1754 1221 1792 incensae.
1248 1752 1296 1791 cf.
1322 1752 1438 1791 Ovid.
1464 1752 1560 1791 Met.
1588 1751 1614 1790 I.
1641 1755 1735 1792 305.
1767 1751 1898 1800 ibique

1022 1809 1108 1848 Intt.
1122 1809 1254 1849 Barth.
1264 1808 1433 1848 Advers.
1446 1807 1637 1846 XXXIV.
1651 1812 1712 1848 15.
1727 1821 1766 1858 p.
1778 1809 1897 1847 1573.

1021 1865 1109 1904 Intt.
1123 1866 1172 1903 ad
1186 1864 1356 1903 Phaedr.
1374 1863 1400 1904 I.
1418 1869 1481 1905 22.
1497 1869 1533 1905 5.
1559 1864 1616 1902 Ita
1629 1864 1785 1917 iqnilus
1804 1875 1897 1913 quo-

1023 1935 1099 1973 que
1113 1922 1248 1960 dicitur
1273 1921 1321 1959 cf.
1337 1920 1414 1960 Cic.
1429 1921 1542 1960 Dom.
1559 1925 1625 1961 55.
1652 1919 1707 1959 At
1719 1919 1770 1958 ab
1783 1919 1899 1957 istius

1022 1979 1272 2032 inflammato
1285 1982 1408 2030 atque
1427 1978 1767 2030 iynstofurore,
1794 1974 1900 2026 quod

1023 2034 1252 2073 vocabulum
1289 2034 1574 2072 emendandum
1612 2037 1705 2084 puto
1737 2030 1899 2070 Anthol.

1021 2090 1109 2129 Lat.
1126 2090 1174 2130 Τ.
1186 2089 1212 2129 Ι.
1228 2104 1264 2141 p.
1278 2090 1374 2131 466.
1389 2089 1540 2129 Burm.:
1568 2088 1899 2140 Amphitheatra-

1026 2147 1083 2186 les
1096 2148 1297 2186 mirantur
1309 2160 1408 2187 rura
1423 2147 1652 2198 triumphos
1684 2145 1742 2184 Et
1763 2157 1900 2184 nemus

1026 2204 1182 2256 iquitas
1213 2202 1408 2251 (nonnulli
1434 2203 1547 2241 codd.
1573 2203 1739 2255 iyneas)
1771 2200 1902 2240 cernit

1026 2260 1167 2299 adesse
1187 2262 1303 2312 feras
1335 2260 1357 2298 i.
1384 2273 1418 2298 e.
1441 2259 1642 2309 furentes,
1674 2255 1898 2308 ardentes]

1083 2317 1303 2356 consectas.
1334 2316 1571 2367 Confectus,
1599 2313 1900 2366 quodFloridus

1025 2386 1111 2411 cum
1128 2373 1251 2411 Scriv.
1266 2385 1469 2424 perperam
1488 2371 1689 2424 praetulit,
1716 2370 1804 2408 ferri
1824 2382 1898 2407 non

1023 2433 1158 2481 potest
1169 2432 1328 2481 propter
1340 2442 1516 2480 sequens
1530 2428 1731 2480 interficit.
1750 2426 1901 2464 Secare

1024 2486 1219 2538 proprium
1245 2489 1307 2524 est
1325 2499 1523 2537 aprorum,
1549 2484 1730 2523 dentibus
1757 2481 1900 2521 lanian-

1025 2543 1118 2581 tium
1133 2541 1180 2580 cf.
1191 2542 1289 2580 infra
1302 2556 1339 2593 p.
1349 2546 1442 2583 520.
1455 2556 1515 2593 pr
1526 2545 1692 2580 osectu
1705 2539 1901 2577 dentium.

1027 2598 1226 2651 [Forsitan
1253 2599 1305 2637 ita
1322 2598 1428 2650 apud
1442 2596 1563 2637 Ovid.
1576 2597 1672 2636 Met.
1687 2593 1792 2633 VIII.
1807 2597 1900 2634 344.

1027 2655 1311 2694 emendandum
1327 2658 1404 2693 est:
1429 2655 1674 2706 sparyitque
1698 2664 1831 2696 canes,
1857 2654 1903 2689 ut

1030 2712 1201 2765 quisque
1224 2712 1360 2751 ruenti
1386 2711 1548 2757 Obstat,
1575 2714 1615 2748 et
1643 2708 1813 2759 obliquo
1845 2706 1902 2745 Ia-

1029 2772 1183 2807 trantes
1206 2768 1420 2807 dissicat
1441 2768 1538 2806 ictu.
1570 2765 1787 2815 Dt'ssipare
1800 2763 1902 2801 enim

1030 2823 1136 2875 quod
1150 2823 1263 2862 codd.
1278 2823 1434 2869 habent,
1459 2823 1508 2861 ob
1529 2820 1774 2874 praecedens
1789 2833 1903 2870 spar-

1031 2881 1098 2933 51st
1110 2883 1150 2918 et
1164 2879 1332 2932 obliquo
1346 2881 1431 2918 ictu
1446 2879 1572 2917 minus
1585 2877 1733 2929 placet3
1757 2875 1809 2915 cf.
1819 2874 1902 2915 Intt.

1028 2936 1078 2975 ad
1103 2935 1270 2974 Phaedr.
1286 2934 1311 2974 I.
1328 2940 1394 2976 22.
1421 2938 1475 2981 6.,
1502 2948 1574 2973 nec
1598 2933 1710 2971 aliter
1735 2931 1845 2971 Fast.
1858 2931 1902 2970 II.

1029 2997 1123 3034 232.
1157 2992 1360 3045 fulmineo
1399 2991 1546 3030 celeres
1582 2990 1791 3029 dissicat
1833 3002 1905 3028 ore

1030 3062 1150 3089 canes
1164 3051 1321 3099 propter
1334 3060 1527 3098 sequens:
1553 3058 1652 3085 mox
1671 3050 1803 3085 tamen
1817 3045 1904 3096 ipse

1027 3106 1157 3157 perit,
1183 3106 1243 3143 sic
1266 3118 1349 3142 non
1372 3104 1602 3142 moriuntur
1626 3102 1761 3142 inulti.
1792 3100 1904 3140 Male

1030 3161 1217 3201 Heinsius
1254 3161 1346 3199 citat
1370 3160 1601 3212 interfecit.
1655 3157 1764 3198 Nihil
1799 3158 1902 3197 enim
