<?xml version="1.0" encoding="UTF-8"?>
<!DOCTYPE html PUBLIC "-//W3C//DTD XHTML 1.0 Transitional//EN"
    "http://www.w3.org/TR/xhtml1/DTD/xhtml1-transitional.dtd">
<html xmlns="http://www.w3.org/1999/xhtml" xml:lang="en" lang="en">
 <head>
  <title>
</title>
<meta http-equiv="Content-Type" content="text/html;charset=utf-8" />
  <meta name='ocr-system' content='tesseract 3.04.00' />
  <meta name='ocr-capabilities' content='ocr_page ocr_carea ocr_par ocr_line ocrx_word'/>
</head>
<body>
  <div class='ocr_page' id='page_1' title='image "./operaomnia01apuluoft/operaomnia01apuluoft_0999.png"; bbox 0 0 2155 3590; ppageno 0'>
   <div class='ocr_carea' id='block_1_1' title="bbox 705 180 1872 223">
    <p class='ocr_par' dir='ltr' id='par_1_1' title="bbox 705 180 1872 223">
     <span class='ocr_line' id='line_1_1' title="bbox 705 180 1872 223; baseline 0.002 -2"><span class='ocrx_word' id='word_1_1' title='bbox 705 181 887 222; x_wconf 86' lang='lat' dir='ltr'>LIBER</span> <span class='ocrx_word' id='word_1_2' title='bbox 911 180 986 222; x_wconf 89' lang='lat' dir='ltr'>IX.</span> <span class='ocrx_word' id='word_1_3' title='bbox 1031 180 1160 223; x_wconf 81' lang='lat' dir='ltr'><strong>CAP.</strong></span> <span class='ocrx_word' id='word_1_4' title='bbox 1192 181 1288 222; x_wconf 87' lang='lat' dir='ltr'>XII.</span> <span class='ocrx_word' id='word_1_5' title='bbox 1789 180 1872 223; x_wconf 82' lang='lat'>779</span> 
     </span>
    </p>
   </div>
   <div class='ocr_carea' id='block_1_2' title="bbox 97 289 1958 462">
    <p class='ocr_par' dir='ltr' id='par_1_2' title="bbox 97 289 1958 462">
     <span class='ocr_line' id='line_1_2' title="bbox 97 289 1958 351; baseline -0.003 -16"><span class='ocrx_word' id='word_1_6' title='bbox 97 297 186 346; x_wconf 82' lang='lat' dir='ltr'>lati,</span> <span class='ocrx_word' id='word_1_7' title='bbox 220 302 300 336; x_wconf 88' lang='lat' dir='ltr'>tum</span> <span class='ocrx_word' id='word_1_8' title='bbox 325 294 458 335; x_wconf 83' lang='lat' dir='ltr'>lurore</span> <span class='ocrx_word' id='word_1_9' title='bbox 482 294 697 345; x_wconf 83' lang='lat' dir='ltr'><strong>deformes,</strong></span> <span class='ocrx_word' id='word_1_10' title='bbox 727 293 733 351; x_wconf 75' lang='lat' dir='ltr'>l</span> <span class='ocrx_word' id='word_1_11' title='bbox 760 302 800 335; x_wconf 85' lang='lat' dir='ltr'>et</span> <span class='ocrx_word' id='word_1_12' title='bbox 823 295 985 335; x_wconf 79' lang='lat' dir='ltr'>fumosis</span> <span class='ocrx_word' id='word_1_13' title='bbox 1010 293 1182 335; x_wconf 84' lang='lat' dir='ltr'>tenebris</span> <span class='ocrx_word' id='word_1_14' title='bbox 1211 306 1429 347; x_wconf 80' lang='lat' dir='ltr'>vaporosae</span> <span class='ocrx_word' id='word_1_15' title='bbox 1458 291 1637 346; x_wconf 86' lang='lat' dir='ltr'>caliginis</span> <span class='ocrx_word' id='word_1_16' title='bbox 1669 289 1870 346; x_wconf 84' lang='lat' dir='ltr'>palpebras</span> <span class='ocrx_word' id='word_1_17' title='bbox 1896 297 1958 330; x_wconf 84' lang='grc'>617</span> 
     </span>
     <span class='ocr_line' id='line_1_3' title="bbox 98 347 1871 404; baseline -0.002 -12"><span class='ocrx_word' id='word_1_18' title='bbox 98 353 224 401; x_wconf 84' lang='lat' dir='ltr'>adesi,</span> <span class='ocrx_word' id='word_1_19' title='bbox 257 358 372 404; x_wconf 84' lang='lat' dir='ltr'>atque</span> <span class='ocrx_word' id='word_1_20' title='bbox 403 351 499 391; x_wconf 88' lang='lat' dir='ltr'>adeo</span> <span class='ocrx_word' id='word_1_21' title='bbox 530 351 630 392; x_wconf 83' lang='lat' dir='ltr'>male</span> <span class='ocrx_word' id='word_1_22' title='bbox 663 351 861 401; x_wconf 85' lang='lat' dir='ltr'>luminati,</span> <span class='ocrx_word' id='word_1_23' title='bbox 896 357 935 391; x_wconf 76' lang='lat' dir='ltr'>et</span> <span class='ocrx_word' id='word_1_24' title='bbox 964 350 1004 390; x_wconf 89' lang='lat' dir='ltr'>in</span> <span class='ocrx_word' id='word_1_25' title='bbox 1033 351 1185 390; x_wconf 86' lang='lat' dir='ltr'>modum</span> <span class='ocrx_word' id='word_1_26' title='bbox 1218 349 1412 403; x_wconf 80' lang='lat' dir='ltr'>pugilum,</span> <span class='ocrx_word' id='word_1_27' title='bbox 1452 349 1515 403; x_wconf 87' lang='lat' dir='ltr'>qui</span> <span class='ocrx_word' id='word_1_28' title='bbox 1546 347 1762 403; x_wconf 81' lang='lat' dir='ltr'>pulvisculo</span> <span class='ocrx_word' id='word_1_29' title='bbox 1787 361 1871 402; x_wconf 89' lang='lat' dir='ltr'>per-</span> 
     </span>
     <span class='ocr_line' id='line_1_4' title="bbox 97 405 1283 462; baseline -0.002 -15"><span class='ocrx_word' id='word_1_30' title='bbox 97 407 220 462; x_wconf 86' lang='lat' dir='ltr'>spersi</span> <span class='ocrx_word' id='word_1_31' title='bbox 246 407 449 457; x_wconf 84' lang='lat' dir='ltr'>dimicant,</span> <span class='ocrx_word' id='word_1_32' title='bbox 477 407 712 447; x_wconf 81' lang='lat' dir='ltr'><strong>farinulenta</strong></span> <span class='ocrx_word' id='word_1_33' title='bbox 739 407 869 447; x_wconf 84' lang='lat' dir='ltr'>cinere</span> <span class='ocrx_word' id='word_1_34' title='bbox 894 406 1048 447; x_wconf 85' lang='lat' dir='ltr'>sordide</span> <span class='ocrx_word' id='word_1_35' title='bbox 1076 405 1283 446; x_wconf 78' lang='lat' dir='ltr'>candidati.</span> 
     </span>
    </p>
   </div>
   <div class='ocr_carea' id='block_1_3' title="bbox 90 552 1873 1009">
    <p class='ocr_par' dir='ltr' id='par_1_3' title="bbox 90 552 1873 1009">
     <span class='ocr_line' id='line_1_5' title="bbox 97 552 1870 604; baseline -0.001 -8"><span class='ocrx_word' id='word_1_36' title='bbox 97 573 163 597; x_wconf 82' lang='lat' dir='ltr'>eum</span> <span class='ocrx_word' id='word_1_37' title='bbox 179 568 294 597; x_wconf 79' lang='lat' dir='ltr'>lurore</span> <span class='ocrx_word' id='word_1_38' title='bbox 304 569 341 598; x_wconf 86' lang='lat' dir='ltr'>F.</span> <span class='ocrx_word' id='word_1_39' title='bbox 355 569 385 598; x_wconf 81' lang='lat'>3.</span> <span class='ocrx_word' id='word_1_40' title='bbox 400 578 433 603; x_wconf 84' lang='grc' dir='ltr'>φ.</span> <span class='ocrx_word' id='word_1_41' title='bbox 447 570 592 598; x_wconf 58' lang='grc' dir='ltr'>ῑΐοκτρῐ.</span> <span class='ocrx_word' id='word_1_42' title='bbox 606 573 635 598; x_wconf 85' lang='lat' dir='ltr'>et</span> <span class='ocrx_word' id='word_1_43' title='bbox 648 577 736 604; x_wconf 79' lang='lat' dir='ltr'>seqq.</span> <span class='ocrx_word' id='word_1_44' title='bbox 763 572 796 597; x_wconf 79' lang='lat' dir='ltr'>tn</span> <span class='ocrx_word' id='word_1_45' title='bbox 811 571 847 598; x_wconf 80' lang='lat' dir='ltr'>G.</span> <span class='ocrx_word' id='word_1_46' title='bbox 866 571 891 598; x_wconf 88' lang='lat'>1.</span> <span class='ocrx_word' id='word_1_47' title='bbox 907 571 936 598; x_wconf 72' lang='lat'>2.</span> <span class='ocrx_word' id='word_1_48' title='bbox 950 570 984 598; x_wconf 91' lang='grc' dir='ltr'>Ο.</span> <span class='ocrx_word' id='word_1_49' title='bbox 998 570 1035 598; x_wconf 89' lang='lat' dir='ltr'>P.</span> <span class='ocrx_word' id='word_1_50' title='bbox 1048 552 1086 597; x_wconf 73' lang='lat' dir='ltr'>D⁸.</span> <span class='ocrx_word' id='word_1_51' title='bbox 1111 576 1183 595; x_wconf 83' lang='lat' dir='ltr'>cum</span> <span class='ocrx_word' id='word_1_52' title='bbox 1196 568 1233 597; x_wconf 86' lang='lat' dir='ltr'>F.</span> <span class='ocrx_word' id='word_1_53' title='bbox 1250 567 1277 595; x_wconf 92' lang='lat'>1.</span> <span class='ocrx_word' id='word_1_54' title='bbox 1292 575 1321 602; x_wconf 82' lang='lat' dir='ltr'>p.</span> <span class='ocrx_word' id='word_1_55' title='bbox 1335 563 1364 595; x_wconf 82' lang='grc' dir='ltr'>ὃ.</span> <span class='ocrx_word' id='word_1_56' title='bbox 1379 566 1448 594; x_wconf 79' lang='lat' dir='ltr'><strong>edd.</strong></span> <span class='ocrx_word' id='word_1_57' title='bbox 1462 569 1537 594; x_wconf 74' lang='lat' dir='ltr'>vett.</span> <span class='ocrx_word' id='word_1_58' title='bbox 1556 573 1658 601; x_wconf 85' lang='lat' dir='ltr'>usque</span> <span class='ocrx_word' id='word_1_59' title='bbox 1671 565 1711 594; x_wconf 83' lang='lat' dir='ltr'>ad</span> <span class='ocrx_word' id='word_1_60' title='bbox 1725 567 1870 594; x_wconf 54' lang='lat' dir='ltr'>§Yon-er.</span> 
     </span>
     <span class='ocr_line' id='line_1_6' title="bbox 94 609 1871 650; baseline -0.004 -8"><span class='ocrx_word' id='word_1_61' title='bbox 94 613 208 643; x_wconf 78' lang='lat' dir='ltr'>lucore</span> <span class='ocrx_word' id='word_1_62' title='bbox 220 615 256 644; x_wconf 78' lang='lat' dir='ltr'>F.</span> <span class='ocrx_word' id='word_1_63' title='bbox 272 616 301 643; x_wconf 83' lang='lat'>1.</span> <span class='ocrx_word' id='word_1_64' title='bbox 315 623 344 650; x_wconf 84' lang='lat' dir='ltr'>p.</span> <span class='ocrx_word' id='word_1_65' title='bbox 370 613 480 642; x_wconf 74' lang='lat' dir='ltr'>lutare</span> <span class='ocrx_word' id='word_1_66' title='bbox 492 615 619 644; x_wconf 70' lang='lat' dir='ltr'>Vicent.</span> <span class='ocrx_word' id='word_1_67' title='bbox 632 616 780 644; x_wconf 65' lang='lat' dir='ltr'>u&#39;ower.</span> <span class='ocrx_word' id='word_1_68' title='bbox 801 615 992 643; x_wconf 82' lang='lat' dir='ltr'>inconcinne</span> <span class='ocrx_word' id='word_1_69' title='bbox 1012 614 1173 642; x_wconf 82' lang='lat' dir='ltr'>emendat:</span> <span class='ocrx_word' id='word_1_70' title='bbox 1199 612 1299 639; x_wconf 71' lang='lat' dir='ltr'>entim</span> <span class='ocrx_word' id='word_1_71' title='bbox 1319 610 1433 639; x_wconf 80' lang='lat' dir='ltr'>lurore</span> <span class='ocrx_word' id='word_1_72' title='bbox 1452 609 1635 649; x_wconf 74' lang='lat' dir='ltr'>deformes,</span> <span class='ocrx_word' id='word_1_73' title='bbox 1661 618 1756 645; x_wconf 77' lang='lat' dir='ltr'>quum</span> <span class='ocrx_word' id='word_1_74' title='bbox 1775 617 1871 645; x_wconf 79' lang='lat' dir='ltr'>prae·</span> 
     </span>
     <span class='ocr_line' id='line_1_7' title="bbox 93 653 1872 699; baseline -0.004 -11"><span class='ocrx_word' id='word_1_75' title='bbox 93 660 246 689; x_wconf 77' lang='lat' dir='ltr'>cesserit:</span> <span class='ocrx_word' id='word_1_76' title='bbox 267 659 367 687; x_wconf 76' lang='lat' dir='ltr'>cutim</span> <span class='ocrx_word' id='word_1_77' title='bbox 381 658 512 695; x_wconf 72' lang='lat' dir='ltr'>depicti.</span> <span class='ocrx_word' id='word_1_78' title='bbox 551 659 702 699; x_wconf 69' lang='lat' dir='ltr'>famosis</span> <span class='ocrx_word' id='word_1_79' title='bbox 716 657 744 688; x_wconf 78' lang='grc' dir='ltr'>δ.</span> <span class='ocrx_word' id='word_1_80' title='bbox 768 659 896 696; x_wconf 61' lang='lat' dir='ltr'>fumos?</span> <span class='ocrx_word' id='word_1_81' title='bbox 908 667 937 694; x_wconf 82' lang='lat' dir='ltr'>p.</span> <span class='ocrx_word' id='word_1_82' title='bbox 984 658 1074 686; x_wconf 71' lang='lat' dir='ltr'>obesi</span> <span class='ocrx_word' id='word_1_83' title='bbox 1085 660 1120 687; x_wconf 88' lang='lat' dir='ltr'>B.</span> <span class='ocrx_word' id='word_1_84' title='bbox 1145 658 1186 686; x_wconf 81' lang='lat' dir='ltr'>cf.</span> <span class='ocrx_word' id='word_1_85' title='bbox 1200 659 1240 686; x_wconf 85' lang='lat' dir='ltr'>ad</span> <span class='ocrx_word' id='word_1_86' title='bbox 1253 660 1329 685; x_wconf 78' lang='lat' dir='ltr'>Met.</span> <span class='ocrx_word' id='word_1_87' title='bbox 1341 657 1426 685; x_wconf 78' lang='lat' dir='ltr'><strong>VIII.</strong></span> <span class='ocrx_word' id='word_1_88' title='bbox 1442 664 1472 690; x_wconf 83' lang='lat' dir='ltr'>p.</span> <span class='ocrx_word' id='word_1_89' title='bbox 1485 656 1560 683; x_wconf 80' lang='lat'><strong>567.</strong></span> <span class='ocrx_word' id='word_1_90' title='bbox 1585 654 1766 683; x_wconf 64' lang='lat' dir='ltr'>visceribus</span> <span class='ocrx_word' id='word_1_91' title='bbox 1780 653 1872 681; x_wconf 82' lang='lat' dir='ltr'>ade-</span> 
     </span>
     <span class='ocr_line' id='line_1_8' title="bbox 93 698 1871 741; baseline -0.003 -9"><span class='ocrx_word' id='word_1_92' title='bbox 93 704 162 733; x_wconf 76' lang='lat' dir='ltr'><strong>sis.</strong></span> <span class='ocrx_word' id='word_1_93' title='bbox 205 703 376 741; x_wconf 72' lang='lat' dir='ltr'><em>palpebris</em></span> <span class='ocrx_word' id='word_1_94' title='bbox 389 703 547 739; x_wconf 68' lang='lat' dir='ltr'><strong>adhesr‘p.</strong></span> <span class='ocrx_word' id='word_1_95' title='bbox 573 703 798 733; x_wconf 71' lang='lat' dir='ltr'>adhesietiam</span> <span class='ocrx_word' id='word_1_96' title='bbox 816 705 849 733; x_wconf 88' lang='lat' dir='ltr'>in</span> <span class='ocrx_word' id='word_1_97' title='bbox 868 706 905 733; x_wconf 82' lang='lat' dir='ltr'>G.</span> <span class='ocrx_word' id='word_1_98' title='bbox 930 706 956 732; x_wconf 88' lang='lat'>1.</span> <span class='ocrx_word' id='word_1_99' title='bbox 981 704 1138 732; x_wconf 79' lang='lat' dir='ltr'>Pricaeus</span> <span class='ocrx_word' id='word_1_100' title='bbox 1157 703 1338 737; x_wconf 74' lang='lat' dir='ltr'>existimat,</span> <span class='ocrx_word' id='word_1_101' title='bbox 1365 701 1503 730; x_wconf 59' lang='lat' dir='ltr'>fortasse</span> <span class='ocrx_word' id='word_1_102' title='bbox 1521 701 1640 728; x_wconf 84' lang='lat' dir='ltr'>melius</span> <span class='ocrx_word' id='word_1_103' title='bbox 1659 700 1769 733; x_wconf 83' lang='lat' dir='ltr'>reponi</span> <span class='ocrx_word' id='word_1_104' title='bbox 1788 698 1871 727; x_wconf 70' lang='lat' dir='ltr'>ideo.</span> 
     </span>
     <span class='ocr_line' id='line_1_9' title="bbox 93 745 1873 787; baseline -0.003 -10"><span class='ocrx_word' id='word_1_105' title='bbox 93 749 250 778; x_wconf 68' lang='lat' dir='ltr'>Sedconf.</span> <span class='ocrx_word' id='word_1_106' title='bbox 265 750 304 778; x_wconf 84' lang='lat' dir='ltr'>ad</span> <span class='ocrx_word' id='word_1_107' title='bbox 318 745 486 778; x_wconf 57' lang='lat' dir='ltr'>Metjvffl.</span> <span class='ocrx_word' id='word_1_108' title='bbox 502 758 529 784; x_wconf 83' lang='lat' dir='ltr'>p.</span> <span class='ocrx_word' id='word_1_109' title='bbox 543 751 619 777; x_wconf 81' lang='lat'><strong>571.</strong></span> <span class='ocrx_word' id='word_1_110' title='bbox 644 757 752 787; x_wconf 83' lang='lat' dir='ltr'>quare</span> <span class='ocrx_word' id='word_1_111' title='bbox 777 748 889 777; x_wconf 81' lang='lat' dir='ltr'>adeo.</span> <span class='ocrx_word' id='word_1_112' title='bbox 932 747 1075 776; x_wconf 75' lang='lat' dir='ltr'>Iunn&#39;utr&#39;</span> <span class='ocrx_word' id='word_1_113' title='bbox 1085 750 1122 776; x_wconf 89' lang='lat' dir='ltr'>D.</span> <span class='ocrx_word' id='word_1_114' title='bbox 1169 750 1201 774; x_wconf 79' lang='lat' dir='ltr'>et</span> <span class='ocrx_word' id='word_1_115' title='bbox 1216 747 1250 774; x_wconf 70' lang='lat' dir='ltr'>in</span> <span class='ocrx_word' id='word_1_116' title='bbox 1261 745 1389 774; x_wconf 80' lang='lat' dir='ltr'>modum</span> <span class='ocrx_word' id='word_1_117' title='bbox 1403 749 1484 775; x_wconf 79' lang='lat' dir='ltr'><strong>mss.</strong></span> <span class='ocrx_word' id='word_1_118' title='bbox 1497 749 1526 774; x_wconf 75' lang='lat' dir='ltr'>el</span> <span class='ocrx_word' id='word_1_119' title='bbox 1540 746 1611 774; x_wconf 74' lang='lat' dir='ltr'><strong>edd.</strong></span> <span class='ocrx_word' id='word_1_120' title='bbox 1624 752 1733 773; x_wconf 80' lang='lat' dir='ltr'>omnes</span> <span class='ocrx_word' id='word_1_121' title='bbox 1745 748 1873 778; x_wconf 72' lang='lat' dir='ltr'>praeter</span> 
     </span>
     <span class='ocr_line' id='line_1_10' title="bbox 93 790 1872 830; baseline -0.003 -8"><span class='ocrx_word' id='word_1_122' title='bbox 93 793 185 830; x_wconf 64' lang='grc' dir='ltr'>(Βΐ)</span> <span class='ocrx_word' id='word_1_123' title='bbox 206 795 295 823; x_wconf 79' lang='lat' dir='ltr'><strong>Colv.</strong></span> <span class='ocrx_word' id='word_1_124' title='bbox 309 795 403 823; x_wconf 74' lang='lat' dir='ltr'><strong>Vulc.</strong></span> <span class='ocrx_word' id='word_1_125' title='bbox 419 796 447 823; x_wconf 80' lang='lat'><strong>‘.’.</strong></span> <span class='ocrx_word' id='word_1_126' title='bbox 468 794 520 828; x_wconf 87' lang='lat' dir='ltr'>(in</span> <span class='ocrx_word' id='word_1_127' title='bbox 534 796 628 823; x_wconf 82' lang='lat' dir='ltr'>cuius</span> <span class='ocrx_word' id='word_1_128' title='bbox 642 802 740 829; x_wconf 78' lang='lat' dir='ltr'><strong>marg.</strong></span> <span class='ocrx_word' id='word_1_129' title='bbox 755 795 968 828; x_wconf 79' lang='lat' dir='ltr'>Lindenbrog.</span> <span class='ocrx_word' id='word_1_130' title='bbox 983 802 1000 822; x_wconf 89' lang='lat' dir='ltr'>e</span> <span class='ocrx_word' id='word_1_131' title='bbox 1013 795 1081 821; x_wconf 85' lang='lat' dir='ltr'><strong>cod.</strong></span> <span class='ocrx_word' id='word_1_132' title='bbox 1096 793 1234 821; x_wconf 81' lang='lat' dir='ltr'>Florem.</span> <span class='ocrx_word' id='word_1_133' title='bbox 1251 794 1278 820; x_wconf 89' lang='lat'>1.</span> <span class='ocrx_word' id='word_1_134' title='bbox 1292 792 1373 820; x_wconf 83' lang='lat' dir='ltr'>nihil</span> <span class='ocrx_word' id='word_1_135' title='bbox 1387 790 1587 825; x_wconf 74' lang='lat' dir='ltr'>emendavit)</span> <span class='ocrx_word' id='word_1_136' title='bbox 1602 791 1817 817; x_wconf 65' lang='lat' dir='ltr'>Meraxvow.</span> <span class='ocrx_word' id='word_1_137' title='bbox 1831 796 1872 816; x_wconf 86' lang='lat' dir='ltr'>ex</span> 
     </span>
     <span class='ocr_line' id='line_1_11' title="bbox 91 834 1873 876; baseline -0.003 -9"><span class='ocrx_word' id='word_1_138' title='bbox 91 842 328 873; x_wconf 70' lang='lat' dir='ltr'>typothetarum</span> <span class='ocrx_word' id='word_1_139' title='bbox 351 847 466 869; x_wconf 86' lang='lat' dir='ltr'>errore.</span> <span class='ocrx_word' id='word_1_140' title='bbox 491 841 597 868; x_wconf 70' lang='lat' dir='ltr'>Voces</span> <span class='ocrx_word' id='word_1_141' title='bbox 622 840 680 876; x_wconf 74' lang='lat' dir='ltr'>qm·</span> <span class='ocrx_word' id='word_1_142' title='bbox 695 838 884 875; x_wconf 70' lang='lat' dir='ltr'>pulvisculo</span> <span class='ocrx_word' id='word_1_143' title='bbox 897 838 1072 874; x_wconf 69' lang='lat' dir='ltr'>perspersi</span> <span class='ocrx_word' id='word_1_144' title='bbox 1087 836 1249 864; x_wconf 72' lang='lat' dir='ltr'>dimicant</span> <span class='ocrx_word' id='word_1_145' title='bbox 1266 837 1359 871; x_wconf 77' lang='lat' dir='ltr'>quasi</span> <span class='ocrx_word' id='word_1_146' title='bbox 1383 839 1525 872; x_wconf 75' lang='lat' dir='ltr'>glossam</span> <span class='ocrx_word' id='word_1_147' title='bbox 1549 834 1714 863; x_wconf 82' lang='lat' dir='ltr'>uncinulis</span> <span class='ocrx_word' id='word_1_148' title='bbox 1738 834 1873 862; x_wconf 80' lang='lat' dir='ltr'>inclusit</span> 
     </span>
     <span class='ocr_line' id='line_1_12' title="bbox 91 877 1872 922; baseline -0.005 -10"><span class='ocrx_word' id='word_1_149' title='bbox 91 885 283 912; x_wconf 78' lang='lat' dir='ltr'>Scriverius.</span> <span class='ocrx_word' id='word_1_150' title='bbox 325 884 490 921; x_wconf 69' lang='lat' dir='ltr'>perspexi</span> <span class='ocrx_word' id='word_1_151' title='bbox 501 892 555 919; x_wconf 86' lang='lat' dir='ltr'>pro</span> <span class='ocrx_word' id='word_1_152' title='bbox 563 884 738 920; x_wconf 71' lang='lat' dir='ltr'><strong><em>perspersi</em></strong></span> <span class='ocrx_word' id='word_1_153' title='bbox 749 886 784 913; x_wconf 80' lang='lat' dir='ltr'>G,</span> <span class='ocrx_word' id='word_1_154' title='bbox 804 886 829 913; x_wconf 79' lang='lat'>1.</span> <span class='ocrx_word' id='word_1_155' title='bbox 868 882 1092 922; x_wconf 72' lang='lat' dir='ltr'>farinulenta</span> <span class='ocrx_word' id='word_1_156' title='bbox 1105 884 1139 911; x_wconf 89' lang='lat' dir='ltr'>F.</span> <span class='ocrx_word' id='word_1_157' title='bbox 1154 884 1180 910; x_wconf 89' lang='lat'>1.</span> <span class='ocrx_word' id='word_1_158' title='bbox 1190 883 1220 911; x_wconf 80' lang='lat'>3.</span> <span class='ocrx_word' id='word_1_159' title='bbox 1235 884 1270 910; x_wconf 78' lang='lat' dir='ltr'>G.</span> <span class='ocrx_word' id='word_1_160' title='bbox 1283 883 1347 910; x_wconf 83' lang='lat'><strong>1.2.</strong></span> <span class='ocrx_word' id='word_1_161' title='bbox 1363 883 1398 909; x_wconf 90' lang='grc' dir='ltr'>Ρ.</span> <span class='ocrx_word' id='word_1_162' title='bbox 1410 883 1449 910; x_wconf 77' lang='lat' dir='ltr'>R.</span> <span class='ocrx_word' id='word_1_163' title='bbox 1465 881 1484 910; x_wconf 82' lang='lat' dir='ltr'>f.</span> <span class='ocrx_word' id='word_1_164' title='bbox 1498 883 1534 909; x_wconf 90' lang='lat' dir='ltr'>L.</span> <span class='ocrx_word' id='word_1_165' title='bbox 1549 877 1577 908; x_wconf 74' lang='lat'>15.</span> <span class='ocrx_word' id='word_1_166' title='bbox 1592 887 1621 914; x_wconf 83' lang='lat' dir='ltr'>p.</span> <span class='ocrx_word' id='word_1_167' title='bbox 1638 877 1872 917; x_wconf 80' lang='lat' dir='ltr'>farimulenla</span> 
     </span>
     <span class='ocr_line' id='line_1_13' title="bbox 91 923 1873 968; baseline -0.003 -10"><span class='ocrx_word' id='word_1_168' title='bbox 91 931 130 958; x_wconf 90' lang='lat' dir='ltr'>D.</span> <span class='ocrx_word' id='word_1_169' title='bbox 153 931 191 958; x_wconf 91' lang='lat' dir='ltr'>In</span> <span class='ocrx_word' id='word_1_170' title='bbox 203 928 509 968; x_wconf 76' lang='lat' dir='ltr'>ce11.far1&#39;mdento.</span> <span class='ocrx_word' id='word_1_171' title='bbox 557 937 678 957; x_wconf 72' lang='lat' dir='ltr'>emtore</span> <span class='ocrx_word' id='word_1_172' title='bbox 690 931 725 958; x_wconf 89' lang='lat' dir='ltr'>B.</span> <span class='ocrx_word' id='word_1_173' title='bbox 741 937 797 964; x_wconf 82' lang='lat' dir='ltr'>pro</span> <span class='ocrx_word' id='word_1_174' title='bbox 811 928 930 957; x_wconf 75' lang='lat' dir='ltr'>cinere.</span> <span class='ocrx_word' id='word_1_175' title='bbox 954 930 990 957; x_wconf 85' lang='lat' dir='ltr'>ln</span> <span class='ocrx_word' id='word_1_176' title='bbox 1003 925 1032 956; x_wconf 75' lang='grc' dir='ltr'>ὃ.</span> <span class='ocrx_word' id='word_1_177' title='bbox 1047 931 1095 957; x_wconf 79' lang='lat' dir='ltr'>est</span> <span class='ocrx_word' id='word_1_178' title='bbox 1108 927 1200 955; x_wconf 70' lang='lat' dir='ltr'>curie</span> <span class='ocrx_word' id='word_1_179' title='bbox 1213 928 1297 956; x_wconf 76' lang='lat' dir='ltr'>unde</span> <span class='ocrx_word' id='word_1_180' title='bbox 1310 927 1388 955; x_wconf 79' lang='lat' dir='ltr'><strong>Oud.</strong></span> <span class='ocrx_word' id='word_1_181' title='bbox 1407 927 1552 959; x_wconf 74' lang='lat' dir='ltr'>emendat</span> <span class='ocrx_word' id='word_1_182' title='bbox 1573 923 1681 951; x_wconf 71' lang='lat' dir='ltr'>carici</span> <span class='ocrx_word' id='word_1_183' title='bbox 1698 923 1751 960; x_wconf 62' lang='grc' dir='ltr'>(ἕ)</span> <span class='ocrx_word' id='word_1_184' title='bbox 1762 945 1769 959; x_wconf 81' lang='lat'>,</span> <span class='ocrx_word' id='word_1_185' title='bbox 1795 923 1873 956; x_wconf 80' lang='lat' dir='ltr'>quia</span> 
     </span>
     <span class='ocr_line' id='line_1_14' title="bbox 90 967 1871 1009; baseline -0.004 -6"><span class='ocrx_word' id='word_1_186' title='bbox 90 974 136 1003; x_wconf 71' lang='lat' dir='ltr'>ita</span> <span class='ocrx_word' id='word_1_187' title='bbox 158 974 346 1008; x_wconf 77' lang='lat' dir='ltr'>scripserint</span> <span class='ocrx_word' id='word_1_188' title='bbox 371 975 499 1009; x_wconf 81' lang='lat' dir='ltr'>quidam</span> <span class='ocrx_word' id='word_1_189' title='bbox 524 975 665 1009; x_wconf 75' lang='lat' dir='ltr'>librarii,</span> <span class='ocrx_word' id='word_1_190' title='bbox 691 975 891 1007; x_wconf 78' lang='lat' dir='ltr'>nescientes,</span> <span class='ocrx_word' id='word_1_191' title='bbox 917 974 1028 1000; x_wconf 72' lang='lat' dir='ltr'>cinere</span> <span class='ocrx_word' id='word_1_192' title='bbox 1053 973 1206 1002; x_wconf 80' lang='lat' dir='ltr'>feminino</span> <span class='ocrx_word' id='word_1_193' title='bbox 1231 980 1348 1006; x_wconf 83' lang='lat' dir='ltr'>genere</span> <span class='ocrx_word' id='word_1_194' title='bbox 1375 979 1469 1005; x_wconf 79' lang='lat' dir='ltr'>posse</span> <span class='ocrx_word' id='word_1_195' title='bbox 1493 970 1567 999; x_wconf 83' lang='lat' dir='ltr'><strong>dici.</strong></span> <span class='ocrx_word' id='word_1_196' title='bbox 1593 968 1672 1004; x_wconf 81' lang='lat' dir='ltr'>[Sed</span> <span class='ocrx_word' id='word_1_197' title='bbox 1698 969 1767 1003; x_wconf 80' lang='lat' dir='ltr'>ipse</span> <span class='ocrx_word' id='word_1_198' title='bbox 1791 967 1871 996; x_wconf 78' lang='lat' dir='ltr'>vidit</span> 
     </span>
    </p>
   </div>
   <div class='ocr_carea' id='block_1_4' title="bbox 91 1011 1872 1100">
    <p class='ocr_par' dir='ltr' id='par_1_4' title="bbox 91 1011 1872 1100">
     <span class='ocr_line' id='line_1_15' title="bbox 91 1011 1872 1054; baseline -0.004 -8"><span class='ocrx_word' id='word_1_199' title='bbox 91 1023 218 1053; x_wconf 74' lang='lat' dir='ltr'>propter</span> <span class='ocrx_word' id='word_1_200' title='bbox 230 1027 371 1053; x_wconf 78' lang='lat' dir='ltr'>sequens</span> <span class='ocrx_word' id='word_1_201' title='bbox 383 1019 512 1046; x_wconf 65' lang='lat' dir='ltr'>een-foe</span> <span class='ocrx_word' id='word_1_202' title='bbox 524 1019 672 1054; x_wconf 70' lang='lat' dir='ltr'>cariosa,</span> <span class='ocrx_word' id='word_1_203' title='bbox 686 1019 741 1047; x_wconf 85' lang='lat' dir='ltr'>uhi</span> <span class='ocrx_word' id='word_1_204' title='bbox 755 1020 790 1047; x_wconf 82' lang='lat' dir='ltr'>P.</span> <span class='ocrx_word' id='word_1_205' title='bbox 805 1019 881 1053; x_wconf 70' lang='lat' dir='ltr'>legit</span> <span class='ocrx_word' id='word_1_206' title='bbox 896 1018 1043 1051; x_wconf 70' lang='lat' dir='ltr'>curiosa,</span> <span class='ocrx_word' id='word_1_207' title='bbox 1059 1017 1136 1046; x_wconf 81' lang='lat' dir='ltr'>ferri</span> <span class='ocrx_word' id='word_1_208' title='bbox 1149 1025 1210 1045; x_wconf 91' lang='lat' dir='ltr'>non</span> <span class='ocrx_word' id='word_1_209' title='bbox 1225 1024 1330 1051; x_wconf 79' lang='lat' dir='ltr'>posse.</span> <span class='ocrx_word' id='word_1_210' title='bbox 1354 1017 1530 1044; x_wconf 74' lang='lat' dir='ltr'>Praeterea</span> <span class='ocrx_word' id='word_1_211' title='bbox 1542 1011 1647 1043; x_wconf 72' lang='lat' dir='ltr'><strong>cod-15.</strong></span> <span class='ocrx_word' id='word_1_212' title='bbox 1663 1018 1727 1043; x_wconf 75' lang='lat' dir='ltr'>tam</span> <span class='ocrx_word' id='word_1_213' title='bbox 1740 1013 1872 1042; x_wconf 75' lang='lat' dir='ltr'>mutila-</span> 
     </span>
     <span class='ocr_line' id='line_1_16' title="bbox 93 1057 1871 1100; baseline -0.003 -9"><span class='ocrx_word' id='word_1_214' title='bbox 93 1068 144 1092; x_wconf 78' lang='lat' dir='ltr'>lus</span> <span class='ocrx_word' id='word_1_215' title='bbox 158 1068 187 1092; x_wconf 80' lang='lat' dir='ltr'>et</span> <span class='ocrx_word' id='word_1_216' title='bbox 201 1071 221 1093; x_wconf 93' lang='lat' dir='ltr'><strong>a</strong></span> <span class='ocrx_word' id='word_1_217' title='bbox 233 1071 328 1092; x_wconf 87' lang='lat' dir='ltr'>manu</span> <span class='ocrx_word' id='word_1_218' title='bbox 343 1065 487 1093; x_wconf 71' lang='lat' dir='ltr'>secunda</span> <span class='ocrx_word' id='word_1_219' title='bbox 505 1066 556 1093; x_wconf 83' lang='lat' dir='ltr'>vel</span> <span class='ocrx_word' id='word_1_220' title='bbox 578 1065 669 1093; x_wconf 70' lang='lat' dir='ltr'>tertia</span> <span class='ocrx_word' id='word_1_221' title='bbox 683 1069 850 1098; x_wconf 74' lang='lat' dir='ltr'>corruptus</span> <span class='ocrx_word' id='word_1_222' title='bbox 864 1067 928 1100; x_wconf 73' lang='lat' dir='ltr'>est,</span> <span class='ocrx_word' id='word_1_223' title='bbox 955 1067 986 1091; x_wconf 78' lang='lat' dir='ltr'>u!</span> <span class='ocrx_word' id='word_1_224' title='bbox 1006 1063 1120 1092; x_wconf 79' lang='lat' dir='ltr'>mirum</span> <span class='ocrx_word' id='word_1_225' title='bbox 1139 1063 1181 1091; x_wconf 73' lang='lat' dir='ltr'>sil</span> <span class='ocrx_word' id='word_1_226' title='bbox 1193 1084 1200 1098; x_wconf 89' lang='lat'>‚</span> <span class='ocrx_word' id='word_1_227' title='bbox 1226 1063 1307 1096; x_wconf 78' lang='lat' dir='ltr'>quod</span> <span class='ocrx_word' id='word_1_228' title='bbox 1327 1062 1404 1091; x_wconf 76' lang='lat' dir='ltr'><strong>Outl.</strong></span> <span class='ocrx_word' id='word_1_229' title='bbox 1424 1061 1456 1089; x_wconf 90' lang='lat' dir='ltr'>in</span> <span class='ocrx_word' id='word_1_230' title='bbox 1475 1061 1572 1089; x_wconf 82' lang='lat' dir='ltr'>hujus</span> <span class='ocrx_word' id='word_1_231' title='bbox 1592 1059 1714 1088; x_wconf 68' lang='lat' dir='ltr'>codiciS</span> <span class='ocrx_word' id='word_1_232' title='bbox 1732 1057 1871 1093; x_wconf 51' lang='lat' dir='ltr'>gratiam</span> 
     </span>
    </p>
   </div>
   <div class='ocr_carea' id='block_1_5' title="bbox 92 1108 720 1145">
    <p class='ocr_par' dir='ltr' id='par_1_5' title="bbox 92 1108 720 1145">
     <span class='ocr_line' id='line_1_17' title="bbox 92 1108 720 1145; baseline 0 -8"><span class='ocrx_word' id='word_1_233' title='bbox 92 1113 155 1138; x_wconf 77' lang='lat' dir='ltr'>lam</span> <span class='ocrx_word' id='word_1_234' title='bbox 174 1110 309 1144; x_wconf 80' lang='lat' dir='ltr'>saepius</span> <span class='ocrx_word' id='word_1_235' title='bbox 329 1109 494 1145; x_wconf 83' lang='lat' dir='ltr'>ingenium</span> <span class='ocrx_word' id='word_1_236' title='bbox 507 1108 720 1145; x_wconf 65' lang='lat' dir='ltr'>exercuerit]</span> 
     </span>
    </p>
   </div>
   <div class='ocr_carea' id='block_1_6' title="bbox 85 1229 954 1785">
    <p class='ocr_par' dir='ltr' id='par_1_6' title="bbox 85 1229 954 1785">
     <span class='ocr_line' id='line_1_18' title="bbox 90 1229 954 1280; baseline -0.001 -12"><span class='ocrx_word' id='word_1_237' title='bbox 90 1234 153 1268; x_wconf 87' lang='lat' dir='ltr'>est</span> <span class='ocrx_word' id='word_1_238' title='bbox 182 1229 421 1276; x_wconf 80' lang='lat' dir='ltr'>describere,</span> <span class='ocrx_word' id='word_1_239' title='bbox 452 1243 568 1280; x_wconf 89' lang='lat' dir='ltr'>quum</span> <span class='ocrx_word' id='word_1_240' title='bbox 597 1242 660 1268; x_wconf 89' lang='lat' dir='ltr'>res</span> <span class='ocrx_word' id='word_1_241' title='bbox 689 1229 807 1267; x_wconf 86' lang='lat' dir='ltr'>hodie</span> <span class='ocrx_word' id='word_1_242' title='bbox 831 1229 954 1267; x_wconf 91' lang='lat' dir='ltr'>notior</span> 
     </span>
     <span class='ocr_line' id='line_1_19' title="bbox 89 1284 951 1336; baseline 0 -13"><span class='ocrx_word' id='word_1_243' title='bbox 89 1286 267 1324; x_wconf 84' lang='lat' dir='ltr'>omnibus</span> <span class='ocrx_word' id='word_1_244' title='bbox 291 1286 360 1331; x_wconf 74' lang='lat' dir='ltr'>sit:</span> <span class='ocrx_word' id='word_1_245' title='bbox 385 1285 432 1324; x_wconf 81' lang='lat' dir='ltr'>cf.</span> <span class='ocrx_word' id='word_1_246' title='bbox 458 1284 595 1336; x_wconf 90' lang='lat' dir='ltr'><strong>Popm.</strong></span> <span class='ocrx_word' id='word_1_247' title='bbox 622 1285 672 1324; x_wconf 91' lang='lat' dir='ltr'>de</span> <span class='ocrx_word' id='word_1_248' title='bbox 696 1284 815 1336; x_wconf 87' lang='lat' dir='ltr'><strong>Oper.</strong></span> <span class='ocrx_word' id='word_1_249' title='bbox 843 1285 951 1323; x_wconf 84' lang='lat' dir='ltr'><strong>Serv.</strong></span> 
     </span>
     <span class='ocr_line' id='line_1_20' title="bbox 89 1340 951 1392; baseline 0.001 -13"><span class='ocrx_word' id='word_1_250' title='bbox 89 1343 124 1379; x_wconf 83' lang='lat' dir='ltr'>in</span> <span class='ocrx_word' id='word_1_251' title='bbox 158 1340 242 1381; x_wconf 87' lang='lat' dir='ltr'><strong>Pol.</strong></span> <span class='ocrx_word' id='word_1_252' title='bbox 272 1342 297 1380; x_wconf 92' lang='lat' dir='ltr'>l.</span> <span class='ocrx_word' id='word_1_253' title='bbox 327 1342 364 1380; x_wconf 89' lang='lat' dir='ltr'>d.</span> <span class='ocrx_word' id='word_1_254' title='bbox 393 1355 430 1392; x_wconf 86' lang='lat' dir='ltr'>p.</span> <span class='ocrx_word' id='word_1_255' title='bbox 460 1345 564 1381; x_wconf 82' lang='lat'>1369</span> <span class='ocrx_word' id='word_1_256' title='bbox 589 1354 648 1392; x_wconf 87' lang='lat' dir='ltr'>sq.</span> <span class='ocrx_word' id='word_1_257' title='bbox 680 1340 834 1392; x_wconf 86' lang='lat' dir='ltr'><strong>Pignor.</strong></span> <span class='ocrx_word' id='word_1_258' title='bbox 866 1342 900 1379; x_wconf 89' lang='lat' dir='ltr'>d.</span> <span class='ocrx_word' id='word_1_259' title='bbox 927 1341 951 1380; x_wconf 92' lang='lat' dir='ltr'>l.</span> 
     </span>
     <span class='ocr_line' id='line_1_21' title="bbox 87 1396 950 1449; baseline -0.002 -13"><span class='ocrx_word' id='word_1_260' title='bbox 87 1412 126 1449; x_wconf 88' lang='lat' dir='ltr'>p.</span> <span class='ocrx_word' id='word_1_261' title='bbox 153 1402 271 1438; x_wconf 82' lang='lat'><strong>1144.</strong></span> <span class='ocrx_word' id='word_1_262' title='bbox 303 1397 529 1437; x_wconf 85' lang='lat' dir='ltr'>Hanneken.</span> <span class='ocrx_word' id='word_1_263' title='bbox 563 1397 612 1435; x_wconf 89' lang='lat' dir='ltr'>de</span> <span class='ocrx_word' id='word_1_264' title='bbox 643 1396 743 1436; x_wconf 80' lang='lat' dir='ltr'><strong>Cura</strong></span> <span class='ocrx_word' id='word_1_265' title='bbox 772 1397 950 1435; x_wconf 84' lang='lat' dir='ltr'>Domest.</span> 
     </span>
     <span class='ocr_line' id='line_1_22' title="bbox 85 1450 949 1502; baseline -0.002 -10"><span class='ocrx_word' id='word_1_266' title='bbox 85 1450 200 1492; x_wconf 84' lang='lat' dir='ltr'><strong>Rom.</strong></span> <span class='ocrx_word' id='word_1_267' title='bbox 233 1453 330 1492; x_wconf 88' lang='lat' dir='ltr'>diss.</span> <span class='ocrx_word' id='word_1_268' title='bbox 360 1452 407 1491; x_wconf 90' lang='grc' dir='ltr'>Π.</span> <span class='ocrx_word' id='word_1_269' title='bbox 440 1466 470 1492; x_wconf 90' lang='grc'>0.</span> <span class='ocrx_word' id='word_1_270' title='bbox 504 1457 539 1494; x_wconf 85' lang='grc'>2.</span> <span class='ocrx_word' id='word_1_271' title='bbox 577 1453 612 1491; x_wconf 92' lang='lat' dir='ltr'>in</span> <span class='ocrx_word' id='word_1_272' title='bbox 646 1453 817 1502; x_wconf 83' lang='lat' dir='ltr'>Salleng.</span> <span class='ocrx_word' id='word_1_273' title='bbox 850 1452 949 1491; x_wconf 79' lang='lat' dir='ltr'><strong>Nov.</strong></span> 
     </span>
     <span class='ocr_line' id='line_1_23' title="bbox 88 1507 949 1560; baseline 0 -13"><span class='ocrx_word' id='word_1_274' title='bbox 88 1509 207 1548; x_wconf 88' lang='lat' dir='ltr'>Thes.</span> <span class='ocrx_word' id='word_1_275' title='bbox 217 1510 375 1560; x_wconf 78' lang='lat' dir='ltr'><strong>Antiqq.</strong></span> <span class='ocrx_word' id='word_1_276' title='bbox 387 1507 430 1547; x_wconf 88' lang='lat' dir='ltr'>T.</span> <span class='ocrx_word' id='word_1_277' title='bbox 439 1509 465 1547; x_wconf 89' lang='lat'>1.</span> <span class='ocrx_word' id='word_1_278' title='bbox 477 1523 511 1560; x_wconf 91' lang='lat' dir='ltr'>p.</span> <span class='ocrx_word' id='word_1_279' title='bbox 525 1509 759 1560; x_wconf 79' lang='lat' dir='ltr'><strong>1268.Lips.</strong></span> <span class='ocrx_word' id='word_1_280' title='bbox 769 1508 894 1549; x_wconf 88' lang='lat' dir='ltr'>Elect.</span> <span class='ocrx_word' id='word_1_281' title='bbox 903 1508 949 1547; x_wconf 85' lang='grc'>11.</span> 
     </span>
     <span class='ocr_line' id='line_1_24' title="bbox 88 1564 948 1618; baseline -0.002 -14"><span class='ocrx_word' id='word_1_282' title='bbox 88 1580 119 1604; x_wconf 88' lang='grc'>0.</span> <span class='ocrx_word' id='word_1_283' title='bbox 137 1570 198 1606; x_wconf 86' lang='grc'>15.</span> <span class='ocrx_word' id='word_1_284' title='bbox 222 1580 260 1618; x_wconf 88' lang='lat' dir='ltr'>p.</span> <span class='ocrx_word' id='word_1_285' title='bbox 276 1570 368 1606; x_wconf 92' lang='grc'>805.</span> <span class='ocrx_word' id='word_1_286' title='bbox 394 1565 454 1604; x_wconf 87' lang='lat' dir='ltr'>ed.</span> <span class='ocrx_word' id='word_1_287' title='bbox 468 1565 628 1604; x_wconf 58' lang='lat' dir='ltr'>Yessal.</span> <span class='ocrx_word' id='word_1_288' title='bbox 656 1564 737 1604; x_wconf 85' lang='lat' dir='ltr'><strong>lntt.</strong></span> <span class='ocrx_word' id='word_1_289' title='bbox 752 1566 801 1603; x_wconf 84' lang='lat' dir='ltr'>ad</span> <span class='ocrx_word' id='word_1_290' title='bbox 816 1565 948 1604; x_wconf 80' lang='lat' dir='ltr'><strong>Horat.</strong></span> 
     </span>
     <span class='ocr_line' id='line_1_25' title="bbox 87 1621 949 1672; baseline -0.002 -12"><span class='ocrx_word' id='word_1_291' title='bbox 87 1621 212 1672; x_wconf 80' lang='lat' dir='ltr'><strong>Epist.</strong></span> <span class='ocrx_word' id='word_1_292' title='bbox 226 1621 253 1660; x_wconf 90' lang='lat' dir='ltr'>l.</span> <span class='ocrx_word' id='word_1_293' title='bbox 276 1626 339 1662; x_wconf 89' lang='lat'>15.</span> <span class='ocrx_word' id='word_1_294' title='bbox 360 1625 424 1662; x_wconf 90' lang='grc'>37.</span> <span class='ocrx_word' id='word_1_295' title='bbox 449 1622 499 1660; x_wconf 90' lang='lat' dir='ltr'>ad</span> <span class='ocrx_word' id='word_1_296' title='bbox 524 1621 651 1660; x_wconf 79' lang='lat' dir='ltr'>luven.</span> <span class='ocrx_word' id='word_1_297' title='bbox 677 1621 785 1660; x_wconf 88' lang='lat' dir='ltr'><strong>XIV.</strong></span> <span class='ocrx_word' id='word_1_298' title='bbox 811 1626 874 1662; x_wconf 89' lang='grc'>24.</span> <span class='ocrx_word' id='word_1_299' title='bbox 900 1621 949 1659; x_wconf 91' lang='lat' dir='ltr'>ad</span> 
     </span>
     <span class='ocr_line' id='line_1_26' title="bbox 86 1676 950 1732; baseline -0.001 -16"><span class='ocrx_word' id='word_1_300' title='bbox 86 1676 240 1717; x_wconf 85' lang='lat' dir='ltr'>Petron.</span> <span class='ocrx_word' id='word_1_301' title='bbox 269 1682 360 1719; x_wconf 89' lang='grc'>103.</span> <span class='ocrx_word' id='word_1_302' title='bbox 390 1691 426 1729; x_wconf 88' lang='lat' dir='ltr'><strong>p.</strong></span> <span class='ocrx_word' id='word_1_303' title='bbox 446 1681 544 1719; x_wconf 80' lang='grc'>623.</span> <span class='ocrx_word' id='word_1_304' title='bbox 591 1678 721 1716; x_wconf 83' lang='lat' dir='ltr'><strong>Burm.</strong></span> <span class='ocrx_word' id='word_1_305' title='bbox 752 1678 950 1732; x_wconf 64' lang='lat' dir='ltr'>Insmipti</span> 
     </span>
     <span class='ocr_line' id='line_1_27' title="bbox 88 1733 947 1785; baseline -0.001 -13"><span class='ocrx_word' id='word_1_306' title='bbox 88 1738 126 1772; x_wconf 88' lang='lat' dir='ltr'>et</span> <span class='ocrx_word' id='word_1_307' title='bbox 149 1735 295 1785; x_wconf 80' lang='lat' dir='ltr'>scripti</span> <span class='ocrx_word' id='word_1_308' title='bbox 317 1733 418 1778; x_wconf 80' lang='lat' dir='ltr'>tales</span> <span class='ocrx_word' id='word_1_309' title='bbox 443 1736 546 1773; x_wconf 80' lang='lat' dir='ltr'>servi</span> <span class='ocrx_word' id='word_1_310' title='bbox 569 1735 862 1774; x_wconf 78' lang='lat' dir='ltr'>nominabantur</span> <span class='ocrx_word' id='word_1_311' title='bbox 898 1733 947 1771; x_wconf 84' lang='lat' dir='ltr'><strong>cs.</strong></span> 
     </span>
    </p>
   </div>
   <div class='ocr_carea' id='block_1_7' title="bbox 87 1789 947 1842">
    <p class='ocr_par' dir='ltr' id='par_1_7' title="bbox 87 1789 947 1842">
     <span class='ocr_line' id='line_1_28' title="bbox 87 1789 947 1842; baseline 0 -14"><span class='ocrx_word' id='word_1_312' title='bbox 87 1790 207 1828; x_wconf 73' lang='lat' dir='ltr'><strong>Salui.</strong></span> <span class='ocrx_word' id='word_1_313' title='bbox 228 1790 278 1828; x_wconf 87' lang='lat' dir='ltr'>ad</span> <span class='ocrx_word' id='word_1_314' title='bbox 295 1790 425 1842; x_wconf 77' lang='lat' dir='ltr'><strong>Spart.</strong></span> <span class='ocrx_word' id='word_1_315' title='bbox 439 1790 556 1830; x_wconf 81' lang='lat' dir='ltr'><strong>Hadr.</strong></span> <span class='ocrx_word' id='word_1_316' title='bbox 578 1804 610 1830; x_wconf 91' lang='lat' dir='ltr'>c.</span> <span class='ocrx_word' id='word_1_317' title='bbox 623 1794 660 1830; x_wconf 87' lang='lat'>8.</span> <span class='ocrx_word' id='word_1_318' title='bbox 682 1789 767 1842; x_wconf 43' lang='lat' dir='ltr'><strong>Tssl.</strong></span> <span class='ocrx_word' id='word_1_319' title='bbox 783 1804 820 1842; x_wconf 91' lang='lat' dir='ltr'><strong>p.</strong></span> <span class='ocrx_word' id='word_1_320' title='bbox 842 1789 947 1842; x_wconf 60' lang='lat'>173]</span> 
     </span>
    </p>
   </div>
   <div class='ocr_carea' id='block_1_8' title="bbox 86 1867 949 2089">
    <p class='ocr_par' dir='ltr' id='par_1_8' title="bbox 86 1867 949 2089">
     <span class='ocr_line' id='line_1_29' title="bbox 140 1867 948 1920; baseline -0.001 -13"><span class='ocrx_word' id='word_1_321' title='bbox 140 1870 329 1908; x_wconf 72' lang='lat' dir='ltr'>semirasi.</span> <span class='ocrx_word' id='word_1_322' title='bbox 389 1868 456 1920; x_wconf 78' lang='lat' dir='ltr'><strong>[cs.</strong></span> <span class='ocrx_word' id='word_1_323' title='bbox 482 1868 592 1920; x_wconf 87' lang='lat' dir='ltr'><strong>Lips.</strong></span> <span class='ocrx_word' id='word_1_324' title='bbox 618 1867 740 1906; x_wconf 83' lang='lat' dir='ltr'>Elect.</span> <span class='ocrx_word' id='word_1_325' title='bbox 767 1867 811 1906; x_wconf 88' lang='lat' dir='ltr'>Il.</span> <span class='ocrx_word' id='word_1_326' title='bbox 837 1882 869 1906; x_wconf 85' lang='lat' dir='ltr'>c.</span> <span class='ocrx_word' id='word_1_327' title='bbox 888 1873 948 1908; x_wconf 82' lang='lat'>15.</span> 
     </span>
     <span class='ocr_line' id='line_1_30' title="bbox 86 1923 948 1977; baseline 0 -15"><span class='ocrx_word' id='word_1_328' title='bbox 86 1939 122 1977; x_wconf 81' lang='lat' dir='ltr'>p.</span> <span class='ocrx_word' id='word_1_329' title='bbox 139 1928 230 1965; x_wconf 83' lang='lat'><strong>806.</strong></span> <span class='ocrx_word' id='word_1_330' title='bbox 258 1924 361 1963; x_wconf 65' lang='lat' dir='ltr'><strong>Scal.</strong></span> <span class='ocrx_word' id='word_1_331' title='bbox 375 1925 427 1963; x_wconf 85' lang='lat' dir='ltr'>ad</span> <span class='ocrx_word' id='word_1_332' title='bbox 443 1923 578 1964; x_wconf 85' lang='lat' dir='ltr'><strong>Catull.</strong></span> <span class='ocrx_word' id='word_1_333' title='bbox 595 1923 700 1964; x_wconf 67' lang='lat' dir='ltr'><strong>LVI.</strong></span> <span class='ocrx_word' id='word_1_334' title='bbox 719 1928 754 1963; x_wconf 86' lang='lat'>5.</span> <span class='ocrx_word' id='word_1_335' title='bbox 782 1923 948 1962; x_wconf 85' lang='lat' dir='ltr'>Turneb.</span> 
     </span>
     <span class='ocr_line' id='line_1_31' title="bbox 86 1979 949 2032; baseline -0.001 -14"><span class='ocrx_word' id='word_1_336' title='bbox 86 1981 252 2019; x_wconf 84' lang='lat' dir='ltr'>Advers.</span> <span class='ocrx_word' id='word_1_337' title='bbox 265 1979 357 2019; x_wconf 92' lang='lat' dir='ltr'>XX.</span> <span class='ocrx_word' id='word_1_338' title='bbox 373 1985 409 2021; x_wconf 80' lang='lat'>9.</span> <span class='ocrx_word' id='word_1_339' title='bbox 424 1985 516 2022; x_wconf 91' lang='grc'>865.</span> <span class='ocrx_word' id='word_1_340' title='bbox 533 1981 699 2019; x_wconf 78' lang='lat' dir='ltr'>Servitia</span> <span class='ocrx_word' id='word_1_341' title='bbox 713 1981 824 2025; x_wconf 85' lang='lat' dir='ltr'>enim,</span> <span class='ocrx_word' id='word_1_342' title='bbox 846 1993 949 2032; x_wconf 84' lang='lat' dir='ltr'>quae</span> 
     </span>
     <span class='ocr_line' id='line_1_32' title="bbox 87 2036 948 2089; baseline 0 -15"><span class='ocrx_word' id='word_1_343' title='bbox 87 2038 121 2074; x_wconf 90' lang='lat' dir='ltr'>in</span> <span class='ocrx_word' id='word_1_344' title='bbox 136 2037 306 2088; x_wconf 75' lang='lat' dir='ltr'>pistrinis</span> <span class='ocrx_word' id='word_1_345' title='bbox 316 2041 360 2075; x_wconf 87' lang='lat' dir='ltr'>et</span> <span class='ocrx_word' id='word_1_346' title='bbox 373 2036 579 2088; x_wconf 79' lang='lat' dir='ltr'>ergastulis</span> <span class='ocrx_word' id='word_1_347' title='bbox 588 2068 598 2082; x_wconf 83' lang='lat'>,</span> <span class='ocrx_word' id='word_1_348' title='bbox 611 2038 799 2075; x_wconf 59' lang='lat' dir='ltr'>semin-asa</span> <span class='ocrx_word' id='word_1_349' title='bbox 811 2036 948 2089; x_wconf 60' lang='lat' dir='ltr'>erant]</span> 
     </span>
    </p>
   </div>
   <div class='ocr_carea' id='block_1_9' title="bbox 87 2113 953 2503">
    <p class='ocr_par' dir='ltr' id='par_1_9' title="bbox 87 2113 953 2503">
     <span class='ocr_line' id='line_1_33' title="bbox 144 2113 948 2167; baseline 0 -14"><span class='ocrx_word' id='word_1_350' title='bbox 144 2114 340 2154; x_wconf 81' lang='lat' dir='ltr'>annulati.</span> <span class='ocrx_word' id='word_1_351' title='bbox 383 2115 454 2167; x_wconf 86' lang='lat' dir='ltr'><strong>[cf.</strong></span> <span class='ocrx_word' id='word_1_352' title='bbox 481 2114 590 2165; x_wconf 85' lang='lat' dir='ltr'><strong>Lips.</strong></span> <span class='ocrx_word' id='word_1_353' title='bbox 619 2114 741 2154; x_wconf 88' lang='lat' dir='ltr'>Elect.</span> <span class='ocrx_word' id='word_1_354' title='bbox 766 2113 811 2153; x_wconf 89' lang='grc' dir='ltr'>Π.</span> <span class='ocrx_word' id='word_1_355' title='bbox 838 2119 948 2155; x_wconf 91' lang='grc'>0.15.</span> 
     </span>
     <span class='ocr_line' id='line_1_34' title="bbox 88 2170 951 2222; baseline 0 -14"><span class='ocrx_word' id='word_1_356' title='bbox 88 2184 124 2221; x_wconf 81' lang='lat' dir='ltr'>p.</span> <span class='ocrx_word' id='word_1_357' title='bbox 134 2174 228 2211; x_wconf 86' lang='lat'><strong>803.</strong></span> <span class='ocrx_word' id='word_1_358' title='bbox 249 2170 615 2222; x_wconf 56' lang='lat' dir='ltr'>SponmiseAErud.</span> <span class='ocrx_word' id='word_1_359' title='bbox 628 2171 757 2222; x_wconf 78' lang='lat' dir='ltr'><strong>Antiq.</strong></span> <span class='ocrx_word' id='word_1_360' title='bbox 769 2171 872 2209; x_wconf 82' lang='lat' dir='ltr'>Sect.</span> <span class='ocrx_word' id='word_1_361' title='bbox 883 2170 951 2209; x_wconf 86' lang='lat' dir='ltr'>IX.</span> 
     </span>
     <span class='ocr_line' id='line_1_35' title="bbox 89 2226 951 2278; baseline 0 -14"><span class='ocrx_word' id='word_1_362' title='bbox 89 2229 262 2265; x_wconf 76' lang='lat' dir='ltr'>Statuae.</span> <span class='ocrx_word' id='word_1_363' title='bbox 282 2227 317 2264; x_wconf 88' lang='lat' dir='ltr'>in</span> <span class='ocrx_word' id='word_1_364' title='bbox 337 2226 474 2269; x_wconf 89' lang='lat' dir='ltr'>Polen.</span> <span class='ocrx_word' id='word_1_365' title='bbox 499 2227 637 2278; x_wconf 84' lang='lat' dir='ltr'><strong>Suppl.</strong></span> <span class='ocrx_word' id='word_1_366' title='bbox 659 2226 779 2265; x_wconf 86' lang='lat' dir='ltr'>Thes.</span> <span class='ocrx_word' id='word_1_367' title='bbox 794 2228 951 2278; x_wconf 77' lang='lat' dir='ltr'><strong>Antiqq.</strong></span> 
     </span>
     <span class='ocr_line' id='line_1_36' title="bbox 88 2282 953 2334; baseline 0.001 -14"><span class='ocrx_word' id='word_1_368' title='bbox 88 2282 214 2321; x_wconf 76' lang='lat' dir='ltr'><strong>&#39;1‘.1V.</strong></span> <span class='ocrx_word' id='word_1_369' title='bbox 230 2297 266 2334; x_wconf 90' lang='lat' dir='ltr'>p.</span> <span class='ocrx_word' id='word_1_370' title='bbox 284 2287 421 2329; x_wconf 60' lang='lat'><strong>1274..</strong></span> <span class='ocrx_word' id='word_1_371' title='bbox 448 2283 510 2334; x_wconf 86' lang='lat' dir='ltr'>qui</span> <span class='ocrx_word' id='word_1_372' title='bbox 530 2283 630 2322; x_wconf 86' lang='lat' dir='ltr'>hunc</span> <span class='ocrx_word' id='word_1_373' title='bbox 648 2283 773 2322; x_wconf 85' lang='lat' dir='ltr'>locum</span> <span class='ocrx_word' id='word_1_374' title='bbox 794 2285 953 2327; x_wconf 80' lang='lat' dir='ltr'>excitat;</span> 
     </span>
     <span class='ocr_line' id='line_1_37' title="bbox 87 2338 952 2390; baseline 0 -14"><span class='ocrx_word' id='word_1_375' title='bbox 87 2338 258 2378; x_wconf 80' lang='lat' dir='ltr'><strong>Kirchm.</strong></span> <span class='ocrx_word' id='word_1_376' title='bbox 283 2339 332 2377; x_wconf 90' lang='lat' dir='ltr'>de</span> <span class='ocrx_word' id='word_1_377' title='bbox 356 2339 497 2378; x_wconf 89' lang='lat' dir='ltr'>Annul.</span> <span class='ocrx_word' id='word_1_378' title='bbox 523 2353 560 2390; x_wconf 88' lang='lat' dir='ltr'>p.</span> <span class='ocrx_word' id='word_1_379' title='bbox 587 2343 623 2379; x_wconf 88' lang='lat'>3.</span> <span class='ocrx_word' id='word_1_380' title='bbox 650 2339 790 2378; x_wconf 84' lang='lat' dir='ltr'>Totum</span> <span class='ocrx_word' id='word_1_381' title='bbox 817 2340 952 2384; x_wconf 86' lang='lat' dir='ltr'>locum,</span> 
     </span>
     <span class='ocr_line' id='line_1_38' title="bbox 87 2396 953 2446; baseline 0.002 -14"><span class='ocrx_word' id='word_1_382' title='bbox 87 2399 129 2433; x_wconf 87' lang='lat' dir='ltr'>ut</span> <span class='ocrx_word' id='word_1_383' title='bbox 153 2408 353 2433; x_wconf 86' lang='lat' dir='ltr'>servorum</span> <span class='ocrx_word' id='word_1_384' title='bbox 371 2396 669 2446; x_wconf 73' lang='lat' dir='ltr'>pistrinarioruni</span> <span class='ocrx_word' id='word_1_385' title='bbox 691 2396 953 2434; x_wconf 84' lang='lat' dir='ltr'>condicionem</span> 
     </span>
     <span class='ocr_line' id='line_1_39' title="bbox 89 2450 953 2503; baseline 0.001 -15"><span class='ocrx_word' id='word_1_386' title='bbox 89 2456 318 2502; x_wconf 81' lang='lat' dir='ltr'>exponeret,</span> <span class='ocrx_word' id='word_1_387' title='bbox 344 2451 550 2503; x_wconf 75' lang='lat' dir='ltr'>descripsit</span> <span class='ocrx_word' id='word_1_388' title='bbox 572 2450 730 2502; x_wconf 84' lang='lat' dir='ltr'><strong>Pignor.</strong></span> <span class='ocrx_word' id='word_1_389' title='bbox 750 2452 800 2489; x_wconf 91' lang='lat' dir='ltr'>de</span> <span class='ocrx_word' id='word_1_390' title='bbox 820 2452 953 2490; x_wconf 76' lang='lat' dir='ltr'>Servis</span> 
     </span>
    </p>
   </div>
   <div class='ocr_carea' id='block_1_10' title="bbox 87 2506 785 2560">
    <p class='ocr_par' dir='ltr' id='par_1_10' title="bbox 87 2506 785 2560">
     <span class='ocr_line' id='line_1_40' title="bbox 87 2506 785 2560; baseline 0.003 -16"><span class='ocrx_word' id='word_1_391' title='bbox 87 2508 123 2546; x_wconf 89' lang='lat' dir='ltr'>in</span> <span class='ocrx_word' id='word_1_392' title='bbox 148 2506 286 2545; x_wconf 91' lang='lat' dir='ltr'>Polen.</span> <span class='ocrx_word' id='word_1_393' title='bbox 315 2507 338 2546; x_wconf 93' lang='lat' dir='ltr'>l.</span> <span class='ocrx_word' id='word_1_394' title='bbox 363 2522 394 2546; x_wconf 91' lang='grc'>0.</span> <span class='ocrx_word' id='word_1_395' title='bbox 421 2507 467 2546; x_wconf 90' lang='lat' dir='ltr'>T.</span> <span class='ocrx_word' id='word_1_396' title='bbox 494 2507 559 2546; x_wconf 88' lang='grc'>111.</span> <span class='ocrx_word' id='word_1_397' title='bbox 584 2522 618 2559; x_wconf 84' lang='lat' dir='ltr'>p.</span> <span class='ocrx_word' id='word_1_398' title='bbox 650 2508 785 2560; x_wconf 63' lang='lat'><strong>1142]</strong></span> 
     </span>
    </p>
   </div>
   <div class='ocr_carea' id='block_1_11' title="bbox 86 2586 955 2975">
    <p class='ocr_par' dir='ltr' id='par_1_11' title="bbox 86 2586 955 2975">
     <span class='ocr_line' id='line_1_41' title="bbox 142 2586 953 2639; baseline 0.001 -14"><span class='ocrx_word' id='word_1_399' title='bbox 142 2587 313 2636; x_wconf 77' lang='lat' dir='ltr'>fumosis</span> <span class='ocrx_word' id='word_1_400' title='bbox 326 2586 498 2625; x_wconf 78' lang='lat' dir='ltr'>tenebris</span> <span class='ocrx_word' id='word_1_401' title='bbox 511 2600 736 2638; x_wconf 73' lang='lat' dir='ltr'>vaporosae</span> <span class='ocrx_word' id='word_1_402' title='bbox 749 2586 953 2639; x_wconf 66' lang='lat' dir='ltr'>caligyinis.</span> 
     </span>
     <span class='ocr_line' id='line_1_42' title="bbox 88 2642 953 2694; baseline 0.001 -14"><span class='ocrx_word' id='word_1_403' title='bbox 88 2642 226 2694; x_wconf 86' lang='lat' dir='ltr'>[Miror</span> <span class='ocrx_word' id='word_1_404' title='bbox 249 2643 497 2693; x_wconf 81' lang='lat' dir='ltr'>interpreteS‚</span> <span class='ocrx_word' id='word_1_405' title='bbox 528 2643 630 2693; x_wconf 88' lang='lat' dir='ltr'>quod</span> <span class='ocrx_word' id='word_1_406' title='bbox 657 2644 692 2683; x_wconf 79' lang='lat' dir='ltr'>&#39;m</span> <span class='ocrx_word' id='word_1_407' title='bbox 717 2642 791 2682; x_wconf 91' lang='lat' dir='ltr'>hac</span> <span class='ocrx_word' id='word_1_408' title='bbox 814 2643 953 2682; x_wconf 72' lang='lat' dir='ltr'>verbo-</span> 
     </span>
     <span class='ocr_line' id='line_1_43' title="bbox 86 2697 954 2749; baseline 0.001 -12"><span class='ocrx_word' id='word_1_409' title='bbox 86 2711 169 2738; x_wconf 78' lang='lat' dir='ltr'>rum</span> <span class='ocrx_word' id='word_1_410' title='bbox 206 2698 449 2749; x_wconf 81' lang='lat' dir='ltr'>copulatione</span> <span class='ocrx_word' id='word_1_411' title='bbox 480 2713 558 2738; x_wconf 75' lang='lat' dir='ltr'>‚non</span> <span class='ocrx_word' id='word_1_412' title='bbox 596 2697 841 2744; x_wconf 75' lang='lat' dir='ltr'>offenderint,</span> <span class='ocrx_word' id='word_1_413' title='bbox 873 2712 954 2749; x_wconf 78' lang='lat' dir='ltr'>qua</span> 
     </span>
     <span class='ocr_line' id='line_1_44' title="bbox 87 2753 952 2797; baseline 0 -5"><span class='ocrx_word' id='word_1_414' title='bbox 87 2753 359 2793; x_wconf 81' lang='lat' dir='ltr'>abundantiam</span> <span class='ocrx_word' id='word_1_415' title='bbox 378 2754 560 2793; x_wconf 86' lang='lat' dir='ltr'>Afrorum</span> <span class='ocrx_word' id='word_1_416' title='bbox 585 2756 700 2795; x_wconf 75' lang='lat' dir='ltr'>toties</span> <span class='ocrx_word' id='word_1_417' title='bbox 726 2755 774 2796; x_wconf 86' lang='lat' dir='ltr'>ab</span> <span class='ocrx_word' id='word_1_418' title='bbox 793 2755 841 2794; x_wconf 78' lang='lat' dir='ltr'>iis</span> <span class='ocrx_word' id='word_1_419' title='bbox 859 2755 952 2797; x_wconf 65' lang='lat' dir='ltr'>vitu-</span> 
     </span>
     <span class='ocr_line' id='line_1_45' title="bbox 88 2810 954 2864; baseline 0.003 -16"><span class='ocrx_word' id='word_1_420' title='bbox 88 2813 263 2862; x_wconf 83' lang='lat' dir='ltr'>peratam</span> <span class='ocrx_word' id='word_1_421' title='bbox 275 2810 520 2851; x_wconf 80' lang='lat' dir='ltr'><strong>illustrarent.</strong></span> <span class='ocrx_word' id='word_1_422' title='bbox 547 2812 751 2851; x_wconf 72' lang='lat' dir='ltr'>Tenebrae</span> <span class='ocrx_word' id='word_1_423' title='bbox 758 2814 803 2849; x_wconf 76' lang='lat' dir='ltr'>et</span> <span class='ocrx_word' id='word_1_424' title='bbox 813 2811 954 2864; x_wconf 59' lang='lat' dir='ltr'>caligo</span> 
     </span>
     <span class='ocr_line' id='line_1_46' title="bbox 88 2867 955 2919; baseline 0.002 -16"><span class='ocrx_word' id='word_1_425' title='bbox 88 2867 251 2916; x_wconf 85' lang='lat' dir='ltr'>saepius</span> <span class='ocrx_word' id='word_1_426' title='bbox 281 2868 458 2918; x_wconf 84' lang='lat' dir='ltr'>coniungi</span> <span class='ocrx_word' id='word_1_427' title='bbox 489 2867 671 2919; x_wconf 80' lang='lat' dir='ltr'>exempla</span> <span class='ocrx_word' id='word_1_428' title='bbox 706 2867 897 2913; x_wconf 72' lang='lat' dir='ltr'>indicant,</span> <span class='ocrx_word' id='word_1_429' title='bbox 931 2881 955 2910; x_wconf 76' lang='lat' dir='ltr'><strong>a</strong></span> 
     </span>
     <span class='ocr_line' id='line_1_47' title="bbox 88 2921 954 2975; baseline -0.002 -12"><span class='ocrx_word' id='word_1_430' title='bbox 88 2921 276 2963; x_wconf 75' lang='lat' dir='ltr'>Doederl.</span> <span class='ocrx_word' id='word_1_431' title='bbox 301 2923 341 2962; x_wconf 80' lang='lat' dir='ltr'>in</span> <span class='ocrx_word' id='word_1_432' title='bbox 373 2924 587 2975; x_wconf 85' lang='lat' dir='ltr'>Synonym.</span> <span class='ocrx_word' id='word_1_433' title='bbox 621 2923 665 2963; x_wconf 91' lang='lat' dir='ltr'>T.</span> <span class='ocrx_word' id='word_1_434' title='bbox 697 2922 760 2962; x_wconf 88' lang='lat' dir='ltr'><strong>Ill.</strong></span> <span class='ocrx_word' id='word_1_435' title='bbox 789 2937 828 2974; x_wconf 84' lang='lat' dir='ltr'>p.</span> <span class='ocrx_word' id='word_1_436' title='bbox 862 2927 954 2965; x_wconf 64' lang='lat'><strong>166.</strong></span> 
     </span>
    </p>
   </div>
   <div class='ocr_carea' id='block_1_12' title="bbox 89 2977 956 3032">
    <p class='ocr_par' dir='ltr' id='par_1_12' title="bbox 89 2977 956 3032">
     <span class='ocr_line' id='line_1_48' title="bbox 89 2977 956 3032; baseline 0.005 -17"><span class='ocrx_word' id='word_1_437' title='bbox 89 2977 239 3029; x_wconf 84' lang='lat' dir='ltr'>prolata</span> <span class='ocrx_word' id='word_1_438' title='bbox 261 2983 301 3018; x_wconf 87' lang='lat' dir='ltr'>et</span> <span class='ocrx_word' id='word_1_439' title='bbox 323 2980 482 3032; x_wconf 88' lang='lat' dir='ltr'>Apuleii</span> <span class='ocrx_word' id='word_1_440' title='bbox 507 2979 605 3018; x_wconf 76' lang='lat' dir='ltr'>alter</span> <span class='ocrx_word' id='word_1_441' title='bbox 628 2979 738 3018; x_wconf 82' lang='lat' dir='ltr'>locus</span> <span class='ocrx_word' id='word_1_442' title='bbox 763 2979 857 3019; x_wconf 78' lang='lat' dir='ltr'>Met.</span> <span class='ocrx_word' id='word_1_443' title='bbox 885 2977 956 3021; x_wconf 79' lang='lat' dir='ltr'><strong>l&#39;X.</strong></span> 
     </span>
    </p>
   </div>
   <div class='ocr_carea' id='block_1_13' title="bbox 1006 1224 1874 2067">
    <p class='ocr_par' dir='ltr' id='par_1_13' title="bbox 1006 1224 1874 2067">
     <span class='ocr_line' id='line_1_49' title="bbox 1010 1224 1869 1279; baseline -0.007 -12"><span class='ocrx_word' id='word_1_444' title='bbox 1010 1242 1046 1279; x_wconf 88' lang='lat' dir='ltr'>p.</span> <span class='ocrx_word' id='word_1_445' title='bbox 1078 1232 1171 1270; x_wconf 82' lang='lat'><strong>655.</strong></span> <span class='ocrx_word' id='word_1_446' title='bbox 1206 1228 1415 1267; x_wconf 78' lang='lat' dir='ltr'>tenebris</span> <span class='ocrx_word' id='word_1_447' title='bbox 1445 1227 1598 1266; x_wconf 81' lang='lat' dir='ltr'>illmzae</span> <span class='ocrx_word' id='word_1_448' title='bbox 1623 1224 1869 1277; x_wconf 69' lang='lat' dir='ltr'>caliyinis.</span> 
     </span>
     <span class='ocr_line' id='line_1_50' title="bbox 1018 1281 1870 1336; baseline -0.004 -13"><span class='ocrx_word' id='word_1_449' title='bbox 1018 1285 1227 1336; x_wconf 80' lang='lat' dir='ltr'>Vaporosa</span> <span class='ocrx_word' id='word_1_450' title='bbox 1261 1285 1400 1336; x_wconf 74' lang='lat' dir='ltr'>ealiyo</span> <span class='ocrx_word' id='word_1_451' title='bbox 1430 1283 1547 1321; x_wconf 87' lang='lat' dir='ltr'>debet</span> <span class='ocrx_word' id='word_1_452' title='bbox 1577 1281 1776 1332; x_wconf 84' lang='lat' dir='ltr'>explicari:</span> <span class='ocrx_word' id='word_1_453' title='bbox 1804 1283 1870 1332; x_wconf 78' lang='lat' dir='ltr'>fu-</span> 
     </span>
     <span class='ocr_line' id='line_1_51' title="bbox 1008 1337 1871 1391; baseline -0.007 -12"><span class='ocrx_word' id='word_1_454' title='bbox 1008 1355 1140 1379; x_wconf 81' lang='lat' dir='ltr'>mosae</span> <span class='ocrx_word' id='word_1_455' title='bbox 1164 1341 1360 1385; x_wconf 78' lang='lat' dir='ltr'>tenebrae,</span> <span class='ocrx_word' id='word_1_456' title='bbox 1387 1352 1486 1391; x_wconf 89' lang='lat' dir='ltr'>quae</span> <span class='ocrx_word' id='word_1_457' title='bbox 1505 1351 1672 1390; x_wconf 81' lang='lat' dir='ltr'>vapores</span> <span class='ocrx_word' id='word_1_458' title='bbox 1697 1337 1871 1374; x_wconf 83' lang='lat' dir='ltr'>emittunt</span> 
     </span>
     <span class='ocr_line' id='line_1_52' title="bbox 1007 1392 1870 1444; baseline -0.007 -9"><span class='ocrx_word' id='word_1_459' title='bbox 1007 1396 1249 1435; x_wconf 83' lang='lat' dir='ltr'>multitudine</span> <span class='ocrx_word' id='word_1_460' title='bbox 1278 1408 1474 1433; x_wconf 76' lang='lat' dir='ltr'>servornm</span> <span class='ocrx_word' id='word_1_461' title='bbox 1506 1396 1541 1432; x_wconf 91' lang='lat' dir='ltr'>in</span> <span class='ocrx_word' id='word_1_462' title='bbox 1573 1392 1781 1444; x_wconf 80' lang='lat' dir='ltr'>ergastulis</span> <span class='ocrx_word' id='word_1_463' title='bbox 1807 1406 1870 1430; x_wconf 85' lang='lat' dir='ltr'>na-</span> 
     </span>
     <span class='ocr_line' id='line_1_53' title="bbox 1008 1449 1871 1500; baseline -0.006 -10"><span class='ocrx_word' id='word_1_464' title='bbox 1008 1457 1164 1490; x_wconf 84' lang='lat' dir='ltr'>scentes</span> <span class='ocrx_word' id='word_1_465' title='bbox 1207 1452 1459 1490; x_wconf 77' lang='lat' dir='ltr'>subobscuris</span> <span class='ocrx_word' id='word_1_466' title='bbox 1502 1455 1541 1488; x_wconf 85' lang='lat' dir='ltr'>et</span> <span class='ocrx_word' id='word_1_467' title='bbox 1575 1451 1625 1489; x_wconf 91' lang='lat' dir='ltr'>ita</span> <span class='ocrx_word' id='word_1_468' title='bbox 1661 1449 1871 1500; x_wconf 78' lang='lat' dir='ltr'>palpebras</span> 
     </span>
     <span class='ocr_line' id='line_1_54' title="bbox 1008 1502 1872 1552; baseline -0.003 -7"><span class='ocrx_word' id='word_1_469' title='bbox 1008 1521 1137 1547; x_wconf 85' lang='lat' dir='ltr'>eorum</span> <span class='ocrx_word' id='word_1_470' title='bbox 1153 1508 1378 1552; x_wconf 84' lang='lat' dir='ltr'>ambedunt,</span> <span class='ocrx_word' id='word_1_471' title='bbox 1402 1507 1502 1545; x_wconf 82' lang='lat' dir='ltr'>unde</span> <span class='ocrx_word' id='word_1_472' title='bbox 1524 1507 1638 1543; x_wconf 83' lang='lat' dir='ltr'>etiam</span> <span class='ocrx_word' id='word_1_473' title='bbox 1655 1505 1755 1543; x_wconf 84' lang='lat' dir='ltr'>servi</span> <span class='ocrx_word' id='word_1_474' title='bbox 1769 1502 1872 1546; x_wconf 79' lang='lat' dir='ltr'>male</span> 
     </span>
     <span class='ocr_line' id='line_1_55' title="bbox 1008 1561 1873 1614; baseline -0.009 -10"><span class='ocrx_word' id='word_1_475' title='bbox 1008 1564 1194 1604; x_wconf 74' lang='lat' dir='ltr'>luminati</span> <span class='ocrx_word' id='word_1_476' title='bbox 1206 1565 1455 1609; x_wconf 69' lang='lat' dir='ltr'>nominantur,</span> <span class='ocrx_word' id='word_1_477' title='bbox 1476 1563 1619 1614; x_wconf 86' lang='lat' dir='ltr'>qnippe</span> <span class='ocrx_word' id='word_1_478' title='bbox 1634 1562 1695 1611; x_wconf 85' lang='lat' dir='ltr'>qui</span> <span class='ocrx_word' id='word_1_479' title='bbox 1709 1561 1873 1598; x_wconf 78' lang='lat' dir='ltr'>hebetes</span> 
     </span>
     <span class='ocr_line' id='line_1_56' title="bbox 1007 1618 1874 1669; baseline -0.006 -11"><span class='ocrx_word' id='word_1_480' title='bbox 1007 1625 1143 1659; x_wconf 84' lang='lat' dir='ltr'>oculos</span> <span class='ocrx_word' id='word_1_481' title='bbox 1175 1621 1342 1658; x_wconf 76' lang='lat' dir='ltr'>habeant</span> <span class='ocrx_word' id='word_1_482' title='bbox 1373 1620 1573 1669; x_wconf 78' lang='lat' dir='ltr'>aciemque</span> <span class='ocrx_word' id='word_1_483' title='bbox 1598 1618 1693 1656; x_wconf 79' lang='lat' dir='ltr'>solis</span> <span class='ocrx_word' id='word_1_484' title='bbox 1718 1620 1874 1668; x_wconf 81' lang='lat' dir='ltr'>propter</span> 
     </span>
     <span class='ocr_line' id='line_1_57' title="bbox 1009 1674 1872 1727; baseline -0.007 -12"><span class='ocrx_word' id='word_1_485' title='bbox 1009 1678 1178 1715; x_wconf 85' lang='lat' dir='ltr'>locorum</span> <span class='ocrx_word' id='word_1_486' title='bbox 1205 1677 1239 1714; x_wconf 90' lang='lat' dir='ltr'>in</span> <span class='ocrx_word' id='word_1_487' title='bbox 1267 1677 1405 1727; x_wconf 88' lang='lat' dir='ltr'>quibus</span> <span class='ocrx_word' id='word_1_488' title='bbox 1431 1675 1602 1719; x_wconf 83' lang='lat' dir='ltr'>habitant</span> <span class='ocrx_word' id='word_1_489' title='bbox 1623 1674 1872 1712; x_wconf 74' lang='lat' dir='ltr'>tenebrosam</span> 
     </span>
     <span class='ocr_line' id='line_1_58' title="bbox 1007 1730 1874 1782; baseline -0.007 -10"><span class='ocrx_word' id='word_1_490' title='bbox 1007 1734 1278 1772; x_wconf 75' lang='lat' dir='ltr'>obscuritatem</span> <span class='ocrx_word' id='word_1_491' title='bbox 1293 1733 1456 1770; x_wconf 79' lang='lat' dir='ltr'>tolerare</span> <span class='ocrx_word' id='word_1_492' title='bbox 1472 1735 1674 1782; x_wconf 77' lang='lat' dir='ltr'>nequeant.</span> <span class='ocrx_word' id='word_1_493' title='bbox 1699 1730 1733 1768; x_wconf 86' lang='lat' dir='ltr'><em>F</em></span> <span class='ocrx_word' id='word_1_494' title='bbox 1730 1730 1874 1769; x_wconf 74' lang='lat' dir='ltr'>umosa&#39;s</span> 
     </span>
     <span class='ocr_line' id='line_1_59' title="bbox 1008 1786 1872 1838; baseline -0.006 -10"><span class='ocrx_word' id='word_1_495' title='bbox 1008 1791 1043 1828; x_wconf 89' lang='lat' dir='ltr'>in</span> <span class='ocrx_word' id='word_1_496' title='bbox 1065 1788 1257 1828; x_wconf 85' lang='lat' dir='ltr'>nonnullis</span> <span class='ocrx_word' id='word_1_497' title='bbox 1280 1788 1392 1827; x_wconf 86' lang='lat' dir='ltr'><strong>codd.</strong></span> <span class='ocrx_word' id='word_1_498' title='bbox 1413 1788 1514 1828; x_wconf 83' lang='lat' dir='ltr'>male</span> <span class='ocrx_word' id='word_1_499' title='bbox 1534 1787 1626 1827; x_wconf 83' lang='lat' dir='ltr'>abiit</span> <span class='ocrx_word' id='word_1_500' title='bbox 1640 1787 1679 1824; x_wconf 84' lang='lat' dir='ltr'>-in</span> <span class='ocrx_word' id='word_1_501' title='bbox 1691 1786 1872 1838; x_wconf 77' lang='lat' dir='ltr'>famosis,</span> 
     </span>
     <span class='ocr_line' id='line_1_60' title="bbox 1007 1841 1873 1896; baseline -0.008 -12"><span class='ocrx_word' id='word_1_502' title='bbox 1007 1851 1049 1884; x_wconf 87' lang='lat' dir='ltr'>ut</span> <span class='ocrx_word' id='word_1_503' title='bbox 1078 1845 1180 1896; x_wconf 85' lang='lat' dir='ltr'>apud</span> <span class='ocrx_word' id='word_1_504' title='bbox 1211 1844 1380 1883; x_wconf 77' lang='lat' dir='ltr'>luvenal.</span> <span class='ocrx_word' id='word_1_505' title='bbox 1412 1844 1494 1883; x_wconf 78' lang='lat' dir='ltr'><strong>Sat.</strong></span> <span class='ocrx_word' id='word_1_506' title='bbox 1515 1843 1616 1881; x_wconf 70' lang='lat' dir='ltr'><strong>Vlll.</strong></span> <span class='ocrx_word' id='word_1_507' title='bbox 1644 1847 1678 1882; x_wconf 93' lang='lat'>7.</span> <span class='ocrx_word' id='word_1_508' title='bbox 1706 1845 1741 1882; x_wconf 92' lang='grc'>8.</span> <span class='ocrx_word' id='word_1_509' title='bbox 1778 1841 1873 1880; x_wconf 83' lang='lat' dir='ltr'><strong>Cor-</strong></span> 
     </span>
     <span class='ocr_line' id='line_1_61' title="bbox 1006 1896 1874 1952; baseline -0.007 -12"><span class='ocrx_word' id='word_1_510' title='bbox 1006 1903 1140 1945; x_wconf 69' lang='lat' dir='ltr'>vinum</span> <span class='ocrx_word' id='word_1_511' title='bbox 1172 1901 1350 1952; x_wconf 78' lang='lat' dir='ltr'>posthae</span> <span class='ocrx_word' id='word_1_512' title='bbox 1385 1899 1510 1939; x_wconf 78' lang='lat' dir='ltr'>multa</span> <span class='ocrx_word' id='word_1_513' title='bbox 1546 1899 1751 1938; x_wconf 78' lang='lat' dir='ltr'>deducere</span> <span class='ocrx_word' id='word_1_514' title='bbox 1798 1896 1874 1945; x_wconf 85' lang='lat' dir='ltr'>(ita</span> 
     </span>
     <span class='ocr_line' id='line_1_62' title="bbox 1007 1954 1874 2008; baseline -0.006 -13"><span class='ocrx_word' id='word_1_515' title='bbox 1007 1959 1106 1996; x_wconf 84' lang='lat' dir='ltr'>enim</span> <span class='ocrx_word' id='word_1_516' title='bbox 1145 1956 1350 2007; x_wconf 86' lang='lat' dir='ltr'>legendum</span> <span class='ocrx_word' id='word_1_517' title='bbox 1394 1957 1480 2006; x_wconf 84' lang='lat' dir='ltr'>est)</span> <span class='ocrx_word' id='word_1_518' title='bbox 1528 1956 1647 2008; x_wconf 46' lang='lat' dir='ltr'>vir-qa</span> <span class='ocrx_word' id='word_1_519' title='bbox 1686 1954 1874 1993; x_wconf 78' lang='lat' dir='ltr'>anosos</span> 
     </span>
     <span class='ocr_line' id='line_1_63' title="bbox 1007 2008 1818 2067; baseline -0.007 -14"><span class='ocrx_word' id='word_1_520' title='bbox 1007 2015 1201 2067; x_wconf 78' lang='lat' dir='ltr'>Equitum</span> <span class='ocrx_word' id='word_1_521' title='bbox 1226 2026 1315 2053; x_wconf 86' lang='lat' dir='ltr'>eum</span> <span class='ocrx_word' id='word_1_522' title='bbox 1339 2013 1542 2052; x_wconf 78' lang='lat' dir='ltr'>dictatore</span> <span class='ocrx_word' id='word_1_523' title='bbox 1565 2008 1818 2063; x_wconf 67' lang='lat' dir='ltr'>mayistros.]</span> 
     </span>
    </p>
   </div>
   <div class='ocr_carea' id='block_1_14' title="bbox 1009 2099 1874 2379">
    <p class='ocr_par' dir='ltr' id='par_1_14' title="bbox 1009 2099 1874 2379">
     <span class='ocr_line' id='line_1_64' title="bbox 1064 2099 1873 2154; baseline -0.006 -13"><span class='ocrx_word' id='word_1_524' title='bbox 1064 2104 1107 2142; x_wconf 71' lang='lat' dir='ltr'>in</span> <span class='ocrx_word' id='word_1_525' title='bbox 1122 2103 1283 2142; x_wconf 81' lang='lat' dir='ltr'>modum</span> <span class='ocrx_word' id='word_1_526' title='bbox 1290 2102 1482 2154; x_wconf 68' lang='lat' dir='ltr'>puyilum</span> <span class='ocrx_word' id='word_1_527' title='bbox 1496 2105 1567 2139; x_wconf 78' lang='lat' dir='ltr'>etc.</span> <span class='ocrx_word' id='word_1_528' title='bbox 1605 2100 1669 2139; x_wconf 87' lang='lat' dir='ltr'>De</span> <span class='ocrx_word' id='word_1_529' title='bbox 1680 2099 1757 2138; x_wconf 88' lang='lat' dir='ltr'>hoc</span> <span class='ocrx_word' id='word_1_530' title='bbox 1767 2112 1873 2137; x_wconf 89' lang='lat' dir='ltr'>more</span> 
     </span>
     <span class='ocr_line' id='line_1_65' title="bbox 1009 2156 1874 2202; baseline -0.007 -4"><span class='ocrx_word' id='word_1_531' title='bbox 1009 2160 1192 2198; x_wconf 71' lang='lat' dir='ltr'>Ambros</span> <span class='ocrx_word' id='word_1_532' title='bbox 1224 2159 1273 2197; x_wconf 87' lang='lat' dir='ltr'>de</span> <span class='ocrx_word' id='word_1_533' title='bbox 1302 2157 1415 2197; x_wconf 85' lang='lat' dir='ltr'><strong>offic.</strong></span> <span class='ocrx_word' id='word_1_534' title='bbox 1447 2157 1474 2196; x_wconf 91' lang='lat' dir='ltr'>l.</span> <span class='ocrx_word' id='word_1_535' title='bbox 1506 2157 1574 2195; x_wconf 87' lang='lat' dir='ltr'><strong>sol.</strong></span> <span class='ocrx_word' id='word_1_536' title='bbox 1601 2161 1643 2197; x_wconf 89' lang='lat'>8:</span> <span class='ocrx_word' id='word_1_537' title='bbox 1672 2156 1874 2202; x_wconf 78' lang='lat' dir='ltr'>Quoniam</span> 
     </span>
     <span class='ocr_line' id='line_1_66' title="bbox 1013 2213 1873 2269; baseline -0.007 -15"><span class='ocrx_word' id='word_1_538' title='bbox 1013 2217 1083 2269; x_wconf 79' lang='lat' dir='ltr'>qui</span> <span class='ocrx_word' id='word_1_539' title='bbox 1119 2229 1200 2254; x_wconf 81' lang='lat' dir='ltr'>non</span> <span class='ocrx_word' id='word_1_540' title='bbox 1235 2215 1548 2266; x_wconf 76' lang='lat' dir='ltr'>subscripserint</span> <span class='ocrx_word' id='word_1_541' title='bbox 1579 2213 1638 2252; x_wconf 80' lang='lat' dir='ltr'>ad</span> <span class='ocrx_word' id='word_1_542' title='bbox 1669 2225 1873 2255; x_wconf 77' lang='lat' dir='ltr'>eoronam,</span> 
     </span>
     <span class='ocr_line' id='line_1_67' title="bbox 1011 2268 1872 2312; baseline -0.008 -1"><span class='ocrx_word' id='word_1_543' title='bbox 1011 2285 1092 2311; x_wconf 82' lang='lat' dir='ltr'>non</span> <span class='ocrx_word' id='word_1_544' title='bbox 1122 2276 1306 2311; x_wconf 80' lang='lat' dir='ltr'>tenentur</span> <span class='ocrx_word' id='word_1_545' title='bbox 1341 2271 1397 2310; x_wconf 73' lang='lat' dir='ltr'>acl</span> <span class='ocrx_word' id='word_1_546' title='bbox 1428 2270 1603 2309; x_wconf 80' lang='lat' dir='ltr'>laborem</span> <span class='ocrx_word' id='word_1_547' title='bbox 1634 2268 1872 2312; x_wconf 79' lang='lat' dir='ltr'>certaminis,</span> 
     </span>
     <span class='ocr_line' id='line_1_68' title="bbox 1010 2325 1874 2379; baseline -0.006 -12"><span class='ocrx_word' id='word_1_548' title='bbox 1010 2342 1094 2367; x_wconf 83' lang='lat' dir='ltr'>non</span> <span class='ocrx_word' id='word_1_549' title='bbox 1118 2341 1158 2366; x_wconf 79' lang='lat' dir='ltr'>se</span> <span class='ocrx_word' id='word_1_550' title='bbox 1177 2327 1439 2379; x_wconf 76' lang='lat' dir='ltr'>perfundunt</span> <span class='ocrx_word' id='word_1_551' title='bbox 1462 2327 1561 2371; x_wconf 82' lang='lat' dir='ltr'>oleo,</span> <span class='ocrx_word' id='word_1_552' title='bbox 1587 2339 1669 2364; x_wconf 76' lang='lat' dir='ltr'>non</span> <span class='ocrx_word' id='word_1_553' title='bbox 1690 2325 1874 2364; x_wconf 74' lang='lat' dir='ltr'>oblt‘mmt</span> 
     </span>
    </p>
   </div>
   <div class='ocr_carea' id='block_1_15' title="bbox 1006 2383 1874 2547">
    <p class='ocr_par' dir='ltr' id='par_1_15' title="bbox 1006 2383 1874 2547">
     <span class='ocr_line' id='line_1_69' title="bbox 1006 2383 1874 2437; baseline -0.006 -14"><span class='ocrx_word' id='word_1_554' title='bbox 1006 2385 1186 2437; x_wconf 72' lang='lat' dir='ltr'>pulvere,</span> <span class='ocrx_word' id='word_1_555' title='bbox 1213 2397 1312 2436; x_wconf 82' lang='lat' dir='ltr'>qnos</span> <span class='ocrx_word' id='word_1_556' title='bbox 1335 2388 1467 2428; x_wconf 70' lang='lat' dir='ltr'>manet</span> <span class='ocrx_word' id='word_1_557' title='bbox 1483 2383 1636 2435; x_wconf 74' lang='grc' dir='ltr'><em>9ῖονία,</em></span> <span class='ocrx_word' id='word_1_558' title='bbox 1661 2384 1874 2432; x_wconf 68' lang='lat' dir='ltr'>exspectat</span> 
     </span>
     <span class='ocr_line' id='line_1_70' title="bbox 1011 2436 1871 2479; baseline -0.007 0"><span class='ocrx_word' id='word_1_559' title='bbox 1011 2441 1172 2479; x_wconf 68' lang='lat' dir='ltr'><strong>iniuria.</strong></span> <span class='ocrx_word' id='word_1_560' title='bbox 1205 2439 1366 2478; x_wconf 86' lang='lat' dir='ltr'>Tertull.</span> <span class='ocrx_word' id='word_1_561' title='bbox 1382 2439 1432 2478; x_wconf 89' lang='lat' dir='ltr'>de</span> <span class='ocrx_word' id='word_1_562' title='bbox 1444 2438 1545 2477; x_wconf 83' lang='lat' dir='ltr'><strong>Pan.</strong></span> <span class='ocrx_word' id='word_1_563' title='bbox 1560 2451 1592 2476; x_wconf 87' lang='grc'>0.</span> <span class='ocrx_word' id='word_1_564' title='bbox 1609 2442 1646 2477; x_wconf 87' lang='grc'>4.</span> <span class='ocrx_word' id='word_1_565' title='bbox 1667 2437 1717 2475; x_wconf 83' lang='lat' dir='ltr'>de</span> <span class='ocrx_word' id='word_1_566' title='bbox 1739 2436 1871 2474; x_wconf 86' lang='lat' dir='ltr'>Coron.</span> 
     </span>
     <span class='ocr_line' id='line_1_71' title="bbox 1009 2494 1872 2547; baseline -0.003 -13"><span class='ocrx_word' id='word_1_567' title='bbox 1009 2496 1094 2534; x_wconf 88' lang='lat' dir='ltr'><strong>Mil.</strong></span> <span class='ocrx_word' id='word_1_568' title='bbox 1131 2510 1162 2535; x_wconf 80' lang='lat' dir='ltr'>c.</span> <span class='ocrx_word' id='word_1_569' title='bbox 1199 2500 1236 2536; x_wconf 85' lang='lat'>3.</span> <span class='ocrx_word' id='word_1_570' title='bbox 1286 2495 1392 2547; x_wconf 81' lang='lat' dir='ltr'>[lntt.</span> <span class='ocrx_word' id='word_1_571' title='bbox 1429 2495 1478 2533; x_wconf 88' lang='lat' dir='ltr'>ad</span> <span class='ocrx_word' id='word_1_572' title='bbox 1516 2494 1670 2532; x_wconf 83' lang='lat' dir='ltr'>Petron.</span> <span class='ocrx_word' id='word_1_573' title='bbox 1709 2507 1739 2532; x_wconf 91' lang='lat' dir='ltr'>c.</span> <span class='ocrx_word' id='word_1_574' title='bbox 1780 2495 1872 2532; x_wconf 83' lang='grc'>126.</span> 
     </span>
    </p>
   </div>
   <div class='ocr_carea' id='block_1_16' title="bbox 1008 2551 1345 2604">
    <p class='ocr_par' dir='ltr' id='par_1_16' title="bbox 1008 2551 1345 2604">
     <span class='ocr_line' id='line_1_72' title="bbox 1008 2551 1345 2604; baseline 0 -14"><span class='ocrx_word' id='word_1_575' title='bbox 1008 2565 1047 2604; x_wconf 92' lang='lat' dir='ltr'>p.</span> <span class='ocrx_word' id='word_1_576' title='bbox 1074 2557 1165 2593; x_wconf 86' lang='grc'>776.</span> <span class='ocrx_word' id='word_1_577' title='bbox 1191 2551 1345 2604; x_wconf 90' lang='lat' dir='ltr'><strong>Burm.]</strong></span> 
     </span>
    </p>
   </div>
   <div class='ocr_carea' id='block_1_17' title="bbox 1005 2639 1875 3029">
    <p class='ocr_par' dir='ltr' id='par_1_17' title="bbox 1005 2639 1875 3029">
     <span class='ocr_line' id='line_1_73' title="bbox 1064 2639 1873 2694; baseline -0.01 -10"><span class='ocrx_word' id='word_1_578' title='bbox 1064 2642 1322 2694; x_wconf 70' lang='lat' dir='ltr'>farinulenta</span> <span class='ocrx_word' id='word_1_579' title='bbox 1352 2643 1498 2680; x_wconf 80' lang='lat' dir='ltr'>cinere.</span> <span class='ocrx_word' id='word_1_580' title='bbox 1545 2641 1739 2691; x_wconf 86' lang='lat' dir='ltr'>Antiquos</span> <span class='ocrx_word' id='word_1_581' title='bbox 1770 2639 1873 2678; x_wconf 79' lang='lat' dir='ltr'>cinis</span> 
     </span>
     <span class='ocr_line' id='line_1_74' title="bbox 1006 2694 1875 2750; baseline -0.003 -14"><span class='ocrx_word' id='word_1_582' title='bbox 1006 2699 1047 2740; x_wconf 81' lang='lat' dir='ltr'>in</span> <span class='ocrx_word' id='word_1_583' title='bbox 1057 2698 1240 2739; x_wconf 76' lang='lat' dir='ltr'>,feminino</span> <span class='ocrx_word' id='word_1_584' title='bbox 1253 2711 1396 2750; x_wconf 88' lang='lat' dir='ltr'>genere</span> <span class='ocrx_word' id='word_1_585' title='bbox 1407 2710 1635 2749; x_wconf 81' lang='lat' dir='ltr'>usurpasse,</span> <span class='ocrx_word' id='word_1_586' title='bbox 1661 2697 1735 2738; x_wconf 74' lang='lat' dir='ltr'>iam</span> <span class='ocrx_word' id='word_1_587' title='bbox 1748 2694 1875 2737; x_wconf 80' lang='lat' dir='ltr'>lexica</span> 
     </span>
     <span class='ocr_line' id='line_1_75' title="bbox 1005 2752 1873 2806; baseline -0.009 -10"><span class='ocrx_word' id='word_1_588' title='bbox 1005 2755 1152 2796; x_wconf 77' lang='lat' dir='ltr'>docent</span> <span class='ocrx_word' id='word_1_589' title='bbox 1187 2768 1365 2806; x_wconf 87' lang='lat' dir='ltr'>quaeque</span> <span class='ocrx_word' id='word_1_590' title='bbox 1406 2754 1565 2806; x_wconf 87' lang='lat' dir='ltr'>exponit</span> <span class='ocrx_word' id='word_1_591' title='bbox 1600 2753 1720 2791; x_wconf 73' lang='lat' dir='ltr'>Voss.</span> <span class='ocrx_word' id='word_1_592' title='bbox 1755 2752 1873 2790; x_wconf 84' lang='lat' dir='ltr'><strong>Arist.</strong></span> 
     </span>
     <span class='ocr_line' id='line_1_76' title="bbox 1012 2807 1875 2861; baseline -0.008 -10"><span class='ocrx_word' id='word_1_593' title='bbox 1012 2811 1057 2851; x_wconf 85' lang='grc' dir='ltr'>Τ.</span> <span class='ocrx_word' id='word_1_594' title='bbox 1070 2810 1100 2850; x_wconf 78' lang='grc'>1.</span> <span class='ocrx_word' id='word_1_595' title='bbox 1114 2824 1152 2861; x_wconf 88' lang='lat' dir='ltr'>p.</span> <span class='ocrx_word' id='word_1_596' title='bbox 1166 2814 1258 2853; x_wconf 87' lang='lat'><strong>375.</strong></span> <span class='ocrx_word' id='word_1_597' title='bbox 1279 2809 1482 2850; x_wconf 81' lang='lat' dir='ltr'>Foertsch.</span> <span class='ocrx_word' id='word_1_598' title='bbox 1498 2809 1644 2859; x_wconf 86' lang='lat' dir='ltr'><strong>Scalig.</strong></span> <span class='ocrx_word' id='word_1_599' title='bbox 1663 2808 1712 2847; x_wconf 90' lang='lat' dir='ltr'>ad</span> <span class='ocrx_word' id='word_1_600' title='bbox 1724 2807 1875 2846; x_wconf 85' lang='lat' dir='ltr'>Auson.</span> 
     </span>
     <span class='ocr_line' id='line_1_77' title="bbox 1009 2865 1874 2914; baseline -0.005 -9"><span class='ocrx_word' id='word_1_601' title='bbox 1009 2866 1167 2910; x_wconf 67' lang='lat' dir='ltr'>Parent.</span> <span class='ocrx_word' id='word_1_602' title='bbox 1193 2871 1258 2908; x_wconf 83' lang='lat'>27.</span> <span class='ocrx_word' id='word_1_603' title='bbox 1281 2866 1393 2907; x_wconf 78' lang='lat' dir='ltr'><strong>Maff.</strong></span> <span class='ocrx_word' id='word_1_604' title='bbox 1417 2867 1456 2906; x_wconf 76' lang='lat' dir='ltr'>in</span> <span class='ocrx_word' id='word_1_605' title='bbox 1481 2865 1587 2910; x_wconf 84' lang='lat' dir='ltr'><strong>Mus.</strong></span> <span class='ocrx_word' id='word_1_606' title='bbox 1611 2865 1702 2902; x_wconf 79' lang='lat' dir='ltr'><strong>Ver.</strong></span> <span class='ocrx_word' id='word_1_607' title='bbox 1728 2877 1765 2914; x_wconf 90' lang='lat' dir='ltr'>p.</span> <span class='ocrx_word' id='word_1_608' title='bbox 1783 2867 1874 2904; x_wconf 90' lang='grc'>171.</span> 
     </span>
     <span class='ocr_line' id='line_1_78' title="bbox 1013 2918 1875 2974; baseline -0.008 -10"><span class='ocrx_word' id='word_1_609' title='bbox 1013 2923 1227 2965; x_wconf 62' lang='lat' dir='ltr'>cinis-lde</span> <span class='ocrx_word' id='word_1_610' title='bbox 1251 2923 1496 2974; x_wconf 76' lang='lat' dir='ltr'>adoperta</span> <span class='ocrx_word' id='word_1_611' title='bbox 1517 2922 1695 2974; x_wconf 76' lang='lat' dir='ltr'>quiescit.</span> <span class='ocrx_word' id='word_1_612' title='bbox 1722 2918 1875 2972; x_wconf 86' lang='lat' dir='ltr'><strong>[Barth.</strong></span> 
     </span>
     <span class='ocr_line' id='line_1_79' title="bbox 1012 2976 1710 3029; baseline -0.003 -12"><span class='ocrx_word' id='word_1_613' title='bbox 1012 2979 1178 3022; x_wconf 73' lang='lat' dir='ltr'>Advers.</span> <span class='ocrx_word' id='word_1_614' title='bbox 1202 2977 1393 3023; x_wconf 75' lang='lat' dir='ltr'><strong>xxxvl.</strong></span> <span class='ocrx_word' id='word_1_615' title='bbox 1414 2981 1483 3020; x_wconf 66' lang='lat'>43.</span> <span class='ocrx_word' id='word_1_616' title='bbox 1507 2990 1547 3029; x_wconf 85' lang='lat' dir='ltr'>p.</span> <span class='ocrx_word' id='word_1_617' title='bbox 1574 2976 1710 3029; x_wconf 66' lang='lat'><strong>1653]</strong></span> 
     </span>
    </p>
   </div>
  </div>
 </body>
</html>
