2221 3667
238 294 301 327 «333

326 122 409 164 804
592 123 641 163 L.
670 122 888 162 APULEll
918 120 1321 162 MADAURENSIS
1350 121 1891 165 METAMORPHOSEON

326 247 467 275 versus
494 234 660 284 attrahi,
688 234 829 275 tacitos
855 248 986 275 secum
1012 235 1184 289 mugitus
1209 235 1380 286 iterans,
1407 236 1582 290 rapidum
1608 237 1739 290 dirigit
1765 251 1959 291 gressum,
1989 241 2118 275 certus

328 290 522 329 solearum
560 290 705 330 indicio
743 291 953 345 vestigium
990 292 1158 332 adulteri
1196 305 1309 345 posse
1345 291 1623 347 selperfacile
1654 294 1845 347 indipisci.
1920 291 1996 333 Sed
2029 303 2119 330 ecce

328 359 396 400 per
422 346 587 398 plateam
614 347 703 386 dum
729 346 932 389 Barbarus
959 348 1069 388 vultu
1096 348 1251 402 turgido
1278 347 1555 402 subductisque
1573 350 1790 404 superciliis
1809 349 1954 389 incedit
1977 348 2118 396 iratus,

327 436 467 465 attrahi
477 440 511 466 F.
527 440 556 467 3.
572 442 607 468 G.
623 442 653 469 2.
668 442 705 470 P.
719 442 756 470 D.
772 451 804 476 φ.
819 439 848 470 δ’.
863 450 892 476 1¹-
908 441 929 470 f.
946 442 1028 471 Coll.
1042 443 1137 470 Voss.
1151 444 1233 472 lunt.
1248 444 1278 472 2.
1304 440 1446 469 aetram
1458 444 1493 471 G.
1505 445 1533 471 1.
1559 442 1719 471 abso-ahs
1729 446 1763 472 0.
1778 452 1813 472 π.
1840 446 1875 471 In
1890 446 1961 470 ceu.
1975 439 2121 468 detrahi.

327 483 482 511 intel-ans
496 485 609 513 Vener.
625 487 656 514 2.
682 487 744 514 Sed
760 495 849 515 error
863 490 909 515 est
925 494 1105 520 operarum.
1148 494 1250 523 posse
1258 495 1321 523 per
1334 495 1368 515 se
1383 489 1418 516 G.
1434 490 1463 516 2.
1478 489 1515 515 l).
1562 487 1724 525 2‘11dep1’sc2'
1742 492 1776 517 G.
1794 491 1821 517 l.
1868 486 1964 515 rultn
1989 484 2122 523 turgida

327 530 363 557 F.
384 530 413 557 3.
435 531 471 557 G.
495 530 523 556 1.
544 532 573 558 2.
593 531 626 557 Ο.
647 532 684 559 D.
708 533 741 560 P.
772 531 888 565 [etiam
913 531 945 559 in
959 532 1123 566 excerptis
1137 534 1177 560 ad
1196 540 1297 567 marg.
1319 534 1366 561 ed.
1387 531 1493 568 Colv.)
1519 529 1547 562 ὃ.
1568 541 1597 567 p.
1618 534 1638 562 f.
1659 535 1769 563 U'ow.
1790 535 1873 562 Elm.
1893 532 1979 560 Pric.
2004 531 2124 559 Florid.

327 572 422 601 rultn
439 573 570 601 lurln'da
584 577 618 603 B.
634 580 662 603 et
677 577 817 604 Scriver.
833 576 1003 609 magisque
1017 577 1163 610 probavit
1179 578 1336 605 Pricaeus
1362 577 1402 606 cf.
1417 578 1547 612 sciopp.
1567 580 1663 612 susp.
1683 580 1721 608 Π.
1746 580 1796 607 14.
1828 575 1981 613 turgidus
1994 577 2030 605 F.
2046 577 2074 604 1.
2088 576 2126 603 B.

329 620 397 647 cdd.
419 622 493 647 vett.
514 623 588 647 ante
607 622 752 650 u'ower.
802 621 917 648 iratus
938 624 1027 649 abest
1049 624 1089 650 ab
1108 622 1189 649 Edu.
1204 624 1286 650 lunt.
1304 624 1332 651 1.
1347 625 1376 651 2.
1403 623 1543 656 Aulique
1564 624 1601 651 de
1615 623 1791 661 industria,
1819 626 1850 651 ut
1865 622 2016 657 opinatur
2029 621 2126 657 Oud.,

327 671 386 691 nec
399 665 499 702 male⁷
526 666 609 698 qnod
624 674 640 694 e
654 667 767 697 glossa
783 670 893 695 natam
907 673 1018 694 vocem
1034 667 1228 700 putaverint.

328 752 451 789 posse
475 740 726 779 abscondere
749 742 882 780 soleas
904 743 1048 793 fartim
1074 743 1144 780 i.e.
1166 746 1206 780 ut
1262 744 1483 795 perquiras
1508 747 1547 781 et
1566 743 1627 781 Ill.
1651 749 1691 783 1:
1718 744 1881 782 mullum
1906 742 2130 781 voluntates

329 796 452 833 ¹<inum
491 796 668 834 et'ticiant.
744 798 899 836 Furtim
937 811 1027 836 vero
1070 799 1205 836 soleas

328 852 573 890 abscondidit
611 853 775 903 Scorpio
814 855 840 902 i.
879 867 915 892 e.
959 854 1057 893 clam
1095 855 1203 905 Myr-

328 921 459 949 mece,
509 921 645 953 uxore,
689 910 913 960 ceterisque
956 910 1202 958 domesticis,

330 968 372 1001 ut
408 964 470 1001 isti
507 978 555 1002 ne
592 965 783 1015 suspicari
829 966 985 1016 quidem
1023 971 1201 1017 possent,

330 1020 695 1072 unde-adulterium
729 1027 957 1072 cognosset.
1016 1022 1074 1060 lta
1104 1024 1204 1061 enim

330 1076 515 1126 impedire
559 1077 703 1122 voluit,
750 1079 957 1128 quominus
993 1079 1131 1117 mulier
1167 1083 1206 1118 et

330 1146 468 1169 servus
506 1133 602 1170 inter
633 1146 679 1170 se
717 1134 979 1174 deliberarent
1015 1135 1065 1173 de
1102 1149 1205 1174 men-

330 1188 439 1226 dacio
495 1202 541 1227 ac
593 1189 906 1239 paciscerentur,
967 1206 1042 1243 qno
1096 1194 1205 1230 mari-

329 1249 409 1282 tum
439 1245 682 1295 deciperent.
739 1246 829 1285 Hoc
865 1261 916 1286 ex
951 1262 1064 1299 seqq.
1103 1249 1205 1286 bene

329 1300 568 1352 intelligitur.
623 1301 809 1352 Myrmex
840 1305 940 1342 enim
973 1318 1205 1356 quamquam

329 1357 472 1403 nescit,
511 1371 575 1396 cur
613 1359 766 1397 vinctus
800 1360 930 1407 fuerit,
969 1374 1095 1398 noxae
1131 1376 1205 1399 non

330 1413 569 1464 prehensus,
603 1416 845 1454 conscientia
876 1421 1005 1454 tamen
1031 1419 1207 1468 pessima

330 1473 502 1507 vexatur.
549 1469 660 1509 Haec
698 1486 846 1511 caussa
883 1477 964 1519 est,
1002 1487 1067 1511 cur
1096 1475 1206 1512 unice

332 1525 582 1563 defendenda
614 1527 728 1565 lectio
763 1529 816 1566 sit
846 1534 1019 1574 lantum,
1045 1543 1146 1580 quae
1172 1531 1207 1568 iu

334 1581 438 1620 Bert.
472 1583 507 1619 in
540 1587 671 1622 Ianicu
703 1589 886 1636 corrupta
918 1590 992 1625 est.
1055 1587 1208 1626 bhv-tim

332 1639 564 1677 vocabulum
585 1644 648 1677 est
670 1641 719 1678 ab
735 1641 907 1691 Apuleio
929 1644 1089 1693 saepius
1104 1656 1210 1680 usur·

331 1699 473 1745 patum.
501 1695 547 1733 cf.
575 1695 700 1735 Hand.
718 1695 889 1736 Tui-sell.
906 1698 950 1736 Τ.
976 1698 1019 1736 ΙΙ.
1046 1712 1081 1749 p.
1099 1699 1208 1750 75⁴2]

386 1753 524 1801 sorum
563 1766 708 1792 corsus.
770 1753 1040 1805 [Quamquam
1078 1755 1211 1806 optimi

332 1808 475 1858 quique
507 1808 617 1846 codd.
648 1812 794 1859 forum
826 1824 939 1849 ‘rev-w
964 1812 1120 1849 attrahi
1144 1811 1208 1849 ha-

333 1865 441 1909 bent,
467 1867 594 1901 tamen
624 1879 742 1916 quum
768 1868 957 1904 rationem
990 1867 1133 1905 nullam
1161 1869 1212 1905 vi-

332 1920 463 1965 deam,
502 1933 579 1969 qua
616 1921 775 1960 defendi
814 1924 890 1961 ista
927 1922 1040 1961 lectio
1073 1926 1211 1974 possit,

331 1990 381 2014 ex
417 1976 528 2014 codd.
574 1976 692 2028 longe
730 1979 935 2017 deterioris
975 1984 1088 2018 notae
1125 1994 1211 2018 cum

331 2033 433 2072 Oud.
469 2034 598 2085 recepi
638 2036 870 2086 scripturam
898 2037 1039 2086 forum
1065 2051 1210 2083 versus,

332 2091 366 2127 in
383 2103 430 2127 eo
444 2093 588 2127 tantum
605 2105 629 2130 a
644 2091 725 2129 viro
740 2092 856 2130 docto
872 2093 1080 2139 recedens,
1108 2093 1212 2144 quod

330 2160 379 2184 ex
417 2160 616 2185 consensu
658 2148 838 2187 librorum
871 2150 1025 2188 attrahi
1063 2151 1210 2189 retinui.

336 2204 483 2243 Forum
519 2217 656 2243 versus
704 2206 900 2255 quomodo
939 2206 1211 2258 explicandum

330 2261 381 2297 sit
404 2263 530 2310 patet,
555 2261 823 2312 mendumque
840 2261 942 2301 Mss.
963 2265 1016 2302 ita
1036 2264 1212 2316 expedio,

330 2320 368 2354 ut
383 2317 486 2368 prius
506 2319 613 2355 ‘cers’
627 2318 802 2365 attrahi,
830 2323 909 2357 tum
932 2334 1043 2359 versa
1059 2320 1215 2359 attrahi

331 2377 370 2411 et
395 2374 484 2424 quia
508 2373 547 2411 id
572 2373 622 2411 ad
648 2375 852 2428 lllyrmice
875 2377 1068 2426 pertinere
1101 2377 1212 2415 libra-

331 2430 397 2467 riis
414 2434 722 2482 consentaneum
738 2444 833 2469 esse
849 2433 972 2470 visum
994 2437 1073 2479 est,
1099 2448 1211 2472 ‘verso

331 2487 515 2537 scriptum
554 2486 679 2526 suerit.
731 2487 828 2527 Utnt
864 2503 927 2527 res
959 2493 1037 2535 est,
1072 2493 1212 2542 forum

332 2557 466 2581 versus
502 2543 755 2582 solummodo
799 2547 993 2596 probatur.
1067 2546 1210 2584 Brantii

332 2613 423 2637 vero
450 2601 672 2639 coniectura
695 2602 928 2652 forinsecus
952 2616 1026 2640 non
1054 2607 1211 2654 propter

332 2658 563 2695 sententiam
600 2658 764 2696 refutari
802 2662 933 2709 potest
969 2673 1055 2697 cum
1089 2658 1211 2706 Oud.,

330 2712 404 2750 sed
431 2714 520 2763 quia
544 2713 661 2763 plane
693 2714 835 2753 inutilis
861 2719 932 2754 est.
982 2714 1083 2754 Oud.
1110 2717 1211 2754 enim

331 2783 378 2805 eo
410 2770 561 2807 nomine
587 2770 827 2822 forinsecus
859 2773 1068 2824 vituperat,
1106 2774 1211 2824 quod

331 2825 529 2863 Barbarus
554 2840 716 2864 servum
741 2827 839 2865 trahi
866 2829 1022 2867 iusserit
1048 2843 1128 2868 mm
1145 2833 1210 2882 f⁰·

330 2895 416 2928 ras,
453 2883 524 2920 sed
555 2884 597 2921 in
624 2886 788 2935 forum,
825 2885 889 2923 ubi
927 2885 1121 2923 hominum
1158 2887 1210 2924 sit

332 2938 557 2989 frequentia,
582 2943 622 2977 ut
646 2940 732 2978 illic
756 2940 953 2979 solearum
981 2942 1120 2979 indicio
1147 2956 1212 2980 ve-

331 2995 443 3045 stigia
460 2995 621 3034 adulteri
636 3009 661 3046 p
673 2998 772 3034 ossit
785 2997 972 3048 indipisci.
1004 2999 1058 3036 At
1073 2999 1208 3038 Sidon.

333 3051 464 3100 Apoll.
491 3051 616 3102 Epist.
639 3051 670 3090 l..
699 3057 740 3093 2:
765 3055 800 3091 εἰ
825 3056 1023 3094 actionem
1051 3056 1208 3095 dintur-

330 3120 440 3151 wzm.
468 3122 574 3163 quac
598 3112 656 3154 esc
681 3111 970 3164 forinsecus
1001 3114 1204 3166 mysos-ila,

1265 805 1423 838 nostras
1462 799 1727 851 copulaverat
1765 800 2026 838 decursarum
2058 800 2129 849 fo-

1266 870 1286 893 r
1296 857 1340 894 1771
1350 869 1485 895 secus
1499 857 1703 895 actionum
1713 855 1937 894 similitudo
1947 854 1994 892 cs.
2005 853 2131 892 Hand.

1267 910 1433 949 Tursell.
1456 911 1498 950 ll.
1525 926 1560 962 p.
1577 916 1668 952 704.
1692 913 1926 962 forinsecus
1950 911 2040 949 dicit
2064 923 2132 960 pro

1265 969 1307 1006 ’ἰη
1340 969 1458 1018 foro,
1493 968 1661 1019 publice
1695 968 1746 1005 de
1782 968 1934 1006 actione
1964 966 2132 1019 publica,

1266 1025 1370 1062 unde
1401 1038 1474 1062 non
1507 1024 1762 1075 improbabile
1786 1028 1917 1068 esset,
1946 1023 2022 1062 hoc
2046 1022 2134 1060 loco

1266 1080 1507 1132 particulam,
1533 1094 1635 1131 quae
1660 1081 1821 1131 saepius
1841 1080 1891 1117 (le
1909 1081 2081 1118 motione
2099 1080 2133 1116 in

1268 1137 1394 1174 locum
1421 1150 1488 1187 pro
1511 1140 1631 1189 foras
1656 1137 1824 1186 ponitur.
1863 1136 1967 1187 apud
1992 1135 2137 1187 Apule-

1269 1193 1404 1238 lcium,
1436 1192 1483 1231 cs.
1509 1193 1606 1232 Met.
1632 1192 1700 1231 lx.
1728 1206 1762 1243 p.
1790 1196 1881 1232 648.
1905 1194 2137 1243 forinsecus

1266 1265 1290 1287 a
1302 1250 1367 1287 bii
1377 1250 1420 1288 ci
1430 1253 1455 1293 t.
1471 1251 1587 1299 proin
1599 1251 1751 1299 forum,
1761 1250 1933 1300 usurpari
1950 1248 2138 1299 potuisse.

1269 1305 1351 1343 Sed
1377 1309 1507 1343 contra
1532 1305 1634 1343 Mss.
1666 1309 1811 1343 temere
1838 1306 1887 1343 nil
1913 1305 2136 1344 mutandum

1269 1365 1341 1399 est.
1403 1360 1569 1400 Astrabe?
1599 1362 1700 1399 bene
1731 1362 1864 1399 dicitur
1894 1361 1944 1399 de
1969 1375 2035 1407 eo,
2073 1360 2137 1411 qui

1268 1419 1380 1468 sequi
1397 1432 1469 1455 non
1485 1417 1582 1464 vult,
1609 1418 1658 1455 de
1671 1419 1875 1457 renitente.
1901 1417 1950 1456 cs.
1966 1417 2061 1456 Met.
2076 1415 2139 1455 ΙΙΙ.

1267 1488 1306 1525 p.
1325 1478 1414 1514 191.
1429 1488 1488 1512 ‘nn’
1503 1476 1732 1513 renilctvtem
1747 1475 1932 1513 clementi
1946 1474 2137 1512 violentia

1271 1545 1402 1570 secum
1434 1532 1658 1570 altr-amic.
1706 1530 1792 1568 Liv.
1824 1528 1976 1567 XX1X.
2003 1534 2039 1570 9.
2066 1530 2140 1568 ἰνί-

1274 1587 1399 1626 Imnos
1424 1588 1590 1625 attrahi.
1639 1586 1679 1624 ln
1702 1589 1842 1636 foram
1866 1600 1957 1624 vero
1982 1586 2142 1624 adduxit

1273 1643 1470 1681 servulum
1507 1643 1688 1694 Scorpio,
1726 1647 1766 1681 nt
1797 1656 1924 1680 coram
1950 1642 2142 1681 iudicibus

1274 1713 1361 1737 eum
1394 1703 1595 1737 accusaret
1626 1699 1773 1737 fraudis
1803 1703 1841 1737 et
1870 1700 1958 1737 fidei
1992 1699 2141 1743 laesae,

1274 1770 1348 1794 non
1364 1756 1399 1793 id
1417 1756 1519 1806 quod
1534 1756 1634 1794 Oud.
1657 1756 1794 1801 voluit,
1819 1759 1860 1793 ut
1879 1757 1913 1794 in
1930 1755 2145 1806 frequentia

1272 1813 1467 1850 hominum
1483 1813 1531 1850 ibi
1547 1813 1776 1851 versantium
1794 1812 1930 1851 indicio
1944 1812 2142 1850 solearum

1272 1869 1480 1918 vestigium
1506 1868 1668 1907 adulteri
1695 1869 1909 1921 reperiret]

1333 1925 1443 1964 rulln
1458 1926 1655 1977 turffl'do.⁴
1679 1925 1837 1977 [Fontra
1851 1924 1952 1963 Oud.
1974 1929 2142 1963 mentem

1274 1981 1430 2019 Rnhnk.
1459 1981 1571 2020 Vulc.
1597 1986 1632 2021 2.
1659 1983 1837 2020 intactam
1868 1982 2023 2033 reliquit
2052 1982 2143 2019 scri-

1274 2042 1424 2089 ptnram
1452 2038 1654 2090 [ur-(sidua9
1681 2052 1781 2089 quae
1807 2038 1879 2077 loci
1899 2038 2142 2077 concinnitati

1274 2095 1429 2132 (annino
1478 2095 1721 2139 adversatur,
1772 2108 1887 2145 quum
1929 2096 2058 2134 iratus
2093 2094 2140 2131 ad

1274 2157 1478 2202 utrumque
1505 2152 1706 2202 pertineat.
1747 2152 1937 2204 anyido
1959 2152 2069 2191 vultu
2089 2150 2142 2187 di-

1275 2212 1377 2246 ctum
1404 2211 1481 2246 est.
1507 2211 1548 2245 ut
1572 2207 1667 2245 Met.
1685 2208 1729 2245 V.
1757 2222 1792 2259 p.
1819 2212 1911 2248 378.
1937 2212 1977 2246 et
2000 2210 2144 2258 p.3!10.

1278 2265 1433 2304 tumido
1470 2264 1598 2309 ceolla,
1636 2264 1699 2301 ubi
1732 2264 2038 2304 demonstratum
2068 2267 2142 2309 est,

1277 2325 1426 2359 tenuere
1445 2324 1483 2358 et
1497 2325 1660 2372 lar-qere
1674 2321 1723 2358 de
1744 2321 1964 2359 hominibus
1978 2321 2145 2372 graviter

1275 2376 1445 2421 affectis,
1477 2377 1647 2428 inprimis
1679 2378 1934 2416 irascentibus
1961 2377 2046 2416 (lici.
2094 2376 2143 2417 cf.

1275 2433 1402 2472 Plaut.
1420 2433 1545 2471 casin.
1561 2432 1604 2472 Il.
1620 2438 1655 2473 5.
1674 2438 1735 2474 17.
1755 2434 1933 2473 Mostell.
1949 2433 2010 2472 ΙΠ.
2026 2437 2061 2474 2.
2080 2438 2144 2473 10.

1274 2490 1375 2528 Hinc
1411 2490 1674 2529 necessarium
1711 2504 1783 2528 non
1822 2495 1921 2535 erat,
1962 2494 2004 2529 ut
2038 2489 2145 2528 Bert.

1275 2551 1438 2585 secutus
1476 2547 1646 2585 Wower.
1684 2547 1895 2598 praeferret
1942 2547 2142 2591 turbidus,

1275 2618 1344 2656 per
1369 2618 1415 2641 se
1441 2603 1594 2655 quidem
1619 2605 1779 2654 probum
1807 2603 2144 2642 cs.Ruhnk.Dict.

1276 2661 1326 2698 ad
1351 2660 1466 2699 Ovid.
1491 2659 1651 2698 Heroid.
1675 2674 1712 2711 p.
1740 2664 1806 2700 52.
1837 2664 1875 2698 et
1905 2673 1940 2711 p.
1968 2664 2032 2700 52.
2081 2659 2144 2698 De

1275 2717 1506 2756 confusione
1535 2720 1574 2754 et
1605 2716 1822 2755 discrimine
1852 2717 2050 2767 utriusque
2081 2729 2145 2753 vo·

1276 2773 1421 2819 eubuli,
1447 2773 1495 2812 cs.
1510 2772 1660 2810 Peerlk.
1677 2773 1725 2811 ad
1741 2772 1873 2812 Horat.
1888 2771 1964 2811 Od.
1985 2772 2011 2811 l.
2027 2776 2064 2813 3.
2082 2777 2143 2813 19.

1277 2830 1401 2868 Doed.
1429 2830 1525 2881 Syn.
1552 2829 1617 2868 lv,
1643 2843 1679 2880 p.
1709 2829 1816 2881 191]

1330 2888 1500 2926 vinculis
1525 2887 1701 2925 obrutus.
1752 2885 1996 2938 [Suspicatur
2008 2885 2144 2924 Heius.

1275 2943 1324 2982 ad
1339 2942 1452 2980 Ovid.
1469 2942 1576 2981 Fas-t.
1598 2941 1640 2979 ll.
1656 2947 1747 2982 578.
1774 2942 1955 2981 obsutum
1980 2954 2144 2981 nmemze

1275 3005 1403 3038 torret
1427 3000 1468 3038 iu
1495 3001 1590 3052 lyve
1627 3004 1768 3050 capul,
1808 2999 2011 3049 legendum
2049 3011 2144 3036 esse

1276 3057 1453 3099 obsutus,
1493 3070 1568 3106 qna
1607 3055 1877 3093 emendatione
1915 3056 1977 3093 vix
2015 3057 2141 3093 incon-

1272 3113 1420 3151 cinnius
1440 3112 1527 3164 qnid
1549 3115 1676 3164 potest
1694 3112 1862 3163 cogitari.
1897 3113 2028 3152 Obrui
2042 3111 2139 3149 enim
