2155 3590
574 148 762 187 LIBER
788 148 885 187 Vll.

946 146 1074 186 CAP.
1105 144 1316 184 XXVIII.

1785 141 1868 183 6⁶29

541 398 577 444 c
636 399 681 444 A
737 397 776 443 P
835 397 878 459 u
938 397 982 442 T
1086 393 1386 442 XXVIII.

177 530 233 571 Et
267 544 353 570 cum
391 530 495 570 dicto
517 528 524 584 Ι
544 528 738 569 subsertis
774 515 954 568 manibus
991 526 1166 567 exsolvit
1201 539 1311 566 suam
1343 524 1418 565 sibi
1451 525 1612 564 fasciam
1628 555 1638 574 ,
1672 525 1866 578 pedesque

68 601 175 628 meos
194 586 421 641 singulatim
441 585 598 639 illigans
618 584 788 625 indidem
809 583 1047 638 constringit
1064 582 1285 633 artissime,
1313 581 1465 621 scilieet
1484 594 1533 620 ne
1553 580 1655 634 quod
1669 580 1866 620 vindictae

155 737 330 773 susceptis.
364 738 524 771 marg-1.
544 732 573 764 «5.

66 783 151 811 idem
163 783 282 817 legitur
294 790 327 810 in
342 792 375 816 «p.
422 781 567 808 assertis
580 782 650 809 edd.
663 784 740 810 vett.
754 779 938 808 subse-erres
952 781 987 807 G.
1003 778 1032 807 1.
1071 778 1212 816 faciam
1227 779 1247 807 s.
1276 777 1409 817 famem
1429 778 1506 805 Bas.
1521 777 1551 804 1.

611 735 757 772 obseptis
782 735 803 764 f.
830 738 912 763 teste
930 735 1055 763 Roaldo
1073 735 1131 762 sed
1149 734 1183 762 in
1204 733 1368 767 excerptis
1388 733 1468 761 oud.
1487 734 1555 760 erat
1570 729 1755 766 ετιόεερειέ,
1782 731 1866 763 quod

1599 774 1764 812 sigulalim
1783 776 1819 802 G.
1837 775 1865 802 1.

65 830 95 856 et
110 828 179 855 edd.
193 830 269 856 vett.
283 828 378 855 Voss.
393 828 424 855 2.
460 824 656 863 si'ngulatem
670 833 700 860 p
713 827 810 854 Voss.
825 826 854 854 1.
877 826 916 853 In
930 827 1002 853 ceu.
1017 823 1107 852 codd
1122 821 1332 860 smgillatae'm.
1369 820 1567 858 alligansL.
1582 822 1616 850 Ο.
1631 821 1720 849 Colv.
1730 820 1759 849 V
1763 821 1825 848 uls.

65 872 502 900 merc.XVower.Pric.1n
528 874 602 899 cett.
622 869 770 908 illigans.
815 867 935 896 i'dzdem
954 871 990 899 G.
1012 870 1041 897 1.
1061 872 1222 904 utsupra.
1269 875 1375 905 neque
1388 864 1608 895 szndectaeG
1622 868 1654 894 2.
1668 866 1704 895 Ρ,
1742 863 1868 902 neqmd

64 915 234 945 vindictae
245 917 294 945 ed.
307 924 353 951 pr.
366 917 395 946 V
398 916 493 944 icent.
507 917 537 945 V
538 919 619 944 enet.
632 917 664 944 2.
684 917 767 945 lunt.
784 916 812 944 1.
827 916 859 943 2.

120 1047 208 1087 Cn.
231 1047 420 1087 XXVIII.
467 1048 664 1087 subsertis.
713 1046 835 1092 Oud.,
867 1046 931 1096 qui

63 1118 179 1155 quam
204 1105 305 1142 bene
329 1104 428 1142 haec
447 1102 561 1142 lectio
580 1117 626 1141 se
644 1104 806 1147 habeat,
831 1103 931 1140 bene

62 1159 264 1206 intellexit,
289 1164 331 1198 ut
343 1160 556 1198 doctrinam
567 1173 679 1198 suam
695 1158 931 1203 ostenderet,

61 1217 370 1255 emendationem
383 1229 494 1253 suam
507 1216 695 1254 subiectis
708 1214 833 1253 fusius
845 1228 932 1266 pro-

59 1274 165 1312 bavit
188 1270 408 1323 explicans:
436 1271 595 1309 Scilicet
618 1275 659 1309 ut
682 1283 820 1308 manus
839 1283 930 1321 sup-

58 1330 231 1380 posuerit
249 1328 464 1366 solvendae
483 1326 632 1365 fasciae
651 1340 724 1364 non
746 1327 931 1364 concinne

59 1385 308 1430 constrictae,
333 1383 408 1422 sed
431 1383 574 1422 rustice
601 1382 750 1423 laciniis
782 1384 818 1420 in
844 1383 932 1420 sinu

58 1440 240 1480 involutis
254 1444 371 1490 atque
384 1438 579 1490 implicitis
592 1440 651 1477 sic
662 1440 760 1477 satis
775 1438 931 1489 ligatae,

57 1502 99 1535 ut
121 1510 168 1535 se
191 1497 357 1548 potuerit
375 1497 570 1534 continere
589 1494 678 1533 coll.
699 1493 813 1533 Ovid.
833 1494 929 1533 Met.

57 1553 122 1592 III.
152 1557 244 1594 167.
270 1553 354 1592 Sed
379 1552 500 1597 idem,
532 1551 638 1602 quod
661 1552 762 1594 bene
786 1554 929 1595 monet,

58 1610 245 1649 subsertis
267 1608 476 1660 significat,
501 1611 543 1646 ut
555 1608 835 1646 subinseruerit
852 1621 929 1645 ma-

57 1679 130 1705 nus
143 1666 290 1718 pectori
304 1665 353 1703 ad
369 1664 530 1702 fasciam
545 1664 928 1715 expediendam‚non

58 1735 149 1760 vero
163 1723 198 1760 vi
213 1720 509 1767 detrahendam3
529 1719 928 1760 coll.Terent.Heaut.

56 1777 121 1816 III.
154 1782 190 1819 3.
216 1782 255 1818 3.
290 1777 414 1816 vidiu'
445 1790 524 1829 eqo
556 1781 593 1815 te
617 1777 740 1816 modo
771 1790 930 1816 manum

55 1836 99 1873 in
119 1835 249 1874 sinum
262 1834 359 1874 Ιηιίσ
372 1834 572 1872 meretrici
586 1833 781 1871 Inserere.
809 1830 929 1882 Apul.

56 1889 153 1929 Met.
177 1889 246 1929 IX.
272 1904 311 1941 p.
326 1893 418 1930 600.
444 1889 709 1928 insinuatis
734 1888 927 1927 manibus.

58 1945 135 1999 [Ita
169 1946 274 1998 apud
310 1946 502 1984 Ammian.
539 1943 715 1983 Marcell.
747 1943 859 1983 XVI.
891 1948 926 1984 7.

58 2003 142 2042 Res
177 2002 349 2046 monuit,
390 2015 513 2052 super
551 2001 751 2039 Eutherio
783 2014 927 2051 pauca

57 2059 308 2098 subserere
343 2061 405 2094 est
429 2057 645 2101 subiicere,
682 2056 927 2095 subnectere.

56 2114 130 2153 His
138 2113 310 2165 probatis
324 2114 458 2151 mirum
474 2113 622 2162 est,qui
633 2112 864 2162 interpretes
878 2111 930 2150 ad

54 2174 113 2210 tot
125 2169 416 2208 allucinationes
431 2168 559 2208 delabi
573 2168 783 2220 potuerint,
808 2172 851 2206 ut
863 2168 928 2205 alii

55 2227 262 2278 susceptis,
287 2225 351 2264 alii
376 2226 554 2270 assertis,
580 2223 820 2275 quae—lectio
846 2224 927 2262 vul-

57 2287 148 2333 gata
172 2285 253 2327 est,
291 2281 560 2328 emendarent,
593 2281 699 2332 quod
728 2281 926 2331 posterius

53 2312 275 2377 Beroaldus
306 2337 525 2377 defendens
562 2337 856 2387 interpretatur.
870 2336 927 2375 li-

56 2395 224 2440 beratis,
239 2395 401 2440 exertis,
415 2394 635 2445 expeditis.
659 2393 806 2431 Verum
820 2382 927 2433 nulla

53 2465 96 2489 re
109 2450 319 2502 impeditae
339 2449 506 2495 fuerant,
532 2462 660 2500 neque
673 2449 774 2487 adeo
788 2462 926 2489 manus

54 2511 146 2546 sunt
176 2507 421 2544 exserendae
452 2506 506 2552 ei,
538 2518 639 2556 quae
663 2506 739 2544 sibi
764 2505 926 2545 fasciam

53 2563 136 2602 1υ11
160 2563 328 2602 solvere.
355 2562 478 2601 Colui
492 2563 750 2601 coniecturam
763 2562 925 2601 substri-

55 2621 130 2660 ctis
154 2632 351 2670 exponere
376 2619 512 2670 possis
537 2631 622 2656 cum
642 2617 744 2656 Oud.
769 2631 926 2657 sursum

53 2675 232 2716 adductis
256 2679 296 2714 et
313 2676 371 2714 sic
390 2674 535 2713 fasciae
554 2674 722 2713 admotis
734 2674 924 2713 manibus.

54 2731 103 2770 cf.
128 2731 257 2770 Burm.
283 2731 334 2771 ad
357 2731 519 2770 Nemes.
552 2729 818 2771 Ecl.111.32.
848 2729 925 2768 Di-

54 2788 156 2839 9itz's
179 2801 297 2828 aures
320 2788 622 2839 substrinyit
645 2785 921 2826 acutas.·Met.

55 2841 123 2881 XI.
146 2856 188 2894 p.
200 2847 292 2884 781.
321 2844 568 2895 Compressis
590 2844 634 2882 in
657 2847 791 2882 artum
810 2842 925 2895 femi-

54 2898 172 2938 nibus
195 2903 233 2938 et
257 2901 547 2952 superstructis
576 2903 771 2939 accurate
799 2898 926 2937 mam·-

56 2955 138 2994 Ims.
161 2954 287 2997 Multo
306 2957 414 3008 peior
434 2956 538 2995 Oud.
553 2955 755 2994 videbatur
776 2954 925 2993 Pricaei

55 3010 273 3050 coniectura
279 3013 349 3053 sub
362 3015 477 3059 suris,
487 3011 617 3051 deleta
624 3025 720 3049 voce
729 3011 923 3057 amnibus,

55 3066 306 3118 intelligentis
324 3068 483 3109 fasciam
499 3068 687 3108 cruraleni
701 3081 751 3106 ex
765 3066 923 3108 Petron

991 1060 1021 1085 c.
1038 1050 1102 1086 20.
1128 1046 1246 1085 Duas
1267 1045 1424 1084 instt'tas
1448 1044 1604 1083 aneilla
1617 1042 1801 1095 protnle't
1813 1042 1866 1081 de

989 1103 1135 1147 suris,
1160 1101 1377 1152 alteraque
1391 1102 1520 1152 pedes
1539 1113 1645 1138 meos
1657 1099 1864 1150 alligavit,

989 1159 1123 1197 altera
1145 1171 1298 1196 manus.
1325 1156 1407 1194 Sed
1421 1156 1472 1194 ibi
1487 1157 1539 1195 de
1551 1157 1641 1194 sinu
1657 1154 1864 1206 legendum

990 1227 1103 1260 esse,
1133 1214 1202 1251 viri
1232 1212 1334 1250 docti
1365 1212 1605 1250 adnotarunt.
1654 1210 1866 1249 Praeterea

990 1270 1078 1320 quis
1103 1269 1252 1313 credat,
1278 1272 1319 1306 ut
1343 1272 1447 1306 recte
1471 1267 1573 1306 Oud.
1599 1266 1759 1313 adiecit,
1784 1280 1864 1305 mu-

989 1325 1071 1364 lieri
1102 1326 1273 1363 rusticae
1301 1337 1441 1362 servae
1471 1327 1602 1362 tantas
1633 1322 1758 1361 fuisse
1784 1337 1862 1360 cru-

989 1381 1094 1421 rales
1113 1380 1279 1426 fascias,
1304 1383 1345 1418 ut
1365 1393 1496 1418 earum
1514 1393 1592 1418 una
1610 1380 1776 1429 potuerit
1788 1378 1864 1416 sin-

990 1437 1106 1488 gulos
1137 1437 1236 1475 asini
1267 1436 1393 1488 pedes
1429 1434 1580 1486 illigare
1616 1444 1769 1485 eosque
1806 1435 1864 1473 sic

989 1494 1272 1544 constringere,
1297 1492 1442 1544 quippe
1467 1504 1570 1541 quae
1594 1492 1724 1542 potius
1751 1490 1864 1529 nudis

989 1551 1155 1601 pedibus
1181 1549 1306 1588 fuisse
1332 1548 1517 1588 videatur.
1550 1547 1664 1585 Certe
1684 1546 1864 1586 curnBe-

987 1606 1122 1645 roaldo
1138 1610 1256 1657 atque
1268 1603 1430 1643 Florido
1445 1618 1520 1642 non
1540 1604 1735 1654 ambigas,
1762 1616 1864 1653 quae

989 1662 1102 1702 suerit
1126 1662 1269 1708 fascia,
1295 1661 1382 1700 sive
1408 1660 1606 1713 pectorale
1632 1659 1861 1710 strophium,

988 1721 1073 1758 sive
1096 1716 1270 1757 crurales
1295 1717 1444 1756 fasciae
1469 1718 1555 1755 sive
1581 1717 1675 1754 vitta
1695 1714 1861 1753 crinalis.

986 1775 1090 1814 Nam
1103 1774 1275 1816 ultimam
1290 1787 1386 1812 sane
1400 1788 1474 1812 non
1490 1773 1637 1817 habuit,
1647 1786 1751 1824 qnae
1763 1772 1862 1825 [leta

988 1836 1026 1872 et
1051 1831 1280 1884 lacrymosa
1366 1829 1559 1869 ambabus
1577 1828 1763 1868 manibus
1783 1832 1861 1866 tra-

987 1887 1108 1926 hebat
1130 1887 1370 1926 cinerosam
1406 1886 1608 1925 canitiem.
1670 1883 1752 1935 {De
1788 1882 1863 1923 hac

986 1942 1111 1982 fascia
1125 1941 1302 1982 crinalis.
1315 1942 1443 1988 mitra,
1470 1953 1572 1992 quae
1591 1940 1698 1992 apud
1717 1939 1860 1978 Roma—

986 2012 1058 2038 nos
1089 1998 1305 2037 vetularum
1337 2002 1377 2036 et
1405 1997 1648 2036 meretricum
1686 2000 1769 2034 erat
1805 2010 1862 2035 or-

986 2058 1207 2097 namentum
1232 2054 1279 2093 cf.
1302 2067 1403 2104 quos
1422 2052 1533 2105 larga
1544 2066 1661 2092 manu
1674 2051 1797 2091 Orell.
1811 2052 1863 2092 ad

986 2109 1196 2161 Arnon—Il.
1213 2114 1277 2151 23.
1294 2109 1339 2149 Τ.
1353 2109 1399 2148 11.
1413 2124 1448 2162 p.
1465 2114 1530 2151 33.
1557 2108 1680 2161 citat]
1718 2107 1861 2147 Intelli—

985 2167 1113 2219 genda
1131 2171 1195 2216 est
1212 2167 1325 2206 unice
1338 2180 1455 2212 zona,
1480 2179 1558 2217 qua
1571 2168 1652 2204 erat
1664 2165 1862 2203 succincta

984 2224 1056 2264 sub
1083 2223 1290 2275 papillas,
1323 2235 1520 2274 quamque
1549 2222 1696 2261 hahere
1720 2234 1861 2259 servae

985 2280 1186 2325 solebant,
1211 2279 1360 2318 muneri
1376 2293 1422 2318 se
1440 2279 1694 2329 accingentes
1715 2277 1860 2316 subdu-

985 2338 1056 2375 ctis
1066 2336 1254 2382 vestibus,
1263 2335 1595 2387 neimpedirentur
1608 2335 1643 2373 in
1656 2333 1860 2388 operibus;

985 2392 1033 2432 cf.
1060 2392 1110 2431 ad
1132 2392 1237 2432 Met
1246 2391 1304 2432 11.
1335 2405 1372 2443 p.
1401 2390 1492 2433 104.
1525 2388 1751 2444 fasciola
1786 2390 1859 2429 sub

984 2451 1103 2502 ipsas
1114 2448 1306 2500 papillas
1328 2447 1595 2488 succinctula.

1039 2505 1289 2558 sinyulathn.
1328 2504 1459 2557 [Hanc
1470 2503 1672 2542 meliorem
1685 2503 1772 2540 sine
1791 2488 1859 2539 «lu-

982 2562 1046 2600 bio
1069 2561 1253 2607 sormam,
1285 2573 1389 2612 quae
1418 2562 1454 2600 in
1478 2562 1542 2613 sz'y
1545 2560 1693 2599 illatim
1718 2562 1757 2596 et
1780 2559 1857 2596 sin-

981 2617 1165 2670 yz'llatim
1179 2617 1269 2655 vel
1260 2632 1296 2656 in
1312 2617 1469 2668 optimis
1491 2616 1604 2655 codd.
1626 2616 1742 2653 etiam
1761 2613 1854 2652 alio-

982 2687 1062 2712 rum
1093 2673 1324 2725 scriptorum
1354 2673 1571 2725 depravata
1600 2675 1680 2717 est,
1712 2670 1857 2731 ubique

981 2730 1244 2781 recipiendam
1259 2728 1389 2768 curavi
1415 2729 1463 2767 cf.
1478 2728 1600 2767 V.oss
1622 2726 1753 2778 Etym.
1773 2740 1807 2765 s.
1823 2739 1856 2764 v.

981 2786 1166 2840 sinyvtlus
1189 2785 1322 2837 Kopp.
1336 2786 1385 2824 ad
1399 2785 1515 2823 Mart.
1532 2782 1776 2834 Capell.1.§.
1790 2786 1855 2823 27.

984 2856 1021 2893 p
1047 2846 1100 2884 68
1125 2855 1187 2893 sq.
1211 2841 1360 2881 Moser.
1386 2841 1438 2880 ad
1462 2839 1539 2879 Cic.
1567 2838 1727 2878 'luscuL
1741 2838 1791 2877 V.
1817 2842 1854 2878 3.

986 2897 1030 2937 Τ.
1038 2897 1100 2937 111.
1109 2912 1147 2950 p.
1156 2901 1250 2939 204.
1259 2897 1386 2936 Doed.
1396 2897 1613 2948 Synonym.
1617 2893 1684 2933 Vl.
1693 2908 1730 2946 p.
1741 2898 1836 2935 336.
1839 2894 1855 2946 ]

1040 2954 1223 3007 illiyans.
1260 2953 1507 3004 Quamquam
1533 2953 1726 3006 alliyans,
1751 2951 1857 3001 quod

983 3011 1018 3048 in
1035 3011 1228 3050 nonnullis
1242 3010 1354 3048 codd.
1375 3013 1416 3048 et
1434 3009 1523 3047 edd.
1543 3009 1682 3060 priscis
1704 3006 1856 3060 legitur.

982 3081 1032 3106 ex
1047 3066 1142 3119 Met.
1150 3066 1201 3106 II.
1218 3081 1254 3119 p.
1272 3070 1335 3108 98.
1353 3065 1731 3119 amorisprofundi
1741 3064 1857 3117 pedi-

1892 533 1953 565 501
