2155 3590
686 145 872 191 LIBER
902 147 977 188 XI.
1036 146 1160 186 CAP.
1190 146 1261 187 IV.
1802 144 1885 186 993

90 254 329 309 dependebat
357 267 539 307 aureum,
573 257 681 298 cuius
711 259 894 310 ansulae,
929 273 1003 313 qua
1028 266 1138 314 parte
1163 257 1373 312 conspicua
1399 263 1480 308 est,
1514 255 1747 310 insurgebat
1776 256 1881 310 aspis

90 318 205 364 caput
229 309 425 352 extollens
459 313 643 364 arduum,
677 315 895 356 cervicibus
925 316 1003 356 late
1034 315 1356 356 tumescentibus.
1418 312 1544 354 Pedes
1571 312 1799 352 ambroseos
1825 318 1882 352 te-

86 367 232 418 gebant
250 366 258 423 Ι
278 367 409 408 soleae
434 369 583 423 palmae
607 371 781 412 victricis
807 372 911 412 foliis
936 372 1130 412 intextae.
1181 370 1291 411 Talis
1317 383 1362 410 ac
1387 376 1497 410 tanta
1522 369 1678 424 spirans
1703 368 1878 409 Arabiae
1904 371 1966 404 761

86 422 214 463 felicia
239 423 416 478 germina
441 425 573 466 divina
596 440 657 468 me
682 441 779 468 voce
810 427 971 482 dignata
1000 435 1080 468 est:

81 560 234 589 ana-ulae
255 564 291 592 G.
311 564 342 592 2.
362 564 397 593 Ρ.
416 565 453 593 D.
472 566 509 594 L.
545 564 667 593 aur-ule
681 567 716 594 G.
732 568 760 596 1.
797 565 971 603 ompsulae
984 568 1019 595 Ο.
1065 565 1230 595 attollens
1241 567 1278 594 B.
1304 564 1443 593 Scriver.
1463 567 1493 593 et
1524 564 1619 599 quasi
1644 573 1662 594 e
1691 563 1878 593 coniectura

79 607 129 636 sic
141 608 312 642 legendum
324 609 445 637 monuit
459 610 544 639 Pric.
593 610 684 638 lacte
698 613 734 640 G.
748 613 780 640 2.
794 613 830 640 P.
844 613 882 640 D.
896 613 933 640 L.
953 612 1091 640 ridicule
1105 621 1122 640 e
1135 612 1253 640 vitioso
1266 610 1474 639 librariorum
1487 617 1590 647 more,
1618 608 1645 636 C
1661 613 1736 638 ante
1754 607 1877 637 Tscri-

79 652 232 681 bernium.
280 652 446 681 ambrosio
466 655 592 685 Vicent.
629 655 821 685 ambroseos
838 658 874 685 F.
895 658 925 686 3.
951 658 986 685 G.
1008 658 1037 686 1.
1056 658 1088 686 2.
1107 658 1146 686 D.
1167 653 1197 684 δ’.
1216 663 1245 690 p.
1266 655 1287 684 f.
1313 656 1350 684 In
1376 657 1449 683 cett.
1474 653 1672 683 ambrosios.
1722 652 1878 691 tegebant

78 696 148 724 sole
170 697 303 726 inverso
327 699 439 727 ordine
464 701 500 728 G.
522 702 549 730 1.
570 702 601 730 2.
627 703 663 730 P.
688 702 727 729 D.
746 703 784 730 L.
819 700 888 729 sole
908 703 944 730 G.
965 703 994 730 1.
1016 704 1049 730 2.
1068 703 1106 731 P.
1125 702 1164 730 D.
1185 698 1214 729 ὃ.
1235 701 1271 729 L.
1303 698 1442 736 palmae
1467 697 1578 726 soleae
1597 700 1632 727 0.
1679 697 1877 726 victricibus

78 743 115 771 G.
135 743 164 772 1.
182 744 215 772 2.
234 743 270 771 0.
294 744 332 772 D.
357 743 393 772 L.
418 745 445 772 R
482 744 502 772 f.
528 753 565 774 π.
591 743 620 775 δ.
655 747 693 774 In
717 750 790 776 cett.
816 746 979 774 victricis.
1026 747 1176 774 intectae
1201 753 1239 774 π.
1284 753 1328 772 ac
1339 747 1415 773 ante
1441 745 1542 770 tanea
1566 751 1630 772 non
1655 747 1818 778 comparet
1842 744 1876 771 in

77 789 113 815 G.
133 789 164 816 2.
183 789 222 817 D.
243 786 280 816 L.

326 785 477 816 Arabiae
492 789 585 826 felic.
605 791 831 820 desiderantur
847 792 882 820 in
902 793 937 819 G.
960 793 987 820 l.
1007 793 1038 820 2.
1058 792 1091 820 Ο,
1112 792 1150 819 D.
1170 787 1200 819 ὃ.
1228 788 1356 829 felicia
1374 790 1412 818 F.
1432 790 1461 817 1.
1481 789 1511 817 3.
1526 787 1561 817 L.
1575 789 1613 817 R.
1633 788 1655 816 f.
1670 797 1699 823 p.
1713 790 1750 817 B.
1764 789 1812 816 ed.
1829 796 1875 822 pr.

74 832 201 861 Vicent.
215 834 328 862 venet.
342 835 373 862 2.
393 838 583 870 ceteraeque
596 837 665 865 edd.
679 839 757 865 vett.
776 843 880 870 usque
893 837 934 865 ad
948 836 1037 865 Colv.
1082 833 1219 872 gemina
1232 836 1268 863 F.
1282 836 1313 864 3.
1327 836 1364 864 G.
1380 835 1409 863 1.
1443 833 1611 870 genmtina
1624 834 1660 861 G.
1675 834 1706 861 2.
1753 839 1876 860 vocare

76 878 111 907 G.
135 879 163 906 1.
181 878 217 906 Ο.
235 879 272 907 Ρ.
292 875 320 907 ὃ.
358 882 500 906 vocante
518 882 553 908 G.
573 882 604 909 2.
624 882 662 909 D.
697 889 777 909 voce
794 889 845 908 me
863 888 988 909 vocare
1007 881 1046 919 ἡ,
1073 882 1156 915 quod
1175 888 1217 909 ex
1234 887 1304 910 var.
1322 881 1398 908 lect.
1435 886 1494 906 ore
1510 878 1565 908 hic
1583 882 1697 907 natum
1709 885 1783 906 esse
1795 878 1874 906 Oud.

73 926 230 952 autumat.
277 921 436 961 dignatus
450 927 485 953 G.
500 927 531 954 2.
544 927 580 956 Ρ.
593 927 632 954 D.

71 1044 106 1081 in
132 1057 348 1091 numerum,
385 1058 456 1096 per
487 1059 602 1097 quam
627 1048 838 1099 crepabant
861 1038 949 1086 mo·-

71 1100 164 1138 bilia
189 1104 227 1138 et
249 1102 440 1140 sonabilia
465 1102 529 1141 fila
552 1116 624 1141 seu
649 1104 799 1154 virgae,
836 1104 939 1142 unde

70 1171 94 1195 a
130 1155 237 1195 σείειν
268 1170 423 1208 quoque
454 1172 592 1197 nomen
630 1159 788 1200 habent.
837 1159 939 1199 Hinc

69 1221 239 1269 σεῖᾳτρον
259 1211 454 1266 ἐπισείρειν
474 1214 647 1253 dicuntur
661 1218 940 1269 θεραπευτῆρες

68 1267 276 1320 τῆςἸσιὸος
289 1272 452 1317 auctori,
473 1283 588 1321 quem
610 1272 701 1309 citat
722 1272 831 1310 Suid.
851 1286 884 1310 s.
899 1286 935 1311 v.

67 1324 179 1378 ἀείρει
220 1329 259 1364 et
297 1333 482 1378 σεῖστρον,
526 1340 601 1377 quo
644 1328 810 1379 pertinet
851 1329 936 1366 eius

67 1381 205 1432 glossa
230 1394 264 1421 v.
298 1382 596 1435 θεραπευτῆρες,
631 1383 697 1421 uhi
728 1384 803 1421 vid.
829 1383 936 1422 Kue-

65 1442 158 1477 ster.
185 1438 309 1477 Sistrz'
330 1438 495 1478 modam
518 1440 570 1476 ait
586 1439 747 1477 Servius
762 1439 812 1477 ad
826 1440 932 1490 Virg.

65 1495 164 1533 Aen.
190 1492 290 1532 VIII.
317 1497 409 1536 697.
448 1498 487 1532 et
521 1496 642 1535 sistra
673 1497 837 1548 assitere
874 1500 934 1535 tu.-

65 1551 211 1591 multus
246 1550 420 1589 dicuntur
456 1552 606 1590 Auson.
646 1551 773 1604 Epist.
799 1550 932 1591 XXV.

66 1611 130 1648 22.
166 1606 320 1658 Pignor.
346 1606 476 1646 Mens.
500 1606 612 1647 Isiac.
639 1621 676 1659 p.
701 1622 750 1647 m.
777 1611 840 1649 67.

121 1663 258 1702 laevae
286 1664 481 1717 cymbium
511 1664 781 1715 dependebat.
842 1664 933 1702 Ser-

63 1720 148 1759 vius
173 1719 222 1758 ad
248 1719 346 1758 Aen.
372 1719 476 1759 VIII.
503 1723 596 1761 696.
621 1720 696 1759 Isis
721 1726 852 1760 autem
877 1725 935 1759 est

60 1777 206 1829 yenius
232 1775 430 1830 Aegypti,
460 1777 530 1828 qui
550 1789 628 1828 per
652 1777 761 1815 sistri
784 1782 932 1816 motum

65 1833 180 1885 quod
202 1834 314 1885 (serit
335 1834 379 1870 in
404 1833 557 1872 dextra
572 1832 664 1871 Nili
687 1847 869 1873 accessus
893 1837 934 1871 et

60 1902 236 1928 recessus
255 1889 474 1941 siqnificat,
491 1902 571 1940 per
590 1889 788 1929 vitulam
811 1902 931 1942 quam

61 1946 226 1984 sinistra
266 1945 412 1984 retinet
452 1945 629 1984 ostendit
675 1946 932 1999 affluentiam

63 2002 235 2040 omni-um
283 2001 533 2041 lacunarum.
599 2000 738 2040 Laeca
785 2005 935 2039 temere

61 2057 232 2096 nonnulli
246 2058 477 2108 interpretes
496 2057 667 2108 amplexi
686 2062 776 2096 sunt
797 2060 931 2108 (quam

61 2114 266 2153 lectionem
302 2113 442 2152 librarii
477 2117 571 2164 puto
604 2114 931 2159 emendationem,

60 2171 124 2221 qui
148 2171 300 2210 dextra
325 2174 365 2208 et
389 2170 502 2209 laeva
527 2170 644 2209 etiam
665 2171 931 2208 terminatione

59 2227 134 2265 sibi
156 2226 397 2278 respondere
422 2226 567 2265 debere
592 2227 783 2278 putabat).
833 2226 930 2265 Sae-

58 2282 148 2335 pius
183 2287 312 2321 autem
343 2296 427 2321 cum
451 2283 563 2321 tertio
595 2296 690 2322 casu
720 2282 796 2321 hoc
825 2296 928 2322 com-

58 2339 229 2390 positum
265 2339 511 2386 construitur-3
538 2338 585 2377 cf.
612 2338 727 2377 Ovid.
752 2339 927 2378 Met.Vl.

59 2399 152 2437 592.
179 2396 326 2435 lateri
352 2397 515 2435 cercina
543 2396 746 2434 sinistro
767 2395 928 2435 Vellera

58 2451 348 2505 dependent.
380 2451 443 2490 De
468 2451 621 2503 cymbio
647 2465 679 2491 s.
704 2452 865 2491 vasculo
891 2455 932 2490 et

55 2509 196 2554 situlo,
244 2508 330 2546 sive
370 2507 526 2546 lucerna
567 2508 602 2546 in
647 2507 762 2546 Isidis
804 2508 930 2546 sacris

57 2564 201 2617 cymbii
226 2562 388 2603 sormam
412 2563 594 2610 habente,
621 2563 668 2603 cf.
695 2564 743 2603 ad
770 2577 805 2615 p.
833 2569 930 2605 774.

111 2620 352 2673 insumebat
373 2621 496 2672 aspis.
557 2619 682 2672 [Inter
706 2621 835 2661 varias
860 2620 931 2660 hu-

54 2677 118 2716 ius
160 2677 260 2716 deae
301 2678 460 2728 species
501 2690 548 2715 ac
588 2677 775 2728 symbola
811 2678 928 2716 etiam

55 2733 134 2772 hoc
161 2734 346 2785 pertinet,
384 2733 487 2784 quod
518 2733 582 2771 vel
624 2737 741 2784 caput
774 2733 839 2771 vel
875 2735 926 2773 si-

55 2790 178 2829 nistra
207 2796 247 2828 et
277 2789 416 2829 dextra
445 2789 643 2828 brachium
674 2790 926 2840 serpentibus

55 2847 222 2884 cinctum
263 2850 344 2891 est,
390 2845 440 2886 cf.
475 2859 595 2898 supra
624 2859 661 2897 p.
699 2850 794 2886 757.
829 2846 928 2885 infra

55 2915 94 2954 p.
121 2906 212 2943 778.
250 2902 298 2942 cf.
322 2902 483 2954 Rupert.
511 2906 550 2940 et
573 2901 767 2941 Heinrich.
793 2902 843 2940 ad
868 2902 926 2941 Iu·

53 2957 182 2997 venai.
208 2957 276 2998 Vl.
302 2962 395 3000 538.
443 2959 580 2998 Heins.
611 2958 661 2996 ad
686 2958 801 2998 Ovid.
825 2959 924 2998 Met.

54 3013 125 3054 lx.
141 3017 235 3056 694.
259 3014 310 3053 de
336 3015 374 3055 la
399 3014 539 3054 Chass.
566 3015 616 3052 de
641 3014 759 3054 Deor.
785 3015 925 3054 Simul.

55 3069 103 3109 T.
128 3069 316 3110 XXXIII.
342 3072 377 3110 in
405 3071 547 3111 Graev.
573 3069 695 3111 Thes.
721 3071 851 3123 Antiq.
878 3069 926 3112 T.

52 3126 105 3166 Υ.
129 3141 167 3179 p.
194 3126 305 3181 787.]

1057 1046 1269 1086 extollens.
1337 1044 1535 1085 Attollens
1546 1044 1651 1083 Bert.
1668 1043 1873 1082 lectionem

1000 1118 1075 1142 non
1101 1103 1293 1155 improbat
1318 1101 1439 1148 Oud.,
1476 1102 1599 1139 citans
1622 1114 1661 1152 p.
1687 1103 1781 1140 492.
1807 1114 1872 1138 va-

999 1165 1101 1200 stum
1131 1158 1388 1198 adtollens
1419 1162 1564 1210 caput,
1612 1156 1681 1195 XI.
1713 1169 1750 1207 p.
1778 1160 1870 1197 776.

999 1215 1254 1255 adtollens
1308 1215 1422 1253 canis
1475 1214 1649 1252 eervices
1702 1213 1870 1255 arduos,

996 1271 1133 1310 Heins.
1158 1271 1208 1309 ad
1234 1269 1350 1309 Ovid.
1375 1268 1542 1308 Halieut.
1571 1272 1654 1314 69.,
1702 1268 1752 1306 de
1783 1281 1870 1307 con-

998 1328 1152 1366 fusione
1198 1327 1400 1376 utriusque
1447 1326 1556 1364 vocis
1605 1324 1771 1363 eundem
1819 1324 1866 1361 ad

998 1383 1132 1422 Claud.
1158 1382 1206 1421 R.
1232 1381 1345 1420 Pros.
1370 1380 1399 1419 I.
1429 1387 1494 1421 11.
1524 1380 1656 1420 Burm.
1682 1384 1722 1419 et
1746 1393 1794 1418 se
1818 1380 1868 1417 ad

996 1439 1144 1478 Lucan.
1172 1438 1200 1477 I.
1227 1442 1319 1478 604.
1359 1436 1433 1490 [At
1457 1437 1658 1476 extollens
1682 1451 1757 1474 non
1782 1437 1869 1474 sine.

998 1495 1159 1533 consilio
1203 1494 1351 1532 dixisse
1392 1493 1545 1531 videtur
1585 1492 1780 1544 Apuleius
1819 1492 1867 1529 de

996 1551 1155 1602 aspide,
1193 1563 1295 1601 quae
1325 1549 1441 1600 longe
1466 1547 1623 1600 lateque
1653 1562 1678 1587 a
1702 1548 1804 1587 collo
1831 1549 1865 1585 in

995 1607 1115 1646 altum
1141 1610 1257 1658 caput
1282 1605 1423 1658 effert]
1455 1605 1519 1644 De
1543 1605 1689 1644 tumido
1715 1604 1865 1655 aspidis

995 1663 1146 1702 Isiacae
1178 1663 1279 1702 collo
1312 1666 1510 1714 comparat
1540 1660 1642 1700 Oud.
1675 1660 1796 1700 Salm.
1829 1661 1864 1698 in

995 1720 1116 1758 Solin.
1142 1734 1181 1772 p.
1207 1723 1301 1760 24⁴2.

1046 1777 1213 1827 palmae
1226 1775 1404 1815 victricis
1414 1774 1537 1827 foliis
1551 1775 1742 1813 intextae.
1776 1774 1866 1813 Vic-

994 1832 1182 1878 triclbus,
1220 1831 1324 1882 quod
1359 1830 1539 1883 permulti
1589 1830 1700 1869 codd.
1755 1842 1864 1880 prac-

994 1889 1103 1933 bont,
1139 1889 1360 1939 probarem,
1391 1888 1425 1926 si
1450 1900 1550 1926 unus
1577 1886 1662 1924 cod.
1688 1885 1864 1926 Florent.

992 1944 1211 1989 addiceret,
1248 1947 1379 1983 contra
1409 1956 1510 1995 quos
1543 1943 1748 1994 quicquam
1784 1955 1863 1980 mu-

995 2004 1076 2039 tare
1100 2000 1189 2038 mihi
1215 2013 1374 2051 semper
1398 2000 1510 2038 nefas
1534 1999 1659 2037 visum
1692 2002 1764 2037 est.
1820 1999 1862 2036 Si

995 2057 1106 2107 igitur
1132 2057 1350 2096 emendatio
1376 2060 1438 2094 est
1462 2055 1620 2101 librarii,
1646 2055 1862 2094 doctissimi

995 2117 1073 2160 est,
1112 2127 1227 2164 quem
1257 2127 1372 2165 seqq.
1394 2113 1541 2164 felicia
1563 2112 1752 2164 yermina
1775 2111 1863 2149 sine

994 2170 1110 2208 dubio
1142 2170 1192 2208 ad
1221 2183 1307 2208 eam
1338 2169 1594 2208 adducebant.
1644 2166 1747 2206 Oud.
1777 2180 1862 2218 pro-

990 2227 1059 2265 bat
1083 2226 1287 2265 lectionem
1312 2225 1563 2271 victricibus,
1591 2237 1706 2274 quam
1731 2227 1862 2262 tamen

990 2282 1198 2321 Ruhnken.
1224 2283 1258 2320 in
1285 2285 1432 2322 textum
1458 2295 1532 2320 non
1557 2281 1717 2332 recepit.
1741 2278 1861 2319 Plura

991 2340 1121 2378 statim
1146 2339 1283 2378 dicam.
1332 2337 1416 2390 [De
1447 2337 1510 2375 his
1536 2336 1680 2376 calceis
1706 2349 1756 2374 ex
1779 2336 1861 2388 pal-

990 2409 1136 2434 marum
1183 2396 1289 2434 foliis
1337 2393 1524 2433 confectis
1573 2393 1621 2432 cs.
1672 2392 1864 2432 Schmidt.

993 2451 1162 2491 Dissert.
1205 2452 1255 2491 de
1293 2451 1495 2490 Sacerdot.
1533 2454 1573 2488 et
1607 2449 1745 2488 Sacris.
1782 2449 1861 2487 Ae-

991 2513 1100 2560 gypt.
1149 2507 1338 2559 Tuebing.
1379 2511 1499 2548 1768.
1547 2520 1583 2557 p.
1614 2509 1667 2546 48
1699 2519 1760 2556 sq.
1797 2505 1861 2556 qui

992 2578 1176 2604 caussam
1210 2563 1322 2604 huius
1351 2577 1449 2603 usus
1479 2562 1569 2601 inde
1597 2562 1755 2614 repetit,
1796 2561 1856 2598 vel

992 2621 1084 2673 quia
1113 2621 1286 2673 pellibus
1315 2633 1511 2659 sacrorum
1547 2620 1600 2658 uti
1630 2618 1859 2657 sacerdotes

991 2678 1184 2717 noluerint
1207 2677 1445 2723 animalium,
1483 2675 1545 2714 vel
1576 2675 1624 2713 ob
1656 2674 1859 2726 puritatem

990 2734 1054 2773 vel
1079 2735 1129 2773 ob
1154 2735 1293 2786 papyri
1316 2733 1352 2771 in
1377 2732 1564 2784 Aegypto
1596 2732 1764 2782 copiam,
1795 2730 1859 2767 vel

988 2792 1122 2843 potius
1146 2791 1195 2829 ob
1220 2802 1411 2829 summam
1435 2789 1551 2827 huius
1581 2788 1675 2825 rItus
1700 2786 1859 2837 antiqni-

989 2851 1125 2892 tatem,
1145 2848 1311 2898 priorem
1327 2845 1427 2884 omni
1446 2844 1522 2883 alia
1537 2843 1755 2883 calceorum
1770 2855 1859 2892 spe-

991 2904 1071 2951 cie3
1102 2902 1151 2942 cf.
1175 2901 1293 2954 Apul.
1319 2902 1416 2940 Met.
1442 2900 1487 2939 Π.
1513 2914 1549 2952 p.
1568 2902 1660 2940 159.
1687 2898 1862 2938 Zac-Illas

988 2960 1108 3000 adest
1127 2958 1399 3012 Aeqyptc’us
1413 2987 1421 2996 .
1436 2986 1445 2995 .
1460 2986 1469 2996 .
1485 2957 1632 3009 .pedes
1651 2954 1861 3007 palmeis

990 3016 1134 3056 huoeeis
1157 3013 1398 3066 inductum]

1052 3070 1231 3111 Arabiae
1252 3070 1399 3120 felicia
1422 3068 1618 3121 [Jermina.
1649 3065 1861 3117 Pei-peram

992 3127 1166 3169 nonnulli
1206 3126 1319 3165 codd.
1354 3126 1544 3179 praebent
1571 3123 1725 3174 felicis,
1762 3136 1863 3174 quae

1486 3179 1540 3221 63
