2155 3590
601 155 786 195 LIBER
816 155 892 197 VI.
949 155 1077 197 CAP.
1106 155 1239 195 XXII
1275 153 1443 196 XXIII.

1804 156 1886 199 475

107 268 222 309 terris
254 267 379 322 puella
410 268 623 322 praepollet
654 268 960 323 pulchritudine,
995 268 1213 323 praesentis
1238 266 1416 308 beneficii
1441 267 1564 308 vicem
1591 282 1660 324 per
1684 282 1768 309 eam
1793 268 1886 308 mihi

106 337 313 378 repensare
337 331 375 364 te
401 324 556 364 dehere.

610 475 646 522 C
705 477 751 522 A
808 476 845 521 P
904 476 947 522 U
1004 476 1048 523 T
1151 475 1390 522 XXIII.

215 595 281 637 Sic
306 598 410 638 fatus
434 597 542 637 iubet
566 595 806 637 Mercurium
835 598 926 636 deos
954 611 1088 637 omnes
1114 597 1160 636 ad
1187 597 1413 636 concionem
1440 596 1616 649 protinus
1650 610 1884 646 convocare,

109 652 115 708 Ι
137 666 181 692 ac
205 653 239 692 si
264 653 329 706 qui
354 661 468 694 coetu
492 653 718 694 coelestium
744 653 952 703 defuisset,
980 653 1019 692 in
1047 666 1208 707 poenam
1236 653 1365 692 decem
1393 652 1551 692 millium
1579 666 1774 692 nummum
1796 667 1886 692 con·
1911 664 1975 696 4⁴25

101 716 261 749 ventum
293 710 342 749 iri
367 710 637 763 pronuntiare.
688 709 775 762 Quo
803 716 907 749 metu
933 709 1063 749 statim
1091 709 1281 761 completo
1307 708 1466 748 coelesti
1492 708 1668 758 theatro,
1701 723 1770 762 pro
1797 709 1886 749 sede

102 765 256 805 sublimi
285 767 425 806 sedens
457 780 644 818 procerus
675 764 824 820 Iupiter
854 765 909 805 sic.
942 765 1138 805 enuntiat:
1179 764 1253 805 Dei
1293 764 1504 818 conscripti
1539 763 1745 805 Musarum
1783 765 1886 815 albo,

191 892 238 921 ad
253 894 497 922 contentionem
517 897 552 923 G.
573 896 611 924 D,
648 894 868 922 conditionem
886 897 1000 924 Venet,
1015 897 1044 924 2,
1087 894 1247 931 protinus
1267 901 1452 922 convocare
1472 895 1507 922 F.
1522 896 1552 922 3.
1573 895 1608 922 G.
1628 895 1666 923 D.
1680 901 1710 928 p.
1725 893 1746 922 f.
1761 891 1789 922 δ.
1808 894 1891 922 Elm.

101 940 206 967 scriv.
219 940 340 968 Florid.
365 942 400 968 In
414 944 486 969 cett.
501 941 590 969 codd.
605 945 636 968 et
649 942 718 969 edd.
734 945 810 970 vett.
835 948 1022 967 convocare
1031 940 1200 976 protinus.
1226 937 1404 969 protenus.
1419 941 1501 973 quod
1516 939 1549 967 in
1563 939 1724 972 excerptis
1737 939 1808 966 suis
1821 940 1891 966 cod.

102 985 137 1012 G.
151 985 217 1020 legi
231 985 274 1013 ait
289 986 385 1018 Oud..
411 985 455 1013 ibi
469 993 533 1014 non
547 986 722 1020 reperitur,
749 987 806 1014 sed
816 1008 823 1021 ‚
850 990 881 1013 ut
897 986 930 1014 in
944 987 1059 1013 ceteris
1073 985 1220 1013 omnibus
1231 984 1400 1020 protinus.
1448 986 1487 1010 at
1501 981 1530 1012 δ.
1577 984 1609 1010 si
1621 983 1695 1020 quis
1709 985 1744 1011 G.
1758 984 1797 1011 D.
1812 985 1847 1012 0.
1861 987 1892 1011 et

99 1030 139 1057 Y.
152 1031 189 1058 L.
204 1033 267 1058 Ms-
280 1031 315 1058 P.
330 1032 433 1064 male,
459 1034 492 1058 ut
507 1037 605 1065 saepe
618 1031 682 1058 iam
697 1032 816 1058 dictum
830 1035 888 1059 est.
936 1033 1064 1058 coelum
1079 1032 1115 1058 G.
1130 1032 1168 1058 D.
1216 1032 1312 1056 coetu
1326 1032 1423 1064 plane
1436 1029 1591 1057 omittitur
1605 1029 1637 1056 in
1651 1026 1680 1057 ὃ.
1727 1026 1895 1066 defuisset

101 1074 304 1103 desideratur
322 1076 355 1103 in
371 1076 406 1102 G.
422 1076 457 1103 P.
504 1083 668 1102 nummum
683 1077 719 1104 F.
736 1077 764 1103 1.
778 1077 809 1103 3.
825 1077 861 1103 G.
876 1077 911 1103 P.
927 1076 961 1103 Ο.
975 1077 1057 1103 lunt.
1072 1076 1103 1103 2.
1124 1076 1206 1102 Elm.
1227 1074 1331 1102 Scriv.
1352 1074 1471 1102 Florid.
1497 1072 1664 1100 numinum
1679 1073 1797 1101 vitiose
1812 1073 1832 1101 f.
1856 1075 1892 1102 ln

100 1122 172 1148 cett.
186 1123 272 1148 extat
288 1127 494 1147 nummorum
508 1127 549 1148 ex
563 1120 670 1154 inepto
684 1121 976 1154 interpretamento.
1003 1119 1060 1154 [cf.
1081 1120 1160 1147 Oud.
1181 1119 1213 1146 in
1232 1119 1326 1147 alise.
1346 1120 1477 1146 observ.
1492 1119 1564 1147 Vol.
1577 1120 1616 1146 Π.
1631 1120 1666 1147 Τ.
1679 1119 1735 1146 111.
1755 1127 1785 1153 p.
1800 1117 1892 1153 453]

100 1163 287 1192 convictum
305 1166 326 1193 i.
342 1173 368 1193 e.
386 1165 569 1193 damnatum
584 1166 721 1194 coniecit
736 1173 790 1199 pro
806 1167 1002 1192 cmwenlum
1017 1165 1068 1192 vir
1082 1165 1194 1192 doctus
1213 1163 1246 1191 in
1260 1170 1359 1197 marg.
1372 1164 1431 1191 Ed.
1445 1164 1572 1191 Vivent.
1593 1164 1671 1192 oud.
1713 1171 1892 1198 procerum

98 1209 234 1238 coniecit
248 1211 422 1238 u'asseus.
449 1210 609 1238 caussam
623 1218 685 1238 non
699 1211 801 1238 video.
845 1209 1052 1245 pronunciat
1065 1210 1100 1236 G.
1114 1210 1152 1236 D.
1200 1215 1391 1234 muse-arum
1405 1210 1442 1237 D.
1490 1206 1666 1235 Musarum
1687 1207 1772 1236 albo.
1804 1210 1894 1236 Haec

99 1257 199 1282 verba
212 1255 245 1282 in
258 1255 426 1282 nonnullis
439 1254 533 1282 libris
548 1255 743 1289 desiderari,
771 1255 864 1282 testis
885 1259 931 1282 est
947 1255 1093 1281 ss'ower.
1119 1253 1255 1287 Quinam
1270 1261 1344 1280 vero
1363 1253 1425 1280 sin!
1437 1274 1443 1283 .
1470 1253 1658 1281 accuratius
1673 1261 1734 1280 non
1750 1254 1894 1282 additum

99 1302 156 1327 est.
182 1299 289 1327 Etiam
309 1299 343 1326 in
356 1299 392 1326 F.
409 1301 437 1327 1.
457 1300 568 1327 eadem
586 1300 704 1332 omitti.
732 1300 916 1333 pronuntiat
938 1300 1016 1327 Ond.
1043 1299 1104 1325 Sed
1125 1298 1221 1331 signa
1236 1319 1329 1332 ......
1355 1298 1473 1330 quinus
1493 1298 1670 1331 indicatur,
1698 1300 1778 1326 haec
1794 1300 1895 1326 verba

100 1344 237 1371 delenda
251 1352 340 1374 esse.
367 1351 430 1372 non
444 1344 625 1371 videntura
639 1351 735 1371 mann
751 1344 982 1375 Lindenbrogii
997 1351 1087 1375 esse,
1116 1343 1197 1375 quod
1218 1343 1296 1370 Oud.
1319 1342 1458 1376 putavit.
1485 1343 1540 1370 sed
1561 1349 1580 1370 a
1602 1350 1697 1370 manu
1718 1343 1895 1371 recentiore

98 1388 209 1417 nescio
223 1389 317 1416 cuius
330 1389 394 1416 viri
409 1388 508 1417 docti.
534 1389 589 1421 qui
603 1391 665 1416 hac
679 1388 853 1416 collatione
869 1396 949 1416 usus
963 1392 1022 1416 est.
1048 1389 1129 1415 Nam
1143 1390 1216 1414 suut
1233 1390 1411 1414 atramento
1426 1388 1525 1414 multo
1545 1387 1686 1418 nigriore
1705 1387 1893 1422 perscripta,

99 1440 194 1468 quam
207 1441 268 1467 quo
283 1433 513 1468 Lindenbrogii
526 1434 750 1461 adnotationes
764 1434 906 1467 scriptae
920 1432 1175 1466 conspiciuntur.
1198 1431 1418 1459 Comme—ntum
1433 1433 1492 1459 hoc
1506 1440 1579 1459 esse
1594 1432 1724 1459 lectoris
1740 1434 1792 1460 vel
1806 1433 1895 1464 glos-

98 1479 218 1507 satoris
231 1479 310 1507 Oud.
324 1478 491 1512 opinatur,
518 1482 546 1506 et
567 1479 872 1506 adsentituru'ow.
889 1479 970 1506 Elm.
986 1481 1013 1505 et
1029 1478 1122 1505 Vulc.
1144 1477 1279 1504 delenda
1297 1479 1377 1505 haer:
1398 1477 1623 1504 censentibus.
1644 1476 1727 1504 sicut
1747 1481 1774 1504 ex
1790 1477 1894 1505 Scriv.

99 1531 138 1552 ac
151 1523 457 1551 Pric.semilunu1is
471 1524 765 1551 circumduxerunt.
803 1523 944 1551 Orellius
964 1524 1044 1550 haec
1063 1524 1163 1550 verba
1183 1521 1301 1549 omisit.

1350 1519 1526 1549 Musarum
1541 1519 1619 1549 alcu
1638 1520 1801 1556 legiturin
1815 1522 1849 1550 F.
1864 1522 1895 1550 3.

98 1571 135 1597 G.
149 1569 188 1597 D.
202 1569 238 1597 P.
253 1576 282 1603 p.
299 1568 319 1598 f.
334 1565 363 1597 ὃ.
378 1569 425 1597 ed.
440 1576 486 1603 pr.
499 1569 615 1597 Venet.
628 1570 658 1598 2.
672 1569 800 1597 Vicent.
826 1570 861 1596 In
874 1572 947 1596 cett.
963 1565 1140 1596 Musarum
1156 1564 1241 1595 albo.

151 1680 380 1731 praesentis
412 1678 595 1731 beneficii
623 1679 747 1718 vicem
774 1693 852 1730 per
884 1693 969 1718 eum

100 1749 325 1787 repensare.
382 1734 576 1773 stewech.
613 1735 662 1772 ad
699 1748 736 1786 p.
775 1739 869 1775 378.
907 1735 968 1773 ed.

99 1791 230 1842 Lugd.
260 1791 310 1829 ad
339 1788 438 1830 Met.
467 1789 518 1828 X.
544 1805 583 1842 p.
608 1795 701 1831 727.
729 1792 836 1829 delet
861 1805 970 1842 prae-

101 1848 335 1899 positionem
362 1861 457 1899 per,
488 1851 530 1885 ut
559 1849 680 1886 ricem
711 1853 876 1898 ponatur
900 1861 969 1898 pro

102 1905 195 1943 eice.
222 1903 270 1942 cf.
297 1903 346 1941 ad
361 1902 498 1942 Met.1.
518 1916 556 1952 p.
572 1907 656 1948 46„
682 1917 728 1942 ac
753 1917 970 1955 repensare

102 1974 185 1999 eam
200 1963 452 2005 construatur,
473 1960 556 1997 sive
570 1957 752 2010 Psyches
768 1960 852 1998 loco
869 1973 969 1998 com-

101 2029 237 2067 parare
262 2016 375 2054 aliam
399 2014 588 2066 puellam,
615 2016 725 2066 quasi
758 2016 971 2066 praemium

103 2085 172 2122 pro
198 2071 273 2109 hoc
296 2072 498 2110 beneficio.
542 2071 643 2109 Nam
669 2078 773 2109 certe
798 2072 972 2123 rependi

99 2129 343 2181 praemium,
368 2141 494 2177 aeque
520 2126 671 2173 dicitur,
698 2140 743 2165 ac
765 2129 906 2178 qratia
934 2131 974 2164 et

105 2184 348 2236 beneficium.
409 2183 490 2221 Sed
533 2183 663 2221 obstat
705 2188 783 2220 tum
819 2183 972 2221 iunctim

104 2241 226 2279 vz'cem
240 2253 336 2284 eam,
346 2253 430 2277 curn
443 2243 571 2277 tamen
587 2253 671 2278 eam
685 2254 758 2277 non
775 2239 824 2276 ad
838 2241 973 2284 vicem,

105 2295 178 2334 sed
203 2294 375 2346 puellam
403 2295 501 2332 foret
525 2294 783 2333 referendum.
822 2294 972 2333 Clarius

104 2356 143 2390 et
179 2351 398 2402 elegantius
433 2355 511 2389 tum
548 2355 680 2389 auctor
716 2351 882 2389 dixisset
911 2366 970 2397 ea,

105 2409 207 2447 sicut
236 2408 462 2460 rependere
492 2408 658 2459 aliquid
687 2408 829 2459 aliqua
860 2421 904 2446 re
934 2408 969 2446 in

103 2479 178 2503 usu
197 2468 259 2502 est
284 2464 351 2516 [cf.
365 2463 501 2502 Munk.
515 2463 563 2501 ad
579 2463 721 2514 Hygin.
737 2463 812 2501 sab.
833 2477 863 2501 c.
882 2468 972 2505 106.

104 2535 142 2573 p.
171 2524 262 2562 197.
295 2519 422 2572 Staw]
472 2519 519 2558 cs.
551 2520 669 2571 Apol.
703 2534 741 2571 p.
772 2524 867 2560 538.
895 2522 974 2559 ‘nisi

106 2578 196 2629 ipsa
221 2577 364 2616 mulier
389 2581 451 2615 tot
478 2577 737 2615 incommoda
762 2577 974 2615 virtutibus

105 2634 186 2673 sm‘s
209 2637 496 2686 repensaret
521 2632 566 2670 cs.
583 2631 839 2672 stt.V1.349.
863 2631 972 2671 XIV.

109 2692 199 2730 628.
226 2689 355 2727 Burm.
370 2689 421 2727 ad
437 2687 679 2729 ve11.11.12.
705 2692 745 2725 et
770 2701 869 2738 quos
889 2687 974 2728 Intt.

109 2746 250 2783 excitat
273 2746 328 2783 vir
352 2745 491 2783 doctus
516 2745 551 2782 in
577 2741 691 2783 Misc.
713 2743 974 2783 Observ.VII.

108 2815 146 2853 p.
171 2802 265 2842 275.
291 2801 374 2840 Sed
397 2800 491 2839 nihil
515 2801 740 2839 mutandum
764 2803 837 2838 est.
892 2801 978 2840 Per

111 2871 196 2896 eam
219 2861 282 2896 est
304 2858 406 2896 idem
431 2870 477 2895 ac
495 2858 782 2908 comparatione
801 2869 875 2895 seu
888 2871 976 2896 con-

113 2912 302 2952 ciliatione
326 2914 439 2952 istius
464 2913 620 2965 puellae
644 2917 720 2952 tua.
771 2912 856 2964 [De
888 2927 976 2951 con·

114 2971 320 3008 structione
342 2970 453 3009 vocis
477 2983 695 3022 repensare
719 2969 766 3007 cs.
791 2968 979 3008 Buenem.

115 3024 166 3062 ad
193 3023 303 3064 Lact.
332 3025 569 3065 InstittXlI.
599 3031 632 3066 1.
664 3026 695 3077 ᾧ.
727 3030 792 3067 25.
823 3038 861 3077 p.
887 3029 982 3067 859.

112 3078 192 3120 Pro
218 3094 265 3121 ea
294 3083 406 3123 etiam
443 3083 480 3121 ei
515 3084 649 3134 corrigi
680 3083 827 3134 possit,
864 3096 982 3134 quum

113 3138 340 3191 rependere
368 3140 485 3179 etiam
516 3153 603 3179 cum
633 3139 763 3179 dativo
795 3138 980 3190 iungatur.

1031 1678 1078 1716 cs.
1097 1678 1214 1730 Apol.
1230 1691 1268 1728 p.
1284 1682 1376 1718 571.
1404 1678 1586 1717 Has-cine
1597 1678 1759 1730 aralius
1773 1677 1897 1717 bonus

1026 1734 1139 1787 filius
1163 1735 1285 1772 matri
1309 1749 1393 1786 rep
1403 1748 1422 1773 e
1432 1749 1455 1772 n
1466 1734 1568 1785 dia]

1088 1789 1174 1828 (ἾΑΡ.
1199 1789 1344 1829 XXIII.
1387 1804 1472 1841 pro
1497 1791 1590 1828 sede
1614 1790 1783 1828 sublimi.
1831 1789 1898 1840 [cf.

1031 1845 1144 1884 Ovid.
1175 1846 1271 1884 Met.
1298 1846 1324 1884 I.
1355 1850 1444 1886 178.
1484 1846 1534 1884 (le
1558 1845 1667 1883 love:
1709 1845 1899 1885 Celsior

1029 1905 1116 1954 ipse
1143 1902 1235 1940 loco
1260 1908 1505 1954 sceptroque
1538 1903 1703 1940 iunixus
1734 1901 1898 1941 eburno.

1030 1958 1162 2009 Kopp.
1187 1958 1238 1996 ad
1261 1958 1376 1997 Mart.
1404 1957 1552 2010 Capell.
1569 1957 1593 1995 I.
1621 1957 1651 2007 ξ.
1673 1961 1736 1998 39.
1763 1971 1800 2009 p.
1816 1957 1897 2010 83]

1088 2014 1169 2053 Dei
1184 2016 1409 2067 conscripti
1421 2015 1632 2053 Musarum
1657 2014 1765 2053 albo.
1792 2012 1900 2066 [Plu-

1031 2072 1150 2109 rimas
1166 2071 1369 2109 molestias
1382 2071 1482 2109 haec
1495 2070 1616 2108 verba
1629 2071 1899 2121 interpretibus

1033 2127 1334 2172 facessiverunt,
1361 2140 1461 2178 quae
1487 2141 1510 2165 a
1534 2139 1647 2164 manu
1673 2126 1811 2165 librarii
1836 2126 1899 2163 vel

1033 2183 1269 2233 glossatoris
1294 2183 1435 2222 adsuta
1459 2196 1552 2220 esse
1572 2183 1899 2221 existimaverunt.

1036 2241 1160 2285 Alco,
1197 2239 1298 2289 quod
1338 2239 1388 2277 de
1424 2252 1532 2277 more
1563 2240 1745 2290 scriptum
1777 2239 1899 2276 estin

1035 2295 1168 2340 codd„
1206 2296 1279 2333 iam
1311 2295 1339 2333 I.
1367 2295 1552 2334 Gulielm.
1583 2295 1710 2333 Veris.
1736 2294 1799 2334 III.
1836 2299 1898 2336 13.

1033 2352 1254 2390 emendavit
1278 2352 1314 2389 in
1352 2352 1462 2398 albo.
1499 2355 1540 2389 et
1575 2351 1774 2390 retinenda
1806 2365 1900 2388 esse

1031 2408 1131 2446 haec
1145 2409 1278 2454 verba,
1311 2410 1454 2459 quippe
1468 2421 1567 2459 quae
1581 2422 1605 2446 a
1617 2421 1730 2446 mann
1746 2407 1902 2458 Apuleii

1034 2464 1299 2515 profluxerint,
1325 2464 1505 2514 equidem
1519 2465 1709 2503 existimo.
1734 2463 1787 2502 Ut
1801 2463 1902 2501 enim

1033 2534 1058 2558 a
1081 2521 1234 2559 librario
1248 2520 1425 2572 prosecta
1439 2534 1533 2558 esse
1548 2525 1765 2558 statuamus
1776 2550 1785 2563 ‚
1811 2534 1902 2570 quo-

1032 2577 1147 2615 modo
1174 2577 1207 2614 is
1233 2577 1392 2628 cogitari
1417 2580 1550 2628 potest
1573 2577 1665 2616 talia
1689 2576 1763 2614 sibi
1777 2577 1902 2614 animo

1033 2634 1310 2684 proposuisse,
1336 2646 1451 2684 quum
1473 2646 1542 2683 per
1555 2637 1693 2676 totam,
1720 2635 1903 2683 quantum

1036 2689 1216 2741 equidem
1241 2690 1345 2736 scio,
1372 2689 1597 2728 latinitatem
1617 2689 1731 2726 huius
1746 2688 1903 2726 locutio-

1034 2746 1095 2783 nis
1109 2759 1158 2783 ne
1170 2760 1285 2784 unum
1302 2745 1677 2796 quideminveniatur
1685 2745 1904 2795 vestiqum.

1033 2801 1136 2840 Nam
1172 2802 1249 2840 hoc
1283 2801 1491 2840 tenendum
1528 2805 1590 2839 est
1618 2813 1714 2852 prae
1750 2802 1903 2848 ceteris,

1036 2858 1252 2909 cuicunque
1273 2857 1503 2909 glossemati
1521 2857 1692 2895 subesse
1708 2856 1905 2907 quoddam

1034 2915 1242 2966 vestigium
1268 2913 1529 2965 corruptelae,
1557 2912 1660 2963 quod
1681 2912 1742 2950 vel
1763 2925 1813 2951 ex
1831 2927 1905 2952 usu

1028 2969 1241 3021 loquendi,
1290 2970 1353 3008 vel
1402 2983 1450 3007 ex
1491 2969 1769 3008 sententiarum
1803 2983 1907 3008 nexu

1041 3026 1106 3064 vel
1154 3039 1203 3064 ex
1248 3026 1368 3065 totius
1418 3025 1494 3064 loci
1533 3026 1679 3064 ratione
1721 3025 1907 3077 explicari

1039 3087 1181 3135 potest.
1240 3082 1352 3121 Hanc
1375 3095 1466 3120 vero
1492 3081 1771 3121 dubitationem
1795 3081 1907 3121 libra-

1039 3139 1105 3178 riis
1131 3139 1335 3178 subnatam
1361 3151 1454 3178 esse
1478 3138 1567 3177 inde
1591 3142 1770 3190 apparet,
1802 3138 1907 3191 quod
