2155 3590
630 140 819 181 LIBER
847 141 896 182 V.
956 139 1084 181 CAP.
1113 138 1211 179 XIL
1746 137 1830 180 339

47 251 141 293 Dies
160 251 294 292 ultima
313 259 352 292 et
372 266 484 293 casus
510 259 711 293 extremus
737 260 776 293 et
799 267 920 294 sexus
947 252 1111 293 infestus
1136 257 1176 292 et
1197 248 1358 304 sanguis
1383 247 1563 288 inimicus
1587 247 1664 288 iam
1689 249 1828 289 sumsit

46 322 172 358 arma,
201 315 239 348 et
263 315 392 349 castra
417 308 644 359 commovit,
673 316 712 348 et
736 309 858 349 aciem
883 309 1048 359 direxit,
1076 313 1123 349 et·
1139 306 1343 348 classicum
1364 304 1603 359 personavit.
1641 303 1723 344 Iam
1743 319 1826 344 mu-

46 378 163 404 crone
195 365 381 404 destricto
412 364 586 419 iugulum
618 371 722 404 tuum
755 365 930 406 nefariae
962 372 1051 405 tuae
1081 377 1240 405 sorores
1264 368 1413 417 petunt.
1464 360 1553 401 Heu
1578 361 1733 414 quantis
1759 375 1825 401 ur-

3 456 6 461 .
44 434 206 474 {tuemur
241 420 434 472 cladibus,
472 419 625 475 Psyche
662 421 904 461 dulcissima!
961 420 1038 461 Tui
1074 419 1276 473 nostrique
1311 417 1521 468 miserere,
1560 416 1825 470 religiosaque

0 480 13 488 ”
42 476 279 518 continentia
304 477 472 527 domum,
499 477 679 518 maritum
705 483 821 530 teque
846 485 884 517 et
907 477 1024 517 istum
1049 476 1252 531 parvulum
1277 481 1453 515 nostrum
1478 472 1717 512 imminentis
1743 473 1825 512 rui-

39 545 112 572 nae
135 533 350 572 infortunio
375 533 513 573 libera.
561 532 648 573 Nec
673 533 760 573 illas
785 533 971 573 scelestas
997 533 1185 583 feminas,
1213 544 1308 586 quas
1332 530 1404 571 tibi
1427 535 1515 584 post
1538 528 1825 569 internecivum

40 587 166 629 odium
191 595 230 628 et
254 589 402 629 calcata
427 589 631 643 sanguinis
656 589 814 630 foedera
828 603 986 630 sorores
1002 589 1197 643 appellare
1211 601 1288 628 non
1307 586 1419 637 licet,
1441 585 1505 626 vel
1524 584 1659 626 videas
1679 585 1743 625 vel
1757 598 1824 624 au-

38 643 141 694 dias,
169 659 254 685 cum
268 659 376 685 more
396 644 403 700 Ι
425 643 607 686 Sirenum
623 646 781 699 scopulo
794 645 1038 700 prominente
1053 644 1218 686 funestis
1236 643 1397 685 vocibus
1417 655 1518 683 saxa
1537 640 1821 696 personabunt.

35 781 151 812 ultima
164 784 201 812 F.
217 785 244 812 1.
258 786 288 812 3.
303 785 338 812 G.
355 785 383 812 1.
397 786 426 812 2.
440 785 475 813 Ρ.
491 785 525 813 O.
539 786 576 813 D.
590 785 653 814 R.f.
668 794 700 818 φ.
714 781 742 814 ὃ.
767 787 804 814 111
817 785 932 814 ceteris
946 784 1040 814 libris
1053 788 1083 813 et
1096 785 1165 813 edd.
1181 786 1256 813 vett.
1270 786 1319 812 est
1331 781 1480 810 ultimus.
1529 783 1650 810 sezeus
1662 781 1776 811 Vener.
1791 782 1821 810 4.

34 831 213 857 commovet
224 830 260 857 P.
298 827 429 856 dixerit
440 830 552 858 Venet.
568 832 597 858 4.
630 830 807 866 personuit
817 830 940 859 Vicent.
977 828 1138 857 destricto
1152 827 1689 858 G.1.2.P.O.Vicent.Venet.2.4.
1704 828 1822 855 lunt.l.

30 875 68 907 1¹1
75 878 146 904 cen.
155 872 322 901 districto.
341 877 419 901 tuae
426 882 488 902 non
497 875 586 903 estin
596 877 630 904 G.
641 878 670 904 2.
680 875 744 904 nisi
753 876 784 904 in
793 876 939 910 margine
947 876 1003 904 sed
1017 877 1057 903 ab
1066 875 1177 903 eadem
1185 872 1511 907 manuperscriptum.
1536 878 1717 908 urguemur
1726 872 1778 900 G.l
1788 871 1821 900 J.

31 918 72 948 ef.
92 920 132 947 ad
151 921 227 948 Met.
239 920 293 948 IV.
314 927 342 953 ι).
357 921 432 948 261.
480 918 654 948 claudibus
667 921 704 948 D.
731 919 895 948 classibus
915 928 988 948 cum
1005 922 1117 955 glossa
1135 917 1340 948 interlineari
1357 915 1498 944 nucibus
1513 917 1548 945 G.
1565 917 1592 944 1.
1611 916 1646 945 in
1661 923 1761 952 marg.
1774 914 1820 944 al.

30 962 189 1003 cladibus.
237 963 396 993 cladibus.
433 963 563 1001 Psyche
577 967 611 993 G.
629 967 657 994 1.
671 966 798 994 vicent.
848 962 986 1001 Psyche*
1001 966 1036 993 G.
1051 966 1082 993 2.
1096 963 1136 992 D.
1186 962 1238 990 tui
1253 962 1380 999 meique
1399 961 1470 990 mis.
1484 963 1522 989 R.
1570 959 1730 998 religiosa
1745 968 1821 995 par-

30 1010 131 1042 ucula
144 1017 206 1046 que
219 1009 341 1038 omissa
355 1007 383 1038 δ.
397 1008 557 1047 religiosa
571 1018 678 1047 quque
691 1018 711 1038 a
723 1018 765 1038 m.
780 1019 809 1044 p.
824 1012 860 1038 G.
876 1012 904 1038 1.
915 1031 923 1043 ,
951 1018 968 1036 ο
982 1017 1003 1038 a
1015 1017 1056 1037 m.
1070 1018 1096 1038 s.
1111 1008 1329 1042 superaddito.
1375 1006 1601 1043 maritumque
1615 1003 1642 1035 ὸ“.
1659 1006 1679 1034 f.
1712 1006 1819 1033 mari-

31 1055 99 1080 tam
113 1056 149 1082 G.
166 1056 194 1083 1.
208 1061 228 1082 a
241 1062 280 1082 m.
295 1062 324 1088 p.
371 1053 519 1082 scelestis
535 1055 556 1083 f.
569 1057 607 1084 R.
644 1054 799 1082 scelestes
814 1056 848 1083 G.
865 1056 893 1083 1.
909 1057 937 1083 2.
952 1056 990 1082 D.
1033 1053 1132 1090 prius
1145 1060 1200 1087 pro
1209 1055 1287 1088 pose
1302 1053 1428 1080 vicent.
1461 1051 1514 1086 (in
1530 1058 1628 1087 marg.
1644 1052 1692 1079 ed.
1707 1049 1817 1085 meae)

27 1102 59 1126 et
71 1102 195 1128 ceterae
210 1100 278 1127 edd.
292 1102 367 1127 ven.
382 1104 508 1133 praeter
518 1101 632 1128 Vener.
648 1102 677 1129 4.
692 1102 812 1136 etpost
823 1107 843 1128 a
855 1107 894 1128 m.
907 1108 934 1128 s.
949 1099 1044 1128 estin
1058 1101 1094 1128 G.
1111 1100 1139 1127 1.
1186 1095 1425 1124 internecicam
1439 1097 1474 1124 F.
1488 1097 1513 1124 1.
1528 1098 1558 1123 3.
1574 1096 1595 1124 f.
1611 1103 1639 1129 p.
1665 1096 1816 1122 interno-

27 1143 135 1170 en'cum
148 1145 183 1172 G.
202 1145 229 1172 1.
250 1148 280 1172 et
300 1151 409 1173 omnes
423 1145 492 1173 edd.
508 1149 584 1173 vett.
600 1149 727 1179 praeter
739 1144 862 1179 Paris.‚
883 1152 966 1178 quae
984 1146 1113 1177 praebet
1132 1140 1396 1169 1'neeruec1'c1'1me.
1420 1143 1457 1169 In
1471 1142 1595 1168 vicent.
1611 1147 1701 1169 meae
1715 1148 1816 1175 marg.

26 1193 203 1222 correctum
217 1192 263 1217 est
277 1188 529 1218 internecivum.
558 1189 788 1216 internecuum
803 1191 837 1217 G.
847 1190 877 1217 2.
891 1189 927 1216 P.
937 1190 974 1216 D.
1011 1186 1141 1215 calcate·
1152 1188 1187 1215 O.
1213 1185 1357 1213 calcatis
1371 1188 1406 1214 G.
1420 1188 1446 1213 1.
1472 1184 1608 1212 callam
1622 1186 1658 1213 D.
1688 1184 1740 1213 vel
1751 1193 1816 1212 au-

26 1231 100 1267 (iias
113 1236 230 1262 absunt
244 1235 413 1262 ablunt.2.
461 1242 533 1261 cum
546 1241 637 1260 more
650 1235 725 1262 F.3.
735 1235 782 1262 ed.
792 1241 838 1267 pr.
852 1235 935 1261 lunt.
946 1234 976 1260 2.
990 1233 1103 1261 Venet.
1118 1234 1149 1260 4.
1182 1240 1253 1258 cum
1268 1231 1300 1257 1⁴11
1314 1238 1405 1257 more
1420 1232 1454 1258 G.
1469 1232 1494 1258 1.
1505 1231 1534 1257 2.
1550 1231 1586 1258 D.
1602 1231 1635 1257 P.
1652 1231 1685 1260 Ο.
1701 1232 1734 1258 Β.
1750 1239 1777 1264 p.
1793 1230 1815 1259 f.

24 1279 150 1308 Vicent.
165 1281 248 1307 lunt.
263 1275 290 1306 1.
303 1279 378 1307 ΑΜ.
391 1285 491 1315 marg.
505 1280 580 1308 Bas.
592 1280 619 1308 1.
646 1287 717 1306 cum
732 1278 765 1306 in
779 1285 901 1305 morem
915 1278 952 1306 F.
964 1279 990 1307 1.
1003 1277 1044 1305 cf.
1054 1277 1094 1306 ad
1107 1278 1216 1306 Metl.
1231 1284 1260 1311 p.
1270 1278 1320 1304 22.
1347 1275 1379 1303 ιἰι
1393 1278 1503 1302 utente
1517 1271 1546 1303 δ.
1571 1282 1686 1302 amore
1698 1277 1775 1304 Bas.
1786 1276 1815 1304 1.

25 1322 245 1362 vocibusfut'z.
259 1324 295 1352 P.
309 1324 345 1352 G.
358 1325 390 1352 2.
403 1324 442 1352 D.

30 1466 34 1470 .
74 1433 319 1485 personavit.
379 1431 421 1471 ln
463 1433 523 1471 ed.
560 1432 713 1471 vicent.
750 1431 890 1483 legitur
948 1436 1145 1477 crementa,
1179 1445 1251 1470 nec
1283 1443 1329 1469 eo
1354 1431 1483 1469 seclus
1509 1429 1812 1480 approbabitur

18 1490 242 1540 personuit.
291 1488 430 1528 Metuit
443 1489 591 1527 scilicet
604 1489 744 1535 editor.
770 1493 811 1527 ut
823 1503 885 1528 so·

21 1546 132 1584 navit
143 1546 242 1583 bene
256 1543 433 1584 Latinum
447 1549 564 1584 esset.
592 1545 672 1584 Sed
686 1545 734 1584 cs.
749 1545 884 1583 Heins.

23 1601 79 1640 ad*
101 1600 215 1640 Ovid.
254 1600 347 1639 lbid.
385 1606 474 1642 128.
510 1601 636 1640 Bentl.
669 1602 718 1641 ad
749 1601 883 1640 Horat.

23 1656 105 1696 Sat.
137 1656 160 1695 Ι.
192 1661 228 1698 8.
261 1661 324 1697 44.
356 1656 539 1697 Prudent.
575 1660 659 1711 περὶ
689 1658 883 1708 στεφανῶν

22 1720 56 1758 γ’.
69 1717 133 1754 34.
159 1714 311 1753 iurabit
331 1727 400 1752 ore
415 1728 652 1766 personasse
669 1714 880 1753 Christum.

22 1767 155 1822 [Plura
184 1769 291 1808 dabit
318 1770 473 1809 adeunti
509 1770 642 1810 Eckst.
679 1770 728 1809 ad
761 1770 879 1808 Voss.

19 1826 136 1864 Arist.
175 1825 219 1864 T.
245 1824 289 1864 ll.
326 1840 361 1878 p.
396 1830 488 1867 816.
525 1827 696 1865 Amasse
734 1826 881 1865 videtur

20 1881 211 1933 Apuleius
258 1895 343 1921 cum
391 1883 529 1921 ceteris
570 1882 680 1922 Astis
721 1883 881 1921 sormam

19 1938 64 1976 in>
85 1940 151 1978 avi
183 1951 276 1989 prae
312 1938 433 1977 altera
469 1939 503 1976 in
535 1941 588 1979 ni.
649 1938 705 1977 lta
743 1952 879 1989 snper-

19 1994 240 2034 incuhasse.
277 1994 372 2033 Met.
408 1994 476 2034 lv,
518 2008 555 2045 p.
595 1999 686 2036 277.
719 2008 879 2047 praese-

20 2055 111 2090 cata
134 2051 237 2103 qula
271 2049 369 2090 Met.
393 2049 419 2089 1.
444 2064 480 2102 p.
507 2054 573 2090 49.
597 2052 802 2093 εηιίσαίἰο,
828 2050 879 2088 de

17 2105 165 2145 Mundo
190 2120 227 2157 p.
253 2110 345 2148 357.
369 2108 603 2158 implicatus
626 2107 675 2146 cs.
701 2105 802 2144 Oud.
828 2106 878 2144 ad

16 2161 114 2201 Met.
140 2161 189 2200 X.
214 2175 250 2214 p.
277 2167 368 2204 695.
394 2165 625 2214 increpatio
655 2162 761 2214 apud
784 2160 817 2200 T
821 2175 877 2200 er-

18 2218 99 2257 tull.
136 2219 221 2258 adv.
259 2219 444 2258 Marcion.
474 2218 540 2256 lv,
579 2233 610 2257 c.
643 2224 678 2259 7.
716 2218 873 2256 extr.V.

17 2287 50 2314 e.
76 2278 140 2315 20.
166 2276 375 2314 edomator
400 2274 560 2314 Tertull.
586 2275 635 2314 de
659 2274 760 2313 Pall.
785 2287 816 2313 c.
837 2279 874 2316 6.

16 2332 245 2371 sonat-erint
258 2330 417 2370 Tertull.
436 2331 589 2370 advers.
608 2330 764 2382 Scapul.
790 2344 821 2369 c.
837 2334 873 2371 3.

17 2387 65 2426 es.
91 2386 173 2426 Intt.
194 2387 243 2426 ad
262 2387 436 2439 Propert.
461 2387 505 2425 ll.
533 2391 596 2428 25.
624 2387 706 2440 53.]

72 2445 329 2483 conti-nentia.
378 2443 558 2494 Explicat
575 2444 673 2482 haec
688 2443 805 2481 verba
819 2456 874 2482 re-

19 2499 169 2552 ligiosa
182 2502 432 2540 continentia
446 2499 626 2539 Floridus
644 2499 874 2539 inviolabili

16 2556 186 2603 silentio,
211 2558 345 2596 acriter
356 2557 405 2596 ab
418 2555 521 2596 Oud.
534 2558 784 2609 vituperatus,
809 2555 875 2606 qui

18 2612 168 2661 metuit,
198 2617 240 2652 ut
271 2613 426 2651 latinum
457 2613 508 2651 sit
533 2613 781 2653 continentia
805 2625 874 2662 pro

16 2668 285 2716 taciturnitate,
311 2674 351 2708 et
374 2683 396 2708 e
421 2670 607 2709 contrario
627 2670 679 2708 ita
692 2668 874 2718 explicat,

17 2722 251 2776 utPsychae
268 2726 501 2765 concedatur
524 2725 645 2776 loqui,
669 2724 743 2763 sed
768 2728 874 2762 vete-

18 2781 102 2827 fu,-
125 2783 248 2821 uariti
282 2782 422 2822 faciem
450 2786 491 2820 et
518 2782 688 2821 habitum
724 2781 873 2832 aperiri.

17 2834 199 2889 Alioquin
228 2839 328 2878 enim
357 2839 498 2878 rectius
529 2838 603 2876 dici
628 2838 874 2878 conticentia

16 2895 61 2931 ut
82 2895 310 2942 reticentia,
342 2896 573 2934 obticentia.
627 2893 760 2946 [Haec
782 2906 873 2932 vero

17 2961 94 2988 nun-
113 2951 171 2990 <ita
198 2951 450 3003 intelligenda
474 2950 697 3002 Floridique
720 2953 874 2989 senten-

15 3003 106 3043 fiam
128 3008 311 3058 optimam
337 3021 443 3054 esse,
466 3008 604 3060 probat
616 3006 799 3058 Psyches
816 3018 874 3044 re-

17 3063 189 3111 sponsio:
214 3063 300 3104 Iam
313 3065 484 3110 dudum,
501 3064 614 3117 quod
627 3066 761 3109 sciam,
773 3062 874 3115 fidei

18 3120 138 3170 atque
145 3120 415 3173 parciloquio
431 3134 518 3160 meo
528 3120 788 3172 perpendisti
803 3119 874 3158 do·

946 1488 1019 1527 tibi
1044 1501 1150 1527 nunc
1181 1488 1298 1525 etiam
1324 1487 1495 1538 firmitas
1526 1486 1619 1530 mei,
1645 1489 1683 1523 et
1715 1485 1811 1523 rese-

944 1548 1073 1583 runtur
1102 1545 1187 1582 sine
1217 1542 1332 1581 dubio
1364 1542 1411 1580 ad
1438 1542 1672 1592 promissum
1699 1541 1810 1591 Cupi-

944 1601 1042 1639 dinis
1079 1613 1115 1651 p.
1142 1603 1232 1640 343.
1271 1600 1312 1638 si
1343 1599 1524 1637 texeris
1553 1603 1721 1637 nostra
1751 1612 1811 1636 se-

943 1661 1073 1696 creta
1097 1657 1297 1695 silentio
1323 1655 1552 1699 (lirinum,
1577 1656 1809 1705 sipi-osa-

940 1714 1148 1757 naceris,
1173 1711 1392 1750 mortalem.
1435 1711 1691 1750 Continentia
1708 1712 1808 1748 enini

941 1769 1030 1808 licet
1051 1768 1244 1807 silentium
1271 1771 1386 1817 atque
1410 1767 1701 1805 taciturnitatem
1724 1780 1806 1816 pro-

940 1827 1020 1877 prie
1056 1839 1129 1863 non
1166 1824 1372 1873 significet,
1410 1828 1537 1861 tamen
1575 1823 1807 1860 abstinentia

941 1886 1003 1920 est
1039 1881 1088 1920 ab
1125 1880 1277 1919 illicitis.
1336 1878 1498 1930 Psyche
1535 1879 1646 1928 igitur
1689 1891 1805 1928 quum

939 1939 1058 1976 vetita
1084 1941 1217 1981 esset,
1253 1940 1407 1974 secreta
1441 1935 1559 1973 mariti
1599 1935 1801 1985 profanare

940 1994 1157 2039 sororibus,
1181 2005 1226 2031 se
1252 1992 1435 2031 continuit
1452 1991 1517 2028 vel
1541 1992 1724 2029 abstinuit
1751 1991 1799 2028 ab

938 2050 1000 2088 his
1024 2050 1175 2088 arcanis
1200 2047 1441 2100 prodendis]

994 2107 1286 2145 internecivum.
1336 2103 1410 2156 [lta
1441 2116 1489 2143 ex
1520 2105 1687 2142 omnium
1720 2103 1802 2141 fere

936 2161 1035 2200 Mss.
1047 2162 1211 2199 lectione
1223 2161 1374 2211 scripsi,
1384 2173 1484 2211 quae
1497 2174 1612 2211 quum
1622 2159 1800 2211 displice·

934 2217 1243 2264 retRuhnkenio‚
1252 2218 1546 2256 interneciuum
1554 2217 1601 2255 ab
1611 2230 1658 2255 eo
1672 2230 1800 2255 emen-

934 2274 1063 2313 datum
1073 2277 1143 2313 est.
1158 2272 1370 2323 Utramque
1385 2273 1542 2312 formam
1556 2274 1693 2324 probat
1701 2272 1797 2312 Dac.

933 2331 984 2369 ad
1002 2330 1110 2369 Fest.
1129 2344 1161 2368 s.
1181 2343 1217 2369 v.
1235 2344 1272 2382 p.
1288 2333 1379 2371 469.
1399 2328 1574 2368 Lindem.
1589 2331 1798 2369 interneci-

933 2401 1027 2426 nnm
1053 2400 1102 2424 ex
1132 2400 1270 2437 graeco
1298 2384 1548 2439 Ἰντερνέκινον
1576 2385 1798 2437 praeferunt

934 2442 1042 2482 Fulv.
1057 2447 1095 2481 et
1108 2442 1233 2482 Ursin.
1247 2442 1348 2482 Oud.
1364 2443 1503 2481 dubius
1516 2442 1663 2488 haeret,
1676 2446 1798 2481 utram

932 2498 1795 2550 scribendirationemsequatur;cs.Dr.adLiv.

934 2554 1001 2594 lx.
1027 2560 1091 2596 25.
1115 2557 1145 2607 ξ.
1161 2559 1196 2597 9.
1223 2554 1414 2607 Equidem
1439 2569 1513 2594 non
1539 2555 1666 2594 solum
1692 2553 1797 2595 Mss.

932 2625 1077 2662 sequor
1099 2613 1380 2657 auctoritatem,
1405 2612 1470 2662 qui
1489 2612 1569 2650 sere
1582 2612 1725 2661 ubique
1738 2612 1794 2649 in-

933 2670 1153 2709 ter-necinus
1167 2669 1325 2707 sormam
1338 2668 1542 2720 praebent:
1561 2671 1603 2706 ut
1614 2667 1793 2719 palimps.

931 2723 1112 2764 Fronton.
1143 2725 1268 2777 Epist.
1300 2725 1350 2763 ad
1375 2723 1487 2763 Caes.
1513 2723 1576 2762 ΙΙΙ.
1601 2727 1637 2764 3.
1662 2737 1701 2774 p.
1728 2727 1793 2764 66.

931 2794 1013 2820 non
1027 2783 1103 2820 erit
1115 2782 1401 2821 internecivum
1415 2784 1453 2818 et
1465 2780 1532 2818 IV.
1550 2784 1583 2819 1.
1597 2793 1634 2830 p.
1649 2782 1715 2820 91.
1730 2779 1792 2818 ed.

930 2836 1058 2884 Rom„
1065 2837 1140 2876 sed
1147 2839 1263 2877 etiam
1272 2836 1473 2889 analogiae
1481 2837 1720 2887 obtempero.
1730 2836 1793 2876 In-

931 2896 1172 2934 temecioum
1190 2896 1290 2933 enirn
1310 2907 1383 2931 non
1403 2907 1426 2932 a
1443 2893 1685 2931 substantivo
1698 2906 1792 2940 nex,

931 2950 1035 3000 quod
1057 2951 1165 2990 multi
1188 2953 1384 3002 putarunt,
1413 2948 1664 3000 repetendum
1690 2948 1793 2987 vide-

929 3010 990 3044 tur
1008 3019 1119 3054 esse,
1144 3007 1215 3046 sed
1232 3022 1254 3045 a
1268 3006 1384 3044 verbo
1400 3007 1663 3052 internecare,
1688 3004 1793 3055 quod

931 3060 1070 3114 legitur
1099 3063 1204 3115 apud
1226 3061 1410 3101 Prudent.
1434 3075 1606 3114 prooem.
1643 3061 1791 3113 Apoth.

932 3122 1014 3164 61„
1044 3120 1232 3171 cuiusque
1256 3118 1496 3171 participium
1519 3120 1792 3159 inte-necatus

1440 3186 1528 3229 22*

1848 646 1912 679 345
