2221 3667
256 348 319 381 000

344 172 427 215 756
598 173 645 212 L.
669 169 889 211 APULEH
919 167 1318 208 MADAURENSIS
1347 166 1889 212 METAMORPHOSEON

345 285 456 325 dibus
491 283 611 324 vitam
643 282 817 331 tenebat.
866 280 969 322 Erat
998 281 1035 321 ei
1066 287 1196 322 tamen
1227 279 1422 320 uxorcula
1452 280 1567 321 etiam
1605 281 1701 322 satis
1737 283 1889 335 quidem
1925 283 2053 323 tenuis
2087 289 2127 323 et

344 341 448 395 ipsa,
486 353 625 381 verum
661 338 1038 394 tamenflpostrema
1073 336 1238 378 lascivia
1273 337 1570 390 famigerabilis.
1628 336 1707 378 Sed
1742 338 1803 378 die
1838 340 2002 392 quadam
2037 340 2126 379 dum

343 396 534 437 matutino
559 396 624 436 ilie
650 396 698 435 ad
723 409 818 449 opus
850 401 1072 447 susceptum
1103 393 1384 447 proficiscitur,
1419 393 1549 433 statim
1581 393 1750 434 latenter
1778 395 1916 448 irrepit
1945 396 2027 435 eius
2061 396 2126 434 lio-

342 453 500 507 spitium
526 452 759 492 temerarius
784 452 951 491 adulter.
1000 450 1063 490 Ac
1088 450 1176 489 dum
1206 449 1372 490 Veneris
1398 449 1737 490 colluctationibus
1763 450 1939 491 securius
1963 465 2128 505 operan-

343 517 427 560 tur,
467 509 654 558 maritus,
693 509 854 561 ignarus
881 520 1011 546 rerum
1039 520 1084 545 ac
1121 506 1217 545 nihil
1252 505 1369 545 etiam
1402 512 1493 545 tunc
1524 506 1600 545 tale
1631 506 1855 559 suspicans,
1894 506 2127 560 improvisus

344 566 551 620 hospitium
584 565 739 618 repetit.
792 562 948 616 Iamque
981 562 1126 602 clausis
1158 569 1197 602 et
1228 562 1421 601 obseratis
1455 562 1626 612 loribus,
1661 563 1799 602 uxoris
1824 563 1981 602 laudata
2005 563 2128 602 conti-

344 622 500 672 nentia,
522 623 684 677 januam
707 620 855 674 pulsat,
883 619 997 658 sibilo
1018 619 1134 658 etiam
1155 618 1416 672 praesentiam
1430 631 1539 658 suam
1555 619 1818 658 denuntiante.
1865 618 1978 658 Tunc
1992 619 2131 658 mulier

343 679 482 718 callida
508 686 547 718 et
572 679 618 717 ad
647 676 865 716 huiusmodi
891 674 1040 729 flagitia
1065 674 1307 729 perastutula
1334 674 1597 714 tenacissimis
1629 675 1873 728 amplexibus
1905 675 2128 728 expeditum

343 735 539 775 hominem
571 733 695 784 dolio,
731 733 831 786 quod
862 739 952 772 erat
974 731 1015 771 in
1041 731 1185 785 angulo
1211 730 1491 771 semiobrutum
1516 731 1584 771 sed
1609 731 1705 771 alias
1731 745 1919 781 vacuum,
1951 731 2128 772 dissimu-

343 863 447 891 eciam
473 871 529 898 pro
554 861 587 889 ei
609 861 629 889 f.
677 862 787 890 Verba
801 861 874 889 inde
888 862 927 890 ab
947 859 1050 887 ctiam
1071 868 1172 894 usque
1191 860 1230 888 ad
1253 861 1363 886 [anien
1382 861 1499 888 absunt
1520 866 1539 888 a
1558 859 1640 888 libro
1660 858 1776 887 Colvii.

343 905 651 943 exlrcmaflagilia
664 915 705 935 ex
718 909 914 941 glossemate
928 906 960 933 in
973 907 1008 934 B.
1024 908 1050 933 el
1068 906 1102 934 P.
1117 909 1144 933 et
1159 906 1194 932 F.
1211 906 1239 931 1.
1253 905 1286 932 in
1300 905 1460 938 excerptis
1475 906 1514 933 ad
1529 911 1628 939 marg.
1643 906 1691 932 ed.
1707 905 1798 933 Colv.

1824 861 2074 895 verumptamen
2092 860 2129 887 D.

1845 902 1950 940 lmpus
1963 906 2000 932 l).
2015 905 2132 933 Contra

343 962 454 982 omnes
468 956 548 982 mss.
562 953 719 981 Pricaeus
734 951 941 985 participium
955 953 1143 986 susceptum
1157 950 1390 978 eliminandum
1405 958 1478 978 esse
1492 950 1628 983 putavit.
1653 951 1752 977 Recte
1771 950 1915 984 explicat
1928 950 2023 977 Oud.:
2049 951 2130 983 quod

343 1000 425 1027 inse
440 1000 621 1034 receperat,
647 1004 684 1026 eo
698 998 887 1025 conductus.
935 995 1091 1031 ospitium
1114 997 1149 1023 G.
1167 997 1194 1022 l.
1242 1002 1284 1021 ιιι·
1297 993 1347 1021 m'l
1363 996 1398 1023 G.
1412 996 1443 1023 2.
1491 994 1594 1021 etiam
1608 1002 1695 1021 nunc
1710 995 1801 1023 Colv.
1823 1002 1915 1028 quem
1934 994 2038 1023 seculi
2057 999 2133 1023 sunt

344 1045 451 1073 u'ow.
466 1047 496 1072 et
508 1043 592 1071 Prie.
617 1045 683 1071 Nec
695 1044 779 1070 male
793 1042 821 1070 si
836 1044 916 1070 Mss.
931 1041 1126 1069 addicerent.
1152 1041 1234 1069 Vide
1254 1041 1294 1068 ad
1315 1042 1402 1068 Suet.
1417 1041 1487 1068 0111.
1508 1048 1535 1067 c.
1550 1041 1580 1068 9.
1600 1043 1630 1068 et
1649 1040 1728 1068 alibi
1741 1041 1840 1074 Apul.
1853 1043 1929 1068 Met.
1943 1041 1996 1067 lx.
2011 1048 2040 1074 p.
2056 1041 2131 1068 615.

343 1096 481 1116 securus
505 1087 634 1115 etiam
658 1095 737 1114 uun
745 1095 773 1114 c.
799 1088 860 1114 Sed
875 1089 954 1114 Mss.
970 1089 998 1114 et
1012 1087 1092 1114 Etld.
1107 1086 1200 1114 Vulc.
1215 1089 1275 1113 etc.
1291 1086 1367 1113 dant
1380 1084 1576 1112 etiamtunc.
1602 1087 1637 1113 In
1653 1093 1681 1119 p.
1696 1084 1799 1112 eciam
1814 1092 1897 1114 cum.
1922 1086 1957 1113 ln
1974 1084 1993 1113 f.
2009 1089 2040 1113 et
2052 1086 2132 1114 End.

344 1138 417 1163 vett.
432 1137 478 1162 est
494 1134 596 1160 eliam
613 1135 691 1161 tum.
718 1132 913 1160 Gulielmius
928 1138 982 1165 pro
998 1129 1066 1158 tale
1080 1132 1208 1158 volebat
1222 1129 1306 1157 mali
1318 1138 1358 1158 ex
1371 1130 1520 1158 Terentio
1542 1129 1596 1165 (Ie)
1621 1131 1699 1158 Sine.
1713 1129 1808 1158 dubio
1821 1133 1869 1158 est
1889 1132 1981 1158 locus
1995 1130 2096 1158 Andr.
2108 1131 2131 1158 1.

346 1181 372 1208 1.
393 1181 445 1208 89.
473 1176 568 1205 Nihil
585 1178 761 1214 suspicans
781 1177 885 1204 eliam
904 1175 995 1205 muli.
1045 1175 1233 1203 obsera-acis
1253 1176 1365 1204 venet.
1387 1177 1417 1204 4.
1465 1173 1692 1202 denunciando
1713 1177 1747 1204 G.
1770 1177 1799 1204 Ἰ.
1838 1173 2039 1202 ‹lenuneiane
2059 1176 2132 1204 Ald.

343 1222 522 1252 denuntiat
541 1226 624 1252 lunt.
643 1225 691 1260 2..
717 1224 800 1256 quod
820 1223 904 1250 idem
924 1222 977 1249 vir
995 1222 1106 1249 doctus
1126 1220 1246 1256 (Tell.)
1267 1220 1406 1255 margini
1425 1220 1555 1249 adlevit.
1582 1222 1644 1248 Sed
1666 1221 1705 1249 ad
1726 1223 1802 1249 Met.
1817 1221 1890 1249 vn.
1917 1228 1946 1255 p.
1965 1221 2042 1249 537.
2067 1228 2132 1247 mm

343 1268 437 1298 sibilo
452 1271 638 1297 contentus.
686 1267 898 1294 ermeinentia
921 1266 961 1295 cf.
975 1267 1173 1295 Aristaenet.
1187 1266 1278 1300 epist.
1293 1266 1418 1301 ultima,
1445 1273 1540 1299 quam
1555 1266 1664 1294 citavit
1679 1265 1893 1301 Lindenbrog.
1929 1264 2043 1292 calida
2057 1268 2092 1293 (ὲ.
2104 1267 2133 1295 1.

343 1318 375 1342 ιί
389 1319 464 1343 ante
477 1313 523 1341 ud
534 1312 725 1341 huiusmodi
736 1314 823 1341 deest
838 1313 871 1340 in
885 1313 922 1340 D.
970 1310 1017 1338 acl
1028 1319 1090 1339 non
1105 1314 1264 1345 comparet
1279 1312 1311 1339 in
1323 1312 1356 1338 P.
1373 1310 1394 1338 f.
1408 1319 1436 1344 p.
1483 1308 1712 1338 huiuscemodi
1722 1311 1860 1339 Scriver.
1877 1313 1966 1346 bene,
1981 1312 2036 1339 sed
2051 1313 2132 1339 mss.

343 1361 573 1397 addicendum,
601 1359 719 1392 quibus
733 1358 847 1386 invitis
861 1357 942 1386 niliil
957 1361 1021 1385 erat
1040 1357 1266 1384 innovandum.
1294 1357 1468 1389 Utrumque
1482 1356 1652 1390 usurpavit
1665 1357 1839 1391 ApuletuS,
1855 1359 1885 1383 ut
1900 1356 2020 1384 Floridi
2037 1356 2133 1384 index

344 1407 457 1433 docere
477 1408 591 1439 potest.
618 1404 707 1431 Sicut
726 1411 786 1432 nec
805 1403 962 1430 Pricaeus
988 1403 1121 1429 debebat
1148 1402 1310 1429 coniicere
1323 1399 1579 1436 praeastutula.
1616 1402 1728 1435 Aeque
1752 1403 1838 1429 enim
1858 1408 1922 1437 per
1946 1401 2133 1429 intendendi

344 1457 465 1478 caussa
484 1457 522 1478 ac
538 1457 626 1485 prae
639 1449 802 1482 Apuleius
822 1447 994 1475 adit-clivis
1016 1446 1177 1483 praefinit,
1206 1450 1236 1473 ut
1254 1448 1456 1481 peracutus.
1479 1449 1686 1481 perurgnlus
1701 1449 1742 1474 al.
1769 1444 1955 1473 Peraseuee
1969 1447 2087 1480 legitur
2100 1447 2132 1474 in

344 1497 451 1524 Plaut.
466 1496 648 1523 Truc.11.2.
659 1495 711 1521 43.
725 1494 781 1522 sed
797 1492 894 1520 dubia
907 1493 1012 1520 adhuc
1027 1492 1175 1519 lectione.
1200 1493 1234 1519 lu
1249 1488 1275 1519 δῖ
1293 1496 1338 1518 est
1351 1490 1590 1527 perastutula.
1617 1493 1658 1525 {E
1673 1492 1832 1520 contrario
1845 1496 1955 1519 amant
1969 1491 2134 1519 inferioris

344 1541 462 1568 aetatis
487 1540 662 1573 scriptores
686 1537 958 1575 significationem
981 1537 1214 1566 adiectu-orum
1238 1544 1294 1571 per
1312 1544 1401 1573 prae
1425 1537 1697 1571 praepositionem
1720 1538 1884 1572 adaugere
1907 1536 1949 1565 cf.
1969 1537 2074 1565 Pium.
2093 1537 2133 1564 ad

343 1586 434 1615 Pers.
446 1586 485 1614 11.
499 1583 581 1621 54.]

345 1702 384 1736 4.
400 1699 462 1735 63.
490 1695 641 1747 Siquis
656 1693 927 1746 prohibuerit,
949 1692 1047 1744 plus
1064 1692 1214 1743 perdet

345 1753 468 1798 clam,
502 1765 622 1803 quam
656 1752 689 1789 si
710 1750 1050 1801 praehibuerit
1069 1748 1213 1799 palam

345 1813 383 1846 et
416 1809 589 1859 saepius,
622 1806 725 1845 Oud.
753 1806 901 1844 mavult
927 1805 1212 1856 praehibendo

345 1864 408 1902 vel
439 1863 658 1915 perhibens
693 1861 781 1900 coll.
818 1862 914 1900 Met.
939 1860 1003 1899 Vl.
1041 1874 1079 1911 p.
1117 1864 1213 1900 442.

340 1921 596 1973 praesidium
616 1933 649 1971 p
658 1933 678 1956 r
687 1934 711 1958 α
720 1932 740 1957 e
750 1918 772 1956 b
781 1932 801 1957 e
810 1919 832 1956 b
842 1919 898 1957 ἰηι
907 1932 931 1956 u
939 1931 967 1956 s.
1007 1916 1121 1954 Curru
1126 1921 1211 1968 pte—

347 1978 421 2015 lani
443 1990 533 2014 vero
552 1974 861 2026 antiquissimam
881 1987 992 2019 esse,
1017 1974 1130 2012 testis
1152 1977 1214 2011 est

345 2033 515 2071 Florent.
541 2036 596 2079 3.,
623 2034 658 2070 in
685 2045 760 2082 quo
785 2044 809 2068 a
827 2044 941 2069 manu
960 2030 1132 2068 secunda
1156 2043 1213 2068 re·

345 2090 528 2140 scriptum
555 2093 616 2127 est
636 2087 904 2139 prehendens.
938 2085 1031 2124 Cum
1058 2087 1212 2138 optimis

346 2146 457 2194 igitur
476 2146 586 2183 codd.
603 2144 846 2196 praebendo
870 2143 1110 2181 retinendum
1137 2147 1211 2182 est.

353 2203 483 2241 Vitam
509 2207 658 2245 tenere.
689 2214 758 2251 pro
781 2213 855 2250 quo
878 2199 1102 2238 Groslotius
1126 2214 1213 2238 con-

347 2260 491 2297 iecerat
527 2257 697 2301 terebat,
741 2256 877 2294 dicitur
912 2269 982 2307 pro
1019 2257 1213 2295 sustinere

349 2315 398 2353 ct'.
425 2315 475 2353 ad
500 2314 596 2352 Met.
624 2313 652 2351 l.
678 2327 716 2364 p.
743 2317 807 2352 24.
842 2326 923 2364 quo
956 2317 1125 2364 quaestu
1155 2326 1214 2351 me

347 2371 426 2421 (vei
443 2372 574 2419 vitam)
591 2374 754 2415 teneam,
774 2372 815 2406 ut
829 2369 999 2406 nonnulli
1015 2369 1065 2407 ibi
1081 2369 1214 2420 legere

347 2428 558 2465 instituunt.

405 2485 545 2523 tenuis.
573 2482 739 2535 [Tenuis
763 2483 922 2533 saepius
947 2494 1016 2532 pro
1042 2495 1214 2533 paupere

348 2541 421 2579 dici
460 2541 702 2578 demonstrat
738 2537 874 2576 Heius.
905 2538 955 2576 ad
991 2536 1149 2577 Petron.
1181 2552 1214 2577 c,

347 2596 515 2635 LXXV.
549 2609 585 2646 p.
616 2599 711 2635 487.
741 2595 802 2633 ed.
834 2594 983 2638 Burin..
1020 2596 1084 2644 qui
1113 2594 1215 2634 hunc

348 2666 504 2703 quoque
531 2653 655 2690 iocum
681 2651 1029 2701 commemoravit]

401 2715 607 2761 postrema
632 2709 812 2747 lascivia.
860 2707 971 2745 Male
996 2706 1100 2745 Bert.
1126 2708 1210 2746 cod.

347 2771 527 2805 esttrema
563 2777 612 2802 ex
648 2764 890 2815 glossemate
926 2763 1055 2802 habet.
1103 2763 1211 2802 Nihil

348 2824 448 2860 enim
484 2822 663 2865 interest,
707 2825 887 2859 extrema
923 2833 969 2858 an
1004 2824 1211 2870 postrema

350 2879 477 2928 lega&
515 2879 566 2915 ita
600 2881 641 2915 ut
677 2890 726 2913 ex
755 2876 831 2913 side
861 2880 1006 2914 tantum
1033 2876 1134 2915 iuss.
1160 2877 1210 2913 de

351 2935 513 2972 lectione
527 2934 704 2971 iudicium
719 2932 896 2983 pendeat.
924 2932 970 2970 ct'.
987 2931 1053 2971 IX.
1068 2947 1103 2984 p.
1121 2937 1212 2973 638.

350 2992 553 3042 vesal-ium
584 2991 717 3041 iuquit
749 2994 789 3027 et
817 2994 1079 3028 est-tremum
1106 2991 1212 3040 faci-

349 3061 435 3085 τηις.
454 3045 624 3085 MetJV.
641 3060 675 3097 p.
687 3049 778 3085 283.
798 3045 1007 3097 oyraude.
1034 3047 1211 3097 iuquam,

350 3107 386 3139 ct
411 3107 669 3141 eartremum
691 3101 971 3154 slayitium.cs.
987 3101 1210 3141 admetlll.

350 3171 386 3207 p.
413 3162 505 3198 202.
531 3157 606 3209 [lta
630 3171 715 3196 cum
743 3157 876 3196 Schol.
902 3157 952 3196 ad
978 3158 1084 3209 Yirg.
1111 3158 1210 3197 Aen.

1271 1692 1339 1731 lv,
1359 1691 1445 1733 179.
1473 1705 1587 1742 quem
1607 1691 1698 1730 Mai.
1722 1691 1842 1730 edidit
1867 1690 2039 1743 explico:
2066 1705 2132 1730 ez-

1270 1753 1445 1787 tremum.
1501 1750 1642 1788 Utrum
1662 1749 1897 1801 pessimam?
1923 1762 1976 1786 un
2001 1747 2132 1787 erudi-

1271 1806 1349 1843 tius
1373 1806 1512 1851 sensit,
1540 1810 1584 1844 ut
1603 1806 1771 1856 leyimus
1790 1805 1906 1856 opud
1927 1804 2133 1843 Medicos:

1270 1862 1527 1912 degenerare
1562 1867 1800 1900 extremos
1831 1864 2005 1912 partus?
2052 1860 2132 1898 Sed

1265 1921 1472 1969 postrema
1499 1918 1734 1968 probissima
1758 1922 1819 1955 est
1843 1917 1956 1955 lectio
1982 1916 2029 1955 cs.
2057 1917 2133 1954 De-

1273 1973 1350 2012 der.
1365 1973 1415 2011 ad
1429 1974 1530 2012 Dict.
1547 1972 1645 2012 Cret.
1662 1973 1727 2012 lV.
1744 1978 1780 2014 3.
1795 1987 1831 2024 p.
1847 1977 1938 2013 341.
1954 1973 2133 2011 Glossar.

1271 2030 1334 2080 qui
1361 2030 1492 2080 piures
1519 2030 1627 2068 locos
1652 2031 1803 2068 excitat.
1831 2028 1906 2068 Cic.
1931 2043 1999 2081 pro
2014 2029 2136 2068 Rose.

1270 2086 1440 2125 Amerin.
1463 2084 1572 2127 0447.
1597 2086 1692 2125 Met.
1707 2085 1776 2125 IX.
1796 2099 1830 2137 p.
1849 2089 1941 2127 658.
1967 2099 2135 2139 mamm-c

1271 2148 1307 2182 et
1318 2148 1542 2194 postremas
1556 2144 1722 2182 domino
1737 2143 2135 2183 cladesamnmetans

1272 2199 1320 2238 cs.
1347 2199 1442 2237 infra
1467 2213 1502 2250 p.
1530 2200 1640 2251 633]

1336 2256 1496 2295 Veneris
1522 2256 1894 2295 colluctationibus.
1959 2254 2133 2293 Scriben-

1272 2312 1362 2349 dum
1406 2325 1498 2350 esse
1542 2313 1725 2352 Venereis
1766 2311 2133 2355 colluctationibus,

1271 2370 1465 2407 sententia
1479 2368 1769 2413 estStewecliiL
1782 2368 1961 2418 idemque
1975 2367 2136 2406 correxit

1272 2430 1413 2476 postea
1426 2427 1540 2464 etiam
1550 2425 1597 2464 N.
1606 2425 1741 2463 Heius.
1751 2425 1800 2463 ad
1809 2424 1922 2463 Ovid.
1932 2423 2133 2462 Metvlll.

1273 2486 1367 2522 862.
1392 2483 1609 2535 studioque
1635 2486 1826 2533 operatus
1850 2481 2014 2520 inhaesi.
2054 2480 2133 2518 Sed

1273 2537 1321 2577 cf.
1346 2538 1395 2576 ad
1420 2538 1517 2577 Met.
1543 2537 1586 2576 11.
1620 2552 1655 2589 p.
1683 2542 1746 2578 92.
1778 2538 1830 2576 (le
1856 2537 2049 2587 saucibus
2079 2537 2132 2576 lu·

1268 2594 1400 2646 pidis,
1432 2595 1497 2633 ubi
1528 2594 1630 2632 Mss.
1664 2594 1905 2645 pertinaciter
1929 2593 2132 2641 genitivum.

1270 2651 1501 2689 substantivi
1520 2655 1694 2697 servant,
1722 2650 1827 2689 multi
1849 2649 1947 2689 Edd.
1970 2663 2058 2688 vero
2080 2649 2133 2688 Iu-

1267 2709 1404 2758 pilleis
1430 2709 1630 2757 corrigunt.

1327 2765 1556 2815 hospitium.
1585 2763 1838 2815 [Hospitium
1857 2763 1918 2801 hic
1932 2776 1999 2813 pro
2014 2763 2133 2801 «loma

1270 2821 1438 2872 positum
1476 2824 1558 2865 est,
1595 2823 1636 2858 ut
1667 2821 1700 2857 in
1733 2832 1845 2870 seqq.
1879 2832 1916 2869 p.
1945 2822 2036 2859 603.
2085 2817 2134 2855 cl'.

1269 2876 1401 2915 Barth.
1425 2876 1594 2915 Advers.
1620 2874 1764 2914 XXiil.
1791 2880 1825 2916 9.
1852 2889 1888 2926 p.
1918 2875 2053 2927 1131.]

1329 2933 1459 2972 dolio.
1511 2933 1697 2984 [Saepius
1712 2933 1811 2969 enim
1827 2932 1988 2970 adulteri
2003 2932 2132 2969 marito

1271 2990 1568 3040 superveniente
1599 2989 1634 3026 in
1668 3002 1755 3026 arca
1786 2988 1944 3026 doliove
1969 2989 2132 3025 abscou-

1272 3046 1471 3089 «leuantur,
1503 3045 1550 3083 ci'.
1578 3058 1677 3095 quae
1702 3048 1899 3095 exponunt
1924 3043 2062 3082 Heind.
2094 3047 2131 3080 et

1270 3101 1386 3139 Both.
1420 3102 1470 3139 ad
1500 3101 1631 3139 Horat.
1664 3101 1745 3139 Sat.
1779 3100 1820 3139 ΙΙ.
1854 3106 1888 3141 7.
1921 3104 1973 3141 59
2004 3113 2063 3150 sq.
2095 3102 2132 3135 et

1270 3157 1353 3196 init.
1379 3158 1429 3196 ad
1453 3157 1665 3197 lux-eu.V1.
1692 3162 1756 3198 44.
1785 3156 1882 3196 Prie.
1909 3157 1958 3195 ad
1983 3156 2020 3196 h.
2046 3154 2095 3207 1.]
