2221 3667
348 170 430 210 502

602 168 650 209 L.
676 168 897 208 APULEH
928 165 1328 206 MADAURENSIS
1358 164 1898 208 METAMORPHOSEON

346 286 553 330 ovantem,
580 280 671 321 sinu
696 281 823 322 serico
843 286 1077 335 progestans
1098 278 1280 328 nucleos,
1309 278 1436 318 edulia
1457 279 1635 329 mitiora,
1663 287 1700 319 te
1720 295 1845 321 meum
1867 281 2142 336 sospitatorem

346 336 518 389 quotidie
544 336 750 391 saginabo.

857 484 1303 533 CAPUT
1398 485 1627 532 XXIX.

457 596 535 640 Sed
569 612 641 638 nec
673 598 776 636 inter
801 595 909 635 cibos
935 595 1124 635 delicatos
1150 602 1189 636 et
1214 597 1334 636 otium
1367 596 1603 649 profundum
1629 595 1808 660 vitaeque
1835 597 1954 637 totius
1979 596 2146 638 beatitu-

345 655 473 695 dinem
501 655 626 695 deerit
649 653 718 692 tibi
745 652 919 705 dignitas
946 652 1131 706 glorios-1.

1179 650 1284 692 Nam
1311 652 1538 692 memoriam
1571 653 1791 706 praesentis
1825 655 2007 694 fortunae
2037 668 2148 695 meae

345 712 578 764 divinaeque
605 709 873 763 proxidentiae
899 715 1086 763 perpetua
1111 708 1324 748 testatione
1350 708 1536 762 signah0‚
1566 716 1604 749 et
1625 709 1839 763 depictam
1830 724 1868 749 in
1883 710 2015 751 tabula
2031 711 2147 764 fugae

344 767 564 822 praesentis
591 765 802 819 imaginem
829 779 940 805 meae
966 766 1102 805 domus
1129 765 1230 805 atrio
1258 765 1460 806 dedicaho.
1490 764 1656 807 Visetur
1675 773 1714 806 et
1738 766 1778 806 in
1807 766 1947 807 fabulis
1968 767 2149 808 audietur

342 896 439 924 ειήιηι
454 897 490 924 D.
506 903 525 923 a
539 903 577 923 m.
595 903 625 929 p.

343 944 391 970 ed.
406 942 497 970 Colv.
513 941 597 969 dedit
613 948 669 975 pro
683 938 807 969 edulia.

341 990 414 1015 cett.
428 985 604 1023 saginabo.

432 1034 485 1058 est
497 1030 602 1058 otv’um
618 1038 672 1065 pro
686 1033 718 1057 et
733 1032 768 1059 F.
784 1032 814 1059 3.

340 1077 518 1114 imaginem
530 1077 591 1104 m?
604 1078 641 1105 G.

671 897 854 931 progestas
869 896 903 923 P.
918 896 952 923 0.

342 1188 393 1227 ad
417 1186 533 1226 Ovid.
559 1187 658 1226 Met.
678 1186 729 1226 X.
749 1192 840 1228 112.
867 1188 1077 1239 effingebat
1102 1189 1217 1227 inan-

340 1244 574 1290 riculatum,
602 1245 691 1294 qnia
715 1258 829 1283 aures
857 1245 1077 1283 animalium
1103 1245 1217 1283 etiam

342 1305 501 1340 ornatae
526 1300 705 1340 fuissent.
733 1302 815 1340 Sed
842 1306 947 1341 recte
972 1305 1103 1339 monet
1117 1300 1217 1340 Oud.

342 1359 476 1398 bullas
511 1372 586 1396 non
623 1358 813 1410 pendisse
845 1372 894 1397 ex
925 1359 1109 1404 auribus,
1147 1372 1220 1396 nec

342 1428 413 1453 eas
439 1414 550 1453 solas
577 1428 711 1453 ornare
731 1414 910 1453 voluisse
931 1414 1115 1467 puellam.
1154 1415 1220 1452 Ad

341 1472 440 1510 haec
454 1485 476 1508 e
489 1484 603 1523 seqq.
619 1473 927 1522 comparatione,
955 1472 1075 1510 veluti
1093 1472 1219 1510 stellis

342 1529 440 1566 satis
480 1529 680 1566 veritatem
716 1529 931 1579 scripturae
968 1528 1217 1567 inoccdatum

341 1588 491 1636 patere.
540 1583 597 1623 Ita
633 1586 794 1636 saepius
834 1587 974 1625 oeulos
1010 1585 1217 1623 amicarum

342 1642 469 1681 stellis
494 1645 533 1679 et
557 1641 758 1680 sideribus
782 1646 960 1680 amantes
981 1654 1217 1692 comparare,

343 1700 479 1748 sicque
505 1698 672 1736 adscribi
699 1698 837 1735 oculos
864 1699 999 1737 caudis
1026 1711 1218 1749 pavonum

343 1755 583 1805 aliarumque
609 1768 731 1792 rerum
758 1755 958 1806 splendori
985 1754 1071 1793 coll.
1100 1754 1218 1792 (ἐι-(ιιι.

342 1811 512 1850 Observ.
539 1810 582 1849 ll.
614 1815 674 1851 ¹16.
700 1810 894 1850 Burm.ad
910 1810 1136 1849 Ovhlffllet.
1154 1810 1216 1848 lv,

343 1872 436 1909 228.
465 1867 601 1919 [Plura
626 1867 734 1905 dabit
757 1867 894 1906 Heius.
918 1866 1216 1906 Advers.111.1.

341 1938 379 1976 p.
419 1929 530 1969 391..
577 1924 641 1974 qni
687 1928 859 1962 nostrum
897 1924 1026 1963 locuni
1071 1924 1217 1971 citavit3

341 1981 471 2019 Burm.
494 1981 544 2019 ad
559 1980 720 2019 Anthol.
736 1980 823 2019 Lat.
841 1980 882 2019 T.
907 1980 932 2019 l.
949 1994 985 2031 p.
1003 1984 1094 2021 617.
1120 1980 1219 2020 Cum

344 2039 479 2091 quatit
511 2043 549 2076 et
586 2038 763 2075 caudam
795 2037 993 2077 Imzonius
1029 2037 1220 2087 exple'cat

343 2095 444 2140 ales,
472 2094 591 2133 Mille
617 2093 796 2139 oculos,
821 2108 1001 2146 ,qemmas
1019 2093 1130 2132 mille
1151 2094 1217 2132 cle-

344 2156 479 2190 centcr
505 2151 703 2189 lmbet....
725 2150 805 2190 hac
830 2151 932 2190 illuc
954 2153 1097 2203 flectat
1110 2150 1217 2188 ocel-

344 2208 421 2254 los,
461 2208 556 2245 him,-
588 2208 706 2246 z'llinc·
738 2208 875 2246 rideas
909 2220 1078 2246 currere
1110 2206 1220 2245 mille

340 2268 469 2317 faces,
494 2264 557 2302 nbi
583 2265 815 2314 interpretes
841 2267 977 2310 errant,
1005 2264 1069 2313 qui
1084 2263 1218 2301 ultimo

342 2321 418 2359 hoc
442 2334 559 2358 versu
585 2320 807 2358 absolutum
833 2334 928 2358 esse
953 2333 1106 2359 carmen
1133 2333 1219 2357 con-

341 2377 513 2415 tendunt.
531 2376 660 2423 Quum
673 2378 773 2414 enim
788 2378 823 2414 in
839 2377 1220 2428 praegressistribus

343 2433 521 2472 distichis
542 2432 709 2471 Gentiae
730 2433 956 2484 capillorum
979 2434 1097 2471 decor
1110 2436 1220 2470 esset

342 2491 567 2541 expositus,
593 2489 655 2527 hic
675 2502 830 2539 quoque
851 2490 900 2528 (le
920 2491 1004 2528 eius
1019 2490 1218 2528 oculorum

341 2546 646 2599 pulchritudine,
685 2547 748 2596 qui
786 2560 872 2584 cum
905 2547 1031 2585 lucido
1069 2547 1219 2585 caudae

341 2604 534 2655 pavoniae
549 2606 773 2641 ornamento
788 2607 1075 2655 comparantur,
1092 2602 1218 2641 fusius

341 2660 546 2699 (licendum
556 2663 647 2697 erat.
663 2659 835 2705 Lacuna,
845 2662 988 2709 quaein
1003 2659 1216 2711 penultimo

343 2730 459 2755 versu
485 2720 565 2761 est,
590 2717 642 2754 ita
668 2716 824 2754 forsitan
857 2720 994 2766 potest
1023 2716 1215 2767 suppleri:

342 2774 400 2812 Et
412 2788 501 2814 cum
510 2774 720 2825 fulycutes
740 2772 820 2812 leue
840 2773 940 2811 illuc
957 2774 1098 2826 flectat
1114 2773 1217 2811 ocel-

342 2831 416 2871 los.
462 2830 541 2867 Vel
566 2829 601 2867 si
624 2829 842 2867 mutilatum
873 2829 940 2866 tibi
966 2844 1039 2867 non
1067 2829 1218 2867 videtur

341 2900 435 2925 esse
450 2899 620 2931 carmen,
647 2886 710 2924 hic
724 2886 960 2924 substituas:
989 2886 1061 2924 Sic
1075 2900 1123 2925 ea
1134 2886 1216 2938 fnl-

340 2948 479 2995 (sentes
504 2943 584 2982 lucc
607 2943 709 2982 illuc
729 2943 874 2995 flectat
898 2943 1058 2981 ocellos.
1099 2942 1216 2981 Inuu-

340 3005 465 3045 ratus,
492 2999 594 3050 quod
610 3000 644 3037 in
659 2998 818 3051 Apuleii
833 2998 920 3037 loco
935 2999 1021 3037 cod.
1035 3001 1068 3037 ὃ.
1082 2999 1215 3045 habet,

343 3056 481 3106 cuique
495 3055 671 3107 proxime
685 3054 838 3094 accedit
859 3055 973 3093 lectio
994 3056 1214 3101 immlatus,

341 3124 412 3161 per
436 3126 482 3149 se
501 3111 660 3150 defendi
682 3116 840 3164 posset,
869 3112 940 3150 nisi
955 3113 1092 3151 aureis
1105 3126 1214 3163 prae-

342 3167 511 3206 cederet.
559 3167 617 3206 Ita
642 3167 802 3207 Tertull.
834 3168 885 3206 de
910 3167 1011 3207 Pall.
1044 3182 1077 3207 c.
1102 3172 1138 3208 3.
1165 3169 1216 3206 de

1001 893 1115 922 edulia
1127 894 1270 922 mitiora
1281 895 1388 923 Scriv.
1403 896 1497 923 uncis
1512 896 1656 924 inclusit.

856 939 1022 967 saturabo
1038 941 1073 969 F.
1089 942 1120 969 3.
1140 939 1202 975 (ex
1215 941 1433 976 correctione)
1453 943 1488 970 G.
1508 942 1546 969 D.
1567 941 1603 969 P.
1623 942 1661 969 R.
1683 942 1716 970 0.
1733 941 1753 969 f.
1768 949 1805 970 π.
1825 949 1866 970 ex
1879 944 2087 976 glossemate.
2111 944 2149 970 ln

849 1029 993 1058 deerunt
1006 1040 1035 1065 p.
1072 1033 1109 1058 ul
1124 1029 1290 1067 depictam
1304 1032 1339 1059 0.

690 1076 853 1105 vi‘setnru.
881 1073 1049 1104 Audiemr
1062 1079 1098 1107 G.
1113 1078 1151 1106 D.
1165 1078 1202 1106 P.
1250 1074 1412 1104 audietur
1423 1075 1613 1117 v'nsubulas
1628 1079 1663 1105 G.
1680 1079 1716 1107 υ.
1732 1078 1767 1106 Ρ.

1705 899 1739 922 et
1751 894 1864 923 dulcia
1878 897 1916 925 V.
1930 897 1969 924 D.
1992 897 2033 925 ad
2047 903 2147 931 marg.

1377 1031 1412 1058 2⁰12
1426 1035 1501 1059 ante
1516 1030 1634 1058 tabula
1648 1039 1709 1060 non
1725 1035 1884 1067 comparo(
1900 1032 1932 1061 in
1947 1033 1995 1061 ed.
2010 1032 2148 1062 Scriver.

1276 1201 1429 1240 pavone
1444 1188 1549 1226 dicit:
1570 1188 1827 1241 Quamquam
1840 1193 1878 1227 et
1886 1202 1996 1241 pavo
2006 1189 2150 1240 pluma

1276 1245 1392 1283 vestis
1405 1250 1444 1283 et
1459 1245 1621 1297 quidem
1637 1245 1688 1283 de
1702 1246 1923 1290 eatae-litis,
1949 1246 2028 1284 imo
2045 1246 2150 1284 omm‘

1278 1302 1498 1354 conchylio
1521 1303 1720 1352 pressior,
1749 1316 1830 1354 qua
1856 1302 1965 1341 colla
1987 1304 2149 1355 florent,

1278 1363 1317 1396 et
1352 1359 1460 1396 omni
1491 1359 1674 1410 patayio
1719 1359 2023 1404 inauratior,
2069 1373 2150 1411 qua

1277 1419 1396 1466 tergsa
1408 1415 1577 1466 ful-qens
1596 1419 1634 1452 et
1648 1416 1756 1452 omni
1777 1419 1949 1467 syrmate
1962 1416 2086 1454 soluti
2091 1429 2150 1460 or,

1279 1485 1362 1522 qua
1383 1471 1544 1509 (nudae
1563 1472 1716 1515 iacent,
1742 1471 1805 1509 ubi
1827 1471 2008 1522 equidem
2023 1485 2151 1509 emen·

1277 1526 1326 1564 do
1353 1527 1531 1579 tument]

1331 1588 1582 1635 pr11qestt171s
1602 1585 1787 1629 nucleos,
1814 1584 1954 1623 odulia
1973 1586 2149 1624 mitiora.

1276 1638 1378 1678 Oud.
1395 1640 1494 1677 haec
1513 1639 1689 1678 adnotat:
1717 1639 1767 1678 Ut
1783 1641 1912 1678 Verus
1927 1640 2151 1692 Imperator,

1279 1710 1395 1747 quem
1421 1696 1551 1734 forsan
1578 1697 1652 1735 hac
1683 1697 1815 1735 sabula
1846 1710 2006 1748 carpere
2030 1698 2153 1736 voluit

1278 1753 1492 1805 Apuleius,
1524 1755 1558 1791 ei
1585 1754 1784 1804 aequalis,
1816 1754 1919 1805 apud
1947 1753 2152 1805 Capitolin.

1278 1824 1309 1848 c.
1339 1813 1375 1849 6.
1401 1823 1506 1862 equo
1528 1812 1702 1862 prasino
1723 1825 1870 1862 passas
1894 1825 1991 1850 uras
2016 1816 2054 1850 et
2076 1825 2153 1851 nu-

1278 1867 1325 1906 cl
1331 1880 1410 1905 eos
1435 1868 1613 1906 invicem
1633 1867 1780 1906 hordei
1800 1868 1841 1906 in
1856 1881 2059 1920 praesepe
2071 1881 2152 1920 po—

1277 1923 1406 1961 nebat.
1457 1923 1504 1962 cf.
1532 1924 1640 1962 Suet.
1669 1922 1789 1974 salig.
1817 1928 1880 1963 54.
1909 1922 2077 1963 Casani).
2103 1925 2153 1963 ad

1277 1979 1390 2018 Suet.
1415 1978 1528 2017 (aes.
1556 1980 1667 2020 c.8'1.
1693 1978 1815 2018 Porro
1842 1980 1962 2018 videri
1987 1986 2154 2032 possent

1276 2037 1352 2074 ista
1384 2035 1523 2075 edulia
1553 2038 1720 2075 ‘mitiora
1753 2050 1848 2074 esse
1878 2037 2016 2088 glossa
2044 2040 2153 2076 vocis

1276 2093 1463 2132 nucleos.
1514 2092 1629 2131 Certe
1659 2094 1855 2145 appositio
1887 2107 1962 2131 non
1989 2094 2153 2145 elegans

1278 2153 1340 2187 est
1364 2162 1411 2187 ac
1437 2150 1603 2188 Scriver.
1630 2151 1704 2187 iam
1730 2151 1838 2188 uncis
1865 2150 2032 2189 inclusit.
2058 2151 2153 2189 Vul—
2210 2173 2211 2177 =

1281 2207 1384 2256 garis
1406 2209 1533 2244 tamen
1556 2206 1670 2244 lectio
1692 2207 1860 2244 maxime
1878 2207 2088 2253 iuvabitur,
2120 2208 2154 2245 si

1278 2264 1431 2301 inseras
1458 2263 1638 2314 copulam
1664 2268 1711 2302 ct.
1740 2263 1863 2314 [idem
1889 2264 2005 2302 sentit
2017 2264 2153 2315 Argol.

1279 2320 1315 2357 in
1343 2323 1419 2357 not.
1446 2319 1496 2357 ad
1523 2318 1682 2358 Panvin.
1702 2320 1752 2357 de
1768 2320 1846 2359 lud
1861 2319 2030 2359 Circens.
2045 2320 2072 2358 I.
2091 2325 2153 2361 13.

1278 2390 1316 2428 p.
1336 2380 1384 2416 13
1391 2379 1518 2415 5.not
1535 2380 1600 2416 37.
1615 2376 1713 2415 haec
1727 2377 1950 2429 piolerens
1977 2378 2153 2424 nucleos,

1276 2433 1408 2471 mitior
1412 2447 1433 2471 a
1449 2431 1565 2470 eduli
1556 2447 1579 2470 ι
1598 2433 1701 2471 male
1715 2435 1984 2484 interpretatur
1998 2433 2155 2486 Apuleii

1279 2489 1530 2527 Scholiastes
1546 2502 1631 2526 cum
1653 2489 1850 2539 glossula:
1876 2490 1979 2528 unde
2005 2491 2091 2542 ipse
2117 2491 2152 2528 in

1277 2549 1385 2584 textu
1411 2546 1576 2583 unciolis
1602 2545 1885 2598 circumdedit]

1337 2601 1423 2640 CAr.
1451 2601 1599 2640 XXIX.
1639 2603 1914 2653 ‹Iepe'ctam—
1931 2603 2151 2643 dedicabo.

1275 2715 1381 2768 apud
1405 2715 1585 2765 antiquos
1610 2716 1674 2762 iis,
1712 2716 1775 2766 qui
1813 2716 1943 2766 aliquo
1981 2717 2154 2768 periculo

1276 2773 1511 2810 evasissent.
1526 2771 1566 2809 In
1581 2771 1655 2810 hac
1668 2771 1802 2810 tabula
1811 2771 2026 2819 calamitas,
2037 2787 2153 2824 quam
2202 2781 2205 2825 J

1276 2830 1457 2880 perpessi
1483 2832 1605 2874 erant,
1637 2829 1852 2867 accuratius
1879 2832 1961 2867 erat
1985 2829 2153 2882 depicta,

1275 2885 1456 2936 hancque
1488 2885 1650 2936 saepius
1687 2886 1722 2922 in
1754 2885 1850 2922 atrio
1882 2886 2038 2924 aedium
2070 2899 2154 2925 sus-

1275 2941 1520 2993 pendebant,
1551 2945 1593 2979 ut
1615 2954 1662 2979 se
1688 2942 2008 2992 introeuntesque
2032 2943 2153 2981 huius

1273 2999 1461 3049 temporis
1480 2997 1876 3044 commonefacerent,
1902 2999 1966 3037 vel
1986 2999 2061 3037 diis
2087 2999 2152 3037 de·
2201 3005 2203 3019 ³

1275 3055 1477 3099 dicabant,
1502 3068 1526 3092 a
1545 3054 1686 3104 quibus
1706 3055 1851 3092 servati
1866 3058 1985 3102 erant,
2000 3059 2152 3107 gratum
2200 3100 2202 3103 .

1274 3113 1441 3149 animum
1456 3111 1704 3155 testificaturi,
1723 3111 1787 3148 vel
1806 3111 1977 3163 denique
1996 3113 2151 3151 circum·
2198 3117 2201 3163 f

1274 3168 1470 3213 ferebant,
1495 3170 1537 3205 ut
1555 3167 1842 3206 miserationem
1858 3173 2150 3208 commoventes

2208 2447 2221 2618 i

1278 2659 1390 2712 [Mos
1416 2659 1518 2696 enim
1548 2658 1719 2697 tabulam
1750 2658 2041 2698 circumferendi
2073 2664 2154 2698 erat
2206 2688 2207 2693 ,
