2155 3590
640 148 829 190 LIBER
865 148 936 191 Vl.

996 149 1124 190 CAP.
1153 148 1319 189 XXVI.

1808 150 1888 193 491

101 262 305 314 decideris,
333 261 577 303 membratim
602 261 855 317 dissipabunt.
885 261 989 304 Nam
1014 269 1054 304 ct
1076 262 1143 303 illa
1166 262 1251 317 ipsa
1274 260 1477 316 praeclara
1503 262 1632 316 magia
1658 269 1723 303 tua
1747 262 1892 304 victum

100 412 168 441 qua
181 400 342 430 decideris
355 403 393 431 B.
404 406 434 431 et
449 404 519 431 edd.
532 406 609 431 vett.
645 401 707 430 illa
720 411 782 431 non
796 407 959 438 comparet
972 405 1005 432 in
1019 401 1047 433 ὃ.
1062 413 1093 438 p.
1117 402 1194 439 ipsa
1207 405 1298 431 abest
1312 404 1346 432 P.
1361 403 1395 431 in
1409 403 1570 438 excerptis
1583 404 1623 431 ad
1633 410 1733 438 marg.
1743 404 1792 432 ed.
1803 403 1894 432 Colv.

94 447 278 486 praeclare
289 449 348 477 Ed.
362 449 509 477 Beroald.
556 455 632 484 non,
648 450 731 482 quod
746 452 814 482 nost
831 451 891 476 tua
905 450 938 477 in
952 449 1118 478 nonnullis
1133 449 1222 477 codd.
1236 452 1265 477 et
1279 448 1427 476 omnibus
1441 448 1511 475 edd.
1524 451 1601 477 vett.
1616 452 1715 483 extat,
1729 456 1792 476 non
1806 455 1894 476 com-

100 497 190 528 paret
207 494 241 522 in
253 494 289 523 F.
304 495 334 523 ’1.
348 494 378 521 3.
394 494 429 522 G.
443 494 480 522 D.
495 494 531 522 P.
551 493 571 523 s.
591 494 675 522 Elm.
694 494 796 521 Scriv.
809 494 931 524 Floria.

978 494 1101 521 victum
1115 496 1152 523 G.
1166 495 1200 522 P.
1215 495 1252 522 D.
1267 494 1302 522 Ο.
1316 496 1345 522 et
1361 494 1396 522 F.
1410 494 1440 522 3.
1467 492 1520 528 (in
1534 501 1594 527 quo
1609 496 1715 522 tamen
1728 496 1768 522 ab
1783 494 1896 522 eadem

100 546 198 568 manu
211 539 245 567 in
258 539 405 573 margine
418 541 595 567 correctum
608 542 656 567 est
672 537 828 573 culezun.)
854 541 889 567 In
904 542 975 568 cett.
990 540 1084 568 libris
1099 543 1128 568 et
1142 541 1211 568 edd.
1226 542 1314 568 extat
1327 536 1465 567 vultum.

100 664 176 712 get.
191 659 241 699 V.
258 663 320 700 13.
341 660 733 712 prominentibus
758 661 820 699 vel
842 661 967 700 laten·

101 717 205 757 tibus
230 716 420 768 scopulis.
448 717 641 768 Apuleius
668 717 753 767 ipse
772 717 847 755 hoc
866 731 967 755 corn-

100 773 230 825 posito
255 773 415 824 saepius
439 774 565 812 utitur.
590 773 638 812 cf.
663 772 758 811 Met.
784 772 812 812 I.
837 788 875 825 p.
902 779 968 814 55.

102 829 254 882 tiyillo,
282 830 395 882 qnod
415 830 736 881 prominebat.
763 829 965 880 V.p.3-45.

100 887 143 924 in
179 899 324 924 morem,
366 885 553 924 Sirenum
588 886 760 937 scopulo
794 888 969 937 promt-

101 947 275 981 nentes.
301 940 368 980 VI.
388 956 423 994 p.
439 946 533 982 444.
552 943 640 980 sola
657 943 771 994 facte
793 957 824 994 p
835 944 969 981 romi-

101 1003 252 1037 nente.
282 997 350 1036 IX.
378 1011 414 1049 p.
441 1003 533 1039 645.
561 999 734 1050 dissitos,
769 1000 839 1050 qni
862 1013 970 1050 pro-

102 1054 357 1093 minebant.
383 1054 450 1093 Xl.
476 1069 512 1106 p.
540 1058 633 1095 778.
661 1055 746 1093 eins
771 1056 971 1107 orificium

96 1111 409 1163 prominebat.

152 1172 412 1218 penetrantes
424 1172 526 1205 ante.
577 1166 705 1217 [Hanc
720 1165 868 1204 Pricaei
884 1181 971 1205 con-

101 1225 284 1261 iecturam
319 1223 522 1274 probatam
560 1222 591 1260 F
596 1223 718 1260 lorido
756 1224 791 1260 in
823 1227 970 1261 textum

99 1280 246 1330 recepi,
290 1293 363 1316 non
401 1278 594 1316 sollicitus
632 1279 682 1316 de
720 1277 824 1317 Oud.
862 1279 970 1317 dubi-

99 1336 262 1374 tatione:
300 1335 445 1372 Verum
477 1336 510 1372 si
543 1334 679 1372 silices
705 1340 971 1386 penetrarent

99 1404 241 1443 corpus
266 1390 396 1435 Lucii,
421 1391 573 1429 videtur
596 1391 819 1442 potiusillis
834 1391 973 1429 aslixus

99 1452 139 1486 et
161 1447 355 1486 haesurus
381 1448 518 1492 fuisse,
546 1460 660 1498 quam
685 1447 847 1485 ulterius
873 1447 973 1486 deci-

99 1505 220 1543 disse.
270 1503 382 1542 Haec
417 1504 517 1541 enim
555 1503 672 1554 plane
709 1503 839 1555 inepta
870 1509 971 1543 sunt.

97 1560 201 1599 Nam
227 1560 422 1611 quomodo
442 1560 553 1598 aliter
571 1561 706 1597 asinus
726 1560 973 1599 membratim

100 1617 299 1669 dissipari
322 1620 492 1668 poterat,
530 1616 603 1654 nisi
638 1616 773 1655 silices
803 1618 856 1654 ita
889 1618 973 1655 eius

101 1686 243 1725 corpus
291 1672 555 1718 dissecarunt,
615 1676 734 1724 atque
788 1673 972 1712 dilacera-

98 1733 201 1776 runt,
226 1734 268 1768 ut
292 1728 448 1781 singula
471 1730 645 1767 membra
668 1743 692 1767 a
711 1734 792 1767 toto
811 1744 973 1781 corpore

101 1787 250 1825 abirent
273 1789 313 1824 et
336 1786 633 1839 dispararentur.
659 1785 745 1823 Hac
765 1787 814 1824 de
829 1799 973 1825 caussa

101 1843 342 1881 nominantur
367 1847 640 1894 praeacutae,
672 1847 716 1880 ut
745 1844 859 1893 quasi
889 1856 973 1894 per-

101 1899 296 1938 fodientes
322 1899 449 1937 onmia
475 1898 713 1950 praecidant.
757 1898 851 1937 ltem
878 1899 974 1937 dixit

105 1954 296 2007 Apuleius
320 1955 420 1993 Met.
435 1954 483 1993 V.
499 1967 535 2005 p.
551 1959 644 1995 370.
673 1955 816 2007 Neque
842 1961 973 1994 tamen

103 2012 161 2050 aaz
174 2012 290 2051 illum
304 2011 456 2055 locum,
481 2011 545 2049 vel
555 2011 694 2049 saltem
708 2016 867 2050 mortua
881 2026 973 2062 per-

101 2069 236 2106 venire
258 2069 405 2118 potnit.
433 2067 540 2105 Nam
563 2080 640 2118 per
664 2081 769 2105 sacca
795 2069 975 2106 cautium

103 2123 283 2162 membris
318 2124 483 2162 iactatis
518 2127 644 2174 atque
687 2123 899 2174 dissipatis
935 2129 977 2161 et

104 2180 296 2218 laceratz's
319 2179 538 2218 visceribus
561 2180 642 2218 suis
738 2180 904 2218 interiit.
931 2181 974 2218 si

103 2235 219 2274 lectio
245 2235 331 2274 cod.
357 2234 529 2273 Florent.
547 2240 582 2275 1.
605 2249 711 2287 pene
736 2241 829 2274 ante
855 2250 976 2288 qnam

102 2293 228 2343 ipsius
249 2295 360 2330 esset
378 2291 541 2336 codicis,
567 2304 695 2342 neque
716 2305 806 2329 vero
822 2306 844 2329 a
861 2306 976 2331 manu

103 2348 279 2386 secunda
303 2349 338 2386 in
364 2349 536 2398 margine
562 2349 762 2399 apposita,
790 2361 873 2386 eam
889 2349 976 2387 sine

104 2405 222 2443 dubio
259 2408 301 2443 ut
330 2403 553 2443 facillimam
584 2404 809 2455 reciperem.
863 2404 977 2443 Nunc

105 2475 195 2499 vero
209 2474 327 2512 quum
341 2473 478 2499 omnes
493 2460 639 2499 Mssjn
654 2462 846 2511 scriptura
857 2475 975 2512 pene-

102 2522 239 2557 trante
261 2517 325 2554 vel
338 2522 602 2569 penetrantes
621 2518 877 2562 consentiant,
891 2531 978 2569 pro-

103 2577 190 2626 pter
214 2573 488 2625 praecedentis
512 2572 691 2611 vocabuli
712 2573 876 2612 eandem
897 2574 978 2625 syl-

104 2630 233 2670 labam
266 2635 360 2669 ante
390 2629 615 2681 particulam
646 2630 845 2668 excidisse
869 2635 979 2682 puta-

102 2688 240 2733 verim,
266 2686 372 2737 quod
397 2691 533 2738 aperte
558 2686 728 2724 indicant
756 2687 779 2724 ii
806 2687 978 2733 codices,

104 2744 141 2782 in
167 2743 308 2794 quibus
329 2747 572 2794 penetrante
595 2744 781 2793 scriptum
806 2743 898 2795 est.]

161 2799 412 2839 membratim
447 2800 717 2850 dissipabunt.
783 2798 869 2851 [De
904 2799 979 2839 hac

107 2855 274 2894 dictione
299 2855 347 2894 cf.
362 2855 496 2895 Munk.
512 2855 562 2893 ad
570 2855 715 2906 Hygin.
730 2855 805 2894 sab.
818 2854 977 2895 CLXV.

107 2924 144 2963 p.
160 2915 251 2953 280.
267 2912 394 2958 Stav.,
416 2913 480 2964 qui
493 2915 664 2950 nostrum
681 2925 837 2963 quoque
850 2912 979 2951 locum

109 2967 272 3021 citavit]

167 3025 305 3077 mayia
328 3029 399 3064 tua
423 3026 582 3064 victum.
609 3023 742 3076 [Non,
769 3024 874 3076 quod
892 3028 983 3064 ante

110 3079 257 3120 victum
270 3081 306 3118 in
318 3080 516 3120 nonnullis
531 3080 637 3119 libris
653 3084 692 3119 et
706 3081 793 3120 edd.
803 3082 982 3120 omnihus

1025 662 1073 699 ab
1092 660 1368 713 Interpretibus
1389 661 1575 699 intrusum
1595 663 1673 705 est,
1699 673 1772 697 nec
1791 663 1895 698 recte

1025 718 1074 756 ab
1089 717 1190 756 Oud.
1208 717 1335 769 ellipsi
1351 717 1520 755 adverbii
1537 718 1654 755 etiam
1670 715 1895 766 explicatur,

1026 774 1125 824 quod
1148 778 1239 826 post
1264 787 1396 813 rernm
1421 774 1652 823 cogitatione
1673 772 1897 810 addendum

1026 834 1147 868 esset.
1197 829 1296 876 Quis
1329 831 1430 867 enim
1461 842 1628 879 unquam
1659 830 1711 867 ita
1735 828 1897 866 dixerit?

1030 886 1211 924 Contorta
1225 888 1324 924 enim
1338 886 1455 936 plane
1470 890 1530 924 est
1543 885 1750 931 sententia,
1761 884 1898 934 siquis

1028 946 1168 980 vertat:
1197 943 1414 995 Aberjene
1434 942 1641 995 treffliche
1655 942 1799 993 llffayz'e
1814 941 1899 992 aab

1030 1000 1098 1037 dir
1124 999 1239 1038 nicht
1260 1012 1340 1037 nur
1365 999 1432 1037 dte
1453 1000 1585 1037 lVeise
1612 999 1696 1038 und
1722 999 1789 1036 die
1808 997 1900 1036 Mn-

1029 1056 1103 1094 leen
1120 1056 1191 1093 des
1207 1055 1339 1094 Esels.
1354 1055 1532 1093 somlern
1548 1055 1653 1093 anclz
1668 1054 1783 1093 niele-t
1795 1055 1902 1092 eines

1033 1111 1145 1150 Esels
1164 1112 1279 1149 learte
1296 1111 1426 1155 Haut.
1453 1111 1639 1149 rielmehr
1661 1113 1726 1150 ein
1746 1110 1903 1148 danaes

1031 1167 1250 1206 Ha'ntclzen
1269 1182 1305 1205 n.
1325 1180 1412 1205 suw.
1440 1166 1565 1205 Recte
1590 1181 1671 1205 non
1697 1179 1781 1205 cum
1808 1167 1903 1217 opti-

1028 1223 1102 1260 mis
1131 1223 1234 1260 libris
1261 1223 1443 1260 omittitur
1464 1236 1510 1260 ea
1529 1224 1744 1262 sententia.-
1768 1220 1903 1273 Magia

1027 1279 1094 1317 tibi
1120 1282 1266 1316 tantum
1293 1279 1542 1316 circumdedit
1569 1279 1724 1317 labores
1745 1280 1903 1317 victum-

1029 1348 1105 1385 que
1137 1335 1255 1379 asini,
1288 1348 1362 1372 non
1396 1348 1488 1372 vero
1522 1336 1605 1373 eius
1632 1337 1776 1373 corium
1801 1348 1904 1373 cras·

1032 1404 1130 1429 sum.
1186 1391 1363 1436 Victum,
1402 1391 1507 1441 quod
1537 1390 1600 1429 alii
1631 1404 1837 1443 perperam
1868 1392 1903 1429 in

1032 1448 1184 1487 vultam
1208 1447 1415 1496 corrigant,
1442 1447 1572 1498 inepta
1593 1451 1655 1485 est
1670 1448 1905 1485 librariorum

1032 1504 1271 1548 emendatio,
1297 1504 1360 1554 qui
1382 1503 1473 1554 quid
1493 1504 1569 1541 hoc
1581 1505 1656 1542 sibi
1671 1503 1804 1548 vellet,
1828 1517 1903 1541 non

1031 1560 1310 1609 intelligebant.
1360 1559 1479 1598 Miror
1514 1561 1644 1610 itaque
1681 1560 1803 1605 Oud.,
1841 1559 1905 1609 qui

1031 1621 1109 1655 tam
1136 1617 1257 1655 obiter
1283 1616 1489 1654 lectionem
1515 1616 1576 1654 his
1597 1617 1728 1654 verbis
1748 1617 1907 1655 reiicere

1031 1673 1214 1725 potuerit:
1240 1672 1280 1711 ln
1310 1672 1351 1711 P.
1379 1673 1426 1711 G.
1442 1677 1480 1710 et
1494 1672 1542 1711 Ο.
1570 1677 1632 1712 est
1658 1674 1815 1719 vietum,
1842 1673 1906 1723 qui

1032 1730 1255 1768 circumdari
1275 1730 1419 1780 nequit.
1446 1727 1501 1767 At
1516 1730 1676 1769 labores
1687 1733 1908 1781 possuntne

1032 1786 1280 1824 circumdari?
1295 1785 1435 1823 Nonne
1448 1787 1697 1837 perspicuum
1711 1790 1786 1831 est,
1801 1786 1908 1837 Apu-

1033 1844 1147 1880 leium
1164 1856 1233 1893 per
1246 1842 1421 1891 Zeugma
1433 1843 1622 1893 posuisse
1643 1842 1719 1881 hoc
1733 1843 1906 1886 verbum,

1032 1899 1137 1950 quod
1155 1900 1280 1948 inagis
1301 1898 1350 1936 ad
1369 1899 1576 1949 sequentia
1591 1912 1703 1950 quam
1719 1898 1764 1937 ad
1781 1899 1909 1950 priora

1032 1959 1164 2006 aptum
1179 1958 1251 1993 est.
1279 1954 1335 1992 Se
1360 1956 1461 1992 enim
1487 1956 1584 1993 asini
1610 1955 1756 1993 vultum
1782 1968 1828 1993 ac
1853 1955 1907 1993 fa-

1033 2013 1131 2049 ciem
1156 2010 1303 2049 habere
1331 2010 1477 2049 Lucius
1502 2026 1577 2050 non
1605 2012 1792 2062 queritur,
1832 2010 1908 2049 sed

1033 2067 1154 2118 quod,
1194 2081 1310 2117 quum
1337 2068 1472 2106 asinus
1498 2068 1567 2115 sit,
1601 2072 1640 2106 et
1664 2069 1794 2119 magia
1819 2081 1908 2105 eum

1034 2125 1213 2161 omnibus
1249 2124 1443 2162 molestiis
1481 2128 1599 2176 atque
1635 2127 1718 2163 tota
1754 2123 1909 2162 vivendi

1032 2180 1182 2219 ratione
1208 2180 1503 2219 circumdederit
1526 2182 1641 2227 asini,
1666 2185 1708 2219 ut
1731 2181 1909 2219 sarcinas

1032 2249 1199 2287 magnas
1225 2240 1379 2287 portare
1403 2237 1559 2283 debeat,
1586 2252 1659 2276 non
1687 2239 1789 2276 corio
1816 2251 1910 2288 quo-

1036 2306 1112 2344 que
1136 2306 1184 2331 ea
1210 2293 1487 2332 condonaverit
1511 2295 1610 2333 asini
1635 2295 1736 2333 satis
1761 2307 1909 2334 crasso.

1034 2353 1075 2387 ut
1111 2349 1334 2393 molestias.
1373 2364 1473 2401 quae
1511 2364 1561 2389 ex
1597 2351 1672 2389 hac
1703 2353 1780 2390 vita
1810 2351 1909 2389 asini

1034 2405 1326 2456 proficiscantur
1339 2411 1458 2457 atque
1471 2408 1633 2445 verbera
1646 2408 1781 2458 spissa
1796 2408 1911 2444 etiam

1033 2462 1201 2501 tolerare
1226 2466 1354 2514 queat.
1381 2463 1482 2502 Nam
1497 2465 1594 2503 asini
1610 2464 1749 2503 faciem
1763 2462 1911 2502 Lucius

1035 2519 1182 2557 habere
1206 2523 1379 2570 poterat,
1407 2533 1642 2571 quamquam
1668 2521 1764 2559 asini
1790 2519 1911 2557 mole-

1036 2576 1134 2613 stias
1160 2589 1234 2613 non
1260 2576 1461 2626 perferret.
1518 2577 1655 2617 Victus
1678 2589 1770 2614 vero
1791 2579 1911 2614 totam

1037 2632 1140 2670 vitae
1152 2633 1340 2670 rationem
1357 2637 1396 2671 et
1408 2636 1550 2671 statum
1565 2633 1782 2683 significare
1800 2645 1911 2682 prae-

1035 2692 1094 2726 ter
1118 2688 1219 2726 alios
1243 2702 1344 2727 unus
1370 2691 1510 2740 probat
1522 2689 1624 2741 Nep.
1640 2689 1755 2727 Dion.
1771 2693 1807 2728 4.
1828 2687 1859 2737 §.
1873 2692 1912 2729 5.

1036 2744 1166 2783 locus:
1193 2745 1371 2797 Isnsqne
1385 2759 1432 2784 eo
1452 2747 1579 2784 vitae
1604 2750 1783 2784 statum
1808 2758 1912 2783 com-

1035 2806 1230 2841 mutatum
1256 2805 1371 2854 ferre
1395 2816 1477 2840 non
1504 2802 1662 2853 potnit,
1688 2806 1914 2854 postquam

1035 2859 1079 2896 in
1102 2859 1284 2909 patriam
1308 2858 1436 2897 rediit
1459 2862 1595 2909 pater,
1622 2860 1815 2910 (namque
1839 2871 1912 2909 ap-

1031 2915 1162 2966 positi
1186 2919 1305 2953 erant
1328 2915 1533 2958 custodes,
1567 2915 1637 2966 qui
1662 2928 1750 2953 enm
1774 2927 1800 2952 a
1822 2915 1913 2966 pri-

1039 2971 1146 3008 stino
1161 2984 1181 3009 v
1194 2971 1239 3009 ic
1249 2975 1297 3009 tn
1312 2971 1667 3018 declncerenvut..
1677 3000 1685 3009 .
1699 2971 1913 3010 interierit.

1041 3025 1155 3064 Errat
1168 3027 1280 3076 igitur
1293 3025 1414 3073 Oud.,
1439 3030 1600 3078 putans,
1626 3026 1688 3064 hic
1706 3028 1815 3077 queri
1833 3025 1914 3065 Lu—

1041 3083 1155 3128 cium,
1179 3081 1486 3120 membranulum
1510 3095 1623 3120 suum
1648 3083 1773 3134 magis
1797 3087 1915 3122 tenue

110 3138 202 3175 vett.
228 3139 351 3183 extat,
376 3142 510 3177 contra
527 3141 648 3178 totam
663 3137 736 3178 loci
750 3139 984 3177 sententiam
1041 3151 1148 3185 esse,
1175 3151 1291 3189 quam
1319 3138 1423 3190 quod
1448 3152 1472 3177 a
1495 3138 1673 3178 silicibus
1693 3141 1914 3191 praeacutis
