2221 3667
322 150 404 192 934

575 147 621 186 L.
653 145 873 186 APULEll
902 144 1302 186 MADAURENSIS
1333 144 1871 187 METAMORPHOSEON

319 260 384 302 vel
413 258 671 299 adventorum
702 256 1063 310 *negotinummia‚
1080 258 1101 281 *
1132 256 1200 296 sed
1230 269 1327 311 pura
1351 262 1468 309 atque
1498 255 1653 297 sincera
1683 256 1844 299 instruit
1872 266 1912 299 et
1939 257 2109 299 blandis-

321 373 539 403 adceccnrum
553 382 585 407 φ.
599 375 630 401 et
643 371 774 407 quidam
787 373 879 402 codd.
893 376 973 402 teste
987 373 1077 402 Colv.
1101 374 1152 401 Ita
1163 375 1211 401 est
1226 373 1259 401 in
1273 373 1343 402 edu.
1358 375 1437 400 vett.
1451 379 1554 406 usque
1566 373 1606 400 ad
1620 371 1710 401 Colv.
1724 374 1754 402 et
1768 373 1846 402 Bas.
1861 374 1890 401 1.
1913 375 1950 403 In
1963 378 2034 404 cett.
2048 372 2112 402 ad-

321 428 382 448 ven
389 422 507 447 torum.

567 417 831 455 regatinummia
854 419 890 446 F.
912 420 940 446 1.
966 421 1047 446 teste
1071 419 1172 452 Elm.,
1193 418 1249 445 sed
1274 417 1345 444 siue
1369 416 1465 445 dubio
1491 419 1728 450 typothetarum
1754 425 1861 446 errore
1885 418 1931 446 ita
1956 419 2113 453 seriptum

321 468 387 499 est,
413 472 511 498 quum
528 463 562 491 in
581 465 655 491 coll.
676 462 771 491 Lind.
790 465 917 497 legatur
935 462 1215 499 negutinumum'a,
1241 465 1272 489 ut
1299 465 1346 489 est
1368 461 1578 495 praeteream
1594 463 1632 489 G.
1646 462 1677 489 2.
1692 463 1728 490 P.
1740 463 1776 490 L.
1790 458 1818 490 ὃ.
1834 470 1863 496 p.
1899 463 2113 499 negah'mcm-

322 509 414 536 mina
438 510 478 537 D.
524 507 814 545 neganu'nummia
833 509 869 535 G.
890 509 919 535 1.
940 508 974 535 0.
996 510 1027 535 ut
1048 507 1137 541 Lips.
1159 507 1300 540 reposuit
1325 507 1365 534 ad
1390 513 1490 542 marg.
1517 507 1565 534 ed.
1591 506 1680 535 colv.
1705 509 1735 534 et
1759 509 1930 541 amplexus
1954 511 2004 535 est
2027 509 2113 537 Prie.

322 553 440 592 negoci
449 553 598 581 nmmm'a
611 554 660 582 ed.
673 561 721 588 pr.
734 553 862 582 Vicent.
874 553 989 581 Venet.
1003 553 1034 580 2.
1068 554 1106 580 ln
1119 555 1191 580 cett.
1204 550 1477 588 71egoc1'numnu'a.
1522 553 1559 578 ec
1569 551 1605 579 in
1617 549 1850 580 blandissimos
1863 553 1900 581 B.
1924 554 1960 580 et
1970 551 2116 582 blandis-

325 656 545 692 ventores
564 652 763 703 pristinos
787 653 992 700 nuncupat,
1017 651 1070 688 uti
1095 650 1196 687 bene

326 709 403 748 iam
434 707 658 746 observavit
686 706 926 751 Beroaldus,
958 705 1090 744 Barth.
1117 705 1196 744 Ad-

326 777 430 803 vers.
459 762 632 802 XXXII.
667 767 729 802 15.
760 776 799 813 p.
833 766 952 803 1487.
1003 763 1197 813 llospites

328 826 367 860 et
389 821 626 860 adventores
649 818 841 870 Inscriptt.
867 818 1021 857 Gruter.
1047 831 1082 869 p.
1104 822 1196 858 444.

329 882 366 918 8.
391 876 504 915 Maff.
528 876 634 914 Mus.
658 875 751 913 Ver.
783 888 822 926 p.
845 878 911 915 80.
960 874 1034 928 [cf.
1067 873 1196 913 Plaut.

328 933 442 973 Asin.
468 931 515 970 II.
541 936 579 972 2.
606 935 670 972 92.
697 930 810 970 Truc.
836 930 865 970 I.
892 935 927 972 2.
953 935 993 972 2.
1017 929 1115 970 ILS.
1132 934 1197 971 53.

329 990 393 1027 ubi
424 988 515 1026 vide
546 986 709 1026 Taubm.
739 1000 776 1038 p.
806 991 924 1028 1430.
960 987 1061 1026 Elm.
1087 988 1122 1025 in
1148 989 1199 1025 in-

330 1047 418 1084 dice
432 1044 607 1083 adnotat:
627 1044 875 1083 Aclventores
892 1057 962 1095 pro
974 1044 1198 1090 viatoribus,

331 1103 395 1152 qui
420 1101 619 1139 tabernam
645 1103 710 1138 aut
734 1100 924 1139 officinam
943 1100 1202 1151 irequentant,

330 1157 474 1196 Passio
509 1156 644 1194 Afrae:
682 1157 764 1195 Illa
794 1161 924 1196 autem
960 1157 1100 1196 videns
1135 1157 1202 1196 Ιιο-

331 1219 463 1253 nestos
498 1214 606 1252 viros
641 1214 878 1252 existimans
912 1213 1204 1253 adventores

331 1271 564 1321 impudicos
584 1274 716 1321 parat
739 1283 922 1313 coenam,
960 1268 1065 1307 Cael.
1096 1268 1203 1307 Rho-

333 1327 410 1377 dig.
438 1327 565 1376 Antiq.
591 1325 720 1365 Lectt.
743 1324 928 1365 XXVIII.
948 1329 988 1366 3.
1055 1325 1205 1364 Verum

335 1386 514 1433 corrupta
546 1386 609 1420 est
644 1395 819 1433 sequens
848 1395 926 1420 vox
955 1383 1205 1433 ncqotinum-

335 1440 432 1484 mia,
460 1451 576 1488 quam
607 1452 812 1489 perperam
842 1451 890 1475 eo
921 1438 1118 1489 explicare
1143 1451 1204 1476 co-

336 1499 447 1533 natur
489 1494 729 1538 Beroaldus,
779 1495 883 1545 quod
922 1507 1101 1532 nummos
1136 1493 1204 1533 ho-

337 1552 463 1601 spites
494 1551 558 1589 isti
589 1551 850 1601 negotientur,
887 1554 926 1589 et
954 1550 1045 1589 illae
1075 1550 1205 1589 illece-

336 1608 430 1646 brae
466 1611 584 1657 atque
621 1606 887 1645 osculationes
923 1607 1209 1657 negotiatorum

338 1677 517 1701 nummos
543 1666 746 1714 quaerant3
771 1677 844 1701 nec
867 1663 1007 1701 melius
1032 1662 1132 1700 Elm.
1158 1665 1209 1700 in-

338 1723 570 1770 terpretatur
589 1733 648 1766 ea,
663 1733 764 1770 quae
781 1733 892 1758 suam
913 1720 1053 1757 nummi
1066 1732 1210 1757 caussa

339 1777 446 1827 parvi
473 1775 587 1814 faciat
611 1777 790 1825 gratiam,
827 1775 927 1814 cons.
953 1775 1133 1825 Fulgent.
1159 1775 1208 1813 V.

342 1832 589 1871 diabolares.
626 1844 663 1882 p.
690 1836 783 1872 564.
809 1831 950 1870 Mem:
982 1831 1209 1870 diabola-

340 1902 416 1927 res
463 1889 660 1928 dicantar
706 1889 920 1927 vilissimae
971 1888 1212 1934 meretrices,

344 1958 448 1996 qttae
493 1958 534 1983 se
576 1957 711 1995 parvo
756 1946 965 1995 stipentIe'o
1007 1948 1212 1995 prostant.

342 2000 476 2039 Barth.
514 2000 684 2038 Advers.
721 1999 890 2039 XXXII.
931 2004 994 2041 15.
1024 2014 1062 2052 p.
1093 2004 1213 2041 1487.

343 2061 382 2095 ot
406 2056 469 2095 LI.
498 2061 532 2096 1.
558 2071 596 2108 p.
624 2060 744 2097 2373.
781 2058 1064 2109 neyotirnzmia
1101 2057 1214 2095 corri-

344 2115 415 2163 git3
462 2117 529 2151 aut
571 2113 662 2163 quia
697 2113 933 2151 adventores
969 2114 1093 2152 basiis
1129 2114 1213 2151 suis

343 2182 481 2207 munes
505 2170 583 2207 sint
607 2169 861 2219 negotiorum,
886 2170 1030 2220 aliquid
1049 2168 1213 2208 afferen-

344 2230 426 2273 tes,
460 2239 535 2276 quo
567 2238 726 2277 operam
757 2227 807 2264 ob
833 2240 1010 2265 nummos
1036 2229 1213 2277 poscant,

346 2286 412 2320 aut
437 2283 527 2332 quia
555 2282 672 2320 basia
702 2281 752 2320 ad
776 2295 877 2333 opus
908 2283 1113 2328 festinent,
1150 2296 1214 2321 ne-

347 2339 442 2387 gotii
471 2351 563 2388 ergo
596 2337 821 2376 facessendi
851 2340 978 2377 munia
1008 2343 1047 2377 et
1078 2337 1214 2377 libera-

346 2393 408 2432 lia.
471 2396 587 2446 Opus
623 2394 724 2432 enim
767 2399 807 2432 et
848 2397 1015 2446 neyote‘a
1051 2396 1213 2446 saepius

347 2451 421 2488 dici
454 2451 504 2488 de
540 2450 812 2501 complexibus
849 2452 1047 2497 venereis,
1085 2452 1133 2490 cf.
1164 2452 1213 2490 ad

348 2507 448 2545 Met.
469 2506 570 2544 vm.
596 2521 633 2558 p.
660 2511 754 2547 578.
804 2506 921 2558 [Hinc
950 2507 1102 2546 Rodius
1133 2522 1214 2546 ver-

345 2564 406 2601 tit:
432 2563 547 2602 nicht
568 2564 643 2602 wie
667 2565 709 2602 in
735 2563 998 2603 liederliclzen
1026 2565 1215 2604 IIHusern

343 2619 445 2672 feile
458 2619 617 2658 Dirnen
640 2621 730 2659 1ιἸινε
753 2620 1081 2672 lcampfferliyen
1098 2621 1214 2660 Balt-

349 2677 414 2714 ten
443 2691 490 2716 :u
519 2676 664 2715 lcitssen
692 2678 869 2729 psleyen.
917 2676 949 2714 F
954 2676 1083 2715 orcell.
1115 2676 1213 2716 Lex.

347 2746 381 2770 s.
408 2745 441 2771 v.
473 2733 792 2783 neyotinummia
828 2732 1002 2783 explicat
1036 2746 1216 2771 nummos

348 2788 574 2838 acquirens,
600 2788 746 2826 lucrum
775 2788 957 2835 afferens,
988 2791 1130 2829 rectius
1162 2794 1215 2828 ta-

348 2857 437 2882 men
484 2843 562 2895 legi
609 2849 814 2883 autumans
855 2847 1214 2898 neyantinummia,

349 2900 454 2950 quod
492 2914 579 2939 cum
621 2900 724 2940 Oud.
760 2900 948 2953 explicat:
984 2902 1214 2941 Meretrices

345 2962 525 3008 poscunt
552 2970 730 2996 nummos
766 2972 837 3009 per
865 2959 977 2997 basia
1005 2962 1044 2997 et
1073 2960 1218 2998 adven-

350 3017 456 3052 tores
490 3014 659 3059 basiant,
701 3018 742 3052 ut
779 3028 957 3053 nummos
1000 3029 1074 3053 non
1112 3016 1216 3061 (lent,

350 3068 530 3119 adeoque
553 3071 666 3108 savia
687 3075 778 3109 sunt
804 3084 979 3110 nummos
998 3085 1045 3109 se
1069 3071 1215 3110 habere

350 3124 411 3161 vel
438 3125 532 3163 dare
561 3140 685 3177 posse
715 3128 923 3180 neyantia.
973 3128 1095 3167 Nulla
1126 3142 1214 3167 vero

1254 662 1386 687 earum
1415 647 1636 699 explicandi
1659 650 1848 688 rationum
1877 649 2120 702 comprobari

1253 705 1413 756 poterit,
1450 718 1685 755 quamquam
1716 706 1860 757 optime
1889 707 1964 746 sibi
1983 707 2120 757 posci-

1254 761 1427 801 nummia
1453 765 1492 799 et
1516 763 1860 814 neyantinummia
1881 762 2122 814 respondere

1253 817 1467 856 videantur.
1514 816 1700 856 Beroaldi
1732 818 1832 856 enim
1856 818 2121 870 interpretatio

1257 887 1304 912 eo
1330 873 1628 924 perversissima
1658 878 1737 921 est,
1769 874 1871 925 quod
1893 876 2123 926 poscinum-

1255 931 1336 969 mia
1365 934 1405 968 et
1432 931 1749 982 neyotinummia
1780 932 1832 969 ita
1861 931 1963 970 idem
2000 930 2125 982 expri-

1257 989 1362 1025 munt
1395 987 1638 1025 meretricum
1669 987 1838 1026 studium
1868 986 2013 1026 lucrum
2049 987 2124 1026 sibi

1257 1042 1405 1082 osculis
1440 1043 1699 1093 comparandi.
1763 1043 2125 1095 Neqantinmnmia

1260 1112 1352 1137 vero
1382 1100 1500 1138 totius
1532 1099 1605 1137 loci
1636 1099 1855 1138 sententiae
1885 1099 2125 1145 adversatur,

1262 1169 1348 1194 nam
1383 1155 1578 1206 quomodo
1609 1156 1863 1201 adventores,
1903 1157 1966 1206 qui
1997 1159 2128 1194 scorta

1261 1211 1510 1262 frequentant
1552 1215 1592 1250 et
1632 1211 1850 1264 prostibula
1891 1211 2126 1258 osculantur,

1262 1281 1439 1306 nummos
1466 1281 1608 1311 negare
1639 1271 1823 1319 possunt,
1861 1280 1978 1318 quum
2009 1281 2129 1306 mere-

1261 1325 1378 1363 trices
1413 1338 1488 1363 non
1526 1324 1696 1364 libidinis
1737 1337 1881 1363 caussa
1918 1324 1992 1363 sed
2036 1323 2127 1363 lucri

1263 1394 1404 1432 corpus
1427 1381 1581 1420 tradant
1606 1385 1644 1419 et
1670 1380 1860 1420 vendant?
1909 1379 1985 1427 Qui
2016 1380 2129 1432 igItur

1261 1437 1416 1476 basiare
1446 1437 1580 1475 volunt
1615 1437 1687 1476 has
1723 1437 1906 1476 mulieres
1942 1437 2131 1489 pecuniae

1261 1495 1367 1545 parci
1399 1507 1492 1532 esse
1522 1508 1596 1532 nou
1633 1494 1793 1540 debent,
1830 1493 1903 1531 sed
1934 1493 2131 1539 liberales,

1262 1557 1304 1588 ut·
1329 1550 1434 1600 quod
1460 1550 1595 1588 volunt
1619 1551 1667 1589 ab
1700 1551 1746 1588 iis
1771 1551 1986 1601 impetrent.
2037 1549 2131 1588 Ideo

1267 1605 1512 1644 desideratur
1535 1619 1558 1644 a
1581 1620 1644 1644 me
1669 1606 1912 1652 vocabulum,
1939 1605 2043 1657 quod
2066 1605 2133 1644 ad-

1267 1666 1468 1701 ventorum
1503 1663 1692 1712 exprhuat
1728 1662 2019 1706 liberalitatem,
2055 1676 2134 1713 qua

1267 1719 1492 1756 meretrices
1516 1718 1674 1757 allicere
1698 1718 1856 1756 student
1879 1722 1946 1757 aut
1969 1731 2045 1769 quo
2070 1718 2135 1756 de-

1267 1776 1445 1814 scribitur
1475 1788 1609 1813 eorum
1640 1775 1799 1813 lascivia
1830 1775 1865 1812 in
1897 1775 2018 1815 basiis
2043 1774 2135 1814 dan?

1267 1830 1330 1869 dis
1355 1832 1586 1882 conspicua,
1622 1836 1663 1870 ut
1694 1831 2042 1870 clmmnthzummia
2073 1830 2136 1868 vel

1269 1889 1598 1940 royantinamia,
1634 1891 1675 1934 ut
1704 1901 1846 1927 manns
1874 1887 1937 1926 hic
1961 1901 2030 1938 pro
2056 1887 2136 1925 ossi.-

1271 1944 1342 1982 ciis
1365 1945 1609 1982 meretricum
1633 1944 1802 1996 posimm
1827 1944 1895 1990 sit,
1922 1943 1984 1981 vel
2010 1943 2137 1982 simile

1272 2000 1376 2051 quid.
1425 2000 1526 2038 Hinc
1555 2001 1785 2038 sententiam
1818 1999 1892 2039 loci
1922 1999 2055 2038 Barth.
2079 2013 2137 2038 re-

1273 2060 1334 2094 cte
1357 2056 1566 2102 intellexit,
1604 2069 1835 2107 quamquam
1859 2057 2138 2108 neyote'munia

1271 2112 1312 2151 id
1334 2113 1552 2163 significare
1577 2127 1702 2165 posse
1727 2126 1841 2163 negO.
1894 2112 1957 2150 De
1981 2116 2138 2151 senten-

1270 2169 1324 2208 tia
1354 2169 1401 2209 cf.
1431 2169 1560 2209 Plaut.
1591 2169 1797 2208 Menaech.
1834 2168 1879 2207 II.
1916 2172 2012 2210 326.
2046 2173 2140 2210 sunt

1272 2239 1406 2265 omnes
1441 2227 1670 2265 meretrices
1708 2225 1912 2265 elecebrae
1942 2230 2139 2277 arqentor.-

1270 2283 1371 2326 riae,
1386 2281 1528 2321 cs.Intt.
1537 2282 1587 2320 ad
1597 2281 1772 2333 I'ropert.
1782 2281 1807 2321 Ι.
1817 2285 1852 2322 8.
1863 2281 1948 2333 39.]
1964 2282 2141 2321 Poscere

1270 2352 1408 2377 vocem
1425 2352 1520 2376 esse
1538 2339 1803 2377 meretricibus
1823 2339 2028 2390 propriam,
2054 2351 2140 2388 pro—

1272 2395 1338 2434 bat
1362 2394 1460 2433 Pric.
1488 2408 1537 2433 ex
1563 2395 1666 2434 Gell.
1692 2394 1779 2433 loco
1805 2393 1831 2433 I.
1852 2398 1892 2435 8.
1922 2395 1972 2433 de
1996 2394 2139 2433 Laide:

1271 2465 1403 2503 neque
1427 2451 1765 2496 admittebantur,
1802 2452 1881 2490 nisi
1913 2452 1984 2503 qni
2013 2451 2142 2489 dabat

1275 2508 1389 2560 quod
1407 2512 1728 2559 poposcerat,
1750 2508 1986 2559 poscebat
2009 2512 2140 2546 autem

1272 2565 1434 2603 nimiam
1461 2565 1736 2616 quantitatem.
1785 2562 1912 2602 Plaut.
1937 2563 2049 2601 Asin.
2075 2561 2141 2603 lll.

1276 2624 1309 2660 1.
1345 2623 1380 2660 9.
1407 2621 1553 2671 lin-qua
1586 2621 1739 2671 poscit,
1778 2633 1930 2670 eorpus
1967 2619 2140 2671 quaerit.

1274 2675 1412 2715 Catull.
1431 2676 1519 2714 XL.
1546 2681 1578 2716 1.
1603 2681 1637 2716 1.
1664 2676 1729 2715 An
1759 2675 1835 2714 illa
1852 2676 1994 2727 puella
2025 2675 2141 2725 defa-

1275 2738 1360 2772 tata
1381 2735 1484 2773 Tota
1498 2733 1626 2771 millia
1646 2746 1706 2771 me
1719 2733 1855 2771 decem
1865 2733 2012 2783 poscit.
2041 2730 2141 2780 [Me-

1272 2789 1451 2827 retricum
1476 2789 1734 2827 insatiabilem
1764 2787 1963 2826 avaritiam
1996 2787 2142 2838 optime

1273 2845 1457 2884 describit
1479 2844 1607 2884 Plaut.
1633 2845 1745 2884 Asin.
1770 2843 1799 2884 I.
1822 2856 1929 2882 scen.
1955 2843 2011 2895 3.]

1324 2916 1441 2953 pura
1471 2908 1594 2954 atque
1624 2903 1795 2940 sincera.
1853 2898 1952 2938 Prie.
1979 2913 2031 2938 ex
2053 2900 2139 2938 Ari-

1275 2962 1453 2997 staeneto
1491 2961 1690 3010 comparat
1728 2954 1860 3008 γνήσια
1890 2953 1953 2994 καὶ
1989 2954 2140 3008 ἀψευδῆ

1273 3013 1480 3066 φιλήματα.
1521 3013 1784 3066 Lupanarium
1804 3012 1903 3050 enim
1921 3013 2045 3051 basiis
2063 3014 2141 3052 sin-

1275 3086 1373 3110 cera
1396 3072 1558 3123 opponi,
1596 3069 1685 3109 coll.
1709 3069 1852 3108 Donat.
1882 3069 1932 3107 ad
1961 3068 2139 3108 Eunuch.

1272 3126 1300 3166 I.
1316 3131 1350 3168 2.
1367 3131 1431 3168 97.
1459 3127 1681 3171 Sincernm,
1702 3140 1868 3177 param,
1894 3131 1939 3166 ut
1961 3126 2040 3165 mel
2054 3127 2138 3164 sine
