2155 3590
616 145 801 188 LIBER
826 149 951 191 VIII.
1009 150 1136 191 CAP.
1161 151 1328 192 XXVI.
1793 154 1879 198 727

91 261 274 316 perduxi.
325 260 401 302 Sed
432 261 521 302 illae
553 261 702 316 puellae
735 261 877 304 chorus
907 271 994 304 erat
1023 264 1294 316 ciimedorum,
1334 278 1432 318 quae
1464 266 1594 307 statim
1626 267 1873 309 exsultantes

95 319 134 358 in
159 318 361 373 gaudium,
391 319 539 359 fractae
564 332 683 359 rauca
709 326 747 360 et
771 319 993 361 effeminata
1022 335 1116 362 voce
1135 320 1142 378 1
1164 321 1354 361 clamores
1375 321 1543 363 absonos
1562 322 1768 374 intollunt,
1796 324 1874 365 rati
1899 327 1962 362 577

86 445 308 485 produxiEd.
322 448 463 477 Scriver.
477 449 615 478 Amstel.
640 451 700 479 Sed
715 451 752 479 de
767 450 894 484 publico
907 454 1064 487 mercatu,
1091 450 1123 480 in
1136 459 1228 486 quem
1241 451 1355 480 asinus
1364 449 1551 487 productus
1564 456 1648 489 erat,
1674 460 1747 482 eum
1760 453 1873 488 priva-

93 498 156 522 tam
169 494 295 522 domum
309 495 372 522 iam
386 494 510 522 detulit.
533 494 622 523 Infra
636 494 932 531 1·ecteperdu.z·1·sse
950 497 1061 525 eadem
1075 504 1199 530 quoque
1213 497 1352 525 exhibet.
1378 498 1554 531 Utrumque
1572 497 1707 526 iunctim
1726 501 1802 526 Met.
1815 500 1871 528 IX.

92 547 120 572 p.
135 539 210 567 613.
231 537 361 574 produ
372 547 388 566 c
399 541 409 566 l
420 548 439 566 n
450 548 479 565 m
500 547 550 565 me
565 540 663 567 venui
673 540 851 568 subiiciunt
864 543 896 567 et
910 544 1030 568 emtum
1040 542 1154 577 pistor
1167 539 1401 577 adpz'slrinum
1421 540 1629 578 perducit.
1677 541 1802 578 [pulsa
1815 551 1873 578 pro

89 582 311 620 illarpuellae
325 593 354 618 p.
401 591 520 621 corpus
537 586 572 613 P.
618 587 769 614 erantn.
785 585 823 620 fi,
849 587 929 620 quod
945 587 1039 621 Oud.,
1054 587 1106 615 cui
1120 588 1246 615 Ruunk.
1260 589 1434 615 obsecutus
1452 590 1519 621 est,
1544 594 1711 622 perperam
1730 588 1764 616 in
1783 591 1872 617 textu

89 630 163 663 poni
184 629 290 657 iussit.
338 629 441 658 Ceteri
461 630 545 658 enim
564 638 674 659 omnes
694 632 783 659 codd.
803 634 831 659 et
851 632 938 667 edit„
963 632 1080 664 quinus
1101 632 1207 665 potius
1224 632 1508 666 obtemperandum
1531 635 1616 667 erat,
1640 634 1759 661 liabent
1783 636 1872 660 erat.

89 672 305 702 cz'naedarum
319 676 356 704 R.
371 675 392 702 f.
406 676 443 703 L.
456 683 497 703 ex
509 676 730 704 emendatione
743 676 958 711 librariorum,
972 677 1027 710 qui
1041 683 1153 705 revera
1167 676 1304 705 feminas
1318 685 1391 705 esse
1403 679 1462 705 hos
1476 677 1630 705 cinaedos
1644 677 1872 711 opinabantur.

89 716 187 756 quid.
209 721 326 749 Incert.
364 719 488 758 fracte
501 721 535 748 F.
551 722 580 749 3.
596 722 631 749 G.
649 722 676 748 1.
692 723 721 749 ἱ).
735 722 772 749 Ι).
787 722 822 750 Ρ.
836 722 870 749 O.
884 722 920 749 Ι..
936 721 957 750 f.
971 719 1000 749 δ’.
1014 730 1042 755 p.
1053 744 1060 757 ,
1085 722 1138 755 qui
1152 724 1186 748 et
1198 722 1329 756 inserit;
1351 721 1493 758 frat-tea
1505 722 1540 751 F.
1556 722 1585 750 1.
1598 723 1636 750 In
1649 721 1871 761 cett.sracta,

89 766 152 793 nisi
167 766 249 799 quod
261 766 354 793 Vutc.
370 767 399 794 2.
417 765 526 804 facta
538 768 773 800 typothetarum
787 773 894 794 errore
906 767 1053 794 ostendit.
1101 774 1199 793 mur-a
1213 774 1268 801 pro
1282 774 1390 794 rauca
1403 768 1441 795 D.
1454 770 1564 801 aperte
1576 767 1665 801 legit.
1702 769 1736 794 et
1748 766 1872 794 aram·-

88 813 184 837 mala
205 818 282 837 voce
301 807 329 838 ὃ.
349 811 522 844 intercepto
540 811 664 840 seilicet
685 819 762 845 prae
781 811 879 839 nimio
904 813 1058 848 clamore,
1084 813 1171 839 ultra
1195 819 1291 845 quam
1310 812 1398 840 vires
1418 815 1604 845 paterentur
1627 815 1656 840 et
1679 812 1872 847 garrulitate

88 864 103 884 s
129 856 213 884 iritu.

87 864 156 929 eiiii.
171 904 246 929 ante
259 901 348 930 Colv.
364 900 429 928 nili
439 902 474 929 G.
491 903 520 929 1.
544 903 579 929 In
594 905 665 930 cett.
679 904 789 930 rame.

86 1000 217 1050 ptione
254 1000 513 1039 eunuchorum
546 1005 585 1039 et
615 1000 858 1039 cinaedorum
885 1014 945 1038 va-

85 1057 181 1094 riare
205 1070 348 1107 genus,
374 1059 461 1107 quia
485 1058 586 1095 tales
612 1071 683 1096 nec
706 1057 772 1094 viri
798 1070 870 1095 nec
894 1056 946 1094 fe-

84 1115 209 1151 minae
224 1112 376 1160 fuerint3
402 1113 488 1151 coll.
499 1113 653 1152 Terent.
670 1113 765 1151 Eun.
776 1113 819 1151 Π.
835 1117 870 1153 3.
882 1117 945 1155 65.

85 1168 220 1208 Catuli.
241 1168 362 1208 LXlt.
389 1174 425 1209 4.
451 1169 648 1209 Heins.ad
661 1169 943 1207 Ovidfleroid.

82 1225 150 1264 IV.
177 1230 239 1266 48.
277 1225 456 1264 Bouhier.
489 1227 538 1264 ad
568 1226 722 1264 Petron.
750 1225 870 1263 Canu.
897 1226 946 1263 de

82 1281 182 1320 Bell.
199 1281 306 1320 Civil.
320 1296 355 1333 p.
375 1286 463 1322 105.
485 1283 665 1320 Attamen
681 1283 797 1320 tutius
812 1286 947 1320 censet

81 1338 230 1377 retineri
244 1343 441 1378 mercatus
454 1338 516 1375 vel
531 1343 719 1378 mercatu.
753 1337 945 1389 [Lectioni

79 1400 254 1434 mercata
270 1395 460 1432 obsistere
476 1395 623 1433 videtur
637 1408 846 1445 pronomen
861 1394 943 1439 ille,

80 1451 183 1502 quod
206 1450 415 1502 praeeedit.
465 1451 565 1489 Dein
592 1452 678 1502 ipse
702 1464 748 1488 se
772 1450 942 1502 puellam

80 1508 246 1546 nominet
260 1509 520 1546 necessarium
536 1522 609 1545 nou
625 1511 698 1553 est,
716 1509 803 1557 quia
816 1520 941 1544 senex

76 1565 153 1602 iam
177 1564 396 1614 decrepitus
421 1564 619 1602 muliebria
645 1578 741 1602 nnnc
773 1578 844 1602 non
877 1577 941 1615 pa-

77 1621 251 1660 tiebatur.
281 1620 431 1658 Omnes
457 1634 546 1658 vero
574 1621 809 1659 librariorum
834 1621 941 1658 aber-

77 1679 245 1716 rationes
270 1677 360 1715 mihi
386 1681 545 1716 exortae
569 1677 744 1715 videntur
774 1690 866 1715 esse
892 1690 942 1714 ex

78 1735 225 1773 omissa
248 1734 348 1772 finali
372 1748 389 1773 s
416 1734 557 1779 littera,
590 1738 630 1772 ut
660 1738 838 1773 mercata
862 1738 940 1771 tum

76 1795 304 1835 mercatum,
324 1796 500 1830 mercato
514 1795 552 1828 et
565 1797 741 1829 meream
756 1791 939 1841 seriptum

77 1847 198 1885 suerit.
231 1846 324 1885 Cum
350 1848 506 1898 optimis
526 1847 723 1886 codicibus
742 1851 940 1885 mercatus

77 1904 254 1954 equidem
274 1904 419 1942 retinui.
458 1904 685 1943 Illercatum
705 1904 861 1953 passive
887 1903 938 1940 di-

76 1964 178 1998 ctum
215 1960 432 1999 defenditur
463 1959 547 1998 loco
587 1958 685 1997 Ptin.
717 1959 818 1998 Hist.
849 1958 938 1997 Nat.

74 2015 264 2055 XXXIV.
306 2021 366 2056 11.
404 2020 466 2056 35.
506 2017 591 2055 Iam
628 2016 790 2067 quidem
822 2018 941 2066 facta

75 2073 294 2124 ertiplaslra
319 2086 382 2111 me
391 2087 411 2111 r
420 2087 472 2111 ca
485 2087 507 2111 ιι
518 2077 565 2111 tu
574 2072 628 2123 τη]

129 2131 294 2180 fractae
329 2143 456 2167 rauca
492 2134 530 2167 et
565 2129 790 2182 effeminata
832 2141 937 2167 voce.

77 2184 203 2231 Quum
227 2188 392 2237 fractae
405 2199 436 2222 5.
448 2188 585 2237 fracte
598 2184 699 2222 Oud.
715 2186 749 2222 in
766 2184 938 2235 plurimis

75 2241 187 2279 codd.
201 2241 430 2287 invenisset,
453 2243 578 2291 fauce
592 2255 717 2280 rauca
734 2240 939 2291 legendum

75 2311 168 2336 esse
198 2298 362 2350 putavit,
399 2311 512 2347 quam
546 2310 680 2334 vocem
711 2297 870 2348 saepius
903 2298 937 2335 in

75 2355 321 2394 clamoribus
357 2353 531 2392 adhiberi
567 2353 844 2391 demonstravit
886 2366 935 2391 ex

72 2411 185 2449 Auct.
200 2411 250 2448 ad
269 2410 434 2448 Herenn.
458 2409 519 2448 111.
545 2415 605 2449 14.
632 2410 738 2448 Suet.
755 2411 854 2461 Aug.
869 2414 933 2450 84.

72 2465 162 2507 isid.
188 2466 294 2516 Orig.
320 2465 386 2504 Xt.
417 2472 449 2506 1.
479 2466 609 2517 Virgil.
636 2465 815 2505 Aenwt.
839 2466 936 2507 417.

73 2522 142 2561 Sil.
154 2522 195 2560 11.
206 2527 298 2563 551.
313 2523 466 2561 Deinde
480 2536 569 2560 vero
581 2524 810 2560 sententiam
824 2536 934 2561 suam

71 2582 243 2625 retraxit,
268 2580 505 2628 intelligens,
529 2580 709 2630 fractam
726 2593 856 2618 rocem
871 2579 935 2617 ad-

69 2638 190 2689 prime
222 2637 401 2675 castratis
433 2640 471 2673 et
496 2635 677 2673 mollibus
708 2635 937 2686 seminisque

71 2693 291 2739 convenire:
334 2692 422 2731 coll.
459 2691 643 2742 Xipliilin.
689 2691 738 2729 de
781 2691 936 2743 Heliog.

71 2762 108 2799 p.
134 2752 228 2789 912.
253 2750 312 2787 ed.
339 2749 509 2787 Hanov.:
546 2746 633 2793 τούς
669 2763 708 2786 τε
733 2746 937 2800 παριόντας

71 2803 171 2857 ἁβρᾷ
194 2821 233 2844 τε
257 2807 320 2844 καὶ
350 2803 578 2855 κεκλασμένη
611 2805 715 2855 (φωνῇ
745 2819 936 2857 προςεται-

71 2858 275 2912 ριζόμενος,
303 2862 410 2900 Suid.
425 2863 458 2899 in
472 2859 798 2914 βωμολοχεύσατο,
825 2861 935 2900 Clau-

71 2917 172 2956 dian.
197 2919 233 2956 in
260 2917 416 2969 Eutrop.
444 2917 470 2956 1.
497 2922 609 2962 261„
639 2918 703 2955 ubi
729 2917 776 2955 cf.
802 2917 934 2956 Barth.

71 2977 110 3011 et
122 2973 256 3013 Heius.
265 2973 486 3025 Cannegiet.
501 2974 548 3012 ad
559 2974 696 3012 Avian.
705 2973 933 3012 Fab.XV11.

73 3033 135 3070 13.
162 3029 318 3082 [quibus
343 3031 444 3069 adde
458 3030 585 3068 luven.
600 3029 644 3068 11.
662 3037 677 3071 1
693 3033 772 3074 13..
796 3031 860 3068 ubi
886 3030 936 3068 de

69 3099 166 3124 sene
191 3086 305 3125 Gallo
332 3087 485 3138 legitur:
512 3088 598 3126 Hic
624 3088 755 3138 turpis
777 3086 937 3141 Cybeles

71 3147 109 3181 et
139 3143 309 3193 fracta
350 3158 462 3184 voce
499 3143 697 3196 loquendi
733 3143 934 3188 Libertas,

262 862 402 883 assonos
422 858 457 884 G.
474 858 502 883 ⁴1.
519 857 553 884 Ο.
579 855 732 884 obscenos
752 859 795 884 M.
832 855 980 884 incolunt
1000 857 1037 884 D.
1074 856 1149 883 ruli
1166 857 1199 885 F.
1214 858 1244 886 3.
1259 859 1295 885 G.
1310 858 1340 886 2.
1354 858 1391 886 D.
1407 858 1443 886 P.
1458 854 1486 885 δ.
1502 865 1531 891 p.
1547 857 1568 886 f.
1592 857 1705 885 Incert.
1719 860 1749 885 et
1762 864 1871 887 omnes

1005 1015 1080 1052 quo
1113 999 1199 1039 loco
1231 1001 1342 1052 plura
1372 1001 1569 1052 proferunt
1599 1000 1683 1040 lntt.
1708 1001 1872 1042 Herald.

1003 1058 1053 1095 ad
1077 1057 1220 1096 Minue.
1247 1057 1330 1096 Fet.
1356 1072 1388 1096 c.
1406 1062 1442 1099 2.
1468 1063 1584 1109 p.11.
1611 1058 1671 1096 ed.
1699 1057 1869 1097 Gronov.

1004 1118 1042 1152 et
1054 1114 1103 1151 ad
1118 1114 1263 1153 Arnob.
1277 1113 1342 1152 lv.
1359 1118 1422 1154 21.
1439 1113 1483 1152 Τ.
1499 1113 1542 1152 11.
1563 1128 1599 1165 p.
1615 1118 1706 1155 222.
1727 1113 1867 1167 Orell.]

1003 1169 1152 1208 Locum
1174 1183 1265 1207 vero
1286 1169 1462 1210 Martian.
1477 1170 1627 1221 Capell.
1642 1169 1710 1210 IX.
1729 1170 1759 1221 ξ.
1775 1174 1869 1212 889.

1006 1226 1133 1276 Kopp.
1161 1227 1436 1272 consideranti,
1462 1227 1578 1266 IlIars
1603 1228 1750 1267 enn'nus
1776 1241 1868 1267 con-

1003 1284 1184 1333 spicatus
1214 1283 1380 1334 napitas
1409 1288 1548 1322 tenero
1579 1296 1668 1323 cnm
1692 1284 1869 1323 admira-

997 1340 1125 1377 tionis
1139 1338 1279 1377 obtutu
1299 1338 1624 1390 languidiore
1644 1341 1870 1391 fractior

1004 1408 1115 1433 voce
1141 1394 1336 1440 laudm-it,
1360 1395 1660 1447 profundaque
1683 1397 1788 1434 visus
1813 1401 1870 1435 est

1000 1452 1175 1490 traxisse
1204 1452 1398 1501 suspiria,
1435 1450 1539 1489 Oud.
1575 1450 1748 1502 suspicio
1779 1456 1871 1490 nata

1000 1512 1080 1554 est,
1105 1521 1153 1546 an
1181 1521 1253 1545 non
1280 1508 1395 1545 etiam
1420 1506 1496 1545 hae
1526 1506 1683 1558 puellae
1704 1509 1869 1558 fractae

999 1577 1115 1603 rauca.
1149 1568 1187 1601 et
1229 1562 1452 1602 effeminata
1489 1577 1602 1609 voce,
1647 1563 1867 1602 iuvantibus

999 1620 1115 1666 Mss„
1129 1624 1291 1673 possent
1305 1620 1389 1659 dici.
1417 1620 1563 1658 Verum
1577 1633 1694 1671 quum
1708 1621 1868 1672 insuper

1000 1681 1220 1728 quaeratur,
1252 1676 1447 1728 quomodo
1474 1676 1633 1715 fractam
1659 1681 1697 1715 et
1722 1676 1868 1714 effemi-

1000 1738 1128 1773 natam
1155 1747 1287 1772 vocem
1312 1732 1514 1784 appellare
1539 1736 1672 1772 auctor
1700 1734 1869 1784 potuerit:

996 1804 1183 1834 raucam,
1210 1788 1477 1839 Cannegieter.
1503 1789 1553 1827 ad
1579 1789 1649 1828 l.c.
1675 1803 1745 1841 pro
1761 1789 1866 1840 glos-

997 1851 1148 1885 semate
1177 1845 1409 1885 vocabulum
1440 1845 1647 1884 delendum
1680 1846 1865 1897 opinatur.

999 1904 1186 1942 Raucam,
1209 1916 1300 1940 vero
1324 1916 1458 1942 vocem
1483 1901 1585 1941 Oud.
1610 1903 1710 1940 bene
1735 1901 1867 1940 desen-

998 1960 1052 1998 dit
1078 1959 1216 1998 saetam
1242 1972 1335 1997 esse
1359 1972 1500 2010 magno
1526 1958 1697 1997 clamore
1722 1964 1761 1996 et
1784 1957 1866 1996 ulu-

999 2016 1094 2062 latu,
1121 2029 1220 2066 quos
1245 2014 1384 2054 tollere
1408 2015 1513 2053 soliti
1539 2014 1677 2053 suerint
1691 2014 1864 2066 Cybeles

996 2072 1248 2117 sacerdotes,
1288 2075 1329 2110 ut
1363 2085 1483 2123 supra
1518 2085 1556 2122 p.
1592 2075 1695 2112 570:
1750 2073 1866 2111 Tunc

994 2142 1153 2181 praeco
1185 2129 1384 2179 disruptis
1410 2128 1603 2180 saucibus
1639 2133 1679 2167 et
1711 2141 1864 2168 rauca

997 2199 1112 2224 voce
1135 2186 1313 2230 sancius,
1339 2183 1542 2235 eoll.Virg.
1559 2183 1699 2235 Georg.
1714 2183 1781 2222 lv.
1797 2188 1863 2224 71.

997 2242 1103 2280 aeris
1132 2242 1273 2280 rauci
1303 2254 1431 2280 canor
1456 2245 1495 2279 et
1520 2241 1680 2291 fracti
1711 2241 1864 2280 sonitus

998 2298 1194 2337 tubarum.
1265 2297 1397 2348 Atque
1441 2310 1555 2335 omne
1597 2311 1764 2335 murmur
1798 2297 1862 2334 vel

992 2367 1131 2392 sonum
1168 2354 1354 2404 ingratum
1392 2354 1541 2404 passim
1579 2353 1651 2391 (liei
1694 2367 1864 2393 raucum

993 2409 1107 2449 Ovid.
1133 2409 1227 2448 Men
1242 2410 1292 2449 V.
1314 2413 1425 2456 678.;
1450 2410 1564 2448 inimo
1591 2409 1641 2447 (le
1665 2410 1768 2447 tenui
1793 2423 1864 2448 nec

994 2467 1095 2506 claro
1109 2480 1207 2505 sono
1221 2479 1439 2512 occurrere3
1459 2465 1548 2504 coll.
1565 2465 1861 2504 Bu1·m.adAen.

992 2523 1037 2561 ll.
1064 2527 1156 2564 546.
1199 2521 1332 2560 Claud.
1359 2521 1462 2561 Bell.
1488 2521 1590 2561 Gild.
1624 2526 1716 2563 433.
1754 2522 1860 2572 Virg.

993 2581 1093 2618 Aen.
1110 2578 1172 2617 111.
1188 2583 1279 2619 515.
1308 2578 1372 2630 [cs.
1390 2577 1473 2616 lntt.
1488 2577 1538 2616 ad
1551 2577 1749 2616 luvenX'l.
1767 2583 1861 2619 515.

996 2649 1174 2688 quaeque
1193 2636 1322 2674 monui
1342 2635 1392 2674 ad
1411 2633 1575 2673 Mets'l.
1597 2648 1633 2686 p.
1650 2639 1742 2675 404.
1763 2635 1861 2674 Fra-

995 2698 1102 2739 ctae,
1129 2705 1230 2743 quae
1263 2692 1375 2729 lectio
1401 2705 1473 2729 non
1500 2690 1626 2728 solum
1652 2703 1720 2742 per
1746 2690 1860 2729 libro-

993 2762 1075 2787 rum
1095 2749 1360 2789 auctoritatem
1380 2747 1451 2786 sed
1473 2748 1690 2786 sententiae
1705 2760 1861 2799 quoque

994 2804 1259 2844 difficultatem
1273 2803 1858 2856 del'enditur,intextureposui.]

1049 2862 1144 2900 rati.
1205 2860 1331 2912 [Hunc
1361 2860 1588 2911 scripturam
1619 2873 1668 2897 ex
1703 2860 1859 2910 optimis

993 2917 1105 2956 codd.
1135 2917 1302 2964 restitui,
1339 2917 1483 2968 quippe
1519 2929 1618 2966 quae
1651 2915 1765 2967 longe
1790 2915 1859 2953 dif-

993 2974 1125 3012 tieilior
1153 2974 1204 3011 sit
1234 2973 1357 3012 altera
1396 2977 1529 3017 ratae,
1577 2985 1692 3024 quam
1729 2973 1859 3023 potius

993 3030 1194 3081 glossema
1229 3029 1353 3068 iudico
1385 3041 1478 3066 esse
1509 3027 1761 3075 librariorum,
1794 3030 1858 3080 qui

993 3087 1147 3136 generis
1173 3086 1418 3124 variationem
1446 3084 1544 3122 ferre
1569 3099 1642 3123 non
1668 3088 1856 3136 poterant.

994 3142 1094 3181 Hinc
1118 3143 1182 3194 qui
1208 3141 1434 3182 audaciores
1461 3145 1585 3188 erant,
1613 3141 1770 3195 quaein
1787 3143 1857 3195 qui
