2155 3590
491 136 681 179 LIBER
705 139 779 180 lv.
837 138 963 179 CAP.
994 129 1183 178 xxxii.
1216 129 1427 176 xxxul.
1771 130 1853 180 297

70 255 265 294 maritum.
315 251 393 293 Sed
417 252 558 306 Apollo
585 265 816 305 quamquam
837 251 1015 293 Graecus
1040 258 1079 292 et
1102 249 1259 290 Ionicus
1285 256 1445 304 propter
1473 241 1657 290 Milesiae
1683 249 1857 290 eondito-

69 324 172 360 rem,
199 309 255 350 sic
279 307 423 349 Latina
448 315 555 349 sorte
577 308 797 362 respondit:

533 479 570 527 G
628 481 673 526 A
729 480 768 525 P
828 481 870 527 U
929 481 973 527 T
1064 479 1366 528 XXXIII.

347 611 498 653 Montis
523 613 564 652 in
589 612 739 654 excelsi
765 613 923 668 scopulo
950 613 1118 654 subsiste
1143 613 1309 668 puellam

462 667 654 710 Ornatam
680 670 822 710 mundo
849 670 1001 710 funerei
1026 670 1208 721 thalami,

71 783 208 824 Appollo
224 788 260 815 G.
273 788 303 816 2.
318 788 358 816 D.
404 786 436 815 si
447 785 578 824 appollo
593 785 633 816 D.
681 786 885 815 conditorem
898 788 932 816 in
945 788 1093 816 omnibus
1112 790 1192 817 Mss.
1218 791 1246 816 et
1267 789 1337 816 edd.
1356 789 1432 816 vett.
1451 786 1578 822 legitur.
1626 785 1674 814 sic
1688 786 1736 815 sic
1750 785 1811 814 lat.
1824 788 1861 816 D.

69 836 105 861 uc
120 841 175 868 pro
188 831 362 868 respondit
372 833 411 861 D.
438 832 539 867 [quae
552 833 648 861 lectio
662 841 702 861 ex
717 834 903 867 compendio
917 832 954 861 Rt
970 834 990 861 i.
1006 842 1031 862 e.
1058 831 1230 869 respondit
1244 836 1321 861 nata
1335 831 1413 865 est.)

159 878 345 906 Hexametri
358 878 499 913 singulis
514 878 666 906 versibus
678 879 829 912 descripti
842 879 925 906 inter
937 886 1025 907 meos
1040 880 1130 907 codd.
1145 882 1327 912 comparent
1342 878 1374 906 in
1388 879 1455 905 solo
1468 878 1544 905 8.·2.
1558 878 1607 905 ed.
1620 879 1701 905 lunt.
1713 878 1863 906 1.2.A1d.

67 925 105 952 ln
125 924 160 951 G.
176 924 206 951 2.
226 930 344 951 versus
364 930 419 951 eos
432 932 506 952 esse
525 923 689 951 indicatur
707 923 926 952 additamento
943 924 1071 952 librarii
1089 924 1277 958 marginali:
1308 921 1433 950 Versus
1448 920 1621 959 Apollinis.
1646 924 1727 951 Num
1741 923 1774 951 in
1788 923 1865 951 Flo-

70 971 161 996 renlt.
182 968 382 1002 reliquisque
401 970 491 997 codd.
510 968 558 996 ita
576 969 640 996 sint
659 969 815 1001 ordinati,
841 969 969 997 omuino
989 977 1050 997 non
1070 969 1145 997 licet
1161 969 1310 1002 perspici.
1358 966 1524 995 inea-celsa·
1535 969 1570 996 G.
1584 969 1656 995 2.e1
1672 976 1782 996 omnes
1795 969 1864 997 edd.

69 1017 145 1042 velt.
166 1017 291 1048 praeter
309 1013 414 1042 Paris.
439 1012 593 1051 ine-ccljf'i
611 1014 649 1041 D.
696 1012 839 1041 subsiste
859 1015 894 1043 G.
911 1013 940 1042 1.
954 1015 986 1042 2.
1000 1015 1035 1042 P.
1050 1015 1084 1042 Ο.
1099 1015 1136 1042 D.
1150 1015 1187 1042 R.
1204 1013 1224 1042 f.
1239 1021 1275 1042 π.
1289 1010 1318 1041 δ’.
1333 1017 1360 1041 el
1376 1014 1411 1042 F.
1426 1014 1456 1041 3.
1482 1012 1564 1048 (sed
1584 1021 1625 1041 ex
1637 1012 1864 1048 correctione).

71 1059 175 1087 Ceteri
188 1059 277 1087 codd.
292 1062 321 1086 et
337 1059 406 1086 edd.
420 1062 497 1088 velt.
510 1061 630 1087 habent
643 1056 774 1087 desiste.

122 1161 301 1209 propter
320 1156 508 1195 Milesiae
522 1157 786 1195 conditorem.
814 1155 940 1208 [Male

68 1216 208 1264 agunt,
236 1213 298 1263 qui
323 1212 426 1250 hunc
450 1211 576 1250 locum
603 1216 820 1263 corruptum
846 1226 940 1251 esse

72 1270 310 1314 existimant,
340 1272 381 1307 ut
404 1267 527 1314 Oud.‚
560 1268 619 1306 cui
644 1267 745 1306 haec
776 1269 894 1308 verba
919 1283 942 1307 a

72 1326 292 1377 glossatore
328 1324 505 1376 profecta
541 1324 714 1363 videntur
751 1340 863 1371 esse,
902 1330 941 1364 et

71 1381 263 1426 Orellius,
288 1382 352 1432 qui
379 1385 511 1419 contra
534 1381 653 1419 totius
686 1380 759 1419 loci
785 1386 940 1421 senten-

71 1439 161 1477 tiam
187 1438 368 1476 emendat
388 1442 566 1490 propter
591 1438 768 1477 misellae
784 1440 940 1491 987ιίΐο-

72 1509 170 1540 rem,
202 1508 317 1545 quum
350 1493 449 1532 iufra
474 1506 629 1544 quoque
655 1507 724 1544 pro
750 1495 941 1534 misellam

73 1551 262 1604 Psychen
293 1551 377 1589 cod.
409 1563 445 1601 p.
478 1554 517 1588 et
547 1551 611 1588 alii
637 1550 806 1589 habeant
832 1552 942 1590 mile-

73 1609 171 1647 siam
184 1606 372 1661 Psychen
397 1610 436 1645 et
458 1610 603 1645 mutato
622 1608 747 1645 semel
766 1609 944 1647 misellae

74 1665 108 1702 in
135 1663 342 1709 Milesiae3
372 1664 596 1716 yenitorem
628 1665 662 1701 in
690 1665 945 1704 conditorem.

74 1721 260 1772 corrumpi
303 1733 428 1771 prope
468 1732 635 1758 necesse
680 1720 802 1759 fuerit.
864 1721 945 1759 Sed

74 1789 223 1828 quaeso
247 1781 404 1827 propter
429 1776 697 1815 consulentem
723 1777 873 1815 scilicet
893 1778 944 1815 la-

74 1835 151 1872 tine
166 1832 318 1872 locutus
334 1837 395 1871 est
412 1832 557 1883 Apollo
572 1838 610 1871 et
625 1846 701 1883 qua
714 1835 763 1873 de
778 1834 945 1872 caussa?

73 1887 236 1929 Minime
260 1902 370 1928 vero:
396 1889 469 1927 sed
494 1893 759 1941 argumentum
783 1890 945 1935 additur,

75 1959 138 1984 cur
148 1945 324 1985 Graecus
333 1945 532 1984 etlonicus
547 1946 789 1998 potissimum
799 1947 945 1998 Apollo

75 2003 302 2041 nominetur.
338 2001 461 2040 Innuit
486 2003 585 2040 enim
610 2007 729 2054 poeta
753 2003 944 2050 Miletum,

75 2057 272 2110 Apollinis
302 2072 326 2097 a
349 2058 476 2096 Dione
501 2059 633 2104 filiurn,
666 2072 780 2109 quem
812 2060 944 2097 condi-

75 2118 198 2154 torem
222 2114 349 2153 Mileti
374 2114 528 2153 lonicae
558 2114 682 2153 fuisse
713 2118 866 2154 constat
897 2129 945 2154 ex

77 2171 194 2210 Ovid.
219 2170 315 2209 Met.
342 2169 411 2209 lX.
437 2175 625 2211 45—48.
658 2171 706 2209 cf.
734 2185 835 2222 quae
859 2186 943 2224 pro-

75 2227 162 2266 tulit
185 2226 320 2265 Munk.
347 2227 396 2265 ad
420 2226 523 2278 Hyg.
549 2241 580 2265 c.
605 2226 714 2266 XlV.
739 2240 778 2278 p.
803 2233 857 2268 47
881 2242 943 2280 sq.

74 2296 177 2322 neve
207 2283 294 2334 quis
325 2284 539 2329 miraretur,
576 2284 772 2335 quomodo
809 2284 948 2323 Latine

75 2339 183 2392 loqui
197 2338 346 2391 Apollo
360 2341 571 2391 potuisset,
599 2341 661 2391 qui
687 2353 852 2392 graecus
867 2348 948 2379 erat

78 2398 191 2447 isque
222 2395 394 2441 lonicus,
426 2395 621 2447 Apuleius
652 2396 752 2435 haec
788 2397 945 2436 addidit.

77 2452 166 2491 Non
192 2452 446 2504 improbabile
471 2456 550 2498 est,
575 2453 787 2504 Apuleium
801 2454 850 2491 ad
866 2453 944 2493 Cic.

80 2508 207 2548 locum
237 2508 288 2547 de
318 2508 445 2548 Divin.
471 2508 514 2547 ll.
547 2523 578 2548 c.
606 2514 671 2550 56.
702 2509 732 2559 §.
771 2513 858 2550 116.
890 2525 945 2548 re-

84 2565 289 2617 spexisse:
313 2567 488 2617 primum
513 2566 640 2605 latine
663 2566 825 2617 Apollo
849 2581 946 2606 mm-

83 2635 202 2675 quam
227 2622 385 2661 loeutus
409 2627 474 2661 est.
507 2621 608 2660 Oud.
641 2624 675 2660 in
702 2636 749 2660 eo
775 2621 946 2669 offendit,

83 2678 187 2729 quod
217 2678 382 2717 Milesia
412 2677 474 2716 hic
504 2678 646 2717 dictum
678 2681 729 2717 sit
758 2691 827 2729 pro
852 2680 946 2717 urbe

81 2733 208 2772 Mileti
235 2734 299 2772 vel
331 2735 446 2772 etiam
478 2734 657 2773 absolute
688 2749 757 2786 pro
782 2739 883 2774 terra
908 2742 948 2774 et

82 2791 250 2841 regione.
298 2790 381 2829 Sed
394 2791 534 2830 eodem
552 2791 667 2830 modo
682 2791 788 2842 Virg.
802 2791 945 2844 Georg.

83 2845 150 2884 IV.
168 2851 257 2888 125.
285 2847 457 2887 Oebalia
482 2847 578 2885 dixit
601 2862 670 2899 pro
693 2849 854 2897 regione
868 2848 944 2886 Oe-

77 2901 186 2940 thalia
199 2904 221 2942 i.
235 2917 270 2942 e.
283 2902 498 2948 Laconica,
525 2904 626 2954 quod
641 2909 797 2956 propter
811 2904 945 2944 Claud.

84 2955 306 3001 Prob.260.
332 2960 579 2999 imitationem
604 2960 802 3000 sollicitari
815 2961 948 3012 nequit

86 3011 137 3052 cs.
161 3013 314 3055 Weich.
340 3016 551 3055 Commeat.
590 3017 639 3055 de
677 3016 709 3055 Τ
713 3018 749 3056 it.
782 3017 943 3069 Septim.

87 3073 213 3119 poeta.
236 3071 303 3111 Sic
327 3086 481 3125 quoque
508 3073 661 3111 defendi
685 3078 818 3125 potest
829 3073 944 3126 Prop.

88 3122 133 3162 ΙΙ.
158 3129 221 3167 21.
246 3132 311 3169 53.
336 3129 399 3168 ubi
426 3130 527 3170 Iona
552 3143 620 3181 pro
646 3130 766 3170 Ionia
797 3130 944 3182 legitur.

999 1156 1115 1203 Quod
1128 1170 1174 1193 eo
1189 1157 1314 1208 magis
1341 1157 1626 1207 comprobatur,
1651 1169 1767 1207 quum
1786 1157 1868 1195 fere

999 1213 1126 1251 omnia
1149 1214 1349 1264 regionum
1375 1214 1528 1251 nomina
1552 1213 1644 1251 nihil
1664 1212 1770 1251 aliud
1795 1214 1868 1252 nisi

999 1269 1275 1308 adiectivorum
1303 1269 1424 1307 vicem
1455 1271 1610 1320 proprie
1639 1271 1867 1309 sustineant.

1001 1325 1044 1363 Si
1071 1325 1162 1375 quid
1188 1325 1413 1364 mutandum
1438 1330 1517 1374 est,
1545 1326 1665 1370 malo,
1694 1332 1870 1378 propter

1000 1382 1203 1421 Milesiam
1230 1383 1518 1421 conditionem.
1547 1383 1569 1419 i.
1585 1395 1618 1419 e.
1648 1383 1867 1422 conditum.

1002 1438 1049 1476 cs.
1077 1437 1237 1476 Tertull.
1264 1438 1311 1477 de
1336 1438 1453 1491 habit.
1479 1438 1634 1476 mulieb.
1661 1452 1691 1476 c.
1708 1442 1743 1479 8.
1772 1441 1870 1492 (suist

1003 1495 1071 1534 dei
1104 1495 1331 1534 conditio
1363 1500 1420 1534 est
1448 1499 1485 1533 et
1516 1495 1626 1534 tleus
1657 1500 1694 1533 ct
1723 1509 1871 1534 merum

1003 1557 1040 1590 et
1065 1553 1172 1603 iqnis
1199 1553 1269 1604 qui
1295 1553 1474 1590 vescitur.
1501 1551 1551 1589 de
1577 1552 1756 1603 Spectac.
1784 1566 1817 1590 c.
1832 1557 1871 1593 2.

1002 1606 1064 1646 rel
1075 1613 1252 1660 propter
1267 1607 1469 1647 Milesiam
1484 1608 1754 1654 condituram,
1769 1608 1872 1660 quod

1004 1664 1235 1715 vocabulum
1248 1665 1395 1703 noviter
1415 1664 1463 1702 ab
1477 1665 1648 1716 Apuleio
1671 1665 1872 1704 formatum

1005 1721 1120 1760 facile
1147 1720 1323 1759 librarios
1350 1721 1487 1760 fallere
1508 1725 1670 1772 poterat.
1708 1722 1872 1762 Milesia

1005 1791 1097 1817 vero
1129 1778 1316 1817 conditio
1346 1777 1487 1816 dictum
1518 1783 1597 1823 est,
1633 1783 1674 1816 ut
1698 1778 1797 1817 Met.
1819 1778 1869 1816 V.

1004 1847 1041 1885 p.
1069 1838 1160 1874 321.
1198 1835 1255 1873 acl
1287 1836 1628 1874 conversationem
1659 1835 1873 1875 lemmmum

1006 1903 1073 1941 pro
1100 1891 1311 1930 hominum.
1339 1890 1386 1929 cf.
1413 1890 1461 1928 ad
1486 1888 1582 1929 Met.
1609 1890 1634 1929 l.
1660 1904 1696 1942 p.
1723 1891 1813 1944 67.]

1062 1952 1177 1985 sorte.
1228 1947 1385 1999 [Sortes
1408 1960 1602 1998 responsa
1625 1951 1715 1986 sunt
1739 1961 1871 1987 oracu-

1005 2001 1145 2049 lorum,
1172 2003 1276 2054 quod
1297 2005 1387 2042 olim
1406 2015 1475 2055 per
1493 2007 1622 2042 sortes
1646 2005 1870 2043 edebantur.

1003 2057 1163 2109 Proprie
1188 2059 1238 2097 de
1262 2059 1457 2110 Delphico
1484 2060 1682 2099 dicebatur
1716 2061 1871 2100 oraculo

1003 2115 1051 2154 cf.
1077 2115 1239 2167 Rupert.
1265 2116 1315 2154 ad
1329 2116 1458 2154 Iuven.
1475 2118 1555 2156 Sat.
1570 2116 1596 2156 Ι.
1611 2122 1676 2158 82.
1703 2112 1873 2156 Tom.ll.

1003 2185 1039 2222 p.
1055 2177 1107 2218 40
1122 2185 1181 2223 sq.
1206 2172 1360 2211 Ruhnk.
1387 2173 1489 2212 Diet.
1516 2173 1565 2212 ad
1585 2172 1698 2212 Ovid.
1713 2173 1872 2213 Heroid.

1002 2227 1106 2266 Xlll.
1133 2232 1196 2269 93.
1223 2242 1261 2280 p.
1287 2233 1351 2270 80.
1384 2229 1431 2267 ad
1460 2230 1569 2269 Suet.
1595 2245 1631 2282 p.
1659 2226 1752 2271 219.
1779 2234 1871 2272 220.

1007 2284 1128 2323 Buen.
1155 2285 1203 2324 ad
1218 2284 1393 2324 Lactant.
1414 2285 1508 2325 inst.
1523 2286 1550 2325 l.
1566 2291 1602 2328 6.
1629 2287 1658 2337 ᾧ.
1677 2292 1736 2328 12.
1753 2301 1790 2339 p.
1806 2291 1870 2328 42.

1006 2340 1188 2393 Bulleng.
1214 2341 1263 2380 de
1289 2342 1389 2381 Sort.
1414 2342 1500 2381 Lib.
1522 2342 1549 2381 l.
1571 2342 1642 2382 c.l.
1669 2345 1703 2382 in
1731 2344 1870 2383 Graev.

1007 2396 1126 2436 Thes.
1153 2399 1310 2450 Antiqq.
1340 2398 1514 2438 Tom.V.
1542 2403 1634 2440 363.
1660 2399 1725 2438 De
1750 2400 1873 2439 forma

1005 2455 1254 2504 grammatica
1300 2455 1350 2494 ef.
1383 2468 1483 2506 quae
1513 2456 1609 2494 dixit
1634 2457 1755 2495 voss.
1786 2457 1871 2496 Ari-

1004 2510 1258 2550 starch.Tom.
1269 2511 1294 2550 l.
1304 2527 1341 2564 p.
1352 2515 1445 2554 503.
1454 2513 1582 2564 ibique
1590 2518 1666 2552 not.
1676 2512 1869 2566 Fiirtsch]

1061 2565 1146 2606 (Ἂν.
1171 2567 1358 2608 XXXIII.
1413 2570 1579 2608 Montis.
1643 2569 1871 2621 [Oraculum

1002 2623 1064 2662 his
1090 2625 1217 2680 verbis
1232 2625 1521 2677 comprehendit
1533 2625 1711 2677 Fulgent.
1725 2639 1761 2677 p.
1777 2630 1872 2667 716.

1004 2680 1152 2733 Itaque
1183 2681 1391 2733 Apollinis
1423 2683 1730 2722 denuntiatione
1765 2683 1870 2723 iube-

1002 2741 1070 2776 tur
1103 2738 1244 2789 puella
1280 2739 1321 2777 in
1356 2738 1517 2777 montis
1537 2740 1745 2779 cacumine
1780 2740 1870 2778 sola

1004 2793 1167 2833 dimitti.
1215 2794 1300 2832 Hoc
1324 2798 1445 2833 totum
1477 2808 1630 2833 carmen
1665 2795 1803 2845 legitur
1831 2796 1868 2834 in

1004 2848 1133 2888 Burm.
1158 2849 1318 2889 Anthol.
1345 2850 1391 2889 L.
1419 2850 1464 2890 T.
1490 2850 1515 2889 Ι.
1541 2865 1578 2902 p.
1605 2852 1720 2905 619]

1059 2907 1234 2947 subsiste.
1282 2906 1339 2945 lta
1358 2920 1406 2944 ex
1427 2907 1581 2958 optimis
1596 2908 1707 2948 codd.
1721 2910 1867 2949 retinui.

1005 2961 1226 3002 subsistere
1250 2965 1368 3009 enim,
1394 2964 1496 3014 quod
1512 2964 1646 3003 Gloss.
1672 2966 1868 3018 explicant

1002 3017 1261 3070 ὑφίστασθαι,
1294 3033 1367 3058 non
1399 3020 1525 3058 solum
1548 3024 1610 3058 est
1632 3024 1804 3062 retinere
1830 3028 1868 3061 et

1003 3077 1212 3122 sustinere,
1232 3076 1305 3113 scd
1319 3077 1434 3114 etiam
1447 3078 1594 3123 sistere,
1613 3081 1655 3116 ut
1668 3079 1865 3118 desistere.

1003 3130 1175 3184 Utraque
1200 3146 1275 3172 vox
1300 3133 1492 3172 rarissime
1518 3137 1579 3172 est
1604 3148 1689 3173 cum
1709 3148 1865 3175 accusa-

2111 1899 2127 2047 ’τιν’-ψ
2113 1799 2121 1844 ·<·2
2106 1743 2111 1749 ·
2125 1690 2127 1696 .

2116 1386 2147 1554 aazia
2134 1331 2143 1366 st
