2221 3667
318 142 426 185 1066

570 144 616 184 L.
647 144 868 185 APULEII
899 147 1302 189 MADAURENSIS
1333 151 1879 195 METAMORPHOSEON

315 255 502 296 committi
527 256 707 310 silentia,
742 272 886 299 numen
919 259 1014 300 deae
1046 261 1170 301 soleat
1197 261 1361 314 elicere,
1396 270 1435 303 et
1464 277 1534 304 sua
1561 265 1808 319 providentia
1833 269 2114 321 quodammodo

312 319 471 352 renatos
503 313 551 352 ad
583 328 710 355 novae
742 329 935 370 reponere
965 331 1104 357 rursus
1137 318 1274 359 salutis
1307 320 1519 361 curricula.

1581 320 1692 375 Ergo
1723 322 1847 376 igitur
1876 338 1936 364 me
1962 340 2115 380 quoque

311 375 493 422 oportere
515 370 686 411 coeleste
705 372 904 413 sustinere
923 381 1188 429 praeceptum,
1219 389 1449 430 quamquam
1478 378 1685 432 praecipua
1712 379 1960 434 evidentique
1980 383 2112 436 magni

307 484 439 522 eligere.
455 488 549 516 Errat
564 489 643 518 ond.
659 488 823 527 dubitans,
839 490 871 520 in
886 493 955 520 ullo
968 492 1037 520 cod.
1051 495 1080 520 er
1095 492 1169 521 edit.
1184 495 1294 522 vetere
1306 492 1429 531 eligere
1441 495 1553 531 scribi,
1568 497 1650 531 qnod
1664 496 1697 525 in
1712 496 1861 532 omnibus
1875 497 1945 526 suis
1959 499 2049 527 codd.
2059 506 2112 527 eo-

308 540 439 565 rumque
453 535 617 568 excerptis
633 533 754 562 elicere
767 538 904 571 legatur.
922 535 1054 574 Ele'gere
1069 539 1215 572 equidem
1231 539 1340 568 inveni
1357 541 1388 569 in
1404 542 1439 569 G.
1450 543 1487 570 D.
1498 546 1528 570 et
1540 542 1573 570 in
1584 551 1615 575 φ.
1631 543 1676 571 ita
1690 551 1764 571 esse
1779 544 2014 572 testaturFulv.
2028 544 2112 572 Hinc

305 577 485 607 verisimile
499 582 559 613 est,
569 579 601 608 in
616 580 694 610 aliis
709 588 836 616 quoque
849 583 894 611 ita
908 583 973 614 lensi
987 584 1077 612 codd.
1090 585 1217 613 Indeex
1227 586 1496 615 Remum-omnes
1509 588 1579 616 edd.
1589 587 1882 625 praebentelr'gcre.
1895 589 2025 618 Priores
2039 597 2111 618 cum

302 623 454 656 plurimis
466 625 556 652 codd.
570 624 700 654 elicere.
737 630 770 654 et
784 631 860 656 ante
874 635 937 655 sua
950 630 1041 657 abest
1056 636 1076 666 a
1091 629 1110 658 f.
1125 633 1154 657 et
1164 631 1202 658 R.
1235 631 1508 668 praa-{naalma
1518 635 1553 661 G.
1566 633 1600 661 P.
1616 633 1822 669 (testeoud.;
1841 634 1937 670 etiam
1951 634 1985 663 in
1999 642 2111 663 excer-

302 669 367 704 ptis
382 670 421 697 ad
437 677 537 704 marg.
553 672 601 700 ed.
618 672 728 707 cvlv.)
743 671 874 702 0.Ι).η.
891 673 911 701 f.
926 675 1247 705 c011.v0ss.1unr.2.

303 772 342 805 et
357 769 488 807 lumen
504 784 578 808 non
596 770 887 810 confundantur.
937 772 1047 811 Sicut
1061 775 1176 813 etiam

303 825 419 864 limen
441 830 479 864 et
501 827 628 872 limes,
655 833 695 866 ut
715 828 776 866 hic
796 833 858 866 est
873 830 907 866 in
923 829 1022 880 Reg.
1039 831 1175 876 limite,

301 881 404 932 quod
443 887 550 921 certe
586 884 708 922 multo
746 885 1044 936 praeferendum
1078 887 1176 926 soret

303 937 456 977 lectioni
483 940 642 984 lmniue,
669 942 853 992 quodque
871 941 1060 982 Pricaeus
1082 959 1174 995 quo-

301 1009 376 1047 que
408 996 648 1035 divinaverat
679 1012 727 1036 ex
761 999 898 1037 Sedul.
930 1000 979 1038 ad
1007 1001 1174 1040 Timoth.

303 1051 344 1089 ΙΙ.
372 1056 409 1092 2.
436 1058 472 1093 4.
505 1055 546 1092 in
583 1059 766 1094 extremo
801 1057 958 1096 vitae
990 1058 1175 1097 limite

300 1110 557 1150 constitutus.
631 1110 774 1163 [Plura
805 1114 1011 1163 praebebit
1035 1114 1085 1151 de
1111 1114 1173 1153 his

298 1166 532 1205 dictionibus
566 1167 695 1207 Burm.
727 1169 889 1208 Anthol.
926 1170 1015 1209 Lat.
1054 1171 1099 1211 T.
1126 1171 1172 1211 ll.

296 1236 333 1274 p.
365 1227 479 1270 238„
517 1224 568 1262 de
605 1227 799 1264 sententia
847 1226 893 1265 cs.
922 1227 1082 1267 Guther.
1121 1229 1171 1267 de

296 1280 379 1318 lure
393 1279 537 1319 Pontis.
561 1280 586 1321 l.
609 1285 672 1323 25.
695 1282 731 1320 in
760 1283 903 1323 Graev.
931 1283 1051 1323 Thes.
1081 1285 1103 1322 Ι.
1137 1300 1169 1325 e.

292 1350 329 1388 p.
357 1338 440 1390 50]

346 1396 520 1447 possim.
593 1395 654 1434 Ex
686 1401 863 1448 corrupta
889 1398 976 1437 cod.
1002 1398 1169 1438 lectione

288 1457 389 1503 post
422 1457 513 1491 sunt
550 1454 733 1492 emendat
769 1453 902 1493 Brant.
941 1461 1167 1506 potessunt,

293 1510 343 1546 ‹le
369 1522 446 1559 qua
471 1522 568 1547 voce
594 1510 688 1549 adiri
713 1510 795 1549 vult
819 1510 929 1562 Lips.
945 1511 1037 1551 Var.
1059 1512 1083 1550 Ι.
1107 1517 1168 1553 14.

293 1564 397 1603 Oud.
422 1564 516 1603 nihil
537 1567 761 1605 mutandum
780 1568 882 1606 bene
901 1573 1051 1615 censet,
1080 1570 1169 1609 lieet

293 1626 650 1675 restentpotcsinr,
674 1629 832 1675 potesse
856 1625 972 1663 simil.
1002 1625 1069 1677 [de
1089 1628 1167 1676 qui-

292 1680 364 1717 bus
390 1680 722 1718 terminationibus
771 1681 819 1720 ef.
852 1680 935 1720 lntt.
962 1682 1012 1720 ad
1037 1682 1166 1722 Plaut.

290 1736 413 1774 Mere.
439 1735 502 1775 ΠΙ.
530 1741 565 1778 2.
596 1741 656 1777 10.
688 1738 737 1776 ad
770 1737 926 1777 Lueret.
953 1738 1015 1778 Ill.
1045 1743 1165 1780 1023.

290 1793 339 1831 ad
367 1792 476 1831 Fest.
502 1807 541 1845 p.
567 1798 659 1834 523.
686 1793 888 1847 Lindem.]

346 1850 502 1889 elicere.
530 1851 636 1889 Satis
663 1851 820 1889 defendi
847 1855 980 1903 potest
1000 1852 1038 1890 id
1058 1853 1160 1903 quod

288 1920 337 1944 ex
363 1907 584 1946 coniectura
598 1907 785 1947 Ber-oaldi
811 1909 973 1959 primum
1001 1923 1161 1961 recepe-

288 1967 372 2002 runt
396 1963 659 2003 Basileenses
697 1966 849 2017 eliyerc
886 1980 920 2005 s,
952 1970 1086 2017 optare
1123 1972 1162 2005 et

287 2021 458 2072 seligere
483 2022 556 2060 sibi
577 2022 810 2061 sacerdotes
830 2023 999 2061 maxime
1023 2037 1156 2069 senes,

289 2077 416 2129 qualis
443 2078 505 2118 hic
535 2079 602 2117 ille
635 2080 837 2130 primarius
863 2080 1072 2127 sacerdos,
1103 2083 1156 2120 uti

285 2136 401 2173 etiam
417 2136 552 2187 liniger
580 2137 789 2176 Aclzorens
813 2137 917 2188 apud
943 2137 1089 2176 Lucan.
1104 2137 1154 2177 X.

289 2196 379 2233 ¹176.
410 2192 447 2230 0
466 2194 595 2232 sacris
610 2194 751 2232 devote
776 2207 935 2239 senem,
964 2195 1156 2248 quodque

284 2250 431 2301 aryuit
454 2255 584 2295 aetas,
611 2250 708 2288 Non
733 2251 920 2304 ‘ueylccte
946 2252 1043 2290 deis.
1104 2253 1159 2291 At

286 2306 427 2344 rectius
443 2306 583 2358 legitur
599 2307 763 2352 elicere,
790 2320 866 2358 quo
881 2308 1000 2345 verbo
1014 2308 1159 2347 blanda

283 2367 323 2400 et
335 2367 476 2414 potens
491 2363 716 2414 designatur
734 2363 834 2401 deae
849 2365 907 2402 vis
926 2365 1158 2404 retrahentis

284 2420 395 2470 qnasi
420 2434 560 2466 senes,
588 2421 650 2471 qni
671 2420 746 2458 iam
767 2421 802 2458 in
818 2421 905 2472 ipso
922 2422 1049 2460 limine
1063 2421 1156 2460 Pro-

282 2477 464 2528 serpinae
500 2481 539 2515 et
568 2476 807 2516 Acherontis
845 2479 926 2529 ripa
961 2480 1155 2517 constituti

281 2534 376 2581 sint,
403 2534 438 2572 in
458 2534 667 2573 recidivam
688 2535 805 2572 vitam
825 2539 863 2573 et
876 2549 1002 2573 novae
1015 2536 1155 2574 salutis

281 2591 483 2630 curricula.
515 2590 669 2641 Estque
691 2592 850 2629 verbum
876 2592 980 2642 quod
1004 2595 1155 2644 passim

281 2647 486 2686 adhibetur
523 2648 557 2686 in
589 2648 712 2687 saeris
748 2647 882 2686 inseris
919 2653 958 2687 et
982 2651 1153 2701 *manium

282 2706 530 2752 evocatione3
556 2705 604 2743 cs.
630 2703 802 2742 Broukh.
828 2705 878 2743 ad
905 2704 1045 2744 Tibull.
1066 2706 1092 2745 l.
1117 2711 1152 2747 2.

282 2765 347 2802 115.
359 2775 576 2814 manesque
589 2761 789 2814 sepulcris
807 2762 946 2801 elicit
960 2767 998 2802 ct
1010 2764 1153 2815 tepido

281 2819 456 2858 devocat
474 2832 563 2857 ossa
582 2832 710 2870 royo,
735 2819 800 2857 vel
820 2820 982 2857 sumitur
997 2833 1153 2872 quoque

279 2889 350 2925 pro
365 2875 600 2920 extrahere,
615 2876 788 2927 cripere,
804 2875 978 2915 liberare
985 2891 998 2922 ,·
1022 2875 1151 2917 Plaut.

279 2931 425 2971 Bacch.
452 2930 513 2970 lll.
545 2936 579 2972 1.
613 2936 674 2972 17.
707 2946 760 2971 esc
792 2933 988 2973 lutulento
1022 2948 1149 2973 coeno

280 2989 471 3035 είίεἰαίς
503 2987 638 3027 Claud.
671 2989 706 3027 iu
738 2989 829 3029 Rus.
861 2989 887 3028 l.
918 2995 979 3031 17.
1011 2991 1152 3030 elicit

281 3058 496 3096 oppressas
544 3046 756 3086 tenebroso
805 3061 973 3087 carcerc
1028 3048 1148 3101 loyes.

280 3100 417 3151 [Apol.
442 3116 479 3153 p.
506 3107 599 3144 473.
637 3103 948 3143 eliciendis
981 3106 1151 3144 mortuis

280 3159 437 3197 marina
464 3159 668 3206 calc-arim
694 3159 828 3199 Gloss.
855 3159 1008 3201 Philox.
1029 3165 1149 3213 p.84.

1277 677 1463 713 prospicua
1472 679 1505 706 B.
1518 679 1553 706 P.
1569 677 1668 715 (teste
1676 676 1772 714 Elin.)
1784 681 1820 708 ln
1835 679 2110 716 cett-perspicua.

1237 776 1377 815 elicit
1409 782 1566 818 evocat.
1606 777 1840 817 elicuerit
1871 775 2109 830 instruamur,-

1236 833 1399 872 eliciens
1425 830 1589 873 εὐλύτων
1622 832 1796 883 (ἐκλύων)
1829 831 2110 888 ε’κβιαζόμενοςς

1235 889 1376 929 elicuit
1399 888 1638 942 ἐξεβιιίσατω
1663 890 1710 929 cf.
1738 891 1859 929 Orell.
1886 891 1935 929 ad
1961 891 2105 930 Arnoh.

1233 945 1281 984 V.
1309 959 1340 984 e.
1372 951 1404 986 1.
1437 945 1483 987 Τ.
1510 946 1554 986 ΙΙ.
1586 961 1621 999 p.
1650 951 1743 988 265.
1783 952 1822 986 et
1852 950 1886 986 in
1919 947 2105 1001 Append.

1235 1015 1271 1054 p.
1299 1002 1389 1056 535]

1291 1060 1349 1099 ad
1372 1074 1501 1099 norae
1606 1061 1828 1101 curricula.
1890 1060 1955 1113 [cs.
1987 1075 2106 1114 supra

1234 1130 1269 1167 p.
1297 1121 1322 1157 7
1327 1120 1393 1157 66.
1433 1118 1559 1163 Quod
1589 1119 1623 1156 si
1653 1118 1806 1157 sedulis
1837 1118 2037 1171 obsequiis
2068 1123 2104 1157 et

1231 1173 1438 1226 rcliyiosis
1474 1175 1705 1213 ministeriis
1736 1179 1774 1213 et
1804 1175 2013 1214 tenacibus
2038 1189 2102 1213 ca-

1230 1231 1427 1269 stimoniis
1452 1244 1596 1270 manen
1620 1236 1799 1270 nostrum
1814 1233 2101 1283 promerueris,

1229 1288 1330 1325 scies
1360 1287 1492 1326 ultra
1523 1292 1707 1327 statuta
1736 1289 1850 1338 salo
1887 1293 1968 1328 tuo
1999 1302 2101 1340 spa-

1231 1344 1299 1382 tia
1325 1345 1468 1383 vitam
1496 1358 1685 1397 quoque
1705 1344 1796 1384 tibi
1814 1358 2101 1398 proroyare

1229 1401 1347 1439 milei
1372 1406 1553 1440 titulum.
1579 1401 1758 1453 licere]

1285 1459 1477 1496 sustinere
1486 1463 1769 1510 pracceptum.
1819 1457 1949 1510 [Hanc
1962 1457 2097 1496 lectio-

1228 1526 1315 1551 nem
1343 1514 1509 1552 vindicat
1534 1513 1636 1553 Oud.
1663 1515 1711 1553 ad
1737 1514 1833 1552 Met.
1859 1514 1910 1554 X.
1941 1529 1978 1567 p.
2005 1519 2097 1556 700.

1229 1570 1431 1621 explicans
1468 1571 1530 1608 hie
1566 1576 1808 1622 exspectare
1842 1583 1955 1616 esse,
1993 1573 2097 1622 quod

1227 1627 1410 1678 equidem
1449 1627 1564 1665 vaide
1601 1627 1751 1674 dubit03
1788 1641 1876 1666 nam
1914 1629 1949 1666 ni
1980 1628 2097 1680 plane

1229 1683 1352 1729 fallor,
1378 1685 1574 1723 sustinere
1586 1697 1656 1734 pro
1671 1685 1837 1735 genuina
1854 1697 1928 1723 sua
1940 1686 2097 1723 notione

1226 1741 1443 1790 significare
1468 1740 1505 1778 id
1532 1753 1725 1791 nunquam
1745 1741 1897 1792 poterit.
1932 1740 1982 1780 Ut
1995 1742 2096 1780 enim

1222 1798 1418 1836 sustinere
1442 1811 1602 1843 numus,
1639 1811 1832 1844 caussam,
1864 1798 2096 1850 obsequium

1222 1854 1358 1892 dicitnr
1382 1856 1443 1905 qui
1472 1855 1507 1892 in
1533 1867 1580 1893 se
1610 1855 1776 1906 suscipit
1800 1855 2093 1906 exsequendam

1222 1924 1305 1949 rem
1344 1912 1584 1958 mandatam,
1622 1912 1674 1950 ita
1707 1916 1975 1964 pracceptum
2015 1926 2094 1951 sns-

1221 1969 1347 2007 iinerc
1373 1969 1424 2015 is,
1458 1970 1520 2019 qui
1547 1968 1698 2015 obedit,
1730 1982 1776 2006 se
1801 1969 1956 2007 subiicit
1981 1970 2093 2020 quasi

1218 2025 1381 2063 coelesti
1407 2029 1639 2076 praecepto,
1666 2025 1771 2076 quod
1788 2026 1823 2064 in
1839 2039 1886 2063 eo
1902 2026 2092 2068 consistit,

1216 2086 1258 2120 ut
1279 2082 1365 2120 dies
1387 2096 1462 2132 quo
1484 2082 1620 2121 initiari
1635 2083 1779 2133 possit,
1805 2096 1828 2121 a
1842 2082 1917 2120 dea
1931 2082 2090 2121 demon-

1215 2143 1339 2177 strata.
1370 2139 1433 2178 sit.
1482 2138 1583 2185 Quia
1615 2152 1706 2177 vero
1737 2139 1907 2178 nondum
1931 2152 2090 2192 praece-

1215 2200 1327 2247 perat
1351 2196 1444 2241 (lea,
1470 2201 1723 2248 praeceptum
1737 2195 1884 2235 Lucius
1899 2196 2090 2234 sustinere

1218 2267 1292 2291 non
1325 2257 1495 2305 poterat,
1533 2253 1701 2305 hincque
1732 2266 1782 2291 ex
1812 2254 2089 2292 sententiarum

1219 2323 1319 2348 nexu
1345 2311 1439 2348 verti
1465 2313 1618 2361 poterat
1643 2310 1918 2363 cxspectarci]
1961 2358 1964 2361 Ι

1271 2368 1515 2418 praecipua.
1589 2365 1751 2419 [Mirum
1784 2371 1845 2405 est
1869 2366 1982 2418 {quod
2008 2367 2088 2405 sere

1217 2437 1277 2461 om
1285 2437 1353 2461 nes
1369 2423 1454 2463 lntt.
1464 2425 1691 2475 perspicua
1705 2422 1968 2475 praetulerint,
1984 2424 2087 2475 quod

1216 2480 1318 2519 Oud.
1340 2481 1511 2531 explieat
1529 2494 1599 2532 per
1614 2482 1840 2532 conspicua
1865 2480 1913 2519 cf.
1927 2480 1976 2519 ad
1990 2480 2086 2520 Met.

1215 2537 1282 2576 1V.
1309 2551 1345 2589 p.
1376 2541 1467 2578 309.
1495 2552 1583 2577 cum
1607 2552 1680 2577 sua
1711 2538 1788 2576 sibi
1813 2538 2087 2589 perspicua

1209 2595 1510 2646 pulcritudine,
1526 2607 1602 2645 quo
1619 2594 1702 2632 loco
1715 2594 1841 2633 XVow.
1851 2595 2087 2645 praecipua

1214 2651 1398 2690 emendat
1429 2650 1476 2689 cs.
1505 2664 1539 2701 p.
1566 2655 1660 2691 300.
1700 2655 1781 2689 tam,
1809 2652 2086 2702 praecipua

1214 2713 1293 2746 Iam
1315 2708 1538 2760 praeclara
1562 2708 1819 2759 pulcritudo.
1858 2706 1939 2744 Sed
1961 2720 2082 2758 prae-

1214 2765 1338 2815 cipua
1365 2765 1482 2816 plane
1507 2764 1583 2802 alia
1608 2763 1671 2801 hie
1695 2764 1837 2801 dictum
1862 2767 1926 2801 est
1943 2763 2082 2812 signiti-

1211 2823 1363 2860 catione
1387 2821 1437 2860 de
1463 2835 1522 2866 eo,
1549 2821 1611 2871 qni
1633 2824 1788 2872 praeter
1812 2819 1911 2858 alios
1937 2819 2084 2870 aliquid

1210 2878 1332 2929 capit,
1365 2878 1466 2929 qnod
1503 2879 1585 2916 eius
1617 2877 1810 2929 proprium
1837 2880 1917 2921 est,
1950 2889 2020 2914 nee
2046 2878 2080 2914 in

1209 2934 1370 2973 aliorum
1384 2949 1496 2973 usum
1512 2934 1685 2982 obvenit:
1712 2947 1788 2986 qua
1801 2933 1956 2971 notione
1970 2946 2079 2984 prae-

1210 2993 1350 3030 ceteris
1369 2992 1473 3043 apud
1488 2991 1513 3029 l.
1530 2990 1569 3030 C.
1586 2991 1860 3043 praecipuum
1874 2994 2082 3041 usurpatur

1209 3048 1259 3086 de
1284 3061 1351 3096 eo,
1377 3048 1482 3100 quod
1501 3049 1550 3087 ab
1570 3062 1645 3086 uno
1664 3047 1793 3097 aliquo
1810 3049 1917 3084 extra
1931 3050 2078 3084 sortem

1208 3106 1435 3157 percipitur,
1468 3105 1515 3144 ct.
1541 3104 1625 3143 lntt.
1651 3104 1701 3143 ad
1727 3102 1881 3141 Terent.
1903 3102 2076 3155 Adelph.

1209 3161 1253 3202 ΙΙ.
1281 3166 1317 3203 3.
1350 3167 1389 3203 5.
1427 3162 1571 3215 Itaque
1605 3173 1725 3200 unam
1762 3160 1869 3199 hanc
1903 3174 1984 3200 rem
2020 3173 2079 3199 me
