2221 3667
316 134 397 177 ’164
568 135 615 174 L.
649 134 865 175 APULEII
894 127 1294 173 MADAURENSIS
1323 125 1867 167 METAMORPHOSEON

317 248 518 297 iuvenum,
559 255 796 302 nostraeque
832 244 1011 287 viduitati
1049 257 1092 282 at·
1119 240 1319 280 solitudini
1345 240 1391 280 de
1423 239 1595 280 vindicta
1623 239 1804 278 solatium
1837 239 1941 278 date.
1993 236 2114 278 Certe

227 306 292 340 137
319 304 471 358 parvuli
493 304 605 344 huius
626 305 665 344 in
687 304 820 358 primis
847 302 959 342 annis
986 297 1159 339 destituti
1188 296 1356 336 fortunis
1382 296 1622 346 succurrite,
1652 302 1691 334 et
1715 296 1761 336 (16
1787 295 1952 335 latronis
1980 294 2115 349 hulius

319 360 512 414 sanguine
545 361 697 414 legibus
728 360 872 400 vestris
905 365 943 397 et
973 353 1199 407 discipliuae
1231 353 1405 407 publicae
1438 353 1560 392 litate.
1611 351 1708 392 Post
1741 351 1834 391 haec
1860 350 2117 404 magistratus

320 416 385 470 qui
411 423 505 456 natu
530 419 677 467 maior,
707 415 885 468 adsurgit
910 411 1019 452 etad
1052 409 1232 463 populum
1265 409 1376 449 talia:
1410 408 1470 449 De
1500 409 1651 449 scelere
1683 408 1850 461 quidem,
1886 407 1987 460 qaod
2013 406 2117 458 serio

195 475 292 520 [133]
318 473 595 515 vindicandum
621 481 695 523 est,
725 486 796 512 nec
821 471 902 524 ipse
929 467 993 520 qui
1020 465 1215 505 commisit
1239 472 1367 519 potest
1391 466 1566 516 diffiteri,
1595 465 1662 505 sed
1689 478 1766 504 una
1791 470 1943 504 tantum
1969 461 2118 518 subjsi-

320 529 408 570 oiva
433 530 653 570 sollicitudo
684 528 796 569 nobis
827 525 965 566 relicta
992 529 1073 571 est,
1108 528 1150 561 ut
1174 528 1328 562 ceteros
1359 522 1489 562 socios
1515 521 1615 561 tanti
1640 520 1828 561 facinoris
1854 518 2116 573 requiramus.

318 585 406 627 Nee
431 587 535 626 enim
560 585 774 626 verisimile
800 588 882 630 cst,
911 579 1105 619 hominem
1133 578 1351 617 solitarium
1372 585 1452 618 tres
1473 585 1552 617 tam
1574 577 1725 617 validos
1747 572 1918 636 disuasee
1938 576 2117 616 iuvenes.

232 645 295 678 188
319 641 492 683 Prohinc
525 641 752 698 toi-{mentis
783 637 932 678 veritas
964 634 1148 675 eruenda.
1196 632 1301 673 Nam
1335 640 1374 673 et
1404 634 1469 686 qui
1495 634 1756 674 comitabatur
1779 647 1867 673 eum
1894 646 1990 686 puer
2013 632 2121 672 etan-

320 699 408 740 culo
434 698 622 753 profugit,
651 704 690 737 et
714 709 777 735 res
804 694 849 733 ad
877 693 948 731 hoc
975 691 1139 730 deducta
1164 697 1244 740 est,
1274 697 1316 729 ut
1341 703 1411 743 per
1435 690 1704 742 quaestionem
1730 689 1892 730 sceleris
1918 689 1979 730 sui
2005 689 2122 743 parti·

320 756 426 810 cipes
451 756 616 803 indicet,
646 759 688 793 ut
712 759 789 791 tam
816 749 924 788 dirae
951 746 1134 786 factionis
1161 745 1336 786 funditus
1369 746 1537 786 formido
1562 752 1800 800 perematur.

320 850 420 878 annis
434 851 547 878 exulat
559 855 578 876 a
593 849 628 876 Β.
653 842 825 873 destitutis
833 840 861 870 δ’.
875 845 904 870 et
915 841 1059 869 ed.Scal.
1074 838 1240 868 destinate·
1252 840 1273 868 f.
1306 839 1434 868 nostris
1449 837 1477 869 δ.
1504 842 1536 867 et
1550 844 1625 869 aute
1638 839 1836 876 disciplinae
1849 849 1910 869 non
1925 840 2125 875 conspicitur

320 897 353 924 in
369 897 403 923 G.
420 896 456 923 D.
472 896 507 923 P.
524 893 544 922 f.
562 896 594 921 ut
615 889 738 928 legibus
751 889 793 917 sit
807 886 984 916 ablativus.
1013 886 1075 913 Sed
1095 885 1242 919 praefero
1262 894 1334 914 cum
1350 887 1430 914 Oud.
1450 888 1619 920 vulgatam
1639 886 1822 914 lectionem.
1870 883 1919 917 ia}
1933 885 2079 914 latronis
2093 894 2122 920 p.

322 941 382 978 qai
392 942 482 968 abest
498 941 537 967 ab
552 937 600 966 ed.
617 938 692 965 Bas.
710 936 737 962 1.
769 935 800 959 et
814 936 890 960 ante
904 929 951 958 ad
962 933 1072 959 exulat
1093 938 1112 958 a
1133 931 1154 959 f.
1186 929 1399 967 adpopnlnm
1416 930 1504 958 talia
1518 929 1596 966 infit
1612 933 1688 959 Bas.
1701 933 1727 958 1.
1759 929 1798 958 (Ie
1811 930 1936 958 scelere
1950 929 2038 968 quod
2051 930 2125 968 qm*-

322 984 391 1012 ἄρηι
402 987 438 1012 n.
450 984 470 1012 f,
497 983 602 1022 ferro
616 988 672 1015 pro
685 977 772 1006 serio
787 979 867 1005 0.7t.
886 975 977 1012 ferio
987 977 1022 1003 G.
1059 978 1110 1003 est
1125 984 1188 1004 non
1203 980 1365 1011 comparet
1380 977 1413 1004 in
1427 977 1578 1004 omnihus
1592 977 1749 1004 edd.vett.
1774 976 1890 1010 Optimi
1904 978 1994 1005 codd.
2008 977 2125 1005 F.1.3.

321 1033 357 1059 G.
373 1031 407 1058 P.
423 1030 458 1057 0.
470 1029 505 1056 Ι..
521 1036 556 1056 π.
571 1035 600 1062 p.
615 1025 637 1055 f.
652 1026 686 1053 B.
701 1020 730 1051 δ.
745 1025 938 1057 agnoscunt.
976 1018 1118 1056 daejfferre'
1131 1029 1159 1055 p.
1196 1029 1236 1048 ne
1249 1021 1318 1058 ipse
1332 1022 1430 1050 tacite
1444 1022 1541 1050 edidit
1556 1022 1724 1050 Pricaeus.
1762 1019 1922 1049 subsidua
1936 1023 1970 1049 Ο.
1984 1028 2020 1049 π.
2051 1020 2126 1060 suf-

311 1073 424 1111 Jiciaa
440 1075 475 1102 1..
517 1070 685 1100 subcisiva
698 1065 726 1096 δ.
755 1067 875 1096 1nF.3.
891 1070 978 1095 extat
994 1065 1164 1093 subsiciva
1177 1074 1249 1095 cum
1264 1069 1376 1102 glossa
1389 1066 1593 1095 interlineari
1606 1074 1873 1102 supervacanea.
1910 1069 1947 1094 at
1960 1068 2049 1095 deest
2062 1066 2126 1095 inf.

320 1118 523 1156 requirimus
543 1117 580 1145 R.
596 1115 618 1143 f.
667 1115 841 1140 eneceasse
854 1114 888 1139 G.
904 1113 943 1140 D.
969 1118 1127 1139 enecasse
1141 1113 1177 1140 B.
1193 1111 1214 1140 f.
1236 1116 1264 1140 et
1285 1116 1358 1140 cett.
1379 1113 1470 1140 codd.
1486 1116 1614 1147 praeter
1633 1113 1667 1140 F.
1686 1114 1712 1140 1.
1726 1114 1755 1140 3.
1773 1121 1800 1147 p.
1816 1113 1864 1140 ed.
1886 1120 1931 1146 ur.
1945 1112 2072 1140 Vicent.
2095 1112 2128 1140 in

320 1166 439 1199 quibus
451 1163 572 1197 legitur
585 1159 742 1187 evitasse.
768 1154 938 1184 Enecasse
952 1157 1049 1185 etiam
1062 1157 1183 1192 legitur
1196 1157 1228 1185 in
1244 1158 1357 1186 Venet.
1372 1159 1401 1185 2.
1418 1159 1448 1185 4.
1462 1156 1568 1186 Paris.
1594 1164 1733 1184 necasse
1745 1160 1828 1186 lunt.
1845 1159 1872 1186 1.
1888 1159 1917 1185 2.
1931 1158 2007 1186 Ald.
2024 1157 2127 1186 Colin.

320 1206 468 1236 eruenda
482 1209 533 1234 est
546 1207 581 1234 B.
607 1200 790 1231 erudienda
806 1201 825 1229 f.
875 1201 973 1239 quiet
989 1209 1063 1229 eum
1077 1205 1212 1231 exulant
1227 1210 1247 1230 a
1260 1203 1294 1231 P.
1334 1210 1403 1229 cum
1420 1211 1476 1236 pro
1490 1211 1561 1230 eum
1578 1204 1612 1230 G.
1628 1204 1666 1230 D.
1682 1210 1702 1231 a
1714 1211 1755 1231 m.
1771 1211 1797 1236 p.
1830 1210 1917 1239 puer
1931 1203 1962 1230 in
1979 1202 2129 1231 omnibus

320 1256 391 1283 edd.
411 1256 488 1282 vett.
510 1251 722 1279 desideratur.
759 1247 821 1274 Sed
842 1249 922 1275 bene
942 1247 1007 1275 iam
1026 1248 1148 1275 addidit
1167 1250 1250 1276 lunt.
1274 1250 1303 1275 2.
1351 1250 1385 1274 et
1400 1256 1464 1284 per
1482 1250 1517 1276 t).
1567 1251 1603 1275 ιιι
1626 1251 1695 1275 tam
1710 1246 1991 1286 diraefacz'nure's
2007 1247 2027 1276 f.
2050 1250 2131 1275 teste

319 1300 442 1328 noaldo
453 1297 486 1335 β,
512 1292 771 1333 durt‘fuciaoris
786 1293 822 1320 R.
838 1296 867 1320 et
884 1292 904 1319 f.
920 1296 1001 1320 teste
1015 1294 1094 1320 Oud.
1133 1291 1462 1332 funditusformido
1477 1294 1512 1322 F.
1527 1296 1556 1322 3.
1573 1296 1609 1321 G.
1625 1295 1661 1321 1).
1685 1296 1722 1322 In
1737 1297 1810 1322 cett.
1824 1291 2129 1333 estfornu'dofun-

319 1343 420 1372 ditus.
462 1341 664 1378 peremtum·
676 1339 710 1366 F.
726 1339 755 1366 3.
771 1339 807 1365 P.
824 1339 860 1366 G.
884 1338 920 1365 Iu
936 1338 1070 1371 reliquis
1080 1338 1287 1374 perimatur.

379 1432 444 1469 de.
504 1427 584 1480 [De
615 1425 650 1462 vi
683 1425 798 1463 huius
827 1438 963 1476 praep.
1007 1425 1054 1462 ef.
1095 1424 1195 1463 cort.

322 1488 371 1527 ad
404 1485 545 1524 Lucan.
573 1481 639 1520 IV.
667 1485 759 1522 805.
793 1481 919 1519 Hand.
955 1480 1122 1520 Turseli.
1150 1481 1194 1521 ll.

321 1559 357 1596 p.
381 1545 489 1587 218.;
521 1538 568 1576 ef.
595 1537 690 1577 Met.
718 1537 784 1576 lv.
812 1552 848 1589 p.
870 1541 969 1577 250:
1001 1539 1065 1576 ubi
1090 1538 1194 1577 Oud.

322 1600 458 1638 Heuiu.
491 1595 539 1633 ad
572 1594 682 1633 Lact.
715 1595 902 1645 Sympos.
934 1607 967 1632 v.
998 1599 1059 1635 12.
1092 1594 1195 1632 Bou-

321 1656 412 1694 hier.
438 1652 488 1691 ad
513 1650 665 1699 Pervig.
686 1651 786 1689 Ven.
813 1665 849 1702 p.
869 1655 958 1690 181.
987 1656 1025 1689 et
1050 1664 1119 1689 sua
1147 1651 1196 1688 ad

324 1712 410 1749 Hirt.
437 1708 482 1746 B.
498 1707 546 1746 G.
563 1706 666 1745 VIII.
694 1720 725 1745 c.
742 1711 807 1748 24.
834 1708 989 1745 excitat.
1050 1706 1194 1745 Plures

321 1768 396 1805 loci
410 1768 543 1803 extant
556 1764 658 1816 apud
674 1764 897 1814 Apuleium,
912 1764 975 1814 qui
991 1777 1076 1801 cum
1084 1764 1195 1802 Afris

319 1826 355 1862 iu
375 1824 450 1860 ista
468 1834 603 1873 praep.
624 1820 908 1871 significatione
927 1820 1114 1872 plurimus
1134 1824 1197 1858 est

319 1879 367 1918 cf.
394 1878 488 1916 Met.
516 1876 581 1915 Vl.
614 1890 649 1927 p.
675 1880 769 1917 403.
795 1875 879 1914 Vll.
905 1891 943 1928 p.
970 1880 1062 1917 468.
1088 1874 1194 1915 Vlll.

318 1950 353 1987 p.
381 1938 473 1974 528.
499 1947 536 1985 p.
563 1936 654 1973 583.
682 1931 750 1971 IX.
782 1947 818 1985 p.
847 1937 940 1974 611.
973 1937 1012 1971 et
1037 1948 1074 1985 p.
1103 1937 1195 1974 669.

318 1991 385 2030 XI.
413 2005 448 2042 p.
470 1993 564 2031 813.
585 1988 745 2028 Tei-tull.
773 1990 822 2027 de
842 1989 949 2028 Orat.
969 1995 1030 2030 14.
1052 1990 1194 2028 Minue.

319 2048 404 2087 Fel.
435 2048 495 2087 18.
523 2050 558 2087 6.
618 2045 676 2084 lta
706 2046 861 2098 explico
887 2046 1084 2097 Fulgentii
1110 2046 1198 2097 My-

318 2104 414 2143 thol.
440 2102 467 2142 I.
499 2117 531 2142 e.
562 2107 623 2143 14.
656 2102 783 2141 locum
814 2117 851 2154 p.
880 2106 970 2143 652.
1007 2103 1114 2141 Stav.
1147 2104 1199 2142 de

316 2162 505 2215 salsitate
519 2164 668 2199 ornata
681 2160 746 2197 ubi
778 2159 825 2198 ct'.
842 2159 976 2198 Munk.
1005 2160 1052 2198 ef.
1063 2160 1196 2198 Barth.

320 2218 487 2257 Advers.
514 2215 640 2255 XVII.
672 2221 731 2257 17.
759 2229 795 2267 p.
822 2215 935 2269 884]

378 2275 419 2313 in
445 2274 594 2326 prime's
625 2274 753 2312 annis.
829 2272 975 2318 Annis,
1014 2273 1118 2324 quod
1149 2273 1194 2311 B.

320 2331 404 2371 end.
443 2331 582 2368 omittit
618 2334 658 2368 et
687 2330 889 2380 eleganter
918 2330 1059 2368 dictum
1091 2330 1195 2367 vide-

319 2390 431 2427 batur
456 2387 562 2426 Grut.
596 2387 630 2424 in
658 2386 843 2438 Suspect.
869 2384 933 2424 III.
960 2400 991 2425 e.
1023 2390 1097 2432 16..
1128 2400 1197 2438 per

321 2448 411 2491 cett.
434 2443 616 2481 libroruin
635 2444 901 2481 auctoritatem
917 2442 1133 2481 defenditur
1146 2444 1195 2480 ah

320 2501 436 2546 Oud.,
469 2501 533 2551 qui
566 2500 608 2538 ἰη
637 2503 772 2539 aetate
797 2499 1020 2539 admodum
1042 2500 1198 2551 puerili

321 2558 509 2610 explicat,
541 2569 618 2607 qua
649 2557 807 2594 destitui
844 2568 868 2593 a
902 2562 1012 2606 patre
1038 2556 1195 2594 tiliolum

321 2617 372 2654 sit
418 2613 590 2666 inprimis
639 2613 904 2651 miserrimum.
974 2612 1195 2650 Dictionem

316 2673 444 2724 primi
470 2671 567 2709 anni
592 2669 758 2708 illustrat
782 2681 830 2707 ex
855 2667 974 2707 Ovid.
999 2668 1094 2707 Met.
1111 2668 1194 2707 Xll.

322 2731 413 2769 597.
440 2728 590 2766 Auson.
616 2725 770 2765 Parent.
788 2723 881 2763 XX.
897 2729 933 2765 3.
958 2725 1064 2764 Pros.
1092 2724 1195 2763 Vnt.

320 2790 388 2824 ⁷10.
414 2785 513 2823 Dict.
540 2782 645 2821 Cret.
665 2782 731 2821 lv.
753 2786 790 2824 9.
814 2782 931 2833 Apul.
952 2781 1048 2820 Met.
1070 2781 1136 2820 lv.
1160 2795 1195 2832 p.

325 2844 416 2881 293.
441 2841 490 2878 V.
518 2844 686 2891 p.375.;
718 2839 765 2877 ef.
791 2839 859 2877 Dr.
887 2838 936 2877 ad
962 2837 1032 2876 Sil.
1059 2837 1103 2876 ll.
1132 2842 1195 2878 92.

379 2911 451 2936 vec
476 2897 563 2948 ipse
587 2897 736 2934 retinuit
760 2895 862 2934 Oud.
889 2908 937 2933 ex
951 2894 1052 2933 Mss.
1080 2896 1196 2932 omui-

323 2955 397 2991 bus
419 2956 550 2990 contra
568 2952 785 2997 Pricaemm
813 2952 875 3003 qui
903 2964 962 2990 ne.
988 2951 1092 3002 quod
1119 2953 1198 3001 qui-

323 3010 413 3048 dem
439 3010 678 3061 saepiSsime
704 3008 806 3061 apud
833 3008 1045 3059 Apuleium
1070 3021 1120 3046 ‘ne
1148 3031 1197 3036 -

327 3066 489 3119 quidem
512 3066 627 3111 valet,
653 3067 769 3105 tacite
795 3064 924 3103 edidit.
1017 3064 1073 3103 'ec
1099 3065 1197 3101 euim

326 3135 441 3174 quum
484 3122 647 3160 eandem
687 3122 830 3161 haheat
865 3121 1198 3173 significationem,

1257 1439 1331 1464 non
1358 1425 1608 1464 dubitandum
1637 1430 1711 1471 est.
1739 1427 1829 1476 quin
1856 1426 1918 1464 hic
1943 1430 2130 1463 servetur.

1257 1482 1453 1534 Exempla
1473 1483 1575 1533 apud
1590 1483 1800 1534 Apuleium
1822 1483 1855 1521 in
1877 1487 2027 1534 promtu
2043 1486 2132 1520 sunt

1255 1540 1437 1590 plurima:
1469 1539 1515 1576 ef.
1538 1539 1633 1576 Met.
1655 1538 1719 1576 111.
1741 1553 1780 1589 p.
1803 1543 1894 1580 209.
1917 1539 1964 1576 V.
1985 1553 2020 1590 p.
2038 1541 2130 1579 346.

1259 1594 1324 1647 [cl'.
1357 1595 1528 1632 Ducker.
1562 1596 1609 1633 ad
1643 1595 1747 1632 Flor.
1774 1595 1816 1633 II.
1844 1600 1880 1636 8.
1911 1599 1972 1635 12.
2004 1595 2130 1633 Beier.

1257 1651 1309 1689 ad
1335 1650 1412 1690 (lic.
1439 1652 1489 1689 de
1514 1651 1591 1689 Off.
1619 1651 1644 1689 l.
1672 1657 1736 1692 45.
1763 1651 1792 1701 ὁ.
1823 1656 1912 1692 159.
1940 1651 2055 1690 Goer.
2081 1648 2132 1690 ad

1258 1707 1334 1746 (lic,
1369 1708 1418 1745 de
1450 1707 1534 1746 Fin.
1561 1707 1604 1745 ll.
1632 1712 1667 1747 8.
1695 1713 1759 1748 25.
1793 1709 1939 1746 Moser.
1971 1709 2020 1746 ad
2054 1708 2132 1745 Cic.

1258 1762 1374 1802 Tuae.
1392 1763 1416 1802 I.
1433 1768 1496 1805 29.
1516 1778 1552 1815 p.
1569 1768 1660 1805 238.
1682 1764 1727 1803 ll.
1746 1769 1805 1805 13.
1821 1779 1857 1817 p.
1875 1769 1966 1806 500.
1988 1764 2131 1815 VVagn.

1257 1820 1307 1858 ad
1327 1821 1433 1872 Virg.
1457 1820 1538 1859 Ect.
1562 1820 1623 1860 ΙΙΙ.
1642 1826 1731 1862 102.
1754 1822 1900 1860 Arnob.
1923 1821 1967 1860 11.
1983 1823 2047 1862 60.
2070 1819 2131 1859 tlt.

1258 1880 1322 1917 29.
1350 1877 1495 1916 Minue.
1522 1877 1605 1915 Fet.
1633 1891 1664 1916 c.
1692 1881 1755 1918 29.
1783 1878 1812 1927 ᾗ.
1843 1879 1894 1931 L]

1315 1934 1525 1973 subsiciva.
1589 1933 1671 1987 [De
1703 1935 1982 1986 significatione
2014 1935 2133 1979 vocis,

1257 1991 1367 2028 cuius
1393 1990 1529 2041 glossa
1550 1996 1612 2029 est
1632 1988 1734 2029 Mss.
1756 1991 2022 2030 nonnullorum
2043 1992 2135 2029 scri-

1260 2051 1372 2098 ptura
1402 2047 1615 2091 subsidam,
1655 2048 1819 2099 eiusque
1857 2047 2136 2099 orthographia

1261 2103 1307 2141 cf.
1323 2102 1406 2141 lntt.
1433 2104 1482 2141 ad
1498 2103 1573 2142 Cic.
1589 2103 1696 2142 Orat.
1712 2103 1826 2143 Phitt.
1843 2103 1885 2143 lt.
1912 2118 1942 2143 c.
1959 2109 1995 2144 8.
2010 2103 2132 2142 vose.

1260 2159 1391 2210 Etym.
1417 2174 1449 2199 S.
1466 2173 1498 2199 v.
1525 2162 1744 2200 subs-{cimas
1765 2160 1888 2200 Orell.
1915 2161 1966 2199 ad
1987 2161 2133 2198 Arnob.

1258 2216 1308 2255 V.
1325 2220 1389 2256 30.
1421 2216 1464 2255 T.
1485 2216 1529 2254 ll.
1561 2231 1597 2268 p.
1614 2221 1707 2258 331.
1734 2217 1903 2256 Tui-nel».
1926 2217 1975 2255 ad
1995 2216 2069 2255 Cic.
2085 2216 2135 2254 de

1256 2272 1383 2323 Legg.
1395 2272 1419 2312 I.
1436 2277 1471 2313 3.
1486 2287 1522 2324 p.
1539 2273 1920 2324 536sq.ed.Creutz.
1942 2274 2064 2312 ssuen.
2084 2273 2134 2311 ad

1256 2328 1434 2368 Lactant.
1450 2329 1500 2368 de
1514 2330 1766 2381 opif.c.12.§.
1783 2335 1842 2371 15.
1853 2329 2122 2381 p.1193.0ud

1256 2389 1384 2424 tamen
1424 2387 1619 2426 subsisiva
1657 2387 1832 2425 defendit
1862 2401 1911 2425 ex
1942 2386 2132 2436 Inscriptt.

1256 2456 1330 2479 sua
1343 2443 1390 2481 ad
1407 2442 1516 2480 Suet.
1532 2444 1677 2482 Domit.
1694 2457 1725 2481 e.
1744 2447 1779 2483 9.
1796 2443 2015 2482 conserens
2051 2442 2133 2493 Ego

1258 2500 1294 2537 in
1323 2499 1490 2537 lectione
1515 2500 1715 2539 subcisiva
1740 2501 1884 2551 ubique
1909 2499 2110 2550 persi-sto]

1315 2558 1490 2595 evitasse.
1564 2555 1710 2607 Optimi
1744 2556 1903 2594 codices
1935 2569 2051 2606 quum
2083 2549 2135 2593 ita

1256 2613 1488 2663 praebeant,
1526 2613 1561 2650 in
1597 2617 1704 2650 textu
1740 2614 1916 2664 reposui.
1955 2612 2060 2663 quod
2086 2625 2135 2649 ex

1257 2669 1343 2706 loco
1370 2669 1527 2721 Apuleii
1562 2669 1751 2707 consimili
1778 2668 1860 2707 Vll.
1887 2683 1926 2720 p.
1951 2673 2043 2710 490.
2070 2669 2135 2706 de-

1258 2725 1435 2763 senditur.
1497 2726 1666 2764 Enitare
1701 2727 1799 2763 enim
1838 2730 1899 2764 est
1936 2727 2016 2764 rita.
2049 2726 2135 2777 pri-

1259 2796 1372 2827 vare,
1410 2782 1514 2832 quod
1551 2781 1653 2821 Etm.
1691 2783 1764 2820 inst.
1809 2795 1857 2820 ex
1900 2783 2031 2820 multis
2069 2795 2134 2832 po-

1256 2839 1433 2877 sterioris
1464 2839 1706 2891 potissimum
1738 2839 1878 2877 aetatis
1909 2839 2138 2889 comprobat

1256 2896 1530 2947 scriptoribus3
1559 2894 1605 2933 cf.
1633 2894 1760 2932 Doed.
1789 2894 1961 2946 Smin.
1988 2909 2024 2946 p.
2044 2898 2134 2935 192.

1260 2956 1298 2989 et
1324 2965 1416 3003 prae
1442 2953 1582 2989 ceteris
1608 2951 1755 2989 Moser.
1781 2952 1830 2989 ad
1858 2950 1934 2990 Cic.
1962 2949 1995 2989 T
1998 2964 2080 2989 use.
2106 2949 2135 2989 I.

1259 3012 1323 3048 35.
1352 3022 1387 3059 p.
1416 3008 1525 3060 289]
1762 3054 1764 3056 ‚
1950 3024 1952 3026 -

1311 3069 1558 3116 peremalm'.
1621 3063 1750 3115 [Hunc
1779 3065 2007 3115 scripturam
2034 3077 2135 3102 com·

1257 3125 1406 3159 mutare
1433 3135 1506 3159 non
1534 3133 1653 3158 :uisus
1679 3134 1786 3166 sum,
1813 3134 1929 3172 quum
1955 3124 2134 3159 constan-
