2155 3590
660 163 850 203 LIBER
878 162 931 203 X.
991 161 1117 202 CAP.
1143 161 1312 202 XXIX.

1799 158 1881 201 959

94 281 184 315 ante
209 281 359 328 portam
385 275 620 315 constitutus
650 274 830 329 pabulum
861 273 1064 316 laetissimi
1090 272 1301 327 graminis,
1333 271 1433 325 quod
1460 271 1499 312 in
1525 271 1610 325 ipso
1636 269 1882 324 germinabat

94 331 220 381 aditu,
247 331 373 371 libens
399 331 649 382 affectabam3
678 332 840 372 subinde
865 331 1042 371 curiosos
1067 329 1200 370 oculos
1226 335 1380 382 patente
1407 335 1517 382 porta
1550 327 1761 381 spectaculi
1791 340 1880 380 pro-

94 394 229 440 spectu
254 387 479 440 gratissimo
504 388 700 428 reficiens.
759 387 863 429 Nam
888 387 1003 441 puelli
1028 386 1278 440 puellaeque,
1310 384 1453 424 virenti
1479 384 1665 424 florentes
1691 382 1877 433 aetatula,

93 443 220 483 forma
234 443 447 497 conspicui,
470 452 579 484 veste
594 444 720 494 nitidi,
747 444 904 484 incessu
919 442 1109 497 gestuosi,
1134 441 1406 495 graecanicam
1419 440 1629 480 saltaturi
1639 439 1877 495 pyrrhicam,

91 570 250 607 germinis
266 571 286 600 f.
334 570 430 599 aditu
444 574 481 601 D.
529 570 646 599 (uldila
661 574 696 601 G.
715 574 741 601 1.

92 617 176 645 lunt.
194 618 220 645 1.
234 617 310 645 Ala.
354 619 533 653 prospectu
548 618 673 646 Vicent.
690 618 801 646 Venet.
816 619 846 645 2.
880 615 1088 653 prospiciens
1103 616 1137 644 0.
1157 615 1190 642 in
1209 621 1310 648 marg.
1331 615 1374 641 al.
1412 613 1555 651 formae
1568 614 1602 641 0.

93 667 115 689 a
127 669 168 690 m.
182 669 211 696 p.
248 661 377 689 incestu
394 661 537 690 lestuose'
548 664 584 690 G.
603 663 628 690 1.
673 662 876 698 graecanica
891 664 926 690 G.
943 663 972 690 2.
983 662 1016 689 P.
1031 662 1068 688 D.
1082 661 1119 688 L.
1152 658 1361 696 graecanica
1375 658 1409 686 F.
1428 653 1499 686 1.'3.
1515 659 1550 686 G.
1570 659 1595 686 l.
1612 658 1645 685 0.
1659 659 1696 685 R.
1713 657 1732 684 f.
1748 665 1777 691 p.
1791 654 1820 685 ὃ.
1844 658 1882 686 In

93 710 167 734 cett.
178 707 430 742 graecanicam.
468 706 621 735 saltatur
634 708 669 735 F.
683 708 712 735 3.
737 705 915 734 saumuro
928 707 964 734 F.
981 707 1008 734 1.
1034 703 1168 732 saltant
1181 713 1210 738 p.
1236 702 1399 731 salientes·
1412 703 1541 731 vicent.
1564 704 1600 730 lu
1615 706 1687 730 cett.
1702 699 1881 729 saltantes.

93 749 286 787 [pyrricam
305 753 340 780 F.
361 754 392 780 3.
429 750 620 788 ltepirriclm
640 754 675 780 G.
700 754 726 780 1.
763 751 906 787 e‘pirrt'ca
920 753 955 780 1..
992 749 1025 777 in
1035 749 1168 786 pr'rrica
1182 751 1218 777 G.
1232 750 1263 777 2.
1278 749 1315 776 D.
1346 747 1503 784 ypirrica
1518 755 1547 781 p.
1576 745 1744 783 pyrrhica
1758 744 1787 775 ὃ.
1801 747 1879 775 Oud-

790 570 916 608 speculi
929 573 963 599 G.
981 573 1008 600 2.
1023 572 1058 598 Ρ.
1074 571 1110 598 D.
1126 571 1162 598 0.
1208 568 1341 596 cm‘e'oso
1356 566 1450 594 oculo
1464 569 1512 596 ed.
1529 577 1573 602 pr.
1588 568 1835 597 Vicentxenet.
1850 569 1881 595 2.

1651 612 1738 638 iaces
1745 610 1834 639 tunsi
1845 613 1881 641 0.

94 804 111 824 e
129 797 200 824 suis
220 797 380 831 excerptis
396 799 431 825 G.
450 799 476 827 1.
496 796 803 834 enotavitpirrica‘,
824 799 858 825 G.
873 798 904 826 2).
938 796 973 823 in
986 794 1131 831 pirrica.
1151 796 1187 822 In
1201 797 1272 822 ceu.
1283 790 1495 830 pyrricham.

95 907 208 943 quam
234 908 282 932 ne
307 895 508 946 probarem
533 896 602 933 tria
628 899 829 933 moverunt
848 908 956 945 argu·

96 954 235 989 menta.
305 951 473 990 Primum
510 952 609 988 enim
645 951 823 1002 nuspiam
859 950 957 988 alias

93 1006 191 1045 haec
215 1007 429 1045 terminatio
456 1008 490 1045 in
510 1022 582 1045 usu
603 1012 665 1045 est
686 1007 892 1053 veteribus,
920 1010 959 1044 et

95 1063 316 1113 exemplum
349 1078 420 1101 non
451 1068 582 1114 potest
612 1063 787 1114 proferri,
818 1062 956 1113 plurali

95 1132 252 1158 numero
277 1120 563 1158 terminationes
583 1134 630 1158 ae
643 1123 682 1157 et
695 1133 733 1157 es
752 1120 847 1157 inter
866 1132 959 1157 sese

95 1188 189 1213 esse
215 1181 488 1218 commutatas,
515 1176 616 1227 qnod
644 1175 693 1213 ad
724 1175 958 1226 singularem

95 1235 241 1269 tantum
257 1232 489 1282 pertinuisse
504 1232 731 1269 observatur
744 1231 793 1268 cs.
805 1231 852 1270 ad
864 1231 960 1270 Met.

95 1287 189 1339 Vp.
200 1291 292 1327 371.
308 1287 813 1339 Tumprimitiesquomodo
828 1288 862 1325 in
873 1287 958 1325 cod.

96 1343 264 1382 Florent.
290 1348 505 1394 corruptum
530 1343 593 1387 sit,
618 1343 718 1380 bene
744 1347 872 1393 potest
897 1344 958 1380 de-

93 1400 310 1437 monstrari.
371 1399 498 1445 Quum
536 1399 635 1436 enim
670 1400 854 1449 primae'tie
891 1412 957 1449 pro

89 1457 299 1507 primitiae
312 1455 423 1494 codd.
435 1455 578 1505 ubique
591 1456 772 1500 scribant,
786 1468 958 1506 sequens

93 1524 186 1549 vero
222 1511 454 1550 vocabulum
488 1510 714 1562 spectaculi
772 1511 803 1550 S
835 1511 960 1549 littera

94 1568 261 1619 incipiat,
287 1567 385 1606 haee
404 1580 608 1619 perperam
633 1569 718 1606 voci
739 1568 960 1619 primitie

95 1624 285 1662 adhaesit.
324 1624 504 1674 Denique
524 1624 558 1661 in
579 1624 719 1661 ceteris
740 1625 802 1662 ubi
822 1624 960 1662 eadem

95 1681 280 1719 invenitur
305 1680 446 1719 locutio
487 1680 582 1717 locis
616 1680 808 1730 Apuleius
838 1681 960 1730 prima

96 1750 253 1787 semper
267 1749 362 1774 usus
378 1743 438 1774 est
452 1736 709 1774 declinatione
730 1736 776 1774 ct'.
786 1736 882 1775 Met.
892 1736 959 1774 lv.

96 1807 132 1845 p.
166 1797 258 1833 274.
304 1793 527 1832 venationis
558 1794 812 1844 primitias
848 1794 947 1831 dedi

97 1863 217 1889 casse.
264 1848 360 1887 Met.
385 1847 453 1886 XI.
486 1862 521 1899 p.
555 1852 647 1888 765.
676 1850 817 1887 rudem
848 1849 961 1887 decli-

98 1910 234 1945 cautes
249 1906 430 1945 carinam
447 1906 698 1955 primitias
723 1910 961 1944 commeatus

98 1962 229 2001 libant
252 1962 326 1999 mei
355 1961 601 2007 sacerdotcs3
651 1961 767 2011 Apol.
799 1975 834 2012 p.
867 1965 960 2001 519.

98 2018 161 2056 De
187 2017 316 2068 dogm.
340 2015 440 2055 l'lat.
466 2030 502 2067 p.
533 2020 620 2056 183.
649 2016 709 2054 De
736 2017 869 2056 vocab.
895 2018 962 2056 de-

97 2074 242 2112 dicare
271 2072 344 2110 hac
375 2073 408 2109 in
441 2086 480 2110 re
511 2073 663 2123 proprio
696 2073 744 2112 cf.
770 2087 869 2124 quae
895 2086 961 2111 ex-

98 2130 205 2181 ponit
229 2127 408 2167 Mazoch.
424 2129 637 2167 Commcnt.
659 2129 693 2167 in
708 2129 835 2168 Mutii.
852 2130 961 2167 Cam-

97 2199 185 2237 pan.
201 2184 482 2223 Theatr.'l'itnl.
497 2186 530 2222 in
547 2184 679 2224 Polen.
693 2186 830 2237 Suppl.
841 2185 961 2224 Thes.

99 2241 145 2282 T.
161 2242 210 2280 V.
237 2256 274 2293 p.
302 2241 416 2294 593]

151 2300 341 2352 florentes
365 2297 557 2337 aetatula.
596 2297 675 2349 [De
699 2300 888 2350 florentes
913 2299 961 2337 cs.

98 2353 183 2393 Fea
205 2354 256 2392 ad
281 2354 413 2392 Horat.
440 2352 565 2404 Epist.
584 2354 633 2392 ad
653 2354 732 2392 Pis.
753 2359 818 2396 6⁶2.
842 2356 960 2392 nostri

98 2410 173 2450 Ioci
200 2424 274 2449 non
300 2410 533 2463 immemon]

154 2469 292 2518 forma
317 2467 551 2517 conspicui,
583 2468 741 2506 incessu
769 2469 962 2519 yestuosi.

100 2523 207 2576 [Non
238 2522 477 2573 ineleganter
507 2522 640 2560 dicitur
674 2524 834 2573 formae
870 2538 962 2563 cou-

99 2581 252 2632 spicuI‚
278 2578 380 2630 quod
395 2578 521 2617 Oxou.
543 2580 720 2630 praebet,
747 2584 785 2617 et
806 2593 854 2617 ex
875 2593 962 2618 ana-

98 2635 206 2686 logia
228 2635 388 2673 aliorum
414 2635 687 2673 adiectivormn
720 2635 766 2673 cs.
793 2636 841 2674 ad
867 2637 965 2676 Met.

99 2690 201 2730 Vln.
226 2705 266 2742 p.
290 2696 382 2732 508.
414 2690 641 2729 defenclitur.
701 2690 964 2730 Nihilominus

99 2748 163 2786 hic
189 2748 326 2786 librarii
354 2748 632 2785 aberrationem
659 2761 815 2786 censeo.
864 2749 964 2787 Dein

99 2805 276 2857 qratiosi
300 2804 463 2842 coniecit
487 2804 615 2842 Burin.
641 2805 676 2842 in
703 2803 863 2843 Anthol.
880 2805 965 2844 Lat.

102 2859 131 2899 1.
154 2873 193 2911 p.
219 2863 312 2900 745.
337 2861 391 2898 At
415 2860 462 2898 cf.
489 2860 590 2898 Gell.
618 2859 644 2897 I.
672 2865 709 2900 5.
740 2875 879 2900 uranus
903 2876 966 2901 ar-

101 2920 228 2968 yutae
242 2921 279 2955 et
294 2922 550 2969 yestuosac
581 2916 648 2955 XI.
663 2921 808 2968 p.777.
827 2932 968 2968 ,qv-essu

100 2975 346 3023 yestuoso.
383 2973 444 3011 De
469 2987 510 3011 re
535 2972 585 3013 cs.
609 2972 741 3014 d'Orv.
761 2973 808 3011 ad
826 2972 967 3013 charit.

101 3026 170 3065 VI.
196 3031 235 3067 7.
260 3041 297 3079 p.
323 3028 436 3082 547.]

157 3086 448 3135 yraecauicam
483 3084 674 3124 saltaturi
717 3086 969 3139 pyrrhicam.

103 3137 206 3191 [Nec
229 3143 480 3194 yraecaw'co
496 3156 566 3180 nec
578 3144 843 3195 yraccam'ca,
870 3155 970 3196 quae

1015 893 1203 930 lectiones
1216 895 1306 930 sunt
1319 892 1544 943 optimorum
1560 889 1670 928 codd.
1680 919 1690 935 ,
1715 903 1882 940 unquam

1014 949 1178 1000 probare
1203 962 1249 986 se
1274 952 1451 999 possunt.
1485 946 1578 984 Erat
1597 947 1660 997 qui
1680 950 1882 996 utrumque

1015 1005 1288 1044 adverbialiter
1307 1004 1379 1042 dici
1399 1017 1522 1055 posse
1543 1016 1611 1054 pro
1630 1004 1880 1055 yraecanice

1016 1062 1251 1114 opinaretur.
1278 1074 1354 1111 qua
1379 1060 1557 1111 opinione
1583 1063 1622 1096 et
1645 1059 1695 1097 ad
1727 1063 1881 1097 senten-

1016 1120 1108 1156 tiam
1133 1122 1172 1155 et
1195 1131 1306 1155 usum
1332 1116 1467 1154 horum
1493 1115 1762 1153 adverbiorum
1787 1115 1881 1153 nihil

1016 1179 1149 1226 potest
1174 1174 1246 1211 dici
1274 1174 1515 1225 perversius.
1546 1171 1643 1210 Hinc
1665 1172 1880 1223 yraecani-

1018 1245 1104 1269 cam
1123 1231 1333 1283 pyrricam
1354 1229 1498 1267 retinui.
1533 1229 1736 1267 Saltaturi
1750 1241 1881 1266 emen-

1017 1286 1105 1325 davi
1119 1300 1167 1324 ex
1184 1287 1347 1324 lectione
1362 1286 1447 1324 cod.
1463 1284 1630 1323 Florent.
1646 1288 1682 1324 3.
1709 1284 1883 1324 saltatur

1019 1342 1294 1395 Ipyrrlzicam,
1322 1355 1487 1393 quocum
1508 1343 1623 1380 etiam
1637 1341 1753 1378 ceteri
1770 1340 1881 1379 codd.

1018 1399 1176 1436 faciunt:
1203 1399 1305 1447 quod
1322 1397 1562 1448 participium
1576 1410 1693 1447 quum
1713 1396 1775 1435 hic
1794 1396 1882 1434 ferri

1017 1469 1090 1492 non
1127 1467 1250 1505 posse
1288 1454 1427 1492 librarii
1467 1456 1660 1503 putarent,
1703 1452 1884 1504 quoniam

1017 1511 1122 1562 pueri
1150 1514 1188 1548 et
1211 1510 1370 1561 puellae
1393 1511 1465 1547 iam
1492 1509 1739 1547 saltationem
1764 1508 1883 1559 expli·

1018 1571 1160 1612 carent,
1185 1566 1378 1605 saltantes
1402 1567 1449 1603 ab
1476 1566 1520 1603 iis
1541 1565 1789 1616 depravatum
1810 1569 1883 1604 est.

1019 1623 1100 1662 Sed
1125 1624 1315 1662 saltaturi
1340 1626 1465 1664 erant.
1500 1636 1616 1672 quum
1640 1622 1882 1667 incedebant,

1019 1685 1057 1718 et
1082 1679 1236 1718 ordines
1263 1679 1534 1730 disponebant.
1572 1678 1635 1716 De
1661 1679 1883 1718 accusativo

1015 1736 1256 1790 pyrricham
1270 1736 1397 1773 verbis
1417 1735 1569 1774 saltare
1588 1740 1625 1773 et
1644 1734 1884 1774 moceriiun-

1019 1798 1080 1830 cto
1107 1792 1156 1830 cl'.
1182 1791 1264 1830 Intt.
1290 1792 1339 1829 ad
1366 1791 1500 1830 Horat.
1529 1791 1650 1842 Epist.
1673 1791 1717 1830 II.
1738 1795 1882 1831 2125.

1021 1849 1189 1887 Gronov.
1216 1848 1334 1887 Diatr.
1361 1848 1458 1886 Stat.
1481 1846 1525 1886 T.
1542 1847 1566 1886 I.
1586 1861 1622 1898 p.
1639 1852 1730 1888 510.
1756 1846 1885 1887 Hand.

1020 1905 1081 1942 De
1102 1905 1301 1957 pyrrhica
1323 1905 1529 1943 saltatione
1549 1905 1714 1942 onmium
1740 1905 1884 1955 optime

1019 1965 1178 2011 egerunt
1203 1961 1366 2010 eiusque
1390 1962 1576 1999 rationem
1596 1961 1885 2012 descripserunt

1022 2017 1156 2065 Argoi.
1192 2016 1402 2055 Commcnt.
1441 2018 1488 2055 ad
1519 2016 1692 2068 Onupbr.
1725 2016 1883 2055 Panvin.

1021 2074 1069 2111 de
1094 2073 1193 2111 Lud.
1221 2072 1315 2111 Circ.
1343 2073 1388 2112 ΙΙ.
1419 2089 1449 2112 c.
1473 2079 1507 2114 2.
1534 2075 1568 2111 in
1596 2074 1736 2112 Graev.
1763 2072 1886 2112 Thes.

1020 2131 1178 2180 Antiqq.
1205 2128 1252 2167 T.
1278 2129 1345 2168 IX.
1372 2144 1407 2182 p.
1434 2134 1514 2171 344
1540 2143 1647 2181 sqq.;
1678 2129 1884 2180 Bulenger.

1020 2187 1069 2224 de
1102 2186 1195 2224 Circ.
1228 2186 1340 2224 Rom.
1373 2202 1406 2226 c.
1437 2191 1500 2227 38.
1532 2187 1618 2225 ibid.
1650 2200 1684 2238 p.
1712 2190 1804 2228 672.
1836 2186 1886 2223 de

1021 2242 1176 2281 Theatr.
1210 2241 1234 2280 I.
1267 2247 1331 2282 51.
1363 2243 1452 2282 ibid.
1486 2257 1522 2295 p.
1555 2247 1648 2283 953.
1674 2243 1810 2281 Vales.
1837 2242 1887 2280 ad

1020 2300 1209 2337 Ammian.
1237 2298 1343 2338 XIV.
1372 2304 1434 2340 11.
1459 2299 1489 2349 ξ.
1517 2303 1553 2340 3.
1579 2299 1755 2338 Vis-cont.
1782 2298 1885 2337 Mus.

1019 2355 1189 2394 Rollem.
1217 2355 1261 2393 Τ.
1278 2354 1343 2394 lv.
1369 2369 1405 2406 p.
1421 2361 1473 2396 57
1488 2381 1542 2384 -—
1557 2361 1620 2396 70.
1647 2355 1708 2394 cd.
1722 2354 1886 2393 Mediol.

1019 2411 1164 2451 Fronto
1185 2411 1310 2463 Epist.
1330 2412 1379 2449 ad
1401 2414 1514 2451 Caes.
1537 2412 1565 2452 l.
1581 2417 1616 2453 4.
1637 2427 1674 2465 p.
1693 2416 1754 2452 10.
1776 2412 1885 2450 Mai:

1022 2469 1237 2507 Euimrero
1270 2470 1402 2507 omnia
1435 2471 1558 2508 istaec
1582 2470 1688 2507 inter
1712 2481 1888 2521 yraecos

1022 2539 1151 2563 rersus
1179 2525 1308 2563 latina
1333 2526 1389 2564 ita
1413 2527 1511 2565 scite
1530 2526 1732 2565 alternata
1753 2528 1844 2563 suut
1862 2538 1887 2562 a

1024 2586 1062 2619 tc
1085 2586 1126 2620 ct
1146 2583 1400 2632 interposita,
1427 2587 1470 2621 ut
1495 2587 1551 2620 est
1569 2582 1639 2620 ille
1657 2584 1698 2619 in
1714 2581 1888 2633 pyrrica.

1020 2638 1305 2676 versicoloram
1338 2637 1560 2682 discursus,
1599 2652 1721 2690 quum
1751 2637 1888 2676 amicti

1023 2707 1150 2732 cocco
1174 2694 1348 2732 aliialii
1378 2695 1485 2732 luteo
1516 2699 1553 2733 et
1584 2698 1694 2732 ostro
1725 2697 1763 2731 et
1788 2705 1886 2743 pur-

1019 2764 1142 2802 pura,
1168 2751 1253 2794 alii,
1285 2750 1438 2802 aliique
1461 2750 1695 2789 coherentes
1720 2762 1886 2788 concur·

1022 2810 1124 2850 sant.
1150 2806 1213 2856 qui
1240 2806 1349 2844 locus
1375 2807 1425 2844 ita
1451 2806 1715 2844 emendandus
1741 2808 1819 2842 est:
1844 2809 1891 2844 ut

1023 2866 1078 2900 est
1103 2861 1172 2900 ille
1190 2863 1232 2900 in
1247 2863 1419 2915 pyrrIca
1440 2863 1709 2901 versicolorus
1734 2861 1887 2901 discur-

1024 2931 1107 2963 sus,
1143 2932 1265 2970 quum
1295 2919 1435 2956 amicti
1465 2931 1592 2957 cocco
1623 2919 1716 2964 alii,
1754 2917 1827 2956 alii
1850 2921 1889 2956 et

1027 2973 1114 3012 lato
1145 2978 1184 3011 et
1213 2978 1323 3012 ostro
1358 2978 1397 3012 et
1430 2987 1621 3025 purpura.
1658 2974 1777 3018 creti,
1814 2973 1889 3012 aliz·

1026 3030 1180 3081 aliique
1205 3030 1462 3068 cohaerentes
1485 3034 1741 3070 concursant.
1781 3029 1890 3069 Creti

1026 3099 1095 3136 pro
1112 3086 1295 3131 discretz}
1320 3084 1369 3124 cf.
1383 3085 1431 3123 ad
1452 3085 1502 3123 de
1514 3085 1564 3125 D.
1579 3086 1731 3125 socrat.
1741 3098 1781 3137 p.
1797 3089 1890 3127 116.

1031 3141 1233 3200 pyrrhica
1260 3141 1401 3199 scripsi
1438 3154 1486 3181 cx
1522 3143 1747 3182 auctoritate
1777 3140 1891 3183 codd.
