2155 3590
715 122 906 163 LIBER
935 122 984 161 V.

1044 120 1172 161 CAP.
1196 121 1225 161 Ι.
1755 119 1838 162 307

52 246 134 288 tur,
161 235 296 277 bestiis
315 241 354 276 et
373 234 411 275 id
431 248 555 289 genus
575 234 784 289 pecudibus
806 234 1104 276 occurrentibus
1125 233 1172 274 ob
1187 246 1231 273 os
1249 231 1547 272 introeuntium.
1574 228 1705 272 Mirus
1724 245 1835 286 pror-

48 307 132 336 sum
158 293 291 344 homo,
317 291 435 333 immo
460 291 674 342 semideus,
702 291 766 332 vel
790 299 897 333 certe
923 292 1036 340 deus,
1061 290 1127 345 qui
1145 301 1312 344 magnae
1333 288 1429 329 artis
1449 287 1664 329 subtilitate
1684 295 1833 329 tantum

48 443 86 472 ob
98 440 158 471 taos
171 445 206 471 G.
223 443 251 473 1.
265 446 299 471 ut
311 444 440 472 videtur
452 450 473 472 a
484 450 524 471 m.
538 450 565 472 s.
611 443 717 470 mz'rus
724 450 864 478 prosum
877 450 1021 480 magnae
1033 441 1123 470 artis
1137 439 1242 469 homo.
1276 439 1329 468 Sic
1341 439 1376 468 in
1389 439 1537 468 omnibus
1550 446 1629 473 quos
1643 447 1700 474 ego
1714 440 1836 467 contuli

45 489 135 519 codd.
149 492 179 517 et
192 489 262 517 edd.
275 491 351 518 vett.
365 488 487 522 inveni,
506 495 563 523 pro
577 495 639 522 quo
652 495 775 525 magna
788 491 918 516 notatur
930 491 970 517 ab
985 495 1144 522 anonymo
1158 484 1331 522 (f.Tolli⁰)
1345 492 1419 514 esse
1432 485 1466 512 in
1473 487 1537 513 Ms-
1556 491 1701 520 prorsus
1715 485 1751 513 P.
1761 486 1795 513 0.
1805 481 1835 514 δ.

999 528 1015 551 0
1078 528 1094 549 0

39 530 279 594 ἕεεηιὴίεηευ.
294 555 396 590 (quod
409 563 450 584 ex
462 555 710 584 commutatione
723 556 982 591 compendiorum
987 564 1013 592 p
1026 558 1055 584 et
1064 563 1089 593 y
1101 555 1122 584 i.
1136 562 1164 584 e.
1173 552 1284 591 primo
1293 556 1322 582 et
1325 559 1436 590 ymmo
1445 540 1556 580 natum
1569 559 1644 581 esse
1657 548 1836 591 existimo.)

46 599 98 629 vel
107 603 197 629 certe
210 599 288 629 deus
302 603 436 629 exulant
451 608 472 629 a
484 603 520 630 G.
536 602 564 629 1.
578 602 609 628 2.
622 602 660 629 D.
675 608 711 630 π.

43 744 158 784 Goer.
171 744 220 783 ad
234 743 308 783 Cic.
324 744 374 782 de
387 742 489 795 legg.
504 743 547 782 11.
567 748 600 784 1.
616 757 651 795 p.
665 748 756 785 104.
771 743 907 783 Tross.

41 801 92 840 ad
120 801 271 839 Auson.
302 800 462 839 Mosell.
489 804 554 840 49.
578 801 662 839 Intt.
688 800 739 838 ad
765 800 905 840 Tibull.

40 855 102 896 Ill.
131 861 164 897 1.
191 861 254 898 50.
287 857 337 895 ad
360 857 483 895 Horat
509 856 688 895 Carm.ll.
719 862 780 897 18.
810 863 843 896 1.
870 862 909 896 et

37 926 130 965 prae
155 914 294 952 ceteris
314 912 624 964 Kobierzyckius
651 913 699 951 de
724 913 815 951 luxu
827 913 905 952 Ro-

37 982 136 1008 man.
170 969 192 1008 l.
224 984 255 1008 c.
286 970 322 1011 7.
356 971 391 1007 in
424 969 562 1009 Graev.
596 968 715 1008 Thes.
747 970 905 1021 Antiqq.

39 1025 148 1064 Toni.
174 1024 244 1064 IX.
268 1040 305 1078 p.
336 1030 440 1067 1356
465 1026 542 1078 sq.]

80 1138 144 1177 vel
150 1144 255 1178 certe
269 1139 377 1184 dens,
389 1140 460 1191 qui
472 1151 646 1191 maymw
659 1139 767 1177 artis.
783 1137 904 1176 Uncis

35 1194 208 1234 inclusae
237 1200 327 1233 sunt
357 1210 380 1234 a
411 1195 537 1232 Nva.
574 1198 614 1232 et
649 1193 748 1232 Prie.
784 1208 904 1233 voces

34 1264 208 1303 maynae
242 1253 361 1297 artis,
398 1263 496 1301 quas
533 1251 646 1289 etiam
679 1249 779 1288 Oud.
817 1251 902 1287 irre-

34 1307 166 1360 psisse
178 1311 287 1358 putat
301 1320 349 1345 ex
363 1320 449 1358 seq.
476 1320 592 1344 versu
606 1320 779 1358 maynae
803 1307 902 1345 artis

33 1362 254 1403 subtilitate
289 1368 405 1414 atque
447 1362 657 1401 eiiciendas
695 1376 788 1399 esse
824 1376 901 1400 mo-

33 1420 112 1458 nuit
135 1419 239 1458 Grut.
267 1419 385 1470 Snsp.
412 1418 512 1456 wll.
539 1422 574 1459 2.
625 1417 783 1469 [Mirum
810 1432 900 1456 vero

32 1479 111 1520 est,
143 1475 336 1526 quomodo
367 1489 502 1513 omnes
533 1474 646 1513 codd.
678 1475 711 1512 in
738 1488 785 1514 ea
810 1476 899 1513 scri-

31 1535 141 1584 ptura
165 1533 385 1582 persistant.
432 1531 475 1570 ld
498 1544 613 1569 unum
633 1543 705 1582 pro
726 1545 816 1570 vero
835 1545 901 1582 po-

31 1591 109 1627 test
132 1590 390 1639 comprobari,
421 1588 602 1626 alterutro
629 1587 715 1625 loco
744 1587 815 1626 has
838 1601 901 1625 vo-

32 1644 140 1683 culas
154 1658 246 1682 esse
261 1645 510 1689 omittendas,
537 1657 652 1694 quum
677 1644 768 1682 talis
792 1658 902 1696 repe-

31 1701 110 1739 titio
129 1701 382 1739 intolerabilis
402 1702 466 1746 sit,
487 1715 558 1739 nec
578 1701 624 1737 iis
644 1700 800 1750 quidem
815 1714 900 1751 pro-

30 1757 109 1796 bari
122 1770 246 1808 posse
261 1771 430 1809 sperem,
446 1758 509 1808 qui
525 1756 798 1795 abundantiam
813 1771 899 1795 cum

31 1814 378 1852 omniumAsrm-um
388 1819 467 1853 tum
477 1813 808 1865 inpriniisApuleii
818 1813 899 1864 ple-

32 1869 90 1908 nis
103 1870 236 1909 buccis
257 1869 467 1910 clamitant.
510 1868 642 1907 Priore
662 1873 790 1907 autem
812 1869 898 1907 loco

31 1925 188 1964 ferenda
201 1941 249 1966 ea
263 1929 380 1966 verba
396 1941 470 1966 non
485 1938 591 1969 esse,
607 1929 712 1963 totns
727 1939 898 1977 compro-

29 1983 94 2020 bat
112 1984 388 2022 sententiarum
409 1995 619 2021 connexus.
646 1982 778 2021 lilirns
797 1982 897 2019 enim

30 2038 129 2078 idem
141 2039 340 2090 significat,
361 2039 465 2091 qnod
480 2052 652 2089 maynae
666 2039 778 2083 artis,
806 2052 897 2089 quo-

28 2096 130 2134 niam
150 2097 184 2133 in
203 2096 277 2134 hac
295 2096 384 2134 sola
407 2099 490 2133 arte
515 2093 715 2131 admiratio
741 2094 809 2132 illa
833 2094 898 2131 niti

28 2155 169 2202 potest.
195 2151 296 2191 Hine
314 2166 335 2189 e
358 2151 484 2191 medio
505 2149 587 2188 tolli
609 2150 725 2188 verba
745 2163 768 2188 a
786 2154 898 2201 typo-

29 2207 186 2259 graphis
211 2209 321 2247 iussi.
379 2207 499 2246 Porro
525 2205 672 2244 dubitat
708 2205 824 2251 Oud„
850 2220 897 2244 an

29 2263 184 2302 defendi
199 2269 317 2315 queat
330 2262 516 2317 particula
530 2267 655 2307 certe,
681 2275 795 2313 quum
814 2276 897 2313 gra-

29 2319 151 2367 datio,
177 2333 276 2372 quae
304 2322 339 2360 in
364 2321 440 2360 hoc
459 2319 660 2358 enunciato
687 2319 899 2370 conspicua

28 2375 173 2422 sit,hac
187 2378 341 2428 quidem
354 2378 499 2415 ratione
515 2375 593 2413 fieri
608 2379 785 2426 nequeat.
807 2374 894 2421 Quo

29 2433 272 2472 considerato
308 2434 506 2473 wasseus
543 2432 744 2483 transponi
779 2432 897 2470 verba

28 2488 82 2528 ita
109 2488 245 2528 voluit:
281 2491 398 2529 immo
431 2490 528 2528 (leus
558 2488 622 2527 vel
651 2493 757 2527 certe
787 2489 895 2526 semi-

30 2545 146 2592 deus,
176 2546 280 2597 quod
311 2548 385 2585 iam
409 2549 524 2584 antea
546 2543 730 2583 Pauwius
755 2545 789 2582 in
816 2543 895 2582 Ob-

31 2613 128 2640 serv.
141 2601 214 2640 lur.
229 2615 265 2653 p.
281 2607 346 2643 89.
362 2602 646 2640 emendaverat.
687 2599 790 2639 Oud.
802 2614 894 2638 vcro

31 2669 257 2710 quamquam
270 2660 371 2698 bene
385 2657 590 2702 intellexit,
614 2657 737 2694 locum
753 2658 804 2695 ita
817 2660 896 2694 tan-

31 2715 109 2753 tum
126 2714 281 2754 defendi
303 2729 437 2767 posse,
457 2719 498 2754 ut
512 2719 616 2755 certe
629 2713 690 2751 hic
703 2726 770 2763 pro
786 2718 899 2752 certo

32 2767 169 2809 dictum
188 2783 281 2810 esse
300 2776 474 2823 ponatur,
499 2776 626 2810 tamen
646 2783 732 2808 cum
753 2770 898 2808 nullum

32 2823 144 2864 alium
162 2825 326 2879 reperii-e
341 2832 478 2879 posset
490 2826 648 2880 Apuleii
661 2826 800 2871 locum,
820 2839 896 2877 quo

33 2878 131 2920 hanc
157 2884 473 2934 significationem
504 2882 711 2929 stabiliret,
748 2896 829 2920 rem
860 2883 896 2920 in

33 2936 158 2976 medio
177 2939 338 2991 reliquit,
356 2942 557 2993 magisque
572 2938 622 2976 ad
634 2939 798 2978 &vassei
811 2953 897 2977 con-

35 2991 214 3033 iecturam
248 2996 456 3036 inclinasse
485 2997 645 3034 videtur.
704 2993 897 3046 Equidem

36 3047 150 3098 plane
173 3049 280 3090 aliter
303 3054 443 3092 sentio.
494 3053 535 3092 Si
563 3052 661 3091 enim
682 3052 897 3090 accuratius

35 3102 72 3142 in
100 3117 211 3146 suum
239 3113 432 3150 auctorem
461 3109 743 3161 inquisivisset,
780 3108 897 3146 multa

967 746 1051 782 eius
1083 758 1179 783 usus
1205 744 1418 782 invenisset
1443 740 1635 793 exempla.
1695 740 1836 779 Statim

965 805 1054 839 ante
1080 800 1214 839 oculos
1241 802 1412 838 versatur
1436 797 1574 836 similis
1600 797 1755 848 quidem
1781 797 1834 835 lo-

966 871 1047 903 cus,
1073 858 1136 908 qui
1149 856 1244 894 Met.
1259 855 1326 894 IX.
1351 869 1388 907 p.
1405 859 1497 896 615.
1523 854 1676 905 legitur:
1710 854 1837 899 Quod

966 916 1070 952 enim
1101 913 1235 957 rebus,
1265 918 1311 951 ut
1338 913 1467 951 ‘tainus
1491 915 1631 962 aptum
1656 915 1694 949 et
1717 910 1835 950 huius

965 970 1185 1008 ministerio
1209 970 1308 1008 satis
1332 967 1526 1012 inutilem,
1550 981 1610 1006 me
1629 967 1686 1006 ad
1707 979 1834 1018 quem·

960 1027 1076 1077 piam
1112 1024 1236 1063 alium
1270 1025 1409 1075 ute'qne
1440 1024 1626 1062 leviorem
1657 1022 1836 1062 laborem

966 1082 1144 1134 leyatnm
1169 1082 1239 1126 irc,
1272 1080 1345 1119 vel
1375 1081 1578 1119 otiosum
1611 1084 1740 1119 certe
1770 1079 1834 1118 ci-

965 1138 1120 1177 batum
1146 1138 1222 1175 iri.
1281 1136 1366 1174 Hoc
1392 1149 1547 1186 quoque
1573 1136 1678 1181 loco,
1703 1139 1745 1173 ut
1768 1149 1834 1173 no-

963 1197 1056 1237 stro,
1082 1193 1146 1231 vel
1168 1197 1275 1231 cerie
1299 1191 1455 1229 defendi
1485 1206 1556 1229 non
1583 1196 1734 1242 posset,
1761 1192 1834 1230 nisi

959 1252 1167 1301 profecto,
1181 1261 1321 1287 revera
1335 1248 1579 1298 significaret,
1595 1262 1711 1298 quum
1727 1252 1835 1287 certe

961 1306 1193 1342 sententiam
1213 1304 1349 1354 prioris
1369 1304 1571 1350 enunciati,
1598 1317 1697 1354 quae
1717 1304 1833 1355 paulo

960 1362 1116 1411 gravius
1141 1360 1246 1398 elata
1272 1363 1370 1405 erat,
1396 1361 1540 1410 ubique
1564 1361 1772 1411 restringat
1797 1364 1836 1397 et

960 1432 984 1456 a
1007 1417 1150 1456 maiore
1169 1416 1218 1455 ad
1232 1417 1356 1454 minus
1375 1417 1574 1454 transitum
1598 1415 1726 1456 faciat.
1761 1416 1836 1455 Hic

961 1487 1052 1512 vero
1078 1489 1100 1513 a
1130 1474 1275 1511 minore
1300 1473 1349 1511 ad
1375 1474 1498 1510 maius
1524 1476 1654 1511 auctor
1679 1486 1833 1523 progre-

962 1530 1071 1573 ditur,
1098 1529 1202 1581 quod
1229 1530 1397 1568 otiosam
1424 1529 1555 1568 cibari
1578 1543 1674 1567 sane
1700 1528 1834 1568 fortius

962 1591 1034 1632 est,
1061 1601 1176 1637 qnam
1202 1585 1260 1624 ad
1285 1585 1469 1625 leviorem
1490 1585 1625 1637 Ιεῃανί
1645 1585 1834 1625 laborem.

962 1642 1135 1693 Utroque
1168 1642 1279 1692 igitur
1310 1642 1397 1680 loco
1432 1642 1494 1681 ve]
1522 1647 1629 1681 certe
1659 1642 1697 1680 id
1729 1642 1834 1693 quod

954 1701 1154 1752 profecto
1186 1699 1363 1744 denotat,
1395 1712 1684 1749 summamque,
1716 1703 1757 1737 ut
1781 1700 1834 1738 ita

959 1755 1097 1800 dicam,
1116 1755 1179 1793 hic
1198 1756 1313 1793 animi
1333 1757 1627 1806 persuasionem
1643 1756 1831 1807 exprimit,

959 1826 1035 1863 qua
1050 1811 1209 1863 Psyche
1229 1826 1251 1849 a
1272 1811 1346 1849 deo
1369 1812 1490 1849 aedes
1511 1811 1717 1850 fabricatas
1738 1825 1833 1850 esse

959 1869 1167 1913 existimat,
1187 1868 1264 1906 illic
1283 1881 1387 1913 vero,
1403 1883 1475 1918 qua
1492 1869 1625 1907 asinus
1639 1882 1831 1907 summum

958 1925 1075 1962 otium
1112 1928 1327 1975 exspectat.
1388 1923 1599 1963 Praeterea
1636 1924 1683 1963 cf.
1715 1923 1760 1962 ll.
1794 1937 1829 1976 p.

961 1985 1049 2021 146.
1078 1981 1187 2020 rides
1212 1981 1406 2019 hominem
1427 1983 1609 2032 ferreum
1634 1986 1673 2020 et
1690 1982 1830 2020 insom-

956 2051 1062 2081 nem,
1089 2042 1219 2077 certe
1242 2038 1592 2088 perspicaciorem
1612 2039 1698 2088 ipso
1723 2037 1830 2091 Lyn-

959 2107 1040 2133 ceo.
1068 2092 1133 2133 lv.
1160 2107 1199 2144 p.
1219 2097 1310 2133 254.
1338 2093 1537 2132 Lamacln‘
1560 2095 1730 2133 salutem
1753 2107 1831 2134 me-

957 2151 1041 2188 rito
1070 2151 1242 2189 sarcinis
1272 2150 1357 2188 islis
1391 2149 1569 2189 omnihus
1601 2155 1731 2189 certe
1761 2165 1829 2190 αη-

958 2205 1235 2246 1εἰιιῐιί·ἰηι1Υ.
1252 2219 1287 2256 p.
1303 2209 1394 2246 291.
1417 2206 1522 2251 hem,
1547 2220 1657 2246 nunc
1682 2211 1828 2253 certe,

956 2276 1064 2301 mmc
1086 2262 1277 2314 funditus
1298 2263 1410 2314 perii
1424 2262 1472 2300 V.
1498 2277 1535 2315 p.
1552 2266 1643 2304 351.
1692 2262 1830 2303 Certe

955 2320 990 2357 si
1015 2319 1143 2357 (livini
1161 2318 1295 2370 puelle?
1320 2324 1445 2357 nmtcr
1469 2319 1664 2364 audierit,
1696 2321 1828 2359 statim

954 2388 1014 2413 me
1029 2374 1176 2427 laqueo
1190 2375 1320 2413 nexili
1332 2376 1588 2427 suspendam.
1618 2375 1668 2415 V.
1682 2390 1717 2428 p.
1734 2379 1827 2417 380.

956 2431 1020 2470 An
1044 2432 1227 2484 ignoras,
1253 2445 1337 2471 enm
1358 2432 1577 2472 masculam
1595 2437 1631 2471 el
1653 2434 1829 2472 iuvenem

955 2501 1033 2526 esse
1065 2488 1126 2526 vel
1152 2493 1282 2527 certe
1314 2489 1393 2527 iam
1425 2494 1526 2540 quot
1554 2490 1608 2528 sit
1630 2502 1828 2528 annorum

956 2543 1084 2582 oblita
1114 2558 1165 2583 es.
1225 2543 1275 2582 cs.
1301 2543 1367 2582 Vl.
1393 2559 1430 2596 p.
1458 2550 1550 2585 405.
1577 2544 1642 2583 Vl.
1669 2558 1705 2596 p.
1731 2548 1825 2585 430.

954 2599 1145 2639 Omnibus
1175 2600 1236 2639 his
1269 2600 1366 2639 locis
1398 2602 1612 2639 accuratius
1648 2602 1826 2652 pensicu-

958 2656 1063 2702 latis,
1091 2662 1197 2696 certe
1222 2672 1289 2709 pro
1316 2663 1427 2696 cerco
1453 2658 1566 2696 etiam
1592 2657 1695 2709 apud
1719 2657 1824 2708 Apu-

957 2713 1072 2751 leium
1092 2714 1279 2765 usurpari,
1303 2713 1608 2765 persuadebitur.
1657 2713 1720 2752 De
1738 2713 1825 2752 aliis

956 2771 1204 2821 scriptoribus
1231 2770 1393 2808 dubitari
1421 2770 1553 2821 nequit
1577 2769 1624 2808 cf.
1651 2769 1750 2808 (ssort.
1776 2769 1826 2809 ad

955 2825 1102 2866 Lucan.
1132 2825 1195 2864 111.
1226 2830 1314 2867 126.
1346 2826 1469 2864 Bach.
1502 2826 1551 2864 ad
1582 2825 1696 2865 Ovid.
1728 2825 1824 2866 Met.

955 2882 1023 2922 lv.
1043 2887 1135 2923 701.
1181 2882 1297 2921 Plura
1325 2883 1431 2921 dabit
1450 2881 1573 2920 Hand.
1600 2884 1634 2920 in
1657 2881 1824 2921 Tursell.

958 2938 1002 2979 T.
1034 2938 1080 2978 ΙΙ.
1112 2953 1148 2990 p.
1176 2943 1239 2980 22.
1296 2938 1356 2977 Ex
1393 2938 1467 2977 hac
1501 2938 1713 2991 particulae
1749 2953 1824 2978 non

957 2995 1154 3035 intellecta
1210 2995 1489 3046 significatione
1541 2994 1684 3034 sactum
1732 3009 1825 3034 esse

956 3057 1066 3104 puto,
1096 3056 1138 3091 ut
1168 3053 1203 3090 in
1231 3051 1423 3090 nonnullis
1449 3051 1560 3091 codd.
1587 3051 1684 3091 haec
1708 3053 1826 3091 verba

955 3108 1071 3160 plane
1095 3107 1385 3160 omitterentur]

1458 3173 1542 3218 20*
