2155 3590
614 147 799 188 LIBER
830 148 904 190 IV.
961 146 1091 190 CAP.
1125 145 1292 187 XVIII.
1779 148 1862 190 257

55 260 212 301 monitis
236 259 496 300 Dem·‹charis
521 260 753 314 perterritus
780 275 1062 315 numerumque
1086 259 1327 315 perditorum
1353 272 1487 299 secum
1514 272 1750 310 recensens,
1779 274 1859 299 non

55 317 257 357 difficulter
291 317 503 367 adsensus,
544 324 587 357 ut
621 331 674 358 ex
711 317 875 357 arbitrio
913 325 1050 358 nostro
1087 329 1248 357 caveam
1272 315 1495 355 locaremus
1522 315 1637 356 facile
1662 316 1853 370 permisit.

55 372 132 414 Sed
164 379 202 413 et
233 386 328 422 uoS‚
361 373 541 426 inquam,
573 373 648 427 ipsi
678 374 805 427 parati
837 387 992 424 sumus,
1027 373 1088 413 hic
1117 373 1260 413 ibidem
1290 385 1361 426 pro
1394 384 1517 411 cavea
1546 371 1624 411 ista
1655 372 1856 412 excubare

53 436 211 479 noctes,
244 436 286 468 ut
319 435 451 469 aestus
483 435 521 469 et
546 429 772 469 vexationis
804 430 1051 470 incommodo
1081 428 1231 470 bestiae
1262 427 1453 482 fatigatae
1485 434 1525 468 et
1556 428 1682 468 cibum
1709 435 1856 482 tempe-

54 485 196 525 stivum
222 491 261 525 et
284 492 416 539 potum
441 485 598 525 solitum
624 486 847 526 accuratius
874 486 1099 526 offeramus.
1143 484 1255 526 Nihil
1278 483 1499 538 indigemus
1526 483 1660 524 labore
1686 484 1762 525 isto
1788 499 1857 525 ve-

54 548 157 591 stro,
191 541 393 595 respondit
421 541 501 581 ille.
563 541 644 582 Iam
678 556 802 596 paene
836 549 917 582 tota
944 543 1092 583 familia
1116 556 1187 597 per
1211 540 1400 581 diutinam
1432 541 1754 581 consuetudinem
1789 555 1857 581 nu·

53 597 215 638 triendis
241 598 345 638 ursis
371 598 592 638 exercitata
618 605 692 639 est.
1365 610 1373 619 “

559 749 595 796 C
655 750 701 795 A
758 750 795 794 P
855 749 898 795 U
958 749 1000 794 Τ
1105 748 1348 795 XVIII.

164 868 260 910 Post
284 869 380 910 haec
404 870 624 912 valefacto
649 870 925 919 discessimus,
954 877 989 910 et
1018 877 1168 923 portam
1197 869 1371 910 civitatis
1392 869 1546 923 egressi
1564 876 1858 910 mouumentum

52 927 243 979 quoddam
269 926 561 980 conspicamur,
595 939 615 965 a
642 926 707 966 via
738 933 889 966 remoto
915 933 954 966 et
979 926 1109 965 abdito
1135 926 1221 966 loco
1246 926 1430 979 positum.
1482 924 1541 965 Ibi
1567 926 1725 980 capulos
1752 926 1858 966 carie

52 989 92 1022 et.
115 989 311 1023 vetustate
337 983 577 1032 semitectos‚
607 982 692 1036 quis
716 982 721 1038 Ι
742 982 1015 1022 inhabitabant
1033 982 1209 1036 pulverei
1229 989 1268 1022 et
1285 982 1363 1021 iam
1384 982 1555 1022 cinerosi
1576 982 1742 1033 mortui,
1770 995 1858 1036 pas-

52 1038 124 1078 sim
166 1039 212 1078 ad
245 1039 399 1079 futurae
436 1040 604 1093 praedae
642 1039 888 1093 receptacula
920 1052 1165 1088 reseramus,
1206 1045 1245 1078 et
1281 1052 1332 1078 ex
1371 1038 1573 1092 disciplina
1606 1046 1739 1079 seclae
1775 1053 1860 1079 scr-

51 1102 144 1135 vato
169 1095 296 1134 noctis
321 1095 457 1135 illuuio
484 1102 679 1149 tempore,
713 1109 789 1148 quo
815 1108 977 1134 somnus
1003 1094 1142 1134 obn'us
1167 1094 1314 1148 impetu
1340 1095 1464 1148 primo
1491 1095 1610 1135 corda
1634 1095 1858 1136 mortalium

51 1218 113 1248 que
131 1214 202 1245 post
221 1218 393 1239 numerum
413 1212 616 1240 desideratur
634 1212 667 1239 in
688 1213 723 1240 G.
741 1213 767 1239 1.
783 1212 817 1239 0.
860 1209 1076 1247 perditarum
1098 1213 1133 1238 G.
1152 1212 1180 1239 1.
1196 1213 1225 1239 2.
1246 1212 1281 1238 Ρ.
1297 1213 1335 1239 D.
1358 1211 1379 1239 s.
1429 1209 1534 1238 Demo
1557 1220 1612 1246 pro
1634 1210 1860 1241 Democharis

49 1259 82 1284 ut
98 1255 162 1284 iam
176 1264 276 1291 supra
288 1257 402 1285 Venet.
416 1258 446 1285 2.
484 1263 643 1284 assensus
659 1255 781 1283 tribuit
795 1259 830 1282 nc
845 1257 881 1284 G.
897 1257 926 1283 2.
940 1257 978 1284 D.
994 1257 1029 1284 P.
1045 1255 1066 1284 f.
1082 1253 1110 1283 ὃ.
1125 1264 1161 1284 π.
1188 1263 1361 1283 assensum
1402 1256 1522 1284 tribuit
1537 1259 1571 1285 G.
1590 1259 1617 1286 1.
1632 1259 1665 1286 0.
1693 1259 1733 1286 Hi
1748 1266 1860 1287 omnes

51 1302 140 1329 codd.
156 1301 189 1329 in
202 1309 290 1335 seqq.
306 1309 368 1329 non
383 1305 565 1337 agnoscunt
579 1300 800 1338 verbafoci'le
809 1300 977 1336 permisit.
1003 1300 1062 1335 Qui
1077 1309 1153 1328 vero
1167 1303 1246 1329 haec
1260 1303 1359 1329 verba
1382 1302 1540 1333 retinent.
1568 1306 1678 1331 carent
1700 1306 1860 1332 vocabulo

52 1345 169 1373 tribuit
185 1349 215 1374 ut
231 1346 265 1375 F.
282 1346 310 1373 1.
325 1347 355 1375 3.
371 1347 406 1374 B.
421 1349 450 1374 et
465 1353 576 1374 omnes
591 1347 658 1375 edd.
674 1349 751 1374 vett.
799 1344 1134 1381 rps1·pczr.ua1›entl·*.
1152 1347 1179 1374 1.
1195 1347 1225 1373 3.
1243 1347 1278 1373 G.
1297 1349 1323 1374 Ι.
1340 1348 1368 1373 2².
1385 1344 1413 1373 δ’.
1427 1348 1465 1375 D.
1485 1349 1569 1375 lunt.
1585 1349 1614 1375 2.
1643 1348 1748 1376 Ceteri
1769 1349 1858 1377 codd.

50 1394 79 1419 et
93 1392 163 1419 edd.
179 1394 254 1419 vett.
271 1390 411 1427 v'psr‘non
426 1392 560 1425 hahent.
587 1392 616 1419 si
631 1392 668 1420 de
683 1391 848 1425 prioribus
863 1391 942 1419 Oud.
959 1391 1036 1418 sides
1049 1392 1200 1418 habenda
1213 1394 1272 1419 est.
1321 1393 1421 1418 nnc-ee
1435 1393 1471 1420 Β.
1509 1395 1626 1419 aestus
1639 1393 1673 1419 1¹71
1687 1400 1764 1421 νηΐ.
1779 1394 1813 1422 0.
1829 1401 1858 1427 p.

49 1439 150 1464 extus
164 1437 199 1463 G.
214 1437 244 1464 2.
258 1437 295 1464 D.
343 1433 535 1472 afferamus
547 1437 629 1464 Iunt.
645 1438 674 1464 2.
694 1436 800 1464 ΑΙᾱίιι.
849 1436 914 1462 isto
929 1438 1047 1463 nostro
1062 1433 1091 1464 δ.
1139 1438 1231 1464 nulr.
1246 1434 1332 1463 nolis
1346 1444 1401 1470 pro
1421 1437 1511 1464 ursis
1535 1434 1563 1465 δ.
1590 1439 1673 1471 quod
1693 1446 1735 1467 ex
1755 1437 1859 1466 velnis

49 1489 104 1516 pro
116 1479 220 1508 beluis
234 1490 260 1509 s.
274 1479 392 1509 belluis
405 1481 525 1515 scripto
538 1486 582 1509 ort
590 1489 639 1509 um
655 1490 727 1510 esse
740 1482 819 1509 Oud.
835 1481 1014 1509 existimat.
1040 1482 1142 1515 Quam
1155 1481 1351 1510 sententiam
1366 1489 1429 1509 uon
1445 1483 1716 1512 confirmaverim.

134 1529 212 1562 pose
227 1524 311 1553 haec
324 1527 360 1555 F.
385 1527 416 1554 3.
431 1527 466 1554 G.
484 1528 512 1554 1.
527 1528 556 1555 2.
571 1531 599 1555 et
614 1527 688 1555 Ald.
708 1529 788 1562 post
803 1523 882 1553 hinc
896 1528 979 1554 lunt.
998 1528 1024 1554 1.
1047 1528 1125 1562 post
1140 1524 1204 1553 lmc
1216 1527 1344 1554 Vicent.
1371 1527 1478 1555 Ceteri
1494 1529 1583 1557 codd.
1599 1532 1627 1556 et
1643 1530 1725 1556 Mss.
1740 1530 1860 1557 habeut

44 1573 123 1608 post
138 1569 201 1598 hic.
250 1569 338 1598 valle
352 1572 387 1599 G.
406 1572 432 1599 1.
448 1578 468 1599 a
482 1579 510 1605 p.
524 1579 566 1599 m.
614 1569 807 1599 diseesimus
823 1573 858 1599 G.
875 1573 903 1599 1.
952 1571 1186 1598 munimentum
1203 1573 1237 1599 G.
1254 1572 1283 1598 2.
1299 1572 1336 1600 D.
1351 1573 1399 1600 ed.
1416 1580 1462 1606 pr.
1477 1574 1560 1601 lunt.
1578 1574 1606 1601 2.
1623 1574 1698 1601 Ald.
1749 1581 1859 1600 remo-

51 1619 118 1644 tum
134 1617 169 1644 G.
184 1618 213 1645 2.
228 1617 266 1645 D.
314 1615 430 1644 ubied.
443 1617 572 1646 vicent.
614 1615 754 1653 pulc-eri
765 1618 799 1645 G.
815 1618 844 1645 2.
859 1618 896 1645 D.
911 1617 1025 1644 Vcnet.
1041 1618 1070 1644 4.
1091 1615 1244 1652 pulveris
1259 1618 1294 1646 G.
1314 1618 1339 1645 1.
1377 1616 1479 1644 eciam
1495 1619 1529 1646 F.
1545 1620 1575 1646 3.
1592 1619 1627 1647 G.
1647 1620 1672 1646 1.
1690 1619 1719 1646 2.
1733 1619 1770 1647 D.
1810 1619 1858 1646 σι’-

45 1669 129 1689 nero
144 1661 182 1690 si.
218 1660 345 1689 mortui
357 1663 392 1690 G.
409 1663 438 1689 1.
453 1668 474 1690 a
487 1670 526 1690 m.
543 1669 572 1695 p.
598 1663 630 1689 si
642 1663 746 1696 priore
759 1664 922 1690 vocabulo
935 1669 955 1690 a
967 1670 1008 1690 m.
1023 1670 1049 1690 s.
1064 1663 1294 1696 superscripto.
1333 1660 1500 1696 adfutura
1514 1665 1550 1692 l).
1595 1667 1734 1699 recepta
1748 1663 1860 1692 cauda

48 1708 88 1736 D.
135 1709 226 1743 septe
240 1708 278 1735 D.
326 1709 462 1734 sert-ale
482 1709 517 1735 G.
536 1708 567 1735 2.
588 1708 626 1736 D.
647 1709 683 1736 P.
720 1709 878 1735 scrutato
899 1709 934 1736 Β,
983 1705 1100 1734 r'llum'n
1115 1708 1151 1736 F.
1166 1709 1196 1736 3.
1218 1709 1253 1735 G.
1271 1709 1298 1736 1.
1315 1709 1344 1735 2.
1364 1709 1402 1736 D.
1423 1709 1459 1736 P.
1479 1711 1513 1737 0.
1533 1711 1568 1737 R.
1584 1709 1605 1737 f.
1627 1706 1655 1737 δ.
1677 1718 1708 1742 φ.
1727 1711 1811 1739 lunt.
1826 1712 1857 1739 2.

47 1751 171 1779 illunia
183 1753 219 1780 F.
239 1753 266 1780 l.
305 1752 411 1781 Ceteri
424 1753 512 1781 codd.
535 1756 564 1780 et
579 1753 647 1781 cdd.
663 1756 739 1781 vett.
754 1755 906 1787 praebent
923 1750 1084 1780 illumino.
1134 1761 1202 1789 qua
1216 1760 1350 1780 somnus
1365 1754 1413 1781 ed.
1428 1761 1474 1788 pr.
1523 1753 1615 1781 obius
1630 1755 1663 1782 F.
1684 1755 1710 1783 l.
1747 1754 1859 1783 ebrius

48 1805 104 1833 pro
119 1795 232 1825 obvius
247 1798 283 1825 D.

47 1900 78 1948 'y
88 1909 213 1935 emus
227 1899 299 1934 eet.
325 1895 425 1934 Hinc
439 1895 599 1934 efficitur
611 1900 758 1935 stratas
772 1896 793 1934 i.
805 1910 837 1934 e.
848 1910 916 1934 ez-

46 1965 218 2004 ptmsas,
245 1956 431 1991 extensas
453 1954 670 1990 sententiae
696 1954 917 1990 convenire:

52 2021 167 2058 quum
198 2008 427 2060 praesertim
458 2008 559 2046 haec
588 2008 777 2047 vocabula
802 2022 920 2047 rarus

50 2068 90 2101 et
102 2069 250 2103 stratus
263 2066 298 2102 in
314 2065 425 2103 codd.
441 2069 721 2103 commutentur
735 2064 781 2103 cf.
791 2064 922 2102 Bremi

51 2120 100 2158 ad
124 2119 225 2171 Nep.
251 2120 351 2159 Mitt.
373 2121 423 2158 V.
447 2120 479 2170 ς’.
494 2125 530 2160 2.
592 2121 750 2160 Densus
774 2135 797 2160 a
821 2120 923 2159 Mss.

50 2177 226 2228 vestigiis
251 2177 362 2215 nimis
388 2177 561 2229 recedit]

106 2233 376 2284 perditorum.
435 2234 701 2273 Per-diturum
732 2234 921 2285 praebent

50 2289 199 2339 aliquot
225 2289 335 2327 codd.
385 2289 497 2328 Haec
522 2289 636 2329 lectio
663 2303 816 2328 manum
843 2304 921 2328 cor-

49 2346 253 2396 ruptricem
285 2345 427 2384 indicat
459 2346 713 2392 librariorum,
751 2347 814 2397 qui
846 2360 921 2384 uon

52 2402 359 2453 considerarunt,
414 2403 648 2453 cogitatione
703 2402 924 2440 addendum

51 2470 144 2496 esse
168 2458 229 2496 vel
256 2472 436 2498 ursorum
461 2459 525 2496 vel
551 2459 585 2496 in
611 2472 754 2510 genere
773 2461 924 2498 ‹mima-

54 2513 167 2560 lium,
199 2528 300 2566 quae
330 2516 484 2566 generis
514 2515 674 2554 mutatio
706 2516 854 2565 passim
885 2517 920 2553 in

47 2569 193 2609 talibus
225 2572 339 2609 obv1a
370 2575 432 2610 est
461 2571 508 2610 cs.
535 2571 636 2610 Oud.
664 2572 712 2609 ad
738 2570 922 2611 Fronton.

53 2624 118 2665 Ill.
135 2631 196 2667 15.
211 2627 240 2677 ἕ.
257 2632 292 2668 5.
307 2642 463 2679 pecora
490 2661 496 2667 .
514 2659 522 2666 .
537 2658 544 2666 .
561 2659 570 2667 .
590 2641 738 2667 earnm.
790 2627 920 2666 Burm.

55 2685 94 2720 et
123 2681 226 2723 Oud.
269 2685 318 2722 ad
355 2685 462 2723 Suet.
504 2683 637 2723 Claud.
670 2689 733 2723 25.
772 2686 923 2723 manci-

0 2768 1 2786 .
49 2739 127 2790 pia
151 2769 159 2776 .
175 2770 183 2778 .
199 2770 207 2778 .
223 2771 232 2779 .
258 2754 391 2780 omnes
415 2740 512 2778 Met.
537 2740 586 2779 V.
612 2754 649 2791 p.
677 2743 770 2780 353.
796 2742 922 2780 trucis

57 2794 204 2835 bestiae
229 2826 237 2834 .
254 2827 262 2835 .
278 2827 286 2835 .
313 2811 398 2837 eum
425 2798 690 2836 iumentorum
711 2827 812 2836 .....
834 2810 920 2835 ren-

57 2851 276 2893 dibiliores.
324 2852 526 2903 Guadagn.
549 2852 598 2890 de
612 2851 919 2891 Pand.F101-ent.

57 2918 88 2955 c.
105 2910 165 2947 15.
185 2909 220 2946 in
236 2909 371 2960 Symb.
392 2909 504 2947 Rom.
520 2909 610 2947 Gor.
625 2909 675 2948 V.
690 2908 735 2948 ll.
785 2909 919 2961 [Adde

58 2957 241 3003 Goerenz.
274 2965 322 3003 ad
350 2966 424 3003 sic.
451 2965 500 3003 de
526 2965 608 3003 Fin.
635 2964 679 3003 II.
709 2970 770 3005 11.
796 2965 826 3015 δ.
854 2969 918 3005 34.

51 3015 160 3057 Mos.
184 3021 232 3059 ad
263 3022 339 3060 sic.
371 3020 404 3059 T
409 3035 487 3059 use.
514 3021 539 3059 Ι.
568 3026 603 3062 2.
629 3035 665 3072 p.
692 3026 756 3062 20.
787 3021 918 3061 Burni.

57 3072 106 3111 ad
132 3072 294 3115 Phaedr.
322 3077 346 3115 l.
374 3082 409 3118 ὃ.
434 3083 495 3118 10.
523 3078 666 3116 Minue.
694 3077 776 3115 Fel.
805 3092 834 3115 c.
854 3083 917 3118 17.

54 3127 86 3178 ἑ
113 3133 149 3170 2.
169 3135 398 3186 praecipue
424 3148 511 3174 cum
539 3150 562 3173 α
584 3136 713 3187 seris
739 3135 917 3174 belluis

977 1897 1055 1935 laoc
1081 1896 1335 1949 differanms;
1368 1898 1482 1950 qnod
1506 1898 1597 1937 illa
1619 1912 1781 1950 prona
1809 1900 1857 1938 ae'n

977 1958 1211 2004 terramque
1233 1955 1486 2005 reryente'a
1508 1955 1613 1993 m'lee'l
1628 1960 1746 1995 nata
1765 1961 1860 1995 sunt

976 2010 1238 2061 prospicere:
1263 2009 1328 2046 ubi
1351 2009 1424 2047 vid.
1451 2009 1591 2049 Lindn.
1615 2010 1782 2050 casaub.
1809 2012 1857 2051 ad

983 2066 1110 2116 Spart.
1147 2064 1267 2103 Hadr.
1307 2079 1338 2103 c.
1371 2064 1417 2103 Il.
1449 2079 1487 2117 p.
1524 2071 1614 2108 109.
1653 2067 1700 2107 cs.
1732 2067 1855 2120 Capit.

983 2120 1242 2160 AntonPhil.
1269 2135 1299 2160 c.
1317 2125 1380 2162 26.
1406 2136 1441 2173 p.
1459 2127 1550 2164 390.
1579 2138 1699 2177 qzcnm
1726 2130 1857 2164 tamen

978 2177 1323 2230 impudicitiae
1344 2181 1461 2231 fama
1481 2182 1669 2232 prat-iter
1695 2181 1855 2222 labora-

979 2239 1062 2273 ret.-
1106 2247 1229 2286 qnae
1262 2234 1464 2275 Antonius
1501 2237 1565 2276 rel
1599 2239 1767 2276 nescivit
1796 2239 1858 2277 vel

982 2290 1257 2329 dissimularit.
1317 2290 1503 2331 Bueneni.
1537 2293 1586 2331 ad
1620 2293 1730 2332 Lact.
1762 2293 1853 2334 Inst.

982 2345 1067 2385 Vll.
1094 2350 1129 2386 4.
1155 2360 1192 2397 p.
1222 2351 1283 2388 10,
1310 2361 1345 2398 p.
1374 2352 1455 2389 874
1481 2349 1564 2402 sq.]

1041 2402 1289 2442 (3³1³.le11.
1322 2411 1615 2445 ηιυηιιηιεηίιιιη
1643 2407 1855 2459 quoddam

984 2458 1063 2510 [De
1098 2459 1158 2497 his
1196 2459 1426 2513 hypoyaeIs
1457 2462 1504 2500 cf.
1538 2476 1640 2513 quae
1671 2463 1856 2502 adnotant

981 2515 1064 2553 lntt.
1079 2515 1432 2568 adPet1·0n.Satyr.
1442 2518 1590 2570 c.111.p.
1602 2523 1693 2559 (371.
1706 2519 1854 2573 Burni]

1038 2573 1197 2612 illnnio.
1259 2572 1389 2624 [Hanc
1413 2575 1591 2613 vocabuli
1618 2577 1853 2614 terminatio-

981 2642 1069 2666 nem
1087 2643 1185 2668 cum
1217 2631 1373 2680 optimis
1400 2631 1513 2669 codd.
1540 2645 1613 2669 non
1640 2632 1766 2670 solum
1792 2632 1854 2671 hic

981 2685 1055 2722 sed
1073 2687 1186 2723 ctiam
1209 2686 1303 2724 Met.
1325 2686 1381 2724 IX
1394 2701 1430 2738 p.
1446 2692 1536 2728 655.
1553 2689 1699 2734 retinui,
1722 2702 1852 2739 quam-

981 2755 1096 2792 quam
1151 2742 1355 2793 analogiae
1402 2757 1618 2795 repugnare
1668 2744 1852 2785 videatur.

981 2796 1106 2843 Quum
1134 2812 1224 2837 vero
1250 2799 1355 2849 apud
1379 2798 1479 2838 Plin.
1502 2799 1625 2851 Epist.
1641 2800 1707 2839 VI.
1723 2805 1788 2842 20.
1814 2806 1854 2840 et

980 2853 1047 2892 Sil.
1070 2854 1158 2892 XV.
1175 2858 1266 2896 619.
1295 2855 1417 2893 fornia
1443 2855 1583 2896 illum's
1608 2855 1771 2909 legatur,
1797 2859 1852 2897 ni-

976 2909 1029 2948 hil
1058 2911 1206 2949 videtur
1238 2925 1331 2949 esse
1362 2913 1502 2950 certius
1530 2912 1653 2952 forma
1678 2913 1852 2955 illumcs:

979 2979 1079 3017 quae
1103 2968 1193 3006 item
1219 2969 1351 3011 variat,
1376 2972 1416 3006 ut
1442 2970 1642 3009 inanimus
1664 2973 1704 3008 et
1721 2972 1851 3010 immi-

976 3025 1060 3069 mis,
1086 3023 1244 3064 hilarus
1265 3028 1302 3062 et
1322 3025 1478 3071 hilaris,
1499 3039 1664 3065 enen-us
1684 3030 1724 3065 et
1741 3041 1850 3066 ener-

974 3080 1033 3118 re's
1062 3080 1139 3119 alia
1169 3079 1289 3125 Oud..
1322 3081 1385 3132 qui
1419 3080 1641 3132 exempliun
1671 3084 1849 3121 termina-

974 3135 1088 3174 tionis
1114 3137 1280 3177 illnm'us
1305 3136 1496 3188 pustulat,
1530 3137 1689 3177 sormam
1715 3140 1846 3180 reiicit.

1473 3205 1527 3246 17

1884 993 1950 1027 278
