2155 3590
658 153 844 193 LIBER
867 155 914 196 V.
975 154 1100 194 CAP.
1130 154 1227 194 XX.
1754 150 1835 193 357

62 265 307 306 tenacissime
343 266 602 317 dissimulato,
642 274 843 320 postquam
878 267 1047 307 sulcatos
1083 267 1285 307 intrahens
1322 279 1480 320 gressus
1517 264 1642 304 cubile
1678 263 1834 304 solitum

62 322 351 372 conscenderit,
384 323 536 375 iamque
566 330 768 376 porrectus
801 330 840 364 et
871 324 1033 364 exordio
1065 323 1190 363 somni
1215 322 1426 377 prementis
1451 321 1680 375 implicitus,
1714 321 1834 360 altum

61 390 236 431 soporem
263 378 358 418 flare
382 378 570 432 eoeperit,
604 385 690 418 toro
722 379 875 433 delapsa
906 381 1085 432 nudoque
1109 379 1276 433 vestigio
1301 377 1485 433 pensilem
1513 377 1673 431 gradum
1699 377 1834 431 paulu-

61 482 270 510 tenacissime
283 485 318 512 G.
335 485 362 511 1.
377 491 395 512 a
409 491 448 512 m.
462 492 491 518 p.
539 482 709 512 salutatos
722 486 757 513 P.
773 486 810 513 D.
825 490 853 513 et
869 486 904 513 G.
919 486 947 513 2.
975 483 1048 519 (qui
1062 485 1095 513 in
1110 483 1269 520 excerptis
1283 483 1361 513 oud.
1373 485 1465 512 habet
1481 477 1724 516 salutalatos.)
1761 480 1833 509 ml-

60 529 195 555 tuturos
209 529 244 557 G.
260 529 287 557 1.
302 535 322 556 a
335 536 373 557 m.
387 537 416 563 p.
435 530 492 557 sed
511 536 530 557 a
550 537 588 557 m.
608 537 633 558 s.
671 528 863 556 salvaturus
888 529 966 565 (nec
986 529 1134 557 sulcatos
1148 537 1203 557 eos
1222 533 1253 558 ut
1267 530 1346 558 Oud.
1360 536 1376 556 e
1389 529 1459 557 suis
1473 527 1633 561 excerptis
1647 526 1835 556 adnotavit.)

58 571 272 600 salutaturos
285 574 319 601 Ο.
333 581 404 601 am.
420 582 448 607 p.
474 573 604 601 sulcata
625 575 660 602 F.
675 576 704 602 3.
720 583 748 608 p.
768 577 848 602 lunt.
870 577 899 603 2.

931 578 1068 602 saeuius
1081 576 1194 604 Venet.
1209 577 1237 603 4.

1284 571 1438 601 {trahens
1452 581 1480 607 p.
1507 570 1646 599 trahens
1659 572 1709 599 vir
1723 573 1834 599 noctus

61 617 226 647 inVicent.
274 617 483 645 consendern
503 621 536 647 G.
560 621 587 648 1.
624 617 811 647 comederit
825 621 949 648 Vicent.
964 622 1119 648 Venet.2.
1144 622 1226 648 Iunt.
1242 620 1270 647 1.
1294 619 1396 648 Basil.
1412 620 1441 648 1.
1467 619 1550 646 unde
1568 618 1676 645 Brant.
1695 616 1834 644 coniecit

58 662 269 691 concesserit.
309 666 510 699 prorrectns
528 665 640 693 Venet.
655 666 684 692 4.
717 667 890 700 protectus
910 667 986 694 Bas.
1004 667 1048 700 1.,

1075 666 1157 694 unde
1176 666 1254 694 Oud.
1273 663 1455 692 emendavit
1471 661 1654 699 proiectus,
1708 660 1834 696 ceperis

59 708 94 735 G.
110 709 137 737 1.
151 715 172 737 a
183 715 223 736 m·
236 716 266 743 p.
302 706 446 745 delaplaea
460 710 584 737 Vicent.
621 707 772 746 nudoque
787 709 900 747 vestig.
915 711 996 738 Elin.
1012 713 1245 744 typothetarum
1259 717 1374 738 errore.
1400 706 1527 744 pensile
1540 707 1667 736 vicent.
1692 704 1832 741 paullu-

57 794 199 841 malim,
208 796 270 846 qui
277 796 456 835 tabulam
468 794 672 835 lectionem
685 797 915 848 praeferunt.

56 849 291 889 Medicinam
332 851 417 890 loco
459 854 618 890 arbitror
652 867 675 891 a
710 853 915 905 Fulgentio

58 919 150 945 esse
180 907 470 946 admovendam.
517 908 587 946 Ille
619 910 715 947 enim
748 910 915 961 mythol.

57 961 120 1000 111.
160 967 193 1003 6.
231 977 268 1014 p.
302 968 392 1004 717.
423 963 522 1002 haec
559 967 609 1003 ita
643 966 783 1003 reddit:
832 966 914 1004 Νο-

56 1020 241 1059 vaculam
277 1020 346 1059 sub
379 1020 571 1071 pulvinar
613 1022 829 1061 abscondit
858 1023 914 1061 Ια-

57 1089 298 1124 cernamque
312 1077 448 1115 modio
471 1079 660 1130 conteqic.
687 1079 834 1116 Moclio
850 1079 915 1115 ita-

57 1144 131 1182 quc
153 1132 262 1170 vertit
276 1136 445 1170 nostrum
464 1132 614 1172 tabula.
653 1135 808 1173 Tabula
827 1148 916 1171 vero

58 1191 120 1225 est
133 1192 262 1226 certae
278 1190 496 1238 quantitatis
511 1202 689 1226 mensura
703 1190 805 1239 apud
826 1191 915 1227 scri-

54 1247 187 1294 ptores
201 1245 381 1294 agrarios.
409 1244 454 1282 cf.
470 1244 591 1283 Gocs.
606 1245 654 1282 ad
664 1245 757 1282 Var.
772 1250 913 1283 auctor.

56 1299 105 1337 de
125 1299 230 1338 limit.
249 1313 285 1350 p.
307 1304 352 1339 31
370 1305 397 1339 l.
419 1299 506 1338 etin
522 1313 568 1337 eo
585 1305 747 1346 tantum,
773 1303 806 1338 si
825 1314 915 1339 vera

54 1360 117 1393 est
143 1355 271 1401 lectio,
296 1356 344 1392 ab
368 1356 511 1394 usitata
529 1358 676 1394 ratione
694 1358 913 1395 recessisse

53 1411 203 1449 videtur
231 1411 444 1462 Apuleius,
482 1413 585 1462 quod
616 1413 758 1451 tabula
788 1414 912 1463 magis

53 1467 103 1505 ad
128 1480 342 1505 mensnram
367 1481 543 1518 agrorum
574 1468 750 1513 refertur,
784 1483 913 1520 quam-

55 1537 167 1575 quam
204 1537 252 1562 ea
286 1524 335 1561 de
370 1538 412 1561 re
442 1524 492 1562 nil
527 1526 617 1562 certi
647 1529 814 1571 constat,
854 1526 914 1564 hic

52 1593 143 1617 vero
186 1580 235 1619 ad
279 1584 418 1630 tegens
464 1581 656 1630 quoddam
700 1585 738 1619 et
779 1595 913 1619 cavum

53 1637 354 1675 instrumentum.
414 1636 470 1674 Ita
500 1636 729 1687 Fulgentius
764 1638 913 1675 videtur

53 1692 179 1731 locum
204 1696 370 1743 cepisse.
419 1692 565 1731 Melius
598 1693 766 1732 sortasse
799 1694 912 1732 ctiam

53 1762 102 1786 ex
138 1749 224 1787 loco
264 1748 422 1787 Tertull.
460 1751 510 1789 de
544 1749 669 1787 Pallio
696 1754 718 1789 5
757 1764 792 1801 p.
822 1755 911 1791 118.

55 1804 94 1843 C.
131 1804 276 1855 Rigalt.
314 1805 497 1857 explicari
534 1810 682 1856 potest:
723 1807 829 1845 nillil
863 1807 914 1845 de

51 1861 327 1901 tabularum
359 1862 444 1914 fide
479 1862 657 1908 laborat,
696 1875 796 1913 quae
824 1867 914 1900 sunt

51 1930 169 1968 rugae
195 1921 234 1955 et
257 1917 466 1967 plicaturae
497 1918 533 1955 in
560 1919 747 1957 vestibus.
796 1918 911 1964 Quod

52 1973 84 2010 si
104 1973 342 2025 probaveris,
362 1974 528 2012 suadent
546 1987 703 2012 sorores
718 1974 913 2025 Psychae,

50 2033 93 2067 ut
122 2029 316 2067 lucernam
347 2030 381 2067 in
412 2043 555 2081 rugoso
588 2035 627 2068 et
657 2031 822 2080 quodam
849 2031 913 2068 ol)-

49 2085 206 2123 volucro
243 2084 400 2131 condat,
439 2100 461 2124 a
496 2087 629 2124 marito
665 2099 742 2124 non
780 2087 913 2124 visam.

57 2141 259 2181 claudens
295 2140 343 2177 de
379 2141 587 2179 obvolucro
625 2142 777 2187 dicitur,
812 2142 914 2192 quod

50 2198 245 2236 lucernam
280 2201 457 2235 accurate
500 2199 746 2248 circumtegit.
806 2198 915 2236 Haec

52 2254 178 2291 onmia
202 2266 292 2290 vero
308 2266 422 2303 quum
444 2268 517 2291 non
544 2254 829 2300 satisfacerent,
864 2253 912 2291 de

50 2309 125 2348 hoc
145 2309 230 2347 loco
250 2309 457 2348 doctrinam
471 2309 710 2360 Bernhardyi
725 2310 911 2355 consului,

52 2366 115 2417 qui
139 2365 417 2403 humanissime
443 2366 624 2417 optimam
648 2380 798 2404 mecum
824 2380 911 2404 con-

49 2422 232 2460 iecturam
280 2422 575 2460 communicavit
621 2423 761 2468 situla,
812 2436 912 2472 quae

49 2482 126 2516 tarn
152 2478 314 2528 elegans
341 2482 414 2523 est,
444 2482 486 2516 ut
516 2480 550 2515 in
576 2482 722 2516 textum
748 2491 833 2516 eam
853 2492 910 2516 re-

51 2535 178 2586 cipere
191 2547 305 2572 nemo
320 2534 494 2572 dubitare
503 2536 638 2585 possit.
661 2535 796 2574 situla
810 2535 910 2574 enim

47 2603 119 2629 vas
155 2594 219 2628 est
252 2590 301 2628 ad
337 2604 477 2641 aquam
514 2590 780 2635 hauriendam,
815 2604 911 2629 urna

50 2645 98 2684 ef.
123 2645 248 2684 Plaut.
274 2646 445 2698 Amphit.
466 2646 511 2684 ΙΙ.
535 2651 571 2686 2.
593 2650 659 2687 39.
684 2645 734 2685 Et
747 2648 798 2684 ita
811 2647 910 2684 hene

48 2703 258 2753 respondet
287 2702 479 2753 Fulgentii
515 2703 795 2755 interpretatio:
831 2717 909 2741 mo-

50 2758 160 2804 dius,
195 2772 310 2809 quem
335 2773 408 2797 non
445 2759 573 2796 solum
609 2759 799 2798 aridorum
837 2758 910 2797 sed

49 2815 162 2853 etiam
175 2814 403 2866 liquidorum
419 2815 540 2853 fnisse
553 2828 786 2860 mensuram,
797 2815 912 2853 docet

49 2869 218 2910 Fannius
253 2870 304 2910 de
328 2871 524 2922 ponderib.
557 2875 620 2911 65.
669 2871 717 2909 cf.
744 2870 910 2910 Forcell.

47 2927 288 2967 s.v.modius
301 2931 340 2965 et
351 2927 563 2967 modiolus.
579 2927 658 2965 Sed
669 2927 718 2964 ad
733 2927 912 2965 librorum

49 2983 212 3032 vestigia
224 2984 382 3034 propius
396 2983 584 3022 accedere
597 2983 757 3029 videtur,
767 2997 911 3022 caucu-

51 3037 124 3076 lae.
158 3037 314 3078 Canens
332 3041 431 3077 enim
456 3053 524 3077 vas
547 3043 609 3077 est
626 3040 834 3090 potorium,
862 3038 911 3077 de

50 3105 126 3144 quo
145 3093 192 3131 cf.
207 3094 340 3134 toxica.
371 3095 509 3136 Cauca
523 3097 637 3133 etiam
651 3096 686 3133 in
699 3108 771 3133 usu
788 3095 910 3133 fuisse

48 3149 213 3199 probant
224 3151 382 3201 glossae
396 3151 527 3203 Cyrilli
541 3165 577 3203 p.
594 3155 685 3193 512.
699 3155 825 3191 καῦκα
833 3165 909 3204 pa-

973 803 1077 843 tera,
1102 801 1143 836 ut
1161 795 1352 847 Apuleius
1380 795 1654 834 deminutivum
1673 796 1834 831 tantum-

972 853 1086 891 modo
1111 866 1281 891 novasse
1301 852 1485 890 videatur.
1511 849 1700 888 Fortasse
1720 848 1834 886 etiam

972 911 1137 949 testulae
1156 923 1179 948 a
1198 910 1356 947 veritate
1382 907 1557 946 lectionis
1578 920 1649 944 non
1671 907 1722 943 ita
1740 903 1834 942 mul·

972 969 1050 1003 tum
1066 965 1249 1017 aberrat]

1029 1022 1207 1061 sulcatos
1222 1021 1428 1060 intrahens
1439 1033 1608 1071 ⁸(Jressus.
1638 1017 1702 1070 [ef.
1719 1015 1833 1055 Ovid.

975 1077 1069 1115 Met.
1084 1076 1174 1115 XV.
1191 1081 1280 1117 725.
1297 1078 1443 1128 wlfsm's
1464 1080 1627 1114 tractu
1645 1086 1836 1126 squamae

975 1135 1215 1184 crepitantis
1251 1146 1412 1171 arenam
1448 1132 1633 1171 sulcat.
1675 1129 1738 1168 ubi
1787 1128 1834 1167 ci.

973 1188 1116 1241 Baclm]

1012 1243 1015 1246 ’
1030 1245 1319 1284 conscenderit.
1352 1243 1443 1282 Alia
1463 1245 1561 1281 enim
1576 1246 1682 1280 erant
1697 1240 1835 1280 cubilia

973 1300 1020 1338 cs.
1047 1299 1217 1338 Broukh.
1244 1300 1294 1338 ad
1320 1299 1405 1338 Tib.
1430 1299 1456 1337 l.
1483 1304 1518 1339 2.
1546 1303 1610 1339 29.

1024 1361 1254 1407 porrectus.
1282 1356 1524 1393 Temerarius
1547 1355 1643 1393 satis
1659 1358 1720 1391 est
1733 1353 1833 1391 Oud.

972 1414 1097 1457 timor,
1134 1426 1182 1450 ne
1219 1413 1304 1463 quis
1340 1412 1583 1456 reeordatus,
1620 1414 1836 1462 porrectus

971 1472 1114 1506 tautum
1149 1469 1197 1506 de
1226 1472 1374 1506 mortuo
1407 1472 1445 1505 et
1475 1471 1637 1505 extenso
1664 1465 1834 1516 usurpari

973 1524 1037 1569 (cf.
1065 1524 1148 1563 lntt.
1173 1525 1222 1562 ad
1248 1524 1330 1563 Liv.
1351 1523 1436 1562 Vll.
1464 1538 1493 1562 c.
1524 1528 1584 1564 10.
1632 1522 1761 1561 Burin.
1787 1520 1837 1559 ad

970 1581 1059 1618 vat.
1076 1580 1276 1620 FlachI.
1288 1585 1378 1620 553.
1394 1584 1431 1618 et
1445 1581 1492 1618 ad
1508 1579 1623 1618 Ovid.
1636 1575 1836 1618 Metxlll.

971 1640 1082 1686 422.)
1099 1637 1304 1675 emendare
1319 1640 1477 1674 conetur
1486 1638 1713 1688 proiectus,
1728 1647 1836 1686 prae-

971 1695 1100 1731 sertim
1128 1706 1242 1743 quum
1267 1693 1342 1731 hae
1368 1707 1486 1731 voces
1517 1695 1550 1730 in
1578 1692 1689 1730 codd.
1714 1703 1837 1740 saepe

971 1754 1253 1800 permutentur;
1280 1749 1327 1788 cs.
1354 1748 1438 1788 lntt.
1465 1749 1513 1787 ad
1528 1750 1634 1800 Virg.
1651 1745 1832 1786 Aen.1X.

973 1810 1063 1847 589.
1102 1805 1152 1844 Et
1182 1807 1235 1844 ita
1265 1806 1339 1844 dici
1371 1819 1475 1850 eum,
1512 1806 1575 1855 qui
1609 1818 1654 1841 se
1685 1805 1719 1841 in
1745 1801 1833 1840 solo

971 1863 1183 1914 patuloque
1203 1861 1289 1900 loco
1311 1864 1501 1900 straverit.
1533 1860 1622 1911 lpse
1642 1874 1734 1897 vero
1753 1858 1836 1898 vul-

973 1923 1100 1967 gatam
1146 1919 1350 1956 lectionem
1393 1922 1520 1956 tuetur
1568 1930 1616 1954 ex
1658 1914 1754 1955 Met.
1785 1913 1835 1953 X.

971 1974 1837 2026 p.75o.inqnoda111mollissimoarenaeyre-

971 2032 1053 2068 mio
1080 2031 1225 2069 lassum
1251 2044 1401 2081 corpus
1422 2035 1639 2081 porrectus
1658 2032 1836 2080 refoveo,

972 2087 1035 2124 ubi
1046 2093 1171 2124 tamen
1181 2085 1284 2124 Oud.
1294 2087 1643 2137 iterumproiectus
1658 2083 1836 2135 praefert.

974 2141 1048 2193 [lta
1072 2146 1247 2193 praestat
1270 2142 1360 2179 mihi
1381 2142 1485 2192 apud
1499 2141 1645 2179 Lucan.
1662 2140 1728 2179 lV.
1744 2145 1836 2181 755.

974 2198 1088 2235 lectio
1114 2199 1197 2236 cod.
1219 2197 1348 2236 Guels.
1375 2197 1401 2235 Ι.
1431 2201 1838 2250 oraqneporrecta

972 2255 1159 2306 squalent
1195 2256 1354 2292 arentia
1391 2254 1553 2306 lin-qua,
1602 2254 1664 2291 ubi
1701 2252 1838 2303 reliqui

971 2310 1082 2348 codd.
1115 2310 1260 2348 habent
1285 2311 1490 2361 proiecta.
1522 2308 1615 2348 Cod.
1644 2309 1772 2348 Guels.
1803 2313 1837 2349 1.

969 2365 1117 2405 Lucani
1148 2366 1438 2404 vetustissimus
1476 2369 1539 2403 est
1574 2370 1613 2404 et
1650 2367 1836 2416 probatus

970 2422 1018 2460 cf.
1056 2423 1213 2460 Weber.
1239 2422 1362 2473 praef.
1400 2436 1435 2473 p.
1460 2421 1590 2461 XXH.
1626 2421 1689 2460 De
1724 2422 1761 2459 vi
1798 2424 1839 2458 et

969 2482 1166 2530 potestate
1189 2479 1382 2525 vocabuli,
1410 2479 1579 2530 quidque
1605 2477 1836 2516 discriminis

968 2537 1064 2573 inter
1086 2537 1295 2587 proiectus
1319 2539 1358 2573 et
1377 2540 1597 2587 porrectus
1615 2533 1836 2578 intercedat,

969 2591 1016 2629 cf.
1041 2590 1123 2629 Fea
1149 2595 1187 2629 et
1213 2590 1351 2629 Heind.
1379 2592 1428 2630 ad
1454 2591 1586 2629 Horat.
1620 2590 1701 2628 Sat.
1728 2589 1772 2628 ll.
1798 2592 1836 2629 3.

971 2651 1061 2687 112.
1095 2647 1168 2686 Hic
1195 2653 1414 2699 porrectus
1437 2647 1675 2685 retinendum
1700 2650 1762 2684 est
1787 2645 1836 2682 de

969 2717 1036 2747 eo,
1073 2705 1136 2754 qui
1173 2704 1208 2741 in
1248 2703 1403 2754 longum
1440 2703 1655 2741 extenditur
1679 2705 1837 2753 propter

969 2760 1086 2798 altum
1116 2772 1316 2810 soporem:
1349 2760 1449 2810 lans]
1485 2759 1765 2809 ausqestreclft
1798 2761 1838 2795 et

969 2816 1106 2854 eadem
1137 2816 1186 2854 de
1217 2829 1360 2853 caussa
1389 2816 1503 2852 etiam
1528 2815 1652 2852 altero
1677 2814 1837 2864 Apuleii

970 2871 1056 2910 loco
1080 2871 1132 2911 X.
1160 2886 1195 2923 p.
1222 2875 1314 2912 750.
1342 2876 1560 2922 porrectus
1585 2869 1760 2920 praefero
1785 2869 1837 2908 de

969 2929 1097 2973 asino,
1125 2929 1188 2978 qui
1213 2930 1305 2978 post
1334 2930 1389 2965 tot
1426 2926 1646 2965 exantlatos
1679 2925 1835 2964 labores

970 2986 1145 3022 extensis
1170 2984 1263 3022 totis
1287 2982 1469 3021 membris
1494 2995 1633 3022 secure
1659 2983 1694 3020 in
1719 2995 1838 3022 arena

970 3041 1167 3092 quiescit.]

1022 3098 1150 3135 somni
1283 3107 1471 3146 soporem
1505 3096 1608 3147 flare
1643 3095 1835 3146 coeperit.

969 3150 1035 3203 [cs.
1059 3150 1248 3191 Doederl.
1273 3150 1490 3204 Syuonymg
1505 3150 1556 3192 V.
1577 3163 1617 3202 p.
1642 3149 1757 3204 279.]
