2221 3667
311 167 393 211 294

566 168 614 210 L.
640 166 859 207 APULEll
891 161 1289 205 MADAURENSIS
1317 158 1860 200 METAMORPHOSEON

223 285 286 317 309
312 296 424 332 mon3
458 281 534 322 iam
567 281 709 335 passim
737 280 858 320 maria
892 277 1152 332 persultantes
1176 273 1385 314 Tritonum
1418 279 1615 312 catervae.
1674 270 1749 312 Hic
1769 272 1775 328 1
1795 273 1944 313 concha
1967 274 2102 314 sonaci

312 338 455 378 leniter
486 338 668 387 bucinat„
703 337 766 377 illc
799 335 925 376 serico
957 331 1126 385 tegmine
1159 329 1392 383 flagrantiae,
1425 327 1519 368 solis
1551 327 1725 378 obsistit,
1759 329 1857 368 alius
1883 330 1954 369 sub
1981 330 2103 371 oculis

315 394 494 434 dominae
521 394 717 448 speculum
744 391 939 446 progeril,
974 401 1114 428 currus
1145 386 1297 439 biiuges
1329 385 1394 426 alii
1419 385 1644 425 subnatant.
1695 383 1804 426 Talis
1829 386 1875 425 ad
1902 385 2103 427 Oceanum

314 458 541 506 pergentem
568 448 762 492 Venerem
791 447 997 488 comitatur
1022 442 1238 484 exercitus.

315 599 410 620 mure
429 594 465 621 P.
509 590 742 629 per-sulcantes
762 590 797 616 P.
818 588 852 614 0,
871 582 899 614 δ.
920 586 955 614 B.
998 582 1236 621 prosultanees
1255 584 1332 612 Bas.
1350 583 1380 611 1.
1412 581 1664 619 perscnlemnes
1683 583 1794 611 Venet.
1816 584 1845 611 4.
1893 586 2051 610 catervae
2068 586 2106 613 D.

316 646 422 665 emeca
435 639 470 666 G.
488 639 515 666 1,
547 635 607 664 hec
620 635 713 662 circa
729 642 783 667 pro
798 629 925 659 concha
940 638 968 664 p.
1017 630 1202 658 sonantiG.
1220 630 1247 658 1.
1262 629 1296 656 0.
1310 626 1339 656 δ’.
1387 627 1508 655 leviter
1521 629 1556 656 G.
1575 629 1600 656 1.
1616 627 1775 662 frequenti
1789 629 2000 657 aberratione.
2047 627 2107 658 bu-

316 684 411 710 cinat
424 684 457 711 γ,
472 684 502 711 3,
518 684 552 710 G,
569 684 596 710 1,
612 684 640 708 2),
656 679 692 707 1),
713 675 934 715 fraglamine
949 677 984 704 G.
996 677 1022 704 1.
1048 674 1178 702 obstitit
1193 675 1320 703 Vicent.
1334 680 1434 706 marg.
1450 675 1564 703 Basst.
1589 672 1726 707 inimici,
1743 674 1825 706 quod
1841 677 1911 707 post
1927 673 2061 702 obsistit
2075 675 2108 703 in

315 729 484 757 nonnullis
498 728 584 755 rodo.
600 730 627 754 et
643 725 711 752 edd.
728 726 802 750 ven.
819 721 966 749 omnibns
980 720 1114 756 legitur,
1141 728 1201 748 non
1217 723 1378 753 comparet
1394 719 1427 747 in
1442 720 1478 747 G.
1496 720 1522 746 1.
1539 720 1568 746 2.
1584 720 1619 747 Ρ.
1633 720 1672 746 D.
1686 719 1720 747 Ο.
1734 727 1770 747 π.
1785 722 1815 746 el
1827 719 1861 747 in
1882 720 1916 748 F.
1930 721 1960 748 3.
1981 723 2029 748 est
2050 723 2109 749 ab-

316 781 438 807 rasum,
460 780 517 800 nes:
531 772 559 799 si
580 773 668 799 abest
689 776 725 796 ea
741 775 819 801 vox,
846 774 916 794 eam
936 766 1148 794 desiderabis.
1196 762 1408 800 specularum
1423 772 1477 798 pro
1491 762 1657 800 speculum
1671 766 1766 792 nabet
1782 765 1817 792 Β,
1860 765 2017 801 ΡῙὮέμνίί
2029 766 2064 794 Γ·
2078 767 2109 794 3·

318 821 353 847 G.
374 821 399 846 1.
414 820 443 846 2.
459 819 493 845 P.
509 820 542 845 0.
559 813 628 849 1›.‹)'.
650 811 748 849 pgrse
762 814 798 840 D.
826 812 931 840 Ceteri
945 814 1025 839 Mss.
1040 815 1069 839 et
1083 811 1153 839 edd.
1167 808 1438 845 ve11.praegerit.

1486 808 1580 836 cuius
1594 810 1707 838 Venet.
1722 811 1751 837 4.
1777 816 1899 836 currus
1911 811 1946 839 F.
1965 812 1992 840 1.
2030 818 2109 837 cur-

318 871 389 896 rus,
405 863 492 899 bigas
506 869 614 889 omnes
629 860 696 887 edd.
711 861 787 886 vett.
797 880 804 893 ‚
820 860 851 886 ut
867 857 950 885 inter
963 860 1131 890 utrumque
1145 856 1336 883 vocabulum
1350 854 1544 882 distinxisse
1557 855 1786 888 quodammodo
1799 855 1979 885 videantur.
2027 855 2110 883 buu-

316 916 374 945 ges·
392 910 430 936 D.
450 910 484 935 G.
506 908 536 934 ⁴2.
562 903 709 941 bignt'gos
730 905 764 931 G.
784 904 810 931 1.

318 954 403 982 enim
418 951 573 986 distingui
588 958 649 978 non
664 947 787 984 potest)
801 949 876 977 αἱ).
891 946 930 976 D.
978 948 1164 975 com-eatur
1176 947 1213 976 D.

321 1074 433 1113 Alios
453 1086 544 1111 vero
565 1072 656 1111 dicit
673 1085 831 1124 puerum
853 1084 939 1109 enm
959 1083 1099 1121 capere
1120 1068 1191 1108 Cu-

320 1131 509 1183 pidinem.
541 1143 655 1181 quum
690 1128 857 1167 Amores
889 1127 1044 1165 soleant
1076 1128 1191 1165 etiam

321 1201 390 1238 per
422 1199 527 1225 mare
555 1185 781 1230 Thetidem,
812 1188 854 1223 ut
884 1185 919 1223 in
944 1186 1191 1222 monumento

321 1243 517 1294 Papenbr.
549 1257 587 1294 p.
619 1246 682 1283 56.
716 1246 755 1280 et
784 1241 980 1279 venerem
1010 1240 1192 1285 comitari,

323 1305 364 1338 ut
388 1300 492 1351 apud
508 1298 708 1338 claudian.
723 1297 905 1349 deNupt.
922 1297 1023 1336 Hon.
1045 1301 1082 1335 et
1095 1296 1193 1335 Mar.

327 1360 417 1397 156.
446 1356 578 1395 Sidon.
600 1354 732 1408 Apoll.
747 1354 895 1395 X1.41.
944 1353 1044 1392 Hinc
1069 1366 1192 1404 posse

325 1414 481 1459 coniici,
518 1413 653 1451 horum
690 1413 876 1450 Amorum
922 1408 1194 1449 maritimorum

323 1484 442 1508 unum
480 1483 574 1507 esse
609 1482 766 1520 puerum
804 1468 908 1506 illum
946 1466 1195 1511 Palaemona,

327 1527 386 1565 cui
424 1527 539 1565 etiam
575 1526 667 1565 alae
703 1526 894 1576 potuerint
930 1524 1095 1562 adscribi
1122 1537 1196 1561 non

327 1596 445 1622 secus
464 1596 510 1621 ac
523 1582 720 1633 Nymphis
740 1582 908 1631 aliisque
931 1581 1015 1618 deis
1035 1580 1198 1618 deabus·

330 1653 405 1691 que
430 1639 666 1690 aquatilibus
698 1638 786 1677 coll.
810 1635 952 1677 Montf.
978 1637 1110 1686 Antiq.
1143 1635 1194 1673 ill.

331 1695 376 1734 T.
393 1695 419 1735 l.
445 1710 482 1747 p.
509 1699 574 1736 78.
607 1711 641 1734 n.
668 1700 703 1736 2.
743 1694 829 1746 [De
854 1694 916 1732 his
943 1693 1150 1732 Amoribus
1175 1706 1198 1729 a

332 1752 517 1803 delphino
532 1753 653 1790 vectis
669 1751 778 1803 plura
791 1751 897 1789 dabit
914 1750 1056 1800 Bottig.
1073 1749 1197 1787 Ideen

333 1826 362 1849 z.
378 1809 676 1863 szstmytlml.
692 1807 736 1845 ll.
753 1822 788 1859 p.
801 1811 892 1847 337.
908 1811 982 1845 not.
994 1836 1002 1850 ‚
1018 1805 1198 1857 quiWin-

333 1866 470 1904 ckelm.
498 1865 699 1916 descriptt.
725 1864 775 1902 du
800 1865 952 1902 cabinet
977 1864 1025 1901 (le
1040 1862 1197 1900 Stosch.

332 1922 377 1961 ll.
392 1922 440 1961 N.
458 1925 598 1962 736-
610 1922 701 1962 746.
718 1923 927 1972 comparat.
956 1919 1094 1958 Talem
1108 1932 1202 1956 vcro

334 1980 516 2017 Amorem
526 1978 768 2017 Palaemona
783 1976 1017 2022 l'uisse‚1nihi
1032 1990 1104 2014 non
1119 1988 1203 2026 per-

335 2036 532 2074 suadetur.

392 2093 633 2132 Palaemon.
699 2091 836 2129 Altera
871 2090 1085 2129 terminatio
1125 2090 1206 2128 Pa-

336 2150 483 2195 laemo,
515 2162 629 2199 quam
662 2150 696 2186 in
723 2147 826 2186 Oud.
853 2148 1048 2198 excerptis
1077 2145 1206 2185 Gnels.

334 2206 437 2244 male
457 2205 676 2255 legebatur,
702 2205 764 2243 hic
789 2204 988 2255 probanda
1013 2217 1086 2241 non
1113 2206 1207 2247 erat,

336 2275 569 2313 quamquam
595 2276 664 2313 per
689 2275 734 2299 se
760 2265 892 2312 potest
918 2261 1017 2299 ferri.
1044 2258 1208 2298 cf.Pier.

337 2319 386 2357 ad
413 2319 522 2368 Vir-g.
548 2319 648 2356 Aen.
676 2317 727 2357 X.
754 2321 848 2357 322.
874 2317 1008 2356 Barth.
1034 2317 1083 2354 ad
1110 2316 1208 2354 Stat.

339 2374 435 2413 Silv.
450 2374 515 2413 lv.
530 2389 567 2426 p.
588 2377 704 2415 1691.
731 2374 833 2412 01111.
849 2374 896 2412 ad
912 2373 1058 2412 Lucan.
1073 2372 1100 2412 l.
1116 2376 1210 2412 213.

341 2431 426 2484 [Dr.
453 2431 500 2470 ad
530 2431 599 2470 Sil.
616 2430 658 2469 ll.
678 2434 768 2471 192.
796 2430 967 2469 Gronov.
992 2430 1040 2468 ad
1068 2429 1208 2467 Senee.

339 2489 479 2539 Agam.
513 2492 605 2528 514.
638 2492 676 2526 et
706 2487 753 2525 ad
787 2486 946 2525 Hercul.
972 2486 1061 2524 Oet.
1092 2490 1209 2526 1247.

340 2544 399 2583 lta
424 2557 580 2595 quoque
595 2548 703 2583 extat
717 2544 862 2582 Milon.
878 2543 973 2582 Met.
990 2542 1049 2581 ΠΙ.
1065 2557 1102 2594 p.
1121 2546 1213 2583 191.

346 2606 436 2643 195.
464 2601 604 2639 Heind.
632 2601 681 2639 ad
707 2600 803 2639 Hor.
829 2601 910 2638 Sat.
938 2599 983 2638 ll.
1010 2603 1045 2639 3.
1072 2599 1190 2651 254]

395 2657 680 2710 persultantes.
733 2657 843 2695 Male
874 2656 1093 2694 Beroaldus
1122 2669 1214 2707 per-

342 2715 542 2753 sulccmtes
567 2714 765 2759 muendat,
798 2713 900 2763 quod
925 2713 1085 2751 sulcare
1108 2726 1217 2751 mare

343 2771 474 2822 potius
500 2771 536 2809 in
562 2785 638 2809 usu
662 2772 712 2809 sit
737 2770 784 2808 cs.
811 2770 913 2808 Oud.
940 2769 989 2807 ad
1014 2768 1216 2808 LucamV.

349 2831 438 2867 103.
475 2826 530 2866 At
555 2828 629 2866 hoc
660 2827 746 2865 loco
771 2826 1000 2879 persultare
1023 2829 1127 2864 recte
1153 2825 1217 2863 de-

347 2883 508 2922 sendunt
534 2883 641 2922 Colv.
673 2883 773 2922 Elin.
800 2887 840 2921 et
863 2881 962 2920 Prie.
989 2894 1115 2932 eoque
1140 2895 1217 2920 rna-

349 2941 408 2989 gis
435 2940 659 2991 designatur
684 2939 832 2979 laetitia
857 2943 896 2977 et
914 2939 1055 2977 chorus
1075 2937 1217 2977 saltan-

348 2997 440 3033 tium
467 2995 666 3035 Tritonum
697 2997 747 3035 cs.
774 2998 924 3035 Auson.
949 2995 1110 3033 Mosen.
1129 2999 1220 3036 173.

407 3110 534 3147 serico
562 3111 744 3160 lemniae.
854 3109 1028 3147 Sericum
1052 3112 1222 3158 tegmen,

352 3164 496 3202 *veneri
523 3165 702 3204 Marinae
732 3180 852 3217 super
882 3169 997 3216 caput
1021 3164 1144 3203 ssuens
1170 3166 1221 3203 vi-

858 901 1092 939 subcagantnr
1111 909 1167 936 pro
1187 899 1371 928 subnatant
1393 909 1425 932 φ.

1474 907 1654 927 ocoeallum
1668 902 1722 928 vel
1736 908 1916 927 occeanum
1941 900 2113 934 (accurate

1250 1069 1331 1107 deri
1357 1072 1488 1120 potest
1517 1067 1618 1118 apud
1635 1066 1847 1106 Montsanc.
1873 1067 2004 1117 Antiq.
2027 1066 2074 1106 T.
2089 1066 2114 1105 l.

1250 1126 1336 1164 Lib.
1363 1124 1425 1164 Ill.
1459 1138 1491 1163 e.
1522 1129 1583 1165 17.
1631 1125 1683 1162 At
1708 1124 1769 1162 hic
1793 1128 1920 1162 tamen
1946 1123 2117 1163 umbella

1252 1183 1494 1232 designatur,
1522 1182 1600 1220 lata
1623 1179 1837 1220 aTritone.
1862 1184 1904 1219 ut
1926 1180 2028 1219 bene
2053 1193 2116 1218 ex-

1251 1240 1369 1292 plicat
1400 1238 1581 1278 Beroald.
1642 1237 1803 1276 Inimici
1840 1250 1925 1275 cum
1962 1237 2117 1289 optimis

1257 1295 1367 1334 codd.
1394 1309 1461 1346 pro
1488 1295 1732 1346 glossemate
1758 1307 1779 1331 e
1804 1298 1911 1332 textu
1936 1295 2061 1332 reieci.

1309 1353 1527 1404 speculum.
1578 1350 1656 1403 [Ea
1686 1350 1734 1387 de
1767 1364 1807 1388 re
1837 1350 1937 1389 haec
1962 1351 2121 1389 adnotat

1254 1408 1383 1460 Kopp.
1410 1410 1444 1446 in
1470 1406 1677 1457 Palaeogr.
1698 1406 1824 1446 '1'.1V.
1851 1406 2012 1446 Istum.
2038 1421 2068 1446 c.
2086 1412 2120 1447 1.

1256 1466 1287 1515 ξ.
1303 1469 1394 1506 623.
1416 1478 1450 1515 p.
1468 1469 1550 1506 46:
1578 1464 1694 1503 Extat
1720 1477 1870 1513 gemma
1897 1463 2000 1514 apud
2025 1462 2121 1502 Pas-

1257 1523 1398 1560 serium
1428 1521 1452 1560 l.
1479 1525 1550 1561 76.
1588 1534 1663 1572 qna
1687 1520 1824 1558 ⁷Venus
1857 1521 2000 1558 marina
2031 1533 2123 1557 con-

1259 1579 1417 1630 spicitur
1453 1578 1589 1615 dextra
1620 1590 1732 1615 manu
1764 1578 1973 1628 pectinem.
2012 1576 2125 1615 laeva

1255 1635 1456 1686 speculum
1482 1638 1633 1672 tenens.
1660 1633 1871 1685 Speculum
1897 1634 1995 1671 enim
2022 1633 2124 1672 dono

1256 1692 1348 1730 dure
1369 1691 1512 1728 Veneri
1538 1691 1574 1729 in
1600 1703 1673 1728 usu
1700 1693 1780 1727 erat
1804 1690 1907 1740 apud
1932 1691 2125 1740 antiquos,

1256 1748 1359 1787 unde
1373 1747 1583 1786 Venerium
1604 1747 1755 1793 (licitum
1782 1746 1832 1785 cf.
1845 1746 1982 1784 Marm.
1998 1745 2126 1784 Turin.

1258 1804 1302 1843 ll.
1328 1819 1364 1856 p.
1383 1808 1473 1845 106.
1500 1805 1651 1842 Auson.
1667 1817 1728 1854 ep.
1743 1808 1806 1843 55.
1834 1803 1992 1842 Lucian.
2007 1804 2127 1854 epigr.

1259 1866 1323 1902 33.
1358 1860 1466 1899 Tom.
1500 1858 1552 1899 X.
1587 1874 1620 1912 p.
1648 1864 1711 1900 50.
1749 1859 1974 1898 Philostrat.
2012 1858 2128 1909 imag.

1262 1933 1299 1970 p.
1325 1918 1418 1959 741.
1449 1917 1564 1956 Unde
1590 1916 1769 1955 Tritones
1794 1916 1997 1967 speculum
2021 1929 2131 1968 prae-

1264 1988 1400 2026 gerere
1430 1974 1705 2025 depinguntur,
1742 1973 1845 2024 qnod
1882 1973 1983 2011 idem
2020 1975 2060 2010 iit
2095 1973 2130 2010 in

1264 2032 1381 2070 Isidis
1419 2044 1560 2082 pompa
1592 2030 1710 2081 Apul.
1742 2029 1838 2068 Met.
1876 2028 1926 2068 X.
1964 2043 2000 2081 p.
2039 2033 2131 2070 770.

1266 2102 1353 2127 nam
1379 2088 1517 2126 venus
1542 2086 1616 2125 lsis
1643 2091 1704 2124 est
1729 2086 1776 2124 cf.
1804 2088 1853 2125 ib.
1881 2099 1917 2136 p.
1945 2091 2036 2126 757.
2070 2084 2132 2123 Pi-

1267 2159 1372 2196 gnor.
1387 2144 1436 2182 de
1450 2145 1577 2182 servis
1591 2144 1626 2182 in
1642 2142 1778 2182 Polen.
1795 2143 1934 2195 Suppl.
1948 2142 1998 2181 ad
2013 2142 2134 2182 Thes.

1266 2203 1423 2251 Antiqq.
1450 2200 1495 2239 T.
1521 2199 1585 2238 Ill.
1611 2214 1649 2251 p.
1677 2200 1818 2251 1262]

1319 2259 1523 2310 proqerst.
1564 2256 1668 2309 [Non
1684 2256 1931 2295 sollicitanda
1944 2260 2024 2295 erat
2036 2255 2136 2294 haee

1268 2316 1400 2359 lectio,
1445 2327 1561 2365 quum
1592 2314 1786 2364 Apuleius
1816 2313 1876 2351 his
1907 2313 2136 2363 compositis

1270 2372 1441 2410 crebrius
1472 2371 1523 2408 uti
1562 2371 1752 2415 videatur,
1788 2370 1851 2407 ubi
1890 2370 2008 2408 ceteri
2033 2382 2138 2420 prae

1270 2427 1598 2480 praepositionem
1636 2426 1791 2465 habent.
1845 2425 1903 2464 lta
1937 2425 2032 2464 Met.
2069 2423 2138 2464 Xl.

1270 2500 1306 2537 p.
1340 2488 1431 2525 774.
1469 2485 1599 2536 optimi
1630 2483 1742 2522 codd.
1775 2486 1997 2521 constanter
2031 2494 2139 2534 prae-

1271 2543 1364 2580 bent
1384 2540 1657 2592 proferebant
1681 2540 1744 2577 ubi
1780 2539 1828 2578 cs.
1854 2538 1958 2577 Oud.
1983 2552 2020 2589 p.
2046 2541 2140 2579 786.

1274 2599 1394 2637 litore
1407 2602 1539 2636 votum
1552 2598 1756 2648 z'uyestans
1766 2595 2028 2647 ytroyerebal.
2042 2594 2140 2633 Met.

1274 2654 1341 2693 w.
1365 2656 1509 2706 p-439.
1533 2655 1623 2692 sime
1649 2653 1780 2691 serico
1800 2656 2049 2703 p1·09estans
2072 2665 2141 2689 nu-

1277 2711 1400 2753 cleos,
1431 2712 1483 2748 ita
1512 2714 1552 2747 ut
1584 2709 1684 2747 hanc
1716 2708 1873 2746 formam
1899 2709 2010 2745 unice
2035 2719 2142 2745 usur·

1278 2768 1425 2819 paverit
1450 2766 1645 2818 Apuleius
1671 2764 1717 2804 cs.
1745 2777 1845 2815 quae
1870 2763 1947 2801 (lixi
1973 2763 2023 2802 ad
2046 2763 2142 2802 Met.

1276 2824 1303 2864 l.
1344 2838 1365 2862 1.
1394 2823 1475 2875 15.]

1328 2839 1478 2920 lcurrus
1491 2880 1649 2931 biiztyes
1666 2878 1893 2917 subnatant.
1933 2876 2035 2915 Oud.
2058 2875 2143 2915 cod.

1276 2937 1321 2976 F.
1351 2942 1384 2977 1.
1410 2937 1635 2975 auctoritate
1661 2938 1875 2972 commotus
1900 2933 2069 2984 praefert
2093 2932 2146 2970 le-

1281 2994 1446 3032 ctionem
1472 3006 1615 3037 στιν-να,
1642 3004 1717 3042 quo
1737 2991 1955 3029 subnatare
1975 2990 2147 3028 dicantur

1282 3051 1438 3103 biiuyes
1463 3048 1650 3091 Tritonis,
1677 3047 1766 3097 quia
1778 3047 1856 3084 illis
1870 3048 1919 3084 sit
1933 3047 2045 3085 altior
2058 3045 2145 3088 coll.

1282 3106 1352 3145 Sil.
1377 3105 1485 3144 XlV.
1511 3108 1604 3145 483.
1629 3103 1744 3154 Ipsos
1769 3117 1860 3141 vero
1888 3101 2068 3141 Tritones
2093 3103 2147 3141 ln·-

1281 3166 1397 3216 iuyes
1421 3162 1515 3207 dici,
1541 3168 1581 3200 ut
1607 3174 1731 3211 equos
1756 3160 1928 3211 biiuges,
1960 3159 2146 3211 quadriiu-

2210 1570 2221 1619 tffl
2210 1512 2221 1562 kz..

2210 1639 2218 1692 ‚mx

2210 1715 2219 1758 ν-,ιι-
2213 1696 2221 1706 ,-

2212 2139 2217 2169 -«,.
2212 2119 2216 2127 .
2211 2067 2217 2106 -ᾳ
2210 1915 2219 2055 η-,ουψεκ
2210 1876 2217 1899 -v
2210 1765 2218 1863 z-srstv
