2221 3667
271 384 334 416 562
361 382 532 423 tudinem
573 387 757 440 opitulari
796 407 1002 447 nequeam.

367 99 448 144 708

364 225 465 252 mam
505 216 683 270 foveam,
725 236 823 275 quae
857 226 1066 270 fruticibus
1099 230 1187 273 imis

626 107 672 146 L.
705 110 923 151 APULEH
954 115 1358 165 MADAURENSIS
1388 127 1932 182 METAMORPHOSEON

1220 236 1424 291 subpatet,
1463 241 1504 282 in
1536 253 1715 290 extremo
1746 251 1821 293 iam
1853 255 1958 297 vitae
1985 259 2166 300 consistit

361 269 559 322 periculo,
594 275 732 330 quippe
765 293 851 320 cum
883 283 928 323 de
963 285 1055 326 ssetu
1087 301 1133 328 ac
1158 304 1256 332 voce
1288 293 1409 348 ipsius
1447 311 1561 340 avum
1601 304 1673 345 sibi
1700 310 1894 362 saepicule
1928 314 2165 357 clamitantis

362 325 498 367 vivere
523 328 629 370 illum
659 334 811 385 quidem
838 340 1029 392 sentiam,
1063 346 1131 384 sed
1158 360 1229 399 per
1253 353 1452 405 corporis,
1488 364 1527 396 ut
1557 358 1720 413 videtis,
1748 367 1822 405 mci
1849 369 2039 411 defectam
2066 374 2164 412 vati-

358 441 573 492 suppetiari
612 445 834 489 miserrimo
874 454 980 500 seni,

1065 400 1122 440 At
1146 403 1259 443 vobis
1285 409 1428 450 aetatis
1449 409 1456 467 Ι
1478 420 1517 452 εἰ,
1552 416 1707 458 roboris
1741 421 1929 465 beneficio
1962 428 2076 469 facilc
2104 438 2158 469 est

1020 470 1261 513 puerumque
1298 463 1429 517 illum,
1470 470 1725 515 novissimum
1764 483 2027 525 successionis
2053 500 2162 526 meac

356 501 472 548 atque
500 499 653 541 unicam
680 505 861 559 stirpem,
891 511 1076 564 sospitem
1103 515 1197 557 mihi
1222 519 1369 562 facere.

909 659 1354 718 CAPUT
1445 676 1613 728 XXI.

463 780 530 822 Sic-
557 784 804 839 deprecantis
830 805 1020 848 suamque
1048 798 1230 841 canitiem
1258 803 1514 850 distrahentis
1543 818 1644 854 totos

348 849 471 887 unus,
501 843 741 892 praeceteris
769 853 807 886 ct
833 849 964 890 animo
991 853 1136 896 fortior
1161 864 1200 897 et
1224 867 1354 902 aetate
1380 863 1564 908 iuvenior
1590 877 1628 910 et

1671 816 1826 868 quidem
1852 821 2046 864 miseruit.
2080 823 2160 867 Sed

1659 885 1823 927 corpore
1850 878 2039 931 validior,
2074 883 2157 936 qui-

347 905 421 944 que
447 895 555 936 solus
583 907 743 951 praeter
768 903 868 945 alios
893 906 1102 951 incolumis
1129 915 1321 966 proelium
1346 922 1527 974 superius
1554 937 1762 981 evaserat,
1796 943 1982 989 exsurgit
2006 938 2154 990 alacer,

332 1019 548 1058 fructicibus
568 1027 603 1056 G.
626 1031 654 1057 ¹2.
675 1031 713 1058 D.
735 1032 845 1063 Brant.
867 1037 929 1065 Ms.

958 1034 1129 1075 fluctibus
1147 1044 1182 1072 Ο.
1210 1044 1392 1083 fructibus
1412 1051 1447 1080 G.
1469 1053 1515 1089 1.‚

340 1066 548 1099 librariorum
568 1073 732 1108 scriptura
742 1076 973 1120 fructicibus,
1002 1086 1126 1119 passim
1147 1088 1181 1117 in
1200 1090 1295 1120 libris
1316 1095 1414 1123 obvia
1435 1102 1567 1137 exortae
1586 1106 1672 1131 sunt.
1721 1106 1796 1133 nnis
1815 1109 1851 1136 L.

463 1137 469 1144 .
519 1116 568 1144 sic
577 1115 671 1155 fletu
691 1129 747 1155 pro
768 1121 807 1150 de
817 1122 910 1162 fletu
931 1129 1051 1158 vitiose
1068 1133 1128 1161 Ed.
1149 1134 1298 1165 lvower.
1319 1141 1349 1167 et
1370 1141 1454 1169 Prie.

1542 1062 1626 1088 quae
1639 1063 1843 1094 corruptelae
1855 1071 1967 1094 omnes
1980 1074 2021 1095 ex
2034 1067 2156 1098 vitiosa

1899 1109 2057 1147 szcbpates
2071 1115 2107 1143 G.
2123 1115 2153 1144 1.

1503 1143 1545 1171 ab
1565 1153 1644 1173 voce
1663 1150 1745 1178 Elm.
1773 1160 1883 1194 errore
1905 1158 2151 1190 typothetarum.

337 1155 439 1186 istius
452 1159 559 1196 ipsius
572 1165 627 1200 D..
655 1168 786 1200 punctis
799 1172 873 1200 voci
888 1171 991 1202 istius
1005 1178 1217 1216 subscriptis,
1240 1183 1359 1216 quibus
1374 1187 1542 1218 delendam
1557 1199 1631 1220 esse
1645 1201 1755 1223 vocem
1771 1196 1945 1229 indicatur.
1983 1203 2152 1232 auso‘lv‘um

336 1202 402 1230 srltf
413 1212 470 1238 pro
485 1214 587 1235 arum
600 1209 666 1237 sihi
677 1212 712 1240 B.
727 1215 798 1243 edd.
814 1219 890 1246 vett.
907 1224 1036 1252 praeter
1048 1223 1132 1252 Iunt.
1147 1226 1178 1254 2.
1194 1235 1298 1261 usque
1312 1231 1353 1258 ad
1367 1232 1532 1271 Colvium3
1548 1241 1661 1270 postea
1674 1242 1815 1271 scriver.
1826 1266 1833 1279 ,
1849 1253 1952 1279 neque
1965 1255 2041 1277 vero
2053 1251 2150 1288 Elm.,

334 1255 429 1281 quem
454 1254 649 1284 temeritatis
675 1256 760 1287 falso
785 1260 993 1294 insimulavit
1018 1268 1097 1297 oud.

335 1294 539 1325 sementiam
554 1300 683 1331 Vicent.
733 1312 856 1342 corpus
870 1309 905 1337 G.
923 1312 952 1338 2².
968 1312 1007 1340 D.

334 1342 362 1366 et
384 1341 465 1370 Edu.
480 1348 608 1377 praeter
620 1343 753 1378 Floridi.
778 1351 984 1384 valitudines
1004 1358 1042 1386 D.

1147 1278 1248 1298 anum
1270 1275 1305 1303 G.
1329 1276 1357 1304 1.
1397 1279 1506 1305 ovium
1531 1289 1561 1315 p.

1055 1320 1106 1340 me
1119 1312 1293 1360 defectum·
1304 1321 1338 1350 0.
1386 1323 1450 1351 Per
1464 1323 1478 1350 τ’
1489 1325 1564 1354 dant
1581 1335 1691 1358 vocem
1707 1331 1927 1363 ralz'ludi'uem
1941 1340 2022 1367 Mss.
2037 1348 2149 1370 omnes

1093 1362 1130 1386 et
1147 1361 1280 1392 roboris
1299 1366 1414 1396 desunt
1435 1370 1471 1398 G.
1493 1371 1519 1399 1.

1611 1282 1794 1315 clamitans
1812 1290 1849 1317 L.
1871 1287 1900 1319 δ’.
1922 1291 1942 1320 f.
1992 1293 2093 1322 istum
2119 1304 2148 1330 p.

1569 1372 1808 1405 nobiliss-imunt
1829 1379 1850 1408 f.
1866 1377 1894 1410 δ’.
1931 1384 2148 1413 novissimam

332 1385 439 1414 Colvii
454 1389 674 1421 coniecturam
689 1397 959 1431 recepitScriver.
975 1405 1004 1430 et
1019 1407 1115 1433 notae
1130 1409 1276 1440 praefixit
1287 1411 1457 1443 Pricaeus,
1473 1416 1623 1447 otidum·
1639 1428 1717 1454 opus
1731 1424 1860 1453 videtur
1875 1429 1943 1456 ulla
1957 1431 2146 1469 mutatione,

333 1437 416 1463 quae
436 1441 495 1462 nec
516 1436 624 1465 latina
644 1439 696 1468 sit.
742 1443 824 1476 Quid
846 1445 932 1473 enim
952 1447 1116 1483 significet.
1134 1453 1319 1483 novissima
1340 1460 1563 1490 successionis
1583 1466 1704 1502 stirps.
1733 1469 1761 1496 ei
1788 1478 1827 1498 ne
1852 1478 1977 1502 constat
2005 1477 2145 1514 quidem,

331 1479 555 1508 successionis
569 1482 785 1514 novissimum
800 1490 980 1524 explicanti
995 1495 1142 1525 ultimum
1156 1506 1283 1535 eorum,
1310 1503 1363 1536 qui
1383 1505 1473 1533 senis
1486 1515 1696 1540 successores
1716 1517 1744 1541 et
1764 1516 1899 1545 heredes
1917 1519 1983 1548 sint
2003 1522 2147 1556 adeoque

329 1520 395 1551 tam
410 1523 542 1554 unicum
556 1527 628 1556 sive
643 1530 773 1560 unicam
788 1534 922 1569 stirpem
938 1540 965 1565 et
982 1542 1114 1572 prolem.
1141 1544 1210 1577 Qua
1225 1545 1257 1574 in
1272 1555 1305 1575 re
1319 1555 1392 1577 cum
1406 1559 1442 1578 eo
1456 1555 1634 1585 consentio.

1682 1561 1720 1584 ae
1741 1559 1874 1588 unicam
1889 1564 1925 1592 G.
1943 1566 1971 1594 1.
2010 1566 2144 1595 unicam

328 1572 417 1603 ¹spem
433 1569 571 1606 stirpem
587 1574 692 1607 priore
706 1581 864 1608 vocabulo
878 1584 1009 1615 punctis
1023 1588 1202 1620 subpositis
1217 1591 1321 1619 deleto
1336 1595 1372 1622 Ι).
1411 1598 1575 1632 sospitam
1592 1602 1626 1629 B.
1642 1601 1663 1630 f.
1702 1603 1819 1642 facile
1831 1604 1860 1635 ὃ.

420 1612 636 1646 detrahentis
656 1617 685 1648 δ’.
735 1631 848 1652 tamnes
863 1626 995 1663 quidem
1009 1629 1213 1661 miserentur
1233 1644 1274 1664 ex
1293 1639 1405 1671 glossa
1419 1642 1643 1683 librariorum,
1671 1650 1726 1681 qui
1743 1652 1831 1679 tuens
1847 1660 1902 1686 per
1916 1662 2027 1684 omnes
2041 1658 2143 1687 inter-

325 1660 445 1691 pretati
460 1666 534 1690 suut
550 1663 583 1692 in
598 1665 633 1693 B.
649 1670 679 1694 et
693 1668 764 1696 edd.
778 1674 854 1699 vett.
871 1679 976 1707 usque
996 1675 1036 1702 ad
1057 1676 1164 1715 Colv.,
1191 1680 1245 1713 qui
1265 1683 1438 1713 lectionem
1458 1689 1600 1718 omnium
1620 1694 1710 1722 codd.
1733 1697 1813 1725 bene
1829 1699 1980 1729 restituit.

324 1702 360 1731 in
374 1703 396 1732 f.
411 1708 440 1733 et
453 1710 621 1746 nonnullis
634 1711 729 1749 aliis,
758 1722 838 1749 quos
852 1718 1045 1748 nominatim
1060 1722 1139 1750 oud.
1154 1732 1218 1752 non
1231 1728 1375 1759 protulit.

2029 1703 2142 1731 iunior

1425 1733 1565 1770 quisque
1585 1737 1620 1765 F.
1637 1739 1665 1766 ¹l.
1709 1740 1855 1776 praeliis
1874 1745 1912 1773 R.
1935 1745 1954 1774 f.
1975 1743 2004 1775 δ.
2027 1752 2057 1777 et
2077 1752 2140 1780 ΜΒ.

325 1749 369 1777 al.
386 1752 467 1779 teste
481 1752 604 1783 Calvio.
642 1758 775 1786 evase-it
787 1759 808 1789 f.
851 1765 1010 1801 exsurgit
1023 1765 1094 1793 alce
1107 1766 1237 1797 alacer.
1251 1772 1288 1802 B.
1301 1780 1331 1807 p.
1346 1775 1417 1804 edd.
1432 1782 1506 1806 vett.
1520 1785 1650 1814 praeter
1662 1785 1747 1814 lunt.
1761 1789 1792 1815 ⁴2.
1807 1796 1910 1823 usque
1925 1792 1966 1820 ad
1981 1792 2140 1825 cotvium.

323 1861 422 1899 ,ςίίιις
447 1865 595 1904 canis.
622 1865 785 1909 Tertull.
800 1872 955 1914 advers.
970 1874 1061 1916 Nat.
1077 1877 1199 1921 II.12.

327 1918 445 1968 quive
469 1920 546 1958 alii
570 1925 868 1978 antiquilatum
903 1946 1053 1973 canos
1079 1937 1199 1977 colle-

319 1975 504 2029 yerzmt]

372 2033 549 2082 foveam.
622 2036 896 2091 Frigidissima
939 2050 1002 2086 est
1042 2047 1196 2090 Pricaei

319 2090 520 2136 quaestio,
551 2096 676 2133 utrum
709 2096 865 2138 foveam
898 2105 1115 2146 naturalem
1147 2123 1195 2147 an

317 2143 411 2182 seris
449 2148 654 2200 capiendis
692 2152 835 2194 factam
871 2159 1094 2214 intelligere
1131 2166 1196 2204 de-

315 2200 501 2250 beamus,
522 2207 582 2245 cui
598 2212 820 2259 quaestioni
834 2215 897 2254 vix
913 2222 997 2256 erat
1011 2233 1076 2258 cur
1090 2220 1193 2261 Oud.

314 2261 583 2309 responderet.
644 2265 684 2304 Is
722 2281 815 2309 vero
853 2276 1070 2315 naturalem
1109 2278 1194 2318 vult

312 2317 455 2368 accipi,
483 2321 576 2370 quia
601 2322 731 2362 nullus
759 2326 820 2366 hic
846 2332 1041 2372 venationi
1067 2335 1191 2383 locus,

313 2375 353 2409 et
364 2375 452 2424 sepi
466 2375 569 2415 bene
583 2379 765 2421 adiuncta
783 2386 835 2423 sit·
848 2386 983 2435 fovea,
1011 2404 1088 2443 qua
1110 2395 1192 2445 agri

311 2427 579 2473 discernantur
615 2449 639 2474 a
675 2444 866 2481 communi
904 2446 985 2493 via,
1030 2462 1188 2500 quaque

307 2489 411 2536 prior
447 2491 565 2541 opilio
603 2495 762 2535 sciverit
805 2498 928 2540 latere
966 2503 1184 2546 draconem.

307 2540 453 2583 Fuisse
474 2546 634 2588 frutices
657 2559 883 2595 crescentes
898 2563 937 2598 et
951 2561 1081 2609 vivos,
1109 2579 1183 2603 non

304 2603 590 2652 superiniectas
629 2607 769 2649 foveae
806 2612 970 2662 herbas,
1019 2618 1069 2657 de
1107 2634 1184 2672 qua

303 2656 397 2695 adiri
423 2661 507 2700 xult
532 2662 684 2716 Dausq.
707 2672 746 2706 et
760 2668 829 2709 Dr.
850 2672 899 2710 ad
916 2673 987 2712 Sil.
1003 2675 1071 2715 VI.
1087 2680 1182 2719 360.

302 2712 411 2753 Idem
431 2715 620 2759 Pricaeus
640 2736 710 2773 pro
739 2740 844 2778 quae
869 2730 1074 2771 substituit
1099 2749 1182 2787 qua

300 2769 323 2809 i.
335 2784 367 2810 e.
381 2786 461 2824 qua
471 2781 611 2827 parte,
628 2792 743 2830 quam
753 2786 1068 2828 emendationem
1076 2789 1178 2832 Oud.

300 2830 357 2865 tot
394 2832 588 2884 exemplis
625 2838 850 2879 confirmare
885 2857 961 2882 uon
995 2846 1179 2889 debebat.

356 2900 482 2927 avum.
527 2889 668 2931 Contra
694 2897 903 2938 nonnullos
929 2900 1176 2954 interpretes,

297 2942 361 2990 qui
375 2946 578 2987 auxilium
594 2951 831 3001 praeferunt,
851 2955 953 2996 hanc
968 2959 1174 3001 lectionem

297 2996 399 3037 Oud.
427 3001 605 3044 defendit
630 3020 680 3046 ex
703 3023 813 3049 more
844 3026 1072 3064 puerorum,
1109 3021 1172 3072 qui

295 3053 330 3089 in
358 3057 531 3104 periculo
558 3067 790 3112 praesertim
817 3069 998 3111 invocare
1019 3076 1171 3115 carissi-

292 3121 379 3149 mos
394 3114 468 3152 sibi
482 3117 650 3168 soleant,
668 3135 769 3176 quos
785 3127 943 3168 credant
957 3132 1031 3169 sibi
1044 3146 1169 3186 posse

1259 1884 1446 1925 auxilium
1483 1889 1604 1942 serre.-
1645 1894 1713 1933 Sic
1749 1895 1898 1938 Icarum
1932 1902 2136 1943 cadentem

1259 1940 1430 1982 clamare
1456 1948 1689 1998 apudOvid.
1704 1952 1786 1993 Art.
1808 1955 1851 1995 ll.
1877 1960 1940 1998 91.
1967 1959 2134 2009 Pater,

1259 2011 1283 2035 o
1302 2005 1451 2051 pater
1476 2006 1662 2055 auferor.
1715 2010 1900 2053 Clamare
1933 2019 2062 2055 autem
2095 2024 2135 2058 et

1257 2057 1523 2099 conclamare
1554 2076 1640 2102 cum
1673 2069 1898 2108 accusativo
1935 2086 2132 2125 personae

1254 2124 1324 2162 pro
1344 2113 1449 2153 elata
1463 2130 1560 2157 voce
1575 2123 1784 2170 nominare,
1813 2140 1952 2166 vocare
1966 2133 2129 2184 saepius

1256 2169 1414 2209 inveniri
1441 2187 1515 2212 non
1542 2177 1670 2216 solum
1697 2182 1801 2231 apud
1822 2183 2035 2235 Apuleium
2056 2189 2130 2228 sed

1255 2227 1371 2265 etiam
1397 2231 1502 2281 apud
1527 2233 1643 2279 alios,
1671 2237 1760 2277 coll.
1787 2239 1904 2280 Ovid.
1931 2242 2037 2283 Fast.
2065 2243 2126 2285 ΠΙ.

1254 2286 1347 2324 223.
1377 2286 1460 2330 Qui
1479 2294 1667 2340 poterut,
1701 2295 1947 2338 clamabat
1977 2315 2125 2348 auum,

1252 2344 1334 2379 tum
1359 2342 1536 2397 demque
1562 2349 1695 2396 cismn,
1719 2351 1840 2403 Apul.
1865 2353 1960 2395 Met.
1977 2372 2013 2410 p.
2030 2362 2122 2400 563.

1252 2397 1467 2439 iuvenem
1488 2405 1734 2456 frequenter
1760 2410 2039 2453 inclamant.

1304 2455 1480 2497 roboris.
1509 2459 1737 2511 [leobastus
1753 2479 1878 2518 saepe
1895 2469 2042 2519 dicitur,
2059 2474 2121 2523 qui

1245 2510 1396 2550 virilem
1439 2520 1607 2556 aetatem
1650 2522 1792 2572 attigit,
1831 2524 1936 2564 nulla
1971 2529 2120 2568 ratione

1243 2568 1394 2607 roboris
1420 2569 1570 2622 habita,
1598 2588 1699 2626 quae
1719 2580 1839 2619 verba
1859 2587 1950 2622 suut
1961 2583 2116 2625 Ruhnk.

1246 2623 1281 2661 in
1314 2624 1417 2666 Dict.
1449 2630 1499 2668 ad
1532 2631 1640 2671 Suet.
1672 2633 1764 2674 Ner.
1799 2651 1829 2676 c.
1859 2643 1922 2680 20.
1955 2654 1992 2693 p.
2021 2646 2114 2689 320,

1244 2694 1358 2732 quem
1385 2684 1458 2738 εἰ]

1301 2738 1390 2780 Car.
1414 2740 1524 2782 XXI.
1585 2747 1783 2789 iuvenior.
1843 2750 1884 2790 In
1917 2755 2112 2795 nonnullis

1241 2794 1348 2835 libris
1387 2799 1527 2851 legitur
1563 2803 1712 2851 iunior,
1752 2820 1854 2858 quae
1891 2812 2110 2851 emendatio

1239 2851 1477 2894 librariorum
1503 2863 1566 2898 est
1590 2860 1831 2912 figmentum,
1865 2865 2027 2907 formam
2055 2871 2110 2909 ie!—

1236 2911 1375 2950 cemfor
1395 2915 1662 2956 nescientium.
1689 2917 1748 2958 Cs.
1763 2920 1875 2961 serv.
1890 2923 1938 2962 ad
1952 2925 2106 2964 AenX.

1235 2970 1328 3007 409.
1356 2967 1456 3009 Cort.
1483 2972 1532 3010 ad
1555 2971 1652 3012 Ptin.
1674 2974 1799 3027 Epist.
1822 2976 1887 3017 IV.
1911 2985 1946 3021 8.
1974 2982 2040 3022 Dr.
2056 2983 2105 3021 ad

1231 3021 1318 3061 Liv.
1335 3024 1383 3065 V.
1414 3032 1475 3068 10.
1504 3028 1653 3080 [Bm-m.
1679 3033 1728 3070 ad
1755 3034 1917 3075 Anthot.
1944 3037 2032 3077 Lat.
2059 3038 2101 3078 ll.

1230 3092 1267 3130 p.
1294 3084 1387 3122 489.
1417 3088 1456 3123 et
1479 3085 1614 3125 Eckst.
1640 3089 1690 3127 ad
1717 3089 1838 3132 voss.
1860 3093 1980 3135 Arist.
1997 3094 2099 3136 T.11.

1228 3150 1267 3191 p.
1297 3140 1407 3193 685]
