2155 3590
757 160 942 201 LIBER
970 161 1020 201 V.
1073 159 1196 202 CAP.
1227 160 1299 201 lx.
1831 159 1910 202 331

140 271 261 327 potita
274 270 344 322 sit,
373 286 470 326 quae
485 287 556 313 nec
569 273 623 313 uti
637 280 743 314 recte
761 281 866 314 tanta
879 274 1067 315 bonorum
1084 274 1189 329 copia
1210 274 1343 314 novit?
1367 272 1526 323 Vidisti,
1548 287 1676 323 soror,
1705 280 1849 327 quanta
1874 272 1914 313 in

142 329 252 368 domo
266 328 395 369 iacent
408 336 446 369 ct
465 329 593 383 qualia
608 329 785 380 monilia,
814 344 911 384 quae
925 331 1308 385 praenitentvestes‚
1337 343 1434 383 quae
1453 330 1695 384 splendicant
1715 342 1910 383 gemmae,

142 391 322 437 quantum
338 393 540 439 praeterea
554 386 695 440 passim
711 387 884 427 calcatur
898 400 1050 427 aurum.
1080 386 1086 442 Ι

140 447 262 490 tenet,
279 448 321 481 ut
332 441 516 492 affirmat,
534 442 636 482 nulla
651 442 806 483 nuncin
821 443 913 483 orbe
929 450 1007 483 toto
1024 444 1174 484 felicior
1186 443 1296 484 vivit..
1325 441 1525 482 Fortassis
1540 449 1666 482 tamen
1682 443 1914 496 procedente

1112 385 1223 440 Quod
1238 387 1269 427 si
1285 386 1463 426 maritum
1480 386 1592 426 etiam
1610 393 1686 425 tam
1702 386 1912 425 formosum
1939 379 2005 422 333

141 497 419 537 consuetudine
439 505 477 538 et
495 498 700 538 affectione
721 499 905 539 roborata
924 501 1032 539 deam
1048 513 1205 554 quoque
1225 500 1326 540 illam
1349 497 1355 555 Ι
1376 499 1466 538 deus
1487 498 1648 538 maritus
1669 498 1820 538 efficiet.
1849 496 1916 538 Sic
1941 501 2038 542 [163]

139 559 199 592 est
223 553 416 605 hercules,
443 555 500 595 sie
525 569 566 595 se.
592 555 753 609 gerebat
778 555 1017 609 ferebatque.
1047 552 1210 596 >lamiam
1236 570 1390 597 sursum
1415 555 1573 609 respicit
1598 561 1637 594 et
1660 555 1770 595 deam
1794 554 1918 608 spirat

133 669 250 707 potita
262 671 308 698 sit
322 670 359 699 12.
373 673 403 699 3.
419 673 455 700 G.
470 673 499 700 1.
513 673 544 700 2.
557 673 590 700 0.
607 669 636 700 ὃ.
650 673 684 700 Β.
699 680 729 707 p.
742 674 780 701 R.
796 672 816 701 f.
831 682 863 706 φ.
884 676 956 709 pnt.
970 676 1020 700 est
1033 675 1071 702 D.
1095 675 1127 702 A
1141 674 1256 702 cereris
1270 673 1362 702 libris
1375 676 1404 702 et
1418 673 1487 702 edd.
1501 676 1577 701 vett.
1597 674 1687 700 abest
1708 672 1762 698 sr't.
1808 672 1918 700 Verba

140 723 339 752 querensque
352 718 392 744 ad
406 715 543 744 monilia
562 725 623 745 non
644 722 826 752 comparent
846 718 877 746 in
897 719 931 746 G.
950 720 976 747 1.
991 720 1024 747 0.
1039 720 1075 746 D.
1096 723 1122 747 et
1139 721 1175 747 G.
1190 721 1219 747 2².
1245 720 1287 747 (in
1308 718 1402 746 cuius
1415 725 1514 753 marg.
1530 722 1603 746 sunl
1618 716 1812 752 adscripta.)
1859 723 1919 743 nec

140 760 193 788 nli
209 762 343 789 ratione
358 761 378 790 f.
425 761 582 790 bmmrum
596 765 704 791 exulat
721 770 739 792 a
753 764 787 791 P.
835 761 949 799 cupido
970 772 1025 798 pro
1046 763 1142 799 copia
1163 764 1183 793 s,
1232 766 1321 790 reste
1334 765 1368 792 0,
1415 761 1624 799 splendidam
1641 764 1676 791 G.
1694 764 1720 790 1.
1736 764 1765 790 2.
1780 763 1816 790 D.
1832 763 1867 790 P.
1882 762 1917 790 0.

139 805 345 841 splenditum
365 807 387 835 f.
406 809 443 836 R.
465 815 494 842 p.
515 809 562 835 ed.
583 815 628 842 pr.
649 809 772 836 vicent.
793 809 904 837 Vener.
926 811 956 835 2.
973 810 1048 837 Ald.
1079 807 1277 844 splendnent
1289 811 1371 837 lunt.
1391 810 1416 837 l.
1432 810 1460 837 ’2.
1509 808 1735 837 (ηινιόοιιίκείί
1753 808 1862 835 Heins.
1877 805 1919 835 ad

138 852 212 881 val.
226 853 335 881 Flacc.
348 854 387 880 ΙΙ.
401 854 476 880 661.
490 853 570 887 quod
586 853 663 881 Oud.
679 855 788 887 probat
804 855 875 882 σου.
889 854 963 882 dici.
978 854 1048 882 suis
1062 855 1100 882 ad
1117 855 1210 883 caes.
1225 855 1259 882 B.
1274 855 1306 883 C.
1319 856 1343 883 1.
1358 856 1411 883 64.
1459 852 1539 891 qm‘d
1551 853 1614 882 sr‘f.
1661 855 1700 880 nt
1717 857 1792 881 ante
1811 849 1917 890 affir-

139 900 211 924 mat
223 900 312 926 abest
327 904 347 926 a
361 898 395 925 G.
406 899 480 927 2.P.
508 897 699 935 formosum
716 901 782 926 tum
797 896 955 935 affirmat
965 900 1002 927 D.
1017 906 1058 927 ex
1070 900 1245 928 mutatione
1257 900 1514 933 compendiorum
1531 901 1561 933 15
1578 899 1631 928 Le.
1648 901 1714 925 lum
1729 902 1757 926 et
1773 900 1828 932 11¹5
1843 896 1918 925 sive

141 944 191 975 tes
206 943 226 971 i.
241 952 267 971 e.
285 944 401 977 tenet.)
449 951 536 970 nunc·
554 951 617 970 non
636 948 795 978 comparet
816 944 847 972 in
868 940 896 972 d.
944 946 981 971 nl
993 943 1026 971 in
1040 944 1229 981 affectione
1241 945 1276 972 0.
1293 952 1327 972 π.
1354 947 1507 978 probante
1521 945 1678 976 wass-eo.
1704 943 1775 971 sive
1790 947 1820 971 ut
1835 944 1919 970 solet

139 987 222 1023 fieri,
247 989 374 1022 quando
387 987 524 1016 adfectio
538 996 592 1022 per
604 989 867 1017 consuetudinem
881 989 1003 1023 accepit
1019 991 1123 1017 robur.

1171 992 1203 1016 et
1218 989 1437 1029 affectionem
1451 990 1563 1018 Vener.
1576 990 1607 1017 2.
1644 987 1699 1014 Si’e
1711 988 1812 1015 etiam
1827 985 1917 1015 herc.

138 1034 174 1061 R.
191 1033 212 1061 f.
239 1033 297 1062 sic.
312 1041 342 1060 ιι.
355 1030 443 1061 herc.
459 1030 487 1060 ὃ.
513 1034 596 1061 unde
614 1035 692 1061 Oud.
713 1034 865 1062 conlevit:
891 1034 938 1061 sic
957 1037 1009 1061 est
1026 1034 1092 1060 iam
1113 1032 1203 1063 herc.
1251 1037 1283 1061 el
1297 1035 1399 1061 etiam
1413 1034 1479 1061 iam
1501 1043 1555 1069 pro
1573 1034 1709 1061 imm‘am
1724 1035 1760 1062 G.
1777 1035 1804 1062 1.
1839 1039 1918 1061 nam

135 1077 275 1105 o'auu'am
286 1078 391 1107 Paris.
437 1085 562 1105 susara
573 1078 709 1115 respic-il
724 1079 744 1107 f.
791 1077 854 1105 dea
867 1079 976 1115 spirat
990 1080 1025 1107 G.
1041 1080 1069 1107 1.

138 1177 242 1215 tiore
271 1174 486 1220 mulierem,
517 1190 602 1214 cum
631 1189 754 1228 saepe
785 1177 935 1227 peperit
959 1180 997 1214 et

136 1233 210 1270 iam
244 1232 446 1270 liberorum
478 1236 608 1271 satura
645 1237 723 1278 est,
760 1246 831 1271 nec
866 1231 996 1283 plures

136 1302 272 1341 parere
296 1289 415 1338 cupit,
440 1290 524 1326 sive
544 1289 757 1328 visceribus
778 1289 890 1327 lassis
901 1303 995 1339 pur-

138 1350 261 1397 tuque
285 1345 494 1390 exhausta,
520 1348 561 1382 ut
585 1345 637 1382 ait
661 1344 805 1383 Lucan.
832 1343 877 1383 ll.
904 1348 995 1385 340.

136 1401 200 1438 ubi
224 1399 271 1438 cf.
298 1402 537 1451 interpretes.
575 1400 682 1439 Sicut
695 1405 733 1439 et
746 1402 881 1445 omnia,
897 1415 996 1451 quae

137 1457 305 1495 taedium
342 1461 381 1494 et
411 1458 681 1507 aegrimoniam
719 1457 896 1503 afferunt,
938 1472 997 1496 su-

138 1515 242 1552 ffore
267 1527 338 1565 nos
363 1513 535 1552 (licuntur
565 1514 611 1551 ci'.
639 1513 835 1552 Gebhard.
863 1514 911 1551 ad
938 1513 999 1552 Ti·

137 1568 231 1608 bull.
254 1568 300 1608 ll.
329 1575 362 1610 1.
389 1574 453 1610 52.
505 1569 585 1622 [De
619 1571 825 1624 effundere
849 1584 882 1608 s,
904 1573 999 1622 fuu-

138 1627 233 1678 ἄρνε
256 1631 424 1678 partum
461 1626 508 1665 cf.
533 1625 721 1664 Buenem.
748 1626 797 1664 ad
820 1626 998 1664 Lactant-

137 1682 186 1720 de
200 1681 304 1733 Opis.
321 1681 384 1720 ΠΙ.
401 1696 435 1733 p.
456 1687 571 1723 1127.
598 1681 681 1720 lntt.
708 1683 757 1721 ad
775 1683 920 1720 Arnob.
939 1682 999 1721 lll.

137 1752 169 1776 c.
184 1742 247 1779 32.
274 1737 600 1791 T.11.p.161sq.
627 1739 746 1777 Orell.
772 1738 996 1777 Arn‹·›h.lV.

137 1793 995 1848 21.Ruhnk.adOvid.Heroid.X1.42.p.68.]

191 1873 462 1926 splendicant.
512 1874 639 1926 [Hanc
660 1874 818 1912 sormam
841 1888 889 1912 ex
905 1876 997 1925 opti-

134 1931 208 1968 mis
228 1930 338 1969 codd.
358 1932 488 1981 recepi
513 1930 561 1969 cf.
583 1944 684 1980 quae
703 1931 897 1981 disputata
911 1935 1000 1968 sunt

136 1986 186 2024 ad
210 1986 328 2037 Apul.
354 1986 450 2025 Met.
475 1986 519 2024 11.
545 2001 580 2038 p.
612 1987 718 2039 133]

189 2066 376 2118 fortasse's
399 2070 542 2104 tamen.
593 2065 635 2103 Si
661 2071 788 2104 tumen
813 2065 875 2103 hic
898 2067 1000 2103 bene

135 2121 351 2170 intelligere
382 2122 563 2162 velimus.
596 2121 645 2158 de
675 2121 776 2159 Oud.
808 2122 999 2160 sententia

137 2177 367 2228 cogitatione
401 2179 470 2216 erit
500 2178 735 2215 addendum:
765 2178 879 2215 immo
912 2178 1000 2216 licet

135 2247 234 2271 nune
251 2232 473 2271 felicissima
486 2234 607 2279 vivat,
633 2237 759 2271 tamen
786 2235 897 2272 etiam
916 2234 995 2272 Dea

135 2288 176 2326 fit
195 2291 398 2340 fortassis.
448 2290 559 2327 Certe
597 2291 647 2327 ita
684 2291 844 2330 mavult.
884 2304 998 2341 quam

136 2358 221 2383 cnm
242 2343 417 2383 Picearto
438 2346 632 2398 explicare
657 2360 724 2397 per
750 2347 909 2385 laudem
934 2347 998 2384 vel

136 2414 220 2439 cum
242 2401 380 2439 eodem
395 2403 428 2440 in
444 2417 528 2441 eum
542 2406 758 2453 permutare
771 2401 896 2442 Porio.
913 2403 997 2441 (rit.

136 2469 167 2496 c.
194 2461 250 2502 8.,
282 2457 374 2496 licet
396 2472 519 2510 saepe
544 2459 617 2496 hae
644 2472 760 2497 voces
786 2461 883 2497 inter
907 2473 1000 2497 sese

134 2513 321 2553 confusae
335 2516 419 2553 sint.
447 2515 559 2561 Quod
581 2516 758 2565 equidem
779 2516 998 2566 comprobo.

135 2569 349 2608 Scriverius
365 2571 483 2609 edidit
491 2573 683 2624 fortassis
695 2586 759 2616 un,
780 2572 881 2622 quod
897 2576 1000 2610 recte

134 2625 316 2664 diiudicat
338 2627 465 2666 Hand.
490 2627 656 2666 Tursell.
683 2627 727 2666 ll.
753 2643 790 2680 p.
819 2632 909 2668 730.
936 2643 997 2667 an·

133 2682 239 2734 tiqua
263 2685 487 2723 auctoritate
513 2685 685 2729 destitui,
712 2689 751 2722 ut
774 2685 824 2722 de
850 2698 896 2722 eo
922 2699 996 2723 non

134 2737 275 2777 diutius
290 2741 532 2791 cogitandum
548 2741 609 2779 sit.
636 2741 877 2779 Fortassean
892 2742 996 2792 Apu-

135 2793 233 2833 leius
268 2796 329 2835 bis
365 2798 478 2835 utitur
513 2797 562 2835 de
587 2797 674 2835 Deo
700 2796 808 2835 Socr.
840 2811 876 2848 p.
907 2802 995 2839 130.

132 2854 172 2888 et
195 2851 369 2903 Apolog.
396 2867 432 2904 p.
460 2857 550 2894 473.
576 2852 640 2892 ubi
666 2853 765 2891 vide.
792 2852 855 2891 De
878 2855 995 2905 parti-

134 2907 220 2944 cula
234 2909 319 2958 ipsa
343 2909 390 2948 cf.
405 2909 530 2948 Hand.
548 2909 714 2947 Turseli.
730 2909 774 2948 ll.
790 2923 825 2960 p.
842 2915 922 2951 729
937 2925 996 2961 sq.

133 2961 313 3003 Mueller.
338 2966 387 3004 ad
413 2965 635 3004 VawwAI
663 2965 692 3015 ξ.
720 2969 783 3006 34.
809 2980 846 3018 p.
880 2967 968 3020 14.]

190 3032 249 3070 sic
273 3038 330 3072 est
352 3033 541 3073 hercules.
569 3033 650 3085 [De
677 3033 837 3072 Charisii
852 3048 888 3087 p.
906 3039 994 3076 183.

134 3089 174 3123 et
197 3085 297 3126 Gell.
321 3087 390 3128 Xl.
417 3093 452 3130 6.
479 3090 676 3142 opinione,
702 3090 867 3129 seminas
893 3104 993 3130 sem-

133 3154 204 3194 per
228 3150 406 3191 ecastor,
437 3146 542 3184 viros
567 3147 778 3194 mehercle,
809 3152 995 3199 utrosque

1056 1177 1207 1229 edepol
1246 1178 1414 1223 dixisse,
1463 1178 1508 1217 cf.
1552 1178 1679 1217 Hand.
1722 1177 1835 1217 Turs.
1871 1175 1916 1216 II.

1056 1246 1092 1284 p.
1119 1237 1199 1273 342
1225 1247 1284 1284 sq.
1311 1233 1373 1272 Ill.
1399 1248 1436 1285 p.
1463 1238 1514 1274 59
1540 1234 1624 1287 δᾳ]

1109 1290 1278 1340 ῃενθὶιαί
1298 1291 1546 1343 ferebatque.
1572 1291 1638 1328 Ait
1652 1290 1699 1329 N.
1715 1290 1849 1328 Heins.
1868 1289 1919 1329 ad

1055 1344 1168 1383 Ovid.
1184 1345 1277 1384 Met.
1293 1346 1339 1384 V.
1356 1350 1447 1387 438.
1473 1347 1682 1397 Apuleium
1708 1347 1769 1385 hic
1786 1348 1918 1398 inepte

1054 1405 1307 1453 ταυτολογεῖν,
1346 1407 1579 1454 quapropter
1611 1403 1687 1453 legi
1713 1403 1832 1440 voluit
1856 1406 1918 1455 of-

1054 1459 1306 1511 ferebatque.
1367 1458 1516 1497 Erravit
1552 1473 1661 1503 vero,
1705 1460 1918 1506 immemor,

1058 1518 1248 1566 captatam
1276 1529 1368 1553 esse
1393 1530 1414 1553 a
1446 1520 1577 1554 nostro
1608 1516 1920 1567 paronomasiam

1057 1571 1132 1621 ipsi
1165 1571 1424 1622 frequentem,
1455 1571 1504 1609 de
1538 1586 1613 1623 qua
1641 1586 1757 1623 supra
1784 1572 1844 1624 egi
1869 1572 1921 1610 ad

1057 1626 1154 1665 Met.
1181 1627 1243 1666 lll.
1270 1642 1304 1680 p.
1333 1633 1426 1669 281.
1466 1628 1527 1667 De
1553 1630 1670 1666 verbo
1693 1632 1807 1680 ferre
1831 1642 1919 1667 con—

1058 1684 1145 1721 sule
1170 1684 1271 1723 Oucl.
1297 1685 1345 1723 ad
1372 1686 1480 1724 Suet.
1506 1685 1631 1737 Yesp.
1659 1700 1688 1724 c.
1716 1689 1779 1726 23.
1811 1685 1918 1737 Yirg.

1058 1742 1157 1780 Aen.
1183 1740 1250 1778 XI.
1285 1745 1374 1782 779.
1425 1742 1635 1780 Schwartz.
1661 1742 1709 1779 ad
1741 1742 1918 1780 Mamert.

1057 1797 1238 1836 Genethl.
1253 1811 1285 1836 c,
1301 1803 1336 1838 7.
1364 1798 1448 1850 [Dr.
1468 1798 1516 1835 ad
1534 1797 1614 1836 Liv.
1630 1795 1758 1837 XLV.
1773 1804 1839 1838 44.
1858 1801 1920 1838 19.

1058 1853 1245 1892 Schmidt.
1260 1855 1308 1892 ad
1323 1854 1415 1893 Hor.
1431 1853 1554 1905 Epist.
1570 1853 1595 1892 Ι.
1616 1859 1674 1894 17.
1691 1858 1752 1894 ⁶22.
1762 1868 1798 1905 p.
1809 1854 1918 1907 355]

1115 1911 1230 1948 deam
1255 1912 1395 1962 spe'rut.
1447 1911 1645 1963 [Spe'rure
1674 1911 1722 1948 de
1754 1911 1801 1948 iis
1830 1911 1920 1949 dici-

1058 1970 1134 2010 tur,
1161 1967 1223 2016 qni
1249 1967 1475 2017 superbiunt
1500 1972 1538 2005 et
1561 1981 1653 2018 prae
1681 1966 1783 2005 fastu
1809 1968 1921 2019 quasi

1058 2022 1252 2060 anhelant.
1279 2023 1326 2062 cf.
1354 2022 1486 2061 Heins.
1515 2028 1553 2061 et
1577 2023 1643 2062 Dr.
1670 2023 1718 2062 ad
1746 2024 1814 2062 Sil.
1829 2023 1919 2062 XV.

1058 2083 1150 2119 413.
1182 2078 1315 2117 Heins.
1329 2080 1378 2117 ad
1394 2079 1592 2118 Claudian.
1618 2080 1703 2129 Gig.
1725 2084 1789 2120 40.
1817 2079 1920 2119 Cort.

1057 2135 1106 2172 ad
1131 2134 1276 2173 Lucan.
1302 2134 1345 2174 ll.
1375 2140 1462 2177 137.
1488 2136 1681 2174 Burni.a‹l
1696 2135 1810 2175 Ovid.
1825 2137 1922 2177 Met.

1057 2191 1106 2230 Υ.
1133 2195 1224 2231 348.
1250 2192 1334 2230 lntt.
1355 2192 1403 2230 ad
1430 2191 1606 2243 Proper-t.
1624 2192 1668 2230 ll.
1692 2197 1755 2232 12.
1776 2197 1838 2233 53.
1866 2193 1923 2231 lta

1058 2260 1213 2298 qnoque
1228 2254 1376 2288 tumere
1390 2250 1425 2287 in
1440 2263 1512 2286 usu
1527 2254 1589 2287 est
1609 2249 1656 2287 es.
1671 2250 1767 2287 infra
1781 2254 1919 2301 p.340.

1059 2303 1107 2341 de
1138 2304 1225 2342 Deo
1258 2305 1365 2343 Socr.
1397 2320 1433 2357 p.
1463 2310 1553 2346 122.
1591 2305 1654 2344 De
1686 2306 1921 2344 Graecorum

1057 2368 1159 2398 nretr
1183 2360 1358 2399 Boeckh.
1386 2361 1536 2413 Explic.
1551 2361 1704 2400 Pindar.
1722 2361 1837 2414 Pyth.
1854 2362 1920 2401 Xl.

1059 2420 1122 2457 29.
1138 2416 1247 2456 Diss.
1263 2417 1376 2457 Nem.
1389 2417 1450 2456 lll.
1466 2423 1531 2459 33.
1556 2418 1611 2456 lta
1626 2420 1793 2470 spiritus
1807 2419 1921 2457 etiam

1059 2473 1107 2510 de
1121 2474 1303 2525 snperbia
1318 2474 1464 2519 dicitur,
1479 2479 1518 2513 nt
1533 2475 1814 2513 emendandum
1829 2479 1920 2527 puto

1058 2543 1149 2567 esse
1176 2529 1300 2568 locum
1326 2532 1472 2570 Arnob.
1498 2531 1542 2570 ll.
1572 2535 1631 2572 16.
1659 2533 1776 2570 rultis
1800 2533 1921 2571 leomi—

1056 2600 1124 2625 ηε»-
1159 2591 1195 2625 et
1229 2588 1455 2638 spiritum
1484 2589 1825 2640 superciliumque
1856 2589 1921 2627 cle-

1052 2656 1207 2694 ponere
1245 2643 1330 2694 [ubi
1369 2643 1484 2681 hodie
1523 2644 1649 2695 legunt
1687 2646 1921 2685 institutum.

1055 2698 1164 2737 Male
1195 2700 1293 2737 enim
1329 2699 1485 2739 Herald.
1518 2714 1566 2738 ex
1598 2700 1664 2739 lul.
1697 2700 1812 2739 Firm.
1837 2699 1922 2740 Ma-

1054 2754 1154 2793 thes.
1169 2755 1271 2795 vVlll.
1287 2770 1316 2794 c,
1335 2760 1368 2796 6.
1396 2758 1615 2796 institutum
1642 2770 1735 2794 esse
1759 2757 1924 2797 affirmat

1054 2808 1287 2853 aethkdslcar.
1314 2826 1429 2864 quum
1456 2813 1504 2851 ibi
1524 2814 1686 2854 Catonis
1699 2815 1920 2855 institutum

1053 2867 1204 2915 legatur
1229 2869 1250 2907 i.
1266 2884 1299 2908 e.
1325 2869 1551 2919 rigon-ositas
1577 2883 1722 2907 morum
1750 2874 1788 2909 et
1811 2885 1921 2910 seve-

1057 2925 1157 2962 ritas.
1185 2924 1239 2962 lta
1266 2925 1354 2963 dicit
1382 2925 1446 2963 lnl.
1474 2925 1586 2964 Firm.
1609 2925 1670 2965 lll.
1696 2926 1867 2966 Mathes.
1884 2932 1920 2969 3.

1051 2983 1163 3033 fucit
1195 2996 1355 3034 qnoque
1387 2983 1550 3035 inflatos
1582 2996 1627 3021 ac
1661 2985 1922 3035 superbiae

1054 3038 1238 3089 spiritu
1263 3038 1487 3077 sublevatos
1502 3043 1540 3076 et
1554 3038 1619 3078 Vl.
1638 3044 1698 3079 17.
1724 3041 1806 3092 ipsi
1822 3056 1919 3094 quo-

1056 3107 1132 3146 qne
1145 3100 1278 3133 erecto
1303 3095 1562 3147 superbiae
1585 3097 1770 3148 spiritu
1794 3098 1920 3138 suble-

1052 3154 1209 3190 vantur.
1257 3150 1319 3189 De
1354 3153 1514 3203 spirare
1549 3165 1581 3191 e.
1617 3153 1761 3192 Aecus.
1792 3155 1919 3193 iuncto
