2155 3590
626 118 815 157 LIBER
845 117 915 156 IX.
977 116 1103 156 CAP.
1129 115 1342 155 XXXIX.

581 288 1017 336 CAPUT

1109 286 1398 333 XXXIX.

212 400 277 439 Ad
306 398 423 438 istum
455 399 608 438 modum
638 405 781 452 puncto
811 397 1044 438 brevissimo
1071 396 1241 449 dilapsae
1267 395 1402 433 domus
1430 394 1627 433 fortunam
1654 392 1884 432 hortulanus

101 456 166 497 ille
206 456 416 496 miseratus
458 468 627 508 suosque
669 468 784 495 casus
827 454 1003 508 graviter
1043 453 1337 505 ingemescens,
1383 449 1584 503 deprensis
1616 462 1685 502 pro
1723 447 1885 502 prandio

192 568 237 598 At
249 570 350 599 istum
364 573 401 600 G.
415 573 446 599 2.
487 570 573 608 peto
586 572 625 599 I).
638 578 693 606 pro
703 573 839 607 puncto.
884 568 1063 597 ortulanns
1079 570 1114 596 G.
1129 569 1157 596 1.
1172 569 1201 595 2.
1216 568 1252 595 P.
1265 567 1304 603 D,
1321 566 1366 595 uti
1379 573 1504 599 semper
1517 565 1549 592 in
1563 565 1613 592 liis
1629 565 1718 592 codd.
1733 561 1887 597 scrinium

102 617 224 645 inveni.
261 615 438 644 ortolanus
457 613 486 645 δ.
533 616 753 653 ingemescens
776 616 812 644 F.
831 617 861 644 3.
882 617 918 643 G.
939 616 969 643 1.
1004 616 1041 643 In
1065 616 1137 642 cett.
1160 611 1388 648 ingemiscens.
1435 608 1606 645 deprensis
1629 610 1665 637 F.
1691 610 1721 637 3.
1747 609 1887 636 Scriver.

102 659 316 698 deprehensis
335 663 371 690 G.
392 663 421 690 1.
442 662 477 690 Ο.
513 659 688 697 depransis
707 662 742 689 F.
764 662 793 688 1.
813 661 848 688 G.
866 661 898 688 2.
916 661 953 688 P.
973 661 1011 688 D.
1032 660 1068 687 L.
1090 657 1111 686 f.
1129 654 1158 686 ὃ.
1182 659 1298 685 Incert.
1311 657 1407 684 Vulc.
1422 656 1453 683 2.
1472 655 1555 682 Elin.
1579 655 1616 682 In
1636 656 1708 682 cett.
1728 651 1888 688 depensis.

101 704 142 733 de
150 705 297 743 prandio
311 703 340 735 ὃ.
359 713 425 742 pro
433 705 574 742 pransis
588 705 739 733 lacrimis
751 706 785 733 in
799 707 834 733 G.
849 706 878 733 2.
893 712 983 741 esse,
1009 703 1107 732 esuis
1124 701 1286 736 excerptis
1306 701 1411 735 prodit
1423 700 1503 729 Oud.
1528 700 1571 728 At
1589 698 1622 727 in
1642 699 1709 726 eod.
1729 698 1796 732 ipso
1810 700 1842 726 ut
1856 697 1889 725 in

102 753 141 780 D.
161 749 495 788 legiturproprandis
509 759 571 780 uno
585 754 692 780 tenore
705 750 872 785 scriptum.

104 849 206 900 giam
232 849 506 888 adiectivorum
530 849 736 894 tremulus,
764 847 965 901 querulus,

102 905 318 958 yarrulus,
343 906 567 957 pendulus,
593 905 786 944 credulus
816 903 864 941 al.
891 903 966 940 for-

103 964 247 1000 matum
284 962 530 1005 existImans‚
571 961 673 999 unde
713 973 841 999 errare
875 959 967 997 mihi

102 1016 255 1055 videtur
280 1016 446 1056 Gronov.
472 1017 522 1055 ad
547 1017 639 1056 Seu.
664 1014 788 1067 Epist.
816 1020 870 1061 8.,
903 1015 967 1065 qui

105 1073 371 1111 formationem
394 1073 532 1119 reiicit,
565 1072 768 1111 defensam
798 1085 821 1109 a
846 1071 966 1109 Salm.

104 1128 204 1167 Plin.
230 1128 398 1168 Exercit.
422 1143 460 1180 p.
491 1132 580 1169 149.
606 1133 645 1166 et
667 1127 777 1179 Lips.
800 1127 849 1165 ad
875 1127 968 1165 Sen.

107 1184 175 1224 d.l.
191 1184 277 1223 Huc
290 1184 581 1223 acceditGIoss.
595 1184 803 1222 auctmitas
817 1182 969 1221 Philox.

105 1255 144 1293 p.
158 1244 222 1282 37.
248 1241 405 1280 cernuli
427 1238 678 1292 πεταυρισταί
696 1239 884 1279 cernulus
908 1253 969 1277 πε-

105 1295 303 1348 ταυριστής
317 1297 501 1336 cernulat
519 1298 697 1348 κυβιστᾶς
720 1294 810 1332 Isid.
825 1308 861 1345 p.
877 1297 968 1335 676.

105 1352 293 1392 cernulus
316 1353 359 1390 in
385 1353 520 1403 capite
542 1365 673 1391 ruens.
721 1350 841 1388 Plura
865 1350 971 1389 dabit

106 1409 158 1446 du
184 1407 302 1458 Cang.
329 1407 462 1446 Gloss.
487 1421 569 1446 s.v.
596 1420 766 1449 cernuo.
797 1406 894 1445 Dae.
919 1406 967 1443 ad

106 1463 216 1502 Fest.
241 1478 278 1516 p.
305 1467 399 1504 379.
429 1463 607 1502 Lindem.
631 1463 754 1501 Voss.
781 1462 909 1512 Etym.
935 1476 967 1500 v.

107 1533 290 1559 cernuus.
331 1520 507 1559 Cernulo
521 1519 658 1557 eadem
672 1519 819 1557 ratione
834 1519 970 1556 forma·

106 1580 187 1614 tum
212 1579 290 1622 est,
315 1579 357 1613 ut
375 1577 569 1628 9arrulo,
594 1576 836 1627 ayarrquS,
863 1576 970 1613 cuius

106 1636 234 1670 tamen
250 1631 488 1683 participium
502 1635 659 1677 tantum,
675 1635 854 1681 quantum
868 1632 950 1669 scio
961 1662 970 1675 ,

108 1690 144 1726 in
179 1702 254 1726 usu
290 1691 368 1734 est3
415 1687 466 1727 cf.
499 1687 612 1737 Fulg.
647 1687 768 1738 praef.
805 1687 973 1738 Mythol.

107 1744 197 1783 Nec
231 1744 392 1796 puellas
427 1744 669 1795 inquirimus
706 1744 818 1782 Hero
853 1748 976 1795 atque

108 1800 317 1854 Psychen,
345 1801 532 1851 poeticus
554 1800 872 1852 yarrulantes
895 1801 975 1837 ine-

102 1858 231 1908 ptias.
266 1854 343 1894 Alii
364 1854 447 1893 lntt.
468 1855 684 1894 maluerunt
698 1869 879 1899 cernuus,
899 1855 974 1900 aiii,

106 1916 150 1950 ut
164 1912 341 1963 Sciopp.,
356 1916 572 1951 cernuatus
587 1911 633 1949 cf.
648 1911 697 1950 ad
710 1912 806 1950 Met.
820 1910 848 1948 I.
864 1924 900 1962 p.
911 1915 974 1951 63.

109 1966 210 2014 Quid
226 1967 400 2018 Scioppii
419 1966 541 2006 altera
559 1968 633 2006 sibi
646 1968 739 2006 velit
760 1968 976 2006 coniectura

109 2028 303 2063 cornutus
327 2036 468 2075 capere
492 2023 681 2076 nequeo.]

162 2079 335 2131 proluit.
385 2079 486 2118 Edd.
500 2080 811 2131 Scriv.protulit
828 2093 859 2118 s.
878 2093 975 2131 pro-

109 2137 241 2181 trusit,
265 2135 373 2181 msit,
399 2139 440 2174 ut
464 2135 676 2174 defluerent
699 2135 877 2174 maculae
903 2149 978 2174 una

108 2204 194 2229 cum
220 2205 320 2230 novo
345 2192 489 2230 cruoris
514 2191 639 2230 fluvio.
677 2192 759 2230 Sed
782 2192 902 2239 maIe3
928 2191 976 2230 cf.

107 2247 205 2285 Met.
230 2246 332 2286 VIII.
367 2261 404 2299 p.
442 2251 535 2289 532.
579 2248 764 2294 vulnera,
804 2262 976 2300 quorum

107 2304 346 2355 sanquinem
361 2308 453 2343 tuae
462 2304 653 2343 lacrimae
663 2318 725 2356 pr
736 2304 975 2350 oluerunt,

107 2360 158 2398 ad
182 2358 210 2398 I.
236 2373 272 2411 p.
298 2363 366 2400 49.
390 2359 438 2397 ad
465 2359 579 2399 Caes.
604 2359 650 2398 B.
678 2359 718 2399 C.
744 2359 771 2399 Ι.
796 2364 861 2400 48.

166 2414 254 2454 CAP.
270 2414 461 2454 XXXIX.
498 2429 672 2468 suosque
691 2429 817 2455 casus.
856 2416 975 2455 Flori-

109 2471 184 2510 dus
209 2471 396 2524 explicat:
434 2473 539 2522 quod
567 2472 691 2510 amico
717 2485 790 2510 suo
817 2473 973 2512 orbatus

109 2533 192 2566 erat
214 2527 408 2578 simulque
431 2530 541 2575 vino,
573 2528 680 2575 oleo,
713 2541 814 2579 quae
838 2542 973 2567 secum

108 2588 388 2634 reportaturum
408 2598 455 2622 se
474 2588 711 2636 speraverat.
758 2583 909 2623 Pricaei
924 2585 973 2623 de

109 2641 304 2679 sententia
333 2640 568 2692 depravatus
594 2644 656 2679 est
687 2640 798 2679 locus
823 2655 973 2693 proque

108 2708 201 2736 suos
221 2710 336 2736 casus
356 2697 564 2748 legendum
584 2711 746 2736 scaevos
764 2701 830 2736 aut
841 2711 978 2738 saevos

109 2766 226 2792 casus
237 2753 409 2791 nimirum
423 2754 625 2804 collapsae
638 2757 779 2804 puncto
793 2755 978 2806 temporis

109 2807 260 2847 domus.
286 2809 392 2849 Suos
405 2823 521 2849 casus
534 2809 743 2860 legendum
758 2822 851 2848 esse
870 2813 978 2861 patet

109 2875 161 2901 ex
175 2862 247 2903 Ioci
260 2878 374 2904 nexu.
405 2865 493 2905 Huc
506 2867 606 2904 enim
620 2866 812 2917 pertinent
825 2880 977 2906 vacuae

108 2933 263 2967 manus,
292 2923 393 2961 sicut
421 2923 670 2962 miserationi
697 2923 893 2972 fortunae
915 2935 970 2960 re-

109 2976 304 3026 spondent
336 2978 546 3025 lacrimae,
573 2978 690 3030 [prae
715 2979 855 3016 ceteris
878 2991 971 3017 vero

110 3032 244 3070 verba:
268 3047 342 3073 nec
354 3036 547 3074 innoxius
565 3036 602 3074 ei
618 3035 757 3074 saltem
770 3047 972 3087 rem-essus

108 3089 250 3134 evenit,
277 3091 378 3130 unde
395 3090 600 3131 hortulano
613 3090 796 3143 quicquid
814 3103 970 3143 aggres-

1023 859 1093 884 sus
1119 850 1198 890 est,
1229 857 1384 895 semper
1414 856 1532 881 secus
1563 841 1755 880 cecidisse
1778 838 1890 877 infor-

1022 903 1205 952 tunioque
1241 901 1352 952 quasi
1387 900 1603 938 subiectum
1643 897 1768 935 fuisse
1803 909 1892 933 eum

1023 958 1268 1010 apertissime
1283 958 1420 995 eIucet.
1442 955 1489 993 cf.
1507 967 1624 1006 supra
1637 967 1675 1004 p.
1690 956 1782 994 653.
1797 952 1893 990 dum

1022 1015 1190 1067 fodiens
1202 1027 1313 1064 seqq.
1339 1011 1449 1051 Male
1465 1010 1647 1050 Floridus
1660 1010 1760 1048 haec
1774 1008 1894 1046 verba

1025 1072 1141 1109 etiam
1163 1070 1214 1108 ad
1233 1070 1371 1107 domus
1393 1067 1596 1118 hospitalis
1622 1066 1813 1104 interitum
1836 1077 1893 1102 re-

1027 1126 1116 1171 fert,
1159 1139 1260 1176 quae
1301 1125 1495 1163 sententia
1535 1122 1782 1174 praegressis
1818 1121 1892 1158 iam

1028 1183 1211 1233 exposita
1235 1181 1325 1233 est]

1082 1239 1364 1289 inyemesccns.
1390 1236 1561 1288 [Dubius
1576 1235 1640 1273 diu
1652 1234 1777 1280 haesi,
1796 1233 1895 1272 haec

1027 1294 1219 1332 scribendi
1244 1295 1340 1332 ratio
1380 1297 1506 1330 utrum
1546 1291 1635 1329 huic
1677 1291 1763 1329 loco
1806 1302 1896 1340 sup-

1028 1352 1117 1401 poni
1154 1349 1332 1394 deberet,
1376 1361 1492 1398 quum
1528 1347 1721 1398 Apuleius
1757 1346 1897 1383 ceteris

1027 1407 1172 1456 ubique
1189 1405 1302 1445 Iocis.
1329 1405 1469 1454 quibus
1484 1403 1557 1441 hoc
1571 1403 1691 1441 verbo
1711 1415 1808 1440 usus
1823 1406 1897 1446 est,

1028 1462 1076 1501 cf.
1103 1462 1153 1499 ad
1167 1461 1261 1499 Met.
1277 1460 1360 1498 Vll.
1384 1473 1420 1510 p.
1437 1463 1547 1504 449„
1572 1460 1657 1496 sine
1681 1458 1760 1496 uIIa
1785 1457 1896 1495 codd.

1028 1518 1292 1568 ‹IisCrepantia
1354 1516 1615 1568 inyemiscere
1676 1513 1898 1564 scripserit3

1027 1578 1183 1628 praeter
1199 1572 1432 1612 loeumMet.
1449 1570 1491 1610 II.
1513 1584 1550 1622 p.
1568 1575 1677 1617 124„
1702 1571 1767 1609 ubi
1786 1569 1897 1608 codd.

1030 1630 1163 1670 Guelf.
1202 1634 1235 1671 1.
1273 1633 1312 1667 et
1349 1632 1387 1668 2.
1424 1627 1590 1666 eandem
1631 1626 1899 1666 formationem

1030 1690 1200 1733 tuentur:
1231 1685 1303 1723 sed
1329 1684 1498 1723 Floreat.
1524 1687 1560 1724 3.
1591 1682 1900 1735 inqelm'scebam

1032 1742 1212 1794 praefert.
1250 1741 1325 1779 Hic
1343 1754 1436 1779 vero
1458 1753 1574 1791 quum
1588 1739 1690 1777 idem
1704 1738 1788 1777 cod.
1805 1737 1900 1788 opti-

1032 1813 1119 1838 mus
1133 1803 1172 1837 et
1184 1798 1234 1836 ad
1254 1796 1567 1848 orthographiam
1587 1794 1900 1834 accuratissimus

1031 1857 1301 1908 inyemescens
1356 1853 1545 1905 praebeat
1602 1851 1756 1890 adiutus
1814 1849 1900 1888 cod.

1033 1911 1163 1950 Guelf.
1199 1915 1253 1956 1.‚
1289 1924 1313 1948 a
1342 1923 1404 1948 me
1435 1910 1640 1959 impetrare
1670 1921 1744 1946 non
1776 1906 1901 1957 potui,

1033 1980 1081 2006 ne
1112 1968 1148 2005 in
1178 1970 1285 2004 textu
1314 1966 1415 2004 hanc
1443 1963 1678 2017 scripturam}
1705 1975 1901 2014 ponerem,

1034 2037 1135 2074 quae
1170 2022 1330 2061 forsitan
1368 2022 1403 2059 in
1437 2022 1597 2060 aliorum
1629 2033 1785 2070 quoque
1810 2018 1901 2056 scri-

1033 2085 1184 2132 ptorum
1211 2079 1328 2116 libros
1354 2077 1591 2116 admittenda
1616 2080 1687 2114 est.
1736 2075 1793 2114 lta
1817 2073 1901 2112 cod.

1035 2137 1077 2175 S.
1105 2135 1205 2175 Gall.
1231 2148 1311 2173 sec.
1337 2133 1424 2179 ΙΧ.,
1461 2134 1525 2184 qui
1561 2133 1755 2183 antiquam
1788 2143 1903 2181 quam

1036 2193 1203 2230 imitatur
1232 2191 1336 2230 Dict.
1362 2190 1460 2229 Cret.
1492 2189 1687 2228 scribendi
1717 2189 1903 2226 rationem

1034 2249 1178 2300 optime
1191 2252 1340 2292 servat,
1358 2247 1405 2285 V.
1422 2251 1458 2287 5.
1473 2245 1593 2285 habet
1605 2247 1902 2298 inqemescerct,

1034 2309 1072 2343 et
1097 2318 1128 2343 c.
1158 2308 1218 2344 15.
1254 2305 1570 2355 {nyenzescerent
1604 2301 1706 2352 quod
1739 2304 1902 2349 utroque

1034 2361 1120 2399 Ioco
1134 2359 1414 2399 restituendum
1429 2363 1501 2397 est.
1527 2357 1677 2396 Eadem
1690 2358 1903 2406 scripturae

1034 2417 1239 2456 diversitas
1259 2417 1470 2467 conspicua
1489 2418 1550 2452 est
1569 2414 1672 2464 apud
1693 2412 1768 2451 Cic.
1784 2411 1901 2449 Tusc.

1031 2473 1078 2512 ll.
1106 2477 1144 2514 9.
1169 2474 1200 2524 §.
1222 2476 1285 2513 21.
1312 2472 1462 2511 Moser.
1487 2485 1526 2522 p.
1541 2473 1633 2511 469.
1659 2470 1695 2508 in
1720 2472 1901 2518 interpre-

1031 2530 1177 2569 tatione
1202 2542 1386 2567 versuum
1418 2542 1440 2566 e
1466 2526 1688 2566 Philocteta
1713 2522 1901 2575 SophocI.

1031 2586 1354 2637 depromptorum.
1385 2584 1473 2623 Hae
1487 2584 1587 2622 enim
1602 2581 1902 2621 inchoativorum

1030 2642 1320 2680 terminationes
1360 2641 1526 2685 variant,
1575 2642 1616 2677 ut
1660 2639 1820 2677 lucesco
1864 2638 1903 2673 et

1037 2698 1209 2744 laeccz'sco,
1236 2697 1286 2735 de
1311 2697 1451 2747 quibus
1476 2696 1636 2734 adeatur
1660 2694 1728 2732 Dr.
1748 2693 1799 2731 ad
1817 2691 1901 2730 Liv.

1034 2753 1104 2794 IV.
1129 2758 1192 2795 28.
1219 2754 1251 2805 §.
1268 2759 1322 2798 1.,
1348 2754 1578 2792 conticesco
1603 2754 1643 2789 et
1667 2749 1901 2793 conticis-co,

1036 2815 1306 2850 contremesco
1332 2812 1371 2847 et
1396 2808 1673 2849 contremisco.
1704 2804 1765 2843 Ex
1790 2804 1901 2842 codd.

1034 2866 1146 2917 igitur
1176 2866 1252 2904 fide
1281 2867 1379 2904 inter
1408 2869 1610 2915 utramque
1642 2862 1804 2900 formam
1835 2860 1903 2898 eli-

1031 2922 1199 2973 gendum
1225 2935 1319 2960 esse
1341 2921 1434 2959 mihi
1458 2931 1693 2971 persuasum
1718 2921 1790 2956 est.
1839 2916 1904 2954 De

1031 2978 1316 3016 constructione
1341 2977 1390 3017 cf.
1414 2976 1544 3016 Burm.
1565 2975 1615 3015 ad
1633 2974 1743 3025 Virg.
1767 2972 1902 3012 Eetv.

1031 3038 1095 3076 27.
1119 3033 1188 3073 lV.
1213 3034 1329 3086 692]

1086 3091 1299 3143 deprensis
1339 3103 1423 3142 pro
1467 3088 1651 3142 prandio
1714 3085 1902 3128 lacrimae‘s.
