<?xml version="1.0" encoding="UTF-8"?>
<!DOCTYPE html PUBLIC "-//W3C//DTD XHTML 1.0 Transitional//EN"
    "http://www.w3.org/TR/xhtml1/DTD/xhtml1-transitional.dtd">
<html xmlns="http://www.w3.org/1999/xhtml" xml:lang="en" lang="en">
 <head>
  <title>
</title>
<meta http-equiv="Content-Type" content="text/html;charset=utf-8" />
  <meta name='ocr-system' content='tesseract 3.04.00' />
  <meta name='ocr-capabilities' content='ocr_page ocr_carea ocr_par ocr_line ocrx_word'/>
</head>
<body>
  <div class='ocr_page' id='page_1' title='image "./operaomnia01apuluoft/operaomnia01apuluoft_1275.png"; bbox 0 0 2155 3590; ppageno 0'>
   <div class='ocr_carea' id='block_1_1' title="bbox 720 195 1895 241">
    <p class='ocr_par' dir='ltr' id='par_1_1' title="bbox 720 195 1895 241">
     <span class='ocr_line' id='line_1_1' title="bbox 720 195 1895 241; baseline -0.002 -1"><span class='ocrx_word' id='word_1_1' title='bbox 720 199 908 241; x_wconf 87' lang='lat' dir='ltr'>LIBER</span> <span class='ocrx_word' id='word_1_2' title='bbox 931 200 1007 240; x_wconf 84' lang='lat' dir='ltr'><strong>XI.</strong></span> <span class='ocrx_word' id='word_1_3' title='bbox 1067 199 1193 240; x_wconf 64' lang='lat' dir='ltr'><strong>CAP.</strong></span> <span class='ocrx_word' id='word_1_4' title='bbox 1219 200 1272 240; x_wconf 88' lang='lat' dir='ltr'><strong>X.</strong></span> <span class='ocrx_word' id='word_1_5' title='bbox 1785 195 1895 239; x_wconf 76' lang='lat'><strong>1019</strong></span> 
     </span>
    </p>
   </div>
   <div class='ocr_carea' id='block_1_2' title="bbox 696 396 1303 445">
    <p class='ocr_par' dir='ltr' id='par_1_2' title="bbox 696 396 1303 445">
     <span class='ocr_line' id='line_1_2' title="bbox 696 396 1303 445; baseline -0.005 0"><span class='ocrx_word' id='word_1_6' title='bbox 696 396 1134 445; x_wconf 87' lang='lat' dir='ltr'><strong>CAPUT</strong></span> <span class='ocrx_word' id='word_1_7' title='bbox 1237 396 1303 442; x_wconf 88' lang='lat' dir='ltr'><strong>X.</strong></span> 
     </span>
    </p>
   </div>
   <div class='ocr_carea' id='block_1_3' title="bbox 109 559 1897 785">
    <p class='ocr_par' dir='ltr' id='par_1_3' title="bbox 109 559 1897 785">
     <span class='ocr_line' id='line_1_3' title="bbox 109 559 1896 622; baseline -0.002 -20"><span class='ocrx_word' id='word_1_8' title='bbox 109 563 200 603; x_wconf 85' lang='lat' dir='ltr'><strong>tatis</strong></span> <span class='ocrx_word' id='word_1_9' title='bbox 237 569 276 602; x_wconf 90' lang='lat' dir='ltr'><strong>et</strong></span> <span class='ocrx_word' id='word_1_10' title='bbox 312 563 436 602; x_wconf 87' lang='lat' dir='ltr'><strong>omnis</strong></span> <span class='ocrx_word' id='word_1_11' title='bbox 474 563 636 613; x_wconf 80' lang='lat' dir='ltr'><strong>aetatis,</strong></span> <span class='ocrx_word' id='word_1_12' title='bbox 675 564 818 603; x_wconf 81' lang='lat' dir='ltr'>linteae</span> <span class='ocrx_word' id='word_1_13' title='bbox 855 563 975 603; x_wconf 85' lang='lat' dir='ltr'><strong>vestis</strong></span> <span class='ocrx_word' id='word_1_14' title='bbox 1019 563 1188 602; x_wconf 77' lang='lat' dir='ltr'><strong>candore</strong></span> <span class='ocrx_word' id='word_1_15' title='bbox 1230 575 1324 615; x_wconf 81' lang='lat' dir='ltr'><strong>puro</strong></span> <span class='ocrx_word' id='word_1_16' title='bbox 1361 560 1564 610; x_wconf 82' lang='lat' dir='ltr'><strong>luininosi3</strong></span> <span class='ocrx_word' id='word_1_17' title='bbox 1611 560 1699 599; x_wconf 82' lang='lat' dir='ltr'><strong>illae</strong></span> <span class='ocrx_word' id='word_1_18' title='bbox 1740 559 1896 622; x_wconf 75' lang='lat' dir='ltr'><strong>limpido</strong></span> 
     </span>
     <span class='ocr_line' id='line_1_4' title="bbox 110 615 1896 673; baseline -0.002 -15"><span class='ocrx_word' id='word_1_19' title='bbox 110 619 280 673; x_wconf 68' lang='lat' dir='ltr'><strong>tefftnine</strong></span> <span class='ocrx_word' id='word_1_20' title='bbox 306 619 435 659; x_wconf 89' lang='lat' dir='ltr'><strong>crines</strong></span> <span class='ocrx_word' id='word_1_21' title='bbox 461 620 634 659; x_wconf 85' lang='lat' dir='ltr'><strong>madidos</strong></span> <span class='ocrx_word' id='word_1_22' title='bbox 660 620 889 671; x_wconf 78' lang='lat' dir='ltr'><strong>obvolutae3</strong></span> <span class='ocrx_word' id='word_1_23' title='bbox 916 619 953 658; x_wconf 85' lang='lat' dir='ltr'><strong>hi</strong></span> <span class='ocrx_word' id='word_1_24' title='bbox 979 619 1157 672; x_wconf 79' lang='lat' dir='ltr'>capillum</span> <span class='ocrx_word' id='word_1_25' title='bbox 1183 617 1312 657; x_wconf 82' lang='lat' dir='ltr'>derasi</span> <span class='ocrx_word' id='word_1_26' title='bbox 1339 616 1534 665; x_wconf 81' lang='lat' dir='ltr'><strong>funditus,</strong></span> <span class='ocrx_word' id='word_1_27' title='bbox 1568 616 1716 656; x_wconf 82' lang='lat' dir='ltr'><strong>vertice</strong></span> <span class='ocrx_word' id='word_1_28' title='bbox 1742 615 1896 670; x_wconf 86' lang='lat' dir='ltr'><strong>praeni-</strong></span> 
     </span>
     <span class='ocr_line' id='line_1_5' title="bbox 110 671 1896 729; baseline -0.002 -15"><span class='ocrx_word' id='word_1_29' title='bbox 110 682 258 725; x_wconf 78' lang='lat' dir='ltr'><strong>tentes,</strong></span> <span class='ocrx_word' id='word_1_30' title='bbox 286 688 452 728; x_wconf 84' lang='lat' dir='ltr'><strong>magnae</strong></span> <span class='ocrx_word' id='word_1_31' title='bbox 478 676 680 729; x_wconf 80' lang='lat' dir='ltr'><strong>religionis</strong></span> <span class='ocrx_word' id='word_1_32' title='bbox 706 683 865 716; x_wconf 83' lang='lat' dir='ltr'><strong>terrena</strong></span> <span class='ocrx_word' id='word_1_33' title='bbox 890 675 1034 724; x_wconf 76' lang='lat' dir='ltr'><strong>sidera,</strong></span> <span class='ocrx_word' id='word_1_34' title='bbox 1062 673 1190 714; x_wconf 84' lang='lat' dir='ltr'><strong>aereis</strong></span> <span class='ocrx_word' id='word_1_35' title='bbox 1215 680 1255 713; x_wconf 89' lang='lat' dir='ltr'><strong>et</strong></span> <span class='ocrx_word' id='word_1_36' title='bbox 1278 673 1477 726; x_wconf 77' lang='lat' dir='ltr'><strong>argenteis</strong></span> <span class='ocrx_word' id='word_1_37' title='bbox 1502 673 1619 711; x_wconf 86' lang='lat' dir='ltr'><strong>immo</strong></span> <span class='ocrx_word' id='word_1_38' title='bbox 1644 685 1740 711; x_wconf 88' lang='lat' dir='ltr'><strong>vero</strong></span> <span class='ocrx_word' id='word_1_39' title='bbox 1765 671 1896 712; x_wconf 81' lang='lat' dir='ltr'><strong>aureis</strong></span> 
     </span>
     <span class='ocr_line' id='line_1_6' title="bbox 110 707 1897 785; baseline -0.003 -14"><span class='ocrx_word' id='word_1_40' title='bbox 110 731 226 772; x_wconf 84' lang='lat' dir='ltr'><strong>etiam</strong></span> <span class='ocrx_word' id='word_1_41' title='bbox 249 707 381 771; x_wconf 87' lang='lat' dir='ltr'><strong>sistris</strong></span> <span class='ocrx_word' id='word_1_42' title='bbox 408 740 588 785; x_wconf 82' lang='lat' dir='ltr'><strong>argutum</strong></span> <span class='ocrx_word' id='word_1_43' title='bbox 615 732 796 772; x_wconf 85' lang='lat' dir='ltr'><strong>tinnitum</strong></span> <span class='ocrx_word' id='word_1_44' title='bbox 823 738 1133 785; x_wconf 78' lang='lat' dir='ltr'><strong>constrepentes.</strong></span> <span class='ocrx_word' id='word_1_45' title='bbox 1196 729 1274 770; x_wconf 73' lang='lat' dir='ltr'><strong>Sed</strong></span> <span class='ocrx_word' id='word_1_46' title='bbox 1311 729 1507 769; x_wconf 76' lang='lat' dir='ltr'><strong>antistites</strong></span> <span class='ocrx_word' id='word_1_47' title='bbox 1544 741 1897 782; x_wconf 75' lang='lat' dir='ltr'><strong>s·1eror11nt,pro-</strong></span> 
     </span>
    </p>
   </div>
   <div class='ocr_carea' id='block_1_4' title="bbox 103 841 1902 1246">
    <p class='ocr_par' dir='ltr' id='par_1_4' title="bbox 103 841 1902 1246">
     <span class='ocr_line' id='line_1_7' title="bbox 200 841 1898 883; baseline -0.002 -8"><span class='ocrx_word' id='word_1_48' title='bbox 200 848 329 876; x_wconf 74' lang='lat' dir='ltr'><strong>aetatis</strong></span> <span class='ocrx_word' id='word_1_49' title='bbox 344 848 448 876; x_wconf 72' lang='lat' dir='ltr'><strong>omnis</strong></span> <span class='ocrx_word' id='word_1_50' title='bbox 468 850 503 877; x_wconf 87' lang='lat' dir='ltr'><strong>G.</strong></span> <span class='ocrx_word' id='word_1_51' title='bbox 525 854 606 877; x_wconf 82' lang='lat' dir='ltr'><strong>teste</strong></span> <span class='ocrx_word' id='word_1_52' title='bbox 620 850 699 878; x_wconf 85' lang='lat' dir='ltr'><strong>Oud.</strong></span> <span class='ocrx_word' id='word_1_53' title='bbox 725 850 768 877; x_wconf 79' lang='lat' dir='ltr'><strong>At</strong></span> <span class='ocrx_word' id='word_1_54' title='bbox 788 849 843 883; x_wconf 84' lang='lat' dir='ltr'><strong>qui</strong></span> <span class='ocrx_word' id='word_1_55' title='bbox 862 843 996 877; x_wconf 80' lang='lat' dir='ltr'><strong>contulit</strong></span> <span class='ocrx_word' id='word_1_56' title='bbox 1014 847 1154 876; x_wconf 82' lang='lat' dir='ltr'><strong>codicem</strong></span> <span class='ocrx_word' id='word_1_57' title='bbox 1174 855 1237 876; x_wconf 86' lang='lat' dir='ltr'><strong>non</strong></span> <span class='ocrx_word' id='word_1_58' title='bbox 1260 847 1354 882; x_wconf 74' lang='lat' dir='ltr'><strong>vidit,</strong></span> <span class='ocrx_word' id='word_1_59' title='bbox 1384 846 1480 882; x_wconf 83' lang='lat' dir='ltr'><strong>signa</strong></span> <span class='ocrx_word' id='word_1_60' title='bbox 1503 865 1525 882; x_wconf 63' lang='lat' dir='ltr'><em>n</em></span> <span class='ocrx_word' id='word_1_61' title='bbox 1540 841 1564 859; x_wconf 89' lang='lat'><em>“</em></span> <span class='ocrx_word' id='word_1_62' title='bbox 1588 845 1715 879; x_wconf 78' lang='lat' dir='ltr'><strong>utrique</strong></span> <span class='ocrx_word' id='word_1_63' title='bbox 1737 846 1898 872; x_wconf 70' lang='lat' dir='ltr'><strong>vocabulo</strong></span> 
     </span>
     <span class='ocr_line' id='line_1_8' title="bbox 110 891 1898 930; baseline -0.003 -8"><span class='ocrx_word' id='word_1_64' title='bbox 110 901 184 922; x_wconf 81' lang='lat' dir='ltr'><strong>esse</strong></span> <span class='ocrx_word' id='word_1_65' title='bbox 209 894 375 930; x_wconf 79' lang='lat' dir='ltr'><strong>apposita,</strong></span> <span class='ocrx_word' id='word_1_66' title='bbox 402 894 520 928; x_wconf 82' lang='lat' dir='ltr'><strong>quihus</strong></span> <span class='ocrx_word' id='word_1_67' title='bbox 545 895 577 922; x_wconf 89' lang='lat' dir='ltr'><strong>in</strong></span> <span class='ocrx_word' id='word_1_68' title='bbox 603 897 662 923; x_wconf 85' lang='lat' dir='ltr'><strong>hoe</strong></span> <span class='ocrx_word' id='word_1_69' title='bbox 686 895 797 923; x_wconf 86' lang='lat' dir='ltr'><strong>codice</strong></span> <span class='ocrx_word' id='word_1_70' title='bbox 821 894 954 928; x_wconf 81' lang='lat' dir='ltr'><strong>saepius</strong></span> <span class='ocrx_word' id='word_1_71' title='bbox 978 893 1156 928; x_wconf 75' lang='lat' dir='ltr'><strong>indicatur,</strong></span> <span class='ocrx_word' id='word_1_72' title='bbox 1187 892 1271 920; x_wconf 88' lang='lat' dir='ltr'><strong>inter</strong></span> <span class='ocrx_word' id='word_1_73' title='bbox 1302 900 1338 920; x_wconf 81' lang='lat' dir='ltr'><strong>se</strong></span> <span class='ocrx_word' id='word_1_74' title='bbox 1363 891 1604 925; x_wconf 78' lang='lat' dir='ltr'><strong>transponenda</strong></span> <span class='ocrx_word' id='word_1_75' title='bbox 1627 899 1702 919; x_wconf 80' lang='lat' dir='ltr'><strong>esse</strong></span> <span class='ocrx_word' id='word_1_76' title='bbox 1727 891 1898 918; x_wconf 77' lang='lat' dir='ltr'><strong>vocabula.</strong></span> 
     </span>
     <span class='ocr_line' id='line_1_9' title="bbox 110 932 1898 975; baseline -0.003 -11"><span class='ocrx_word' id='word_1_77' title='bbox 110 938 276 966; x_wconf 78' lang='lat' dir='ltr'><strong>nn‘tratae</strong></span> <span class='ocrx_word' id='word_1_78' title='bbox 289 947 345 974; x_wconf 83' lang='lat' dir='ltr'><strong>pro</strong></span> <span class='ocrx_word' id='word_1_79' title='bbox 358 938 518 966; x_wconf 74' lang='lat' dir='ltr'><strong>initiatae</strong></span> <span class='ocrx_word' id='word_1_80' title='bbox 534 941 568 968; x_wconf 91' lang='grc' dir='ltr'><strong>Β.</strong></span> <span class='ocrx_word' id='word_1_81' title='bbox 617 938 740 967; x_wconf 78' lang='lat' dir='ltr'><strong>cmulee</strong></span> <span class='ocrx_word' id='word_1_82' title='bbox 754 937 782 967; x_wconf 79' lang='grc' dir='ltr'><strong>δ.</strong></span> <span class='ocrx_word' id='word_1_83' title='bbox 830 936 995 975; x_wconf 74' lang='lat' dir='ltr'><strong>limphydo</strong></span> <span class='ocrx_word' id='word_1_84' title='bbox 1010 939 1046 966; x_wconf 86' lang='lat' dir='ltr'><strong>G.</strong></span> <span class='ocrx_word' id='word_1_85' title='bbox 1060 939 1098 966; x_wconf 89' lang='lat' dir='ltr'><strong>D.</strong></span> <span class='ocrx_word' id='word_1_86' title='bbox 1123 936 1264 975; x_wconf 65' lang='lat' dir='ltr'><strong>(tsnepico</strong></span> <span class='ocrx_word' id='word_1_87' title='bbox 1278 938 1327 966; x_wconf 84' lang='lat' dir='ltr'><strong>ed.</strong></span> <span class='ocrx_word' id='word_1_88' title='bbox 1340 937 1468 965; x_wconf 71' lang='lat' dir='ltr'><strong>Yicent.</strong></span> <span class='ocrx_word' id='word_1_89' title='bbox 1515 934 1617 962; x_wconf 64' lang='lat' dir='ltr'><strong>linteo</strong></span> <span class='ocrx_word' id='word_1_90' title='bbox 1637 936 1675 963; x_wconf 86' lang='lat' dir='ltr'><strong>R.</strong></span> <span class='ocrx_word' id='word_1_91' title='bbox 1691 937 1733 964; x_wconf 83' lang='lat' dir='ltr'><strong>al.</strong></span> <span class='ocrx_word' id='word_1_92' title='bbox 1765 932 1898 970; x_wconf 83' lang='lat' dir='ltr'><strong>limpido</strong></span> 
     </span>
     <span class='ocr_line' id='line_1_10' title="bbox 111 981 1900 1020; baseline -0.002 -10"><span class='ocrx_word' id='word_1_93' title='bbox 111 982 274 1020; x_wconf 74' lang='lat' dir='ltr'><strong>tegimine.</strong></span> <span class='ocrx_word' id='word_1_94' title='bbox 322 983 468 1012; x_wconf 70' lang='lat' dir='ltr'><strong>mah&#39;dos</strong></span> <span class='ocrx_word' id='word_1_95' title='bbox 483 993 511 1019; x_wconf 84' lang='lat' dir='ltr'><strong>p.</strong></span> <span class='ocrx_word' id='word_1_96' title='bbox 559 982 615 1011; x_wconf 78' lang='lat' dir='ltr'><strong>ha·</strong></span> <span class='ocrx_word' id='word_1_97' title='bbox 631 986 668 1013; x_wconf 83' lang='lat' dir='ltr'><strong>F.</strong></span> <span class='ocrx_word' id='word_1_98' title='bbox 690 986 719 1012; x_wconf 87' lang='grc'><strong>3.</strong></span> <span class='ocrx_word' id='word_1_99' title='bbox 740 987 776 1013; x_wconf 85' lang='lat' dir='ltr'><strong>G.</strong></span> <span class='ocrx_word' id='word_1_100' title='bbox 795 986 832 1012; x_wconf 90' lang='lat' dir='ltr'><strong>P.</strong></span> <span class='ocrx_word' id='word_1_101' title='bbox 851 986 886 1012; x_wconf 92' lang='grc' dir='ltr'><strong>Ο.</strong></span> <span class='ocrx_word' id='word_1_102' title='bbox 906 985 942 1013; x_wconf 86' lang='lat' dir='ltr'><strong>L.</strong></span> <span class='ocrx_word' id='word_1_103' title='bbox 962 981 990 1012; x_wconf 81' lang='grc' dir='ltr'><strong>δ.</strong></span> <span class='ocrx_word' id='word_1_104' title='bbox 1004 991 1057 1017; x_wconf 51' lang='grc' dir='ltr'><strong>ιβ..</strong></span> <span class='ocrx_word' id='word_1_105' title='bbox 1087 981 1113 1008; x_wconf 86' lang='lat' dir='ltr'><em>C</em></span> <span class='ocrx_word' id='word_1_106' title='bbox 1135 984 1244 1011; x_wconf 82' lang='lat' dir='ltr'><strong>littera</strong></span> <span class='ocrx_word' id='word_1_107' title='bbox 1268 990 1309 1011; x_wconf 84' lang='lat' dir='ltr'><strong>ex</strong></span> <span class='ocrx_word' id='word_1_108' title='bbox 1332 985 1485 1015; x_wconf 82' lang='lat' dir='ltr'><strong>sequente</strong></span> <span class='ocrx_word' id='word_1_109' title='bbox 1508 982 1667 1009; x_wconf 81' lang='lat' dir='ltr'><strong>vocabulo</strong></span> <span class='ocrx_word' id='word_1_110' title='bbox 1693 981 1900 1008; x_wconf 82' lang='lat' dir='ltr'><strong>adhaerente.</strong></span> 
     </span>
     <span class='ocr_line' id='line_1_11' title="bbox 110 1024 1900 1062; baseline -0.001 -8"><span class='ocrx_word' id='word_1_111' title='bbox 110 1027 193 1055; x_wconf 52' lang='lat' dir='ltr'><strong>hinc*</strong></span> <span class='ocrx_word' id='word_1_112' title='bbox 208 1029 228 1058; x_wconf 79' lang='lat' dir='ltr'><strong>f.</strong></span> <span class='ocrx_word' id='word_1_113' title='bbox 253 1031 290 1057; x_wconf 84' lang='lat' dir='ltr'><strong>In</strong></span> <span class='ocrx_word' id='word_1_114' title='bbox 311 1034 384 1058; x_wconf 83' lang='lat' dir='ltr'><strong>cett.</strong></span> <span class='ocrx_word' id='word_1_115' title='bbox 401 1028 447 1058; x_wconf 75' lang='lat' dir='ltr'><strong>ln&#39;.</strong></span> <span class='ocrx_word' id='word_1_116' title='bbox 499 1027 626 1057; x_wconf 77' lang='lat' dir='ltr'><strong>detersi</strong></span> <span class='ocrx_word' id='word_1_117' title='bbox 643 1031 680 1059; x_wconf 85' lang='lat' dir='ltr'><strong>G.</strong></span> <span class='ocrx_word' id='word_1_118' title='bbox 694 1031 729 1058; x_wconf 94' lang='grc' dir='ltr'><strong>Ο.</strong></span> <span class='ocrx_word' id='word_1_119' title='bbox 742 1031 778 1058; x_wconf 88' lang='grc' dir='ltr'><strong>Ρ.</strong></span> <span class='ocrx_word' id='word_1_120' title='bbox 791 1030 829 1058; x_wconf 86' lang='lat' dir='ltr'><strong>D.</strong></span> <span class='ocrx_word' id='word_1_121' title='bbox 842 1030 879 1057; x_wconf 84' lang='lat' dir='ltr'><strong>L.</strong></span> <span class='ocrx_word' id='word_1_122' title='bbox 895 1028 915 1057; x_wconf 77' lang='lat' dir='ltr'><strong>t.</strong></span> <span class='ocrx_word' id='word_1_123' title='bbox 962 1028 1120 1055; x_wconf 68' lang='lat' dir='ltr'><strong>verticem</strong></span> <span class='ocrx_word' id='word_1_124' title='bbox 1133 1029 1170 1057; x_wconf 88' lang='lat' dir='ltr'><strong>P.</strong></span> <span class='ocrx_word' id='word_1_125' title='bbox 1185 1029 1219 1056; x_wconf 92' lang='grc' dir='ltr'><strong>Ο.</strong></span> <span class='ocrx_word' id='word_1_126' title='bbox 1235 1036 1264 1062; x_wconf 82' lang='lat' dir='ltr'><strong>p.</strong></span> <span class='ocrx_word' id='word_1_127' title='bbox 1282 1027 1304 1056; x_wconf 82' lang='lat' dir='ltr'><strong>f.</strong></span> <span class='ocrx_word' id='word_1_128' title='bbox 1318 1024 1347 1055; x_wconf 79' lang='grc' dir='ltr'><strong>δ.</strong></span> <span class='ocrx_word' id='word_1_129' title='bbox 1368 1028 1416 1056; x_wconf 86' lang='lat' dir='ltr'><strong>ed.</strong></span> <span class='ocrx_word' id='word_1_130' title='bbox 1437 1035 1482 1061; x_wconf 81' lang='lat' dir='ltr'><strong>pr.</strong></span> <span class='ocrx_word' id='word_1_131' title='bbox 1497 1026 1623 1054; x_wconf 78' lang='lat' dir='ltr'><strong>Vieent.</strong></span> <span class='ocrx_word' id='word_1_132' title='bbox 1637 1026 1750 1053; x_wconf 78' lang='lat' dir='ltr'><strong>venet.</strong></span> <span class='ocrx_word' id='word_1_133' title='bbox 1765 1025 1900 1053; x_wconf 74' lang='lat' dir='ltr'><strong>⁴2.·²1unt.</strong></span> 
     </span>
     <span class='ocr_line' id='line_1_12' title="bbox 112 1069 1902 1111; baseline -0.002 -10"><span class='ocrx_word' id='word_1_134' title='bbox 112 1076 141 1102; x_wconf 88' lang='lat' dir='ltr'><strong>l.</strong></span> <span class='ocrx_word' id='word_1_135' title='bbox 155 1076 185 1102; x_wconf 80' lang='grc'><strong>2.</strong></span> <span class='ocrx_word' id='word_1_136' title='bbox 197 1075 273 1103; x_wconf 63' lang='lat' dir='ltr'><strong>Ald.</strong></span> <span class='ocrx_word' id='word_1_137' title='bbox 289 1075 393 1104; x_wconf 87' lang='lat' dir='ltr'><strong>Colin.</strong></span> <span class='ocrx_word' id='word_1_138' title='bbox 434 1075 636 1111; x_wconf 72' lang='lat' dir='ltr'><strong>praemittes</strong></span> <span class='ocrx_word' id='word_1_139' title='bbox 650 1083 679 1109; x_wconf 85' lang='lat' dir='ltr'><strong>p.</strong></span> <span class='ocrx_word' id='word_1_140' title='bbox 699 1074 869 1111; x_wconf 63' lang='lat' dir='ltr'><strong>praeficies</strong></span> <span class='ocrx_word' id='word_1_141' title='bbox 883 1075 922 1103; x_wconf 87' lang='lat' dir='ltr'><strong>D.</strong></span> <span class='ocrx_word' id='word_1_142' title='bbox 957 1076 991 1100; x_wconf 81' lang='lat' dir='ltr'><strong>et</strong></span> <span class='ocrx_word' id='word_1_143' title='bbox 1004 1072 1178 1100; x_wconf 76' lang='lat' dir='ltr'><strong>antistites</strong></span> <span class='ocrx_word' id='word_1_144' title='bbox 1192 1075 1228 1101; x_wconf 89' lang='lat' dir='ltr'><strong>B.</strong></span> <span class='ocrx_word' id='word_1_145' title='bbox 1244 1081 1272 1107; x_wconf 83' lang='lat' dir='ltr'><strong>p.</strong></span> <span class='ocrx_word' id='word_1_146' title='bbox 1288 1072 1308 1100; x_wconf 84' lang='lat' dir='ltr'><strong>f.</strong></span> <span class='ocrx_word' id='word_1_147' title='bbox 1323 1073 1393 1100; x_wconf 87' lang='lat' dir='ltr'><strong>edd.</strong></span> <span class='ocrx_word' id='word_1_148' title='bbox 1409 1075 1484 1100; x_wconf 78' lang='lat' dir='ltr'><strong>vett.</strong></span> <span class='ocrx_word' id='word_1_149' title='bbox 1498 1079 1601 1104; x_wconf 80' lang='lat' dir='ltr'><strong>usque</strong></span> <span class='ocrx_word' id='word_1_150' title='bbox 1613 1071 1654 1099; x_wconf 86' lang='lat' dir='ltr'><strong>ad</strong></span> <span class='ocrx_word' id='word_1_151' title='bbox 1669 1069 1759 1098; x_wconf 79' lang='lat' dir='ltr'><strong>Colv.</strong></span> <span class='ocrx_word' id='word_1_152' title='bbox 1774 1073 1902 1104; x_wconf 80' lang='lat' dir='ltr'><strong>praeter</strong></span> 
     </span>
     <span class='ocr_line' id='line_1_13' title="bbox 110 1116 1901 1155; baseline -0.004 -8"><span class='ocrx_word' id='word_1_153' title='bbox 110 1121 193 1148; x_wconf 84' lang='lat' dir='ltr'><strong>lunt.</strong></span> <span class='ocrx_word' id='word_1_154' title='bbox 206 1121 237 1148; x_wconf 86' lang='grc'><strong>2.</strong></span> <span class='ocrx_word' id='word_1_155' title='bbox 251 1127 334 1154; x_wconf 81' lang='lat' dir='ltr'><strong>quae</strong></span> <span class='ocrx_word' id='word_1_156' title='bbox 348 1128 419 1148; x_wconf 91' lang='lat' dir='ltr'><strong>cum</strong></span> <span class='ocrx_word' id='word_1_157' title='bbox 435 1121 585 1155; x_wconf 76' lang='lat' dir='ltr'><strong>plurimis·</strong></span> <span class='ocrx_word' id='word_1_158' title='bbox 598 1121 689 1148; x_wconf 85' lang='lat' dir='ltr'><strong>codd.</strong></span> <span class='ocrx_word' id='word_1_159' title='bbox 703 1124 732 1148; x_wconf 86' lang='lat' dir='ltr'><strong>et</strong></span> <span class='ocrx_word' id='word_1_160' title='bbox 751 1121 820 1148; x_wconf 90' lang='lat' dir='ltr'><strong>edd.</strong></span> <span class='ocrx_word' id='word_1_161' title='bbox 840 1123 970 1147; x_wconf 86' lang='lat' dir='ltr'><strong>recentt.</strong></span> <span class='ocrx_word' id='word_1_162' title='bbox 990 1121 1085 1147; x_wconf 84' lang='lat' dir='ltr'><strong>habet</strong></span> <span class='ocrx_word' id='word_1_163' title='bbox 1110 1116 1169 1146; x_wconf 74' lang='lat' dir='ltr'><strong>sed</strong></span> <span class='ocrx_word' id='word_1_164' title='bbox 1185 1117 1372 1145; x_wconf 66' lang='lat' dir='ltr'><strong>antistites.</strong></span> <span class='ocrx_word' id='word_1_165' title='bbox 1397 1118 1537 1146; x_wconf 82' lang='lat' dir='ltr'><strong>Florent.</strong></span> <span class='ocrx_word' id='word_1_166' title='bbox 1553 1118 1582 1144; x_wconf 88' lang='grc'><strong>3.</strong></span> <span class='ocrx_word' id='word_1_167' title='bbox 1598 1117 1727 1150; x_wconf 83' lang='lat' dir='ltr'><strong>praebet</strong></span> <span class='ocrx_word' id='word_1_168' title='bbox 1748 1117 1901 1142; x_wconf 80' lang='lat' dir='ltr'><strong>consere-</strong></span> 
     </span>
     <span class='ocr_line' id='line_1_14' title="bbox 103 1159 1902 1201; baseline -0.002 -11"><span class='ocrx_word' id='word_1_169' title='bbox 103 1167 206 1201; x_wconf 70' lang='lat' dir='ltr'><strong>prnte</strong></span> <span class='ocrx_word' id='word_1_170' title='bbox 226 1163 299 1201; x_wconf 84' lang='lat' dir='ltr'><strong>sed,</strong></span> <span class='ocrx_word' id='word_1_171' title='bbox 327 1163 350 1192; x_wconf 90' lang='lat' dir='ltr'><strong><em>S</em></strong></span> <span class='ocrx_word' id='word_1_172' title='bbox 367 1164 487 1192; x_wconf 81' lang='lat' dir='ltr'><strong>littera</strong></span> <span class='ocrx_word' id='word_1_173' title='bbox 501 1165 589 1194; x_wconf 81' lang='lat' dir='ltr'><strong>finali</strong></span> <span class='ocrx_word' id='word_1_174' title='bbox 608 1168 645 1193; x_wconf 85' lang='lat' dir='ltr'><strong>ob</strong></span> <span class='ocrx_word' id='word_1_175' title='bbox 660 1170 846 1198; x_wconf 71' lang='lat' dir='ltr'><strong>sequentem</strong></span> <span class='ocrx_word' id='word_1_176' title='bbox 862 1165 994 1192; x_wconf 87' lang='lat' dir='ltr'><strong>eandem</strong></span> <span class='ocrx_word' id='word_1_177' title='bbox 1014 1164 1153 1191; x_wconf 74' lang='lat' dir='ltr'><strong>litteram</strong></span> <span class='ocrx_word' id='word_1_178' title='bbox 1173 1164 1304 1192; x_wconf 82' lang='lat' dir='ltr'><strong>omissa.</strong></span> <span class='ocrx_word' id='word_1_179' title='bbox 1341 1164 1516 1196; x_wconf 80' lang='lat' dir='ltr'><strong>Utramque</strong></span> <span class='ocrx_word' id='word_1_180' title='bbox 1534 1161 1729 1195; x_wconf 78' lang='lat' dir='ltr'><strong>scripturam</strong></span> <span class='ocrx_word' id='word_1_181' title='bbox 1749 1159 1902 1188; x_wconf 80' lang='lat' dir='ltr'><strong>conflavit</strong></span> 
     </span>
     <span class='ocr_line' id='line_1_15' title="bbox 110 1205 1902 1246; baseline -0.002 -9"><span class='ocrx_word' id='word_1_182' title='bbox 110 1210 179 1237; x_wconf 86' lang='lat' dir='ltr'><strong>cod.</strong></span> <span class='ocrx_word' id='word_1_183' title='bbox 193 1206 221 1238; x_wconf 82' lang='grc' dir='ltr'><strong>δ.</strong></span> <span class='ocrx_word' id='word_1_184' title='bbox 232 1232 240 1246; x_wconf 86' lang='grc'>,</span> <span class='ocrx_word' id='word_1_185' title='bbox 264 1208 324 1237; x_wconf 72' lang='lat' dir='ltr'><strong>sed</strong></span> <span class='ocrx_word' id='word_1_186' title='bbox 335 1213 369 1236; x_wconf 76' lang='lat' dir='ltr'><strong>et</strong></span> <span class='ocrx_word' id='word_1_187' title='bbox 379 1211 538 1244; x_wconf 75' lang='lat' dir='ltr'><strong>scribens,</strong></span> <span class='ocrx_word' id='word_1_188' title='bbox 553 1211 635 1244; x_wconf 87' lang='lat' dir='ltr'><strong>quod</strong></span> <span class='ocrx_word' id='word_1_189' title='bbox 651 1211 728 1238; x_wconf 78' lang='lat' dir='ltr'><strong>oud.</strong></span> <span class='ocrx_word' id='word_1_190' title='bbox 744 1213 910 1243; x_wconf 73' lang='lat' dir='ltr'><strong>probatum</strong></span> <span class='ocrx_word' id='word_1_191' title='bbox 924 1210 1123 1238; x_wconf 68' lang='lat' dir='ltr'><strong>anuliiiken.</strong></span> <span class='ocrx_word' id='word_1_192' title='bbox 1137 1208 1169 1236; x_wconf 88' lang='lat' dir='ltr'><strong>in</strong></span> <span class='ocrx_word' id='word_1_193' title='bbox 1184 1212 1304 1236; x_wconf 81' lang='lat' dir='ltr'><strong>textum</strong></span> <span class='ocrx_word' id='word_1_194' title='bbox 1319 1208 1497 1236; x_wconf 79' lang='lat' dir='ltr'><strong>admissum</strong></span> <span class='ocrx_word' id='word_1_195' title='bbox 1511 1210 1569 1235; x_wconf 73' lang='lat' dir='ltr'><strong>est.</strong></span> <span class='ocrx_word' id='word_1_196' title='bbox 1590 1207 1690 1240; x_wconf 83' lang='lat' dir='ltr'><strong>Quam</strong></span> <span class='ocrx_word' id='word_1_197' title='bbox 1704 1205 1835 1234; x_wconf 79' lang='lat' dir='ltr'><strong>incaute</strong></span> <span class='ocrx_word' id='word_1_198' title='bbox 1848 1205 1902 1234; x_wconf 84' lang='lat' dir='ltr'><strong>hic</strong></span> 
     </span>
    </p>
   </div>
   <div class='ocr_carea' id='block_1_5' title="bbox 108 1250 1900 1291">
    <p class='ocr_par' dir='ltr' id='par_1_5' title="bbox 108 1250 1900 1291">
     <span class='ocr_line' id='line_1_16' title="bbox 108 1250 1900 1291; baseline -0.002 -9"><span class='ocrx_word' id='word_1_199' title='bbox 108 1262 234 1288; x_wconf 85' lang='lat' dir='ltr'><strong>quoque</strong></span> <span class='ocrx_word' id='word_1_200' title='bbox 248 1256 326 1284; x_wconf 86' lang='lat' dir='ltr'><strong>oud.</strong></span> <span class='ocrx_word' id='word_1_201' title='bbox 342 1256 440 1291; x_wconf 86' lang='lat' dir='ltr'><strong>egerit</strong></span> <span class='ocrx_word' id='word_1_202' title='bbox 455 1255 591 1290; x_wconf 81' lang='lat' dir='ltr'><strong>quisque</strong></span> <span class='ocrx_word' id='word_1_203' title='bbox 604 1255 761 1290; x_wconf 77' lang='lat' dir='ltr'><strong>intelliget</strong></span> <span class='ocrx_word' id='word_1_204' title='bbox 776 1255 830 1288; x_wconf 89' lang='lat' dir='ltr'><strong>qui</strong></span> <span class='ocrx_word' id='word_1_205' title='bbox 844 1259 1039 1289; x_wconf 78' lang='lat' dir='ltr'><strong>quantopere</strong></span> <span class='ocrx_word' id='word_1_206' title='bbox 1053 1255 1123 1282; x_wconf 89' lang='lat' dir='ltr'><strong>cod.</strong></span> <span class='ocrx_word' id='word_1_207' title='bbox 1139 1250 1167 1281; x_wconf 75' lang='grc' dir='ltr'><strong>δ’.</strong></span> <span class='ocrx_word' id='word_1_208' title='bbox 1182 1253 1351 1281; x_wconf 80' lang='lat' dir='ltr'><strong>mutilatus</strong></span> <span class='ocrx_word' id='word_1_209' title='bbox 1365 1257 1395 1281; x_wconf 86' lang='lat' dir='ltr'><strong>et</strong></span> <span class='ocrx_word' id='word_1_210' title='bbox 1414 1254 1629 1287; x_wconf 82' lang='lat' dir='ltr'><strong>interpolatus</strong></span> <span class='ocrx_word' id='word_1_211' title='bbox 1650 1251 1693 1279; x_wconf 82' lang='lat' dir='ltr'><strong>sit</strong></span> <span class='ocrx_word' id='word_1_212' title='bbox 1711 1250 1900 1279; x_wconf 87' lang='lat' dir='ltr'><strong>meminerit.</strong></span> 
     </span>
    </p>
   </div>
   <div class='ocr_carea' id='block_1_6' title="bbox 108 1297 498 1330">
    <p class='ocr_par' dir='ltr' id='par_1_6' title="bbox 108 1297 498 1330">
     <span class='ocr_line' id='line_1_17' title="bbox 108 1297 498 1330; baseline 0.008 -4"><span class='ocrx_word' id='word_1_213' title='bbox 108 1299 253 1328; x_wconf 75' lang='lat' dir='ltr'><strong>antistes</strong></span> <span class='ocrx_word' id='word_1_214' title='bbox 266 1297 295 1329; x_wconf 73' lang='grc' dir='ltr'><strong>δ’.</strong></span> <span class='ocrx_word' id='word_1_215' title='bbox 310 1301 358 1329; x_wconf 87' lang='lat' dir='ltr'><strong>ed.</strong></span> <span class='ocrx_word' id='word_1_216' title='bbox 376 1302 452 1330; x_wconf 86' lang='lat' dir='ltr'><strong>Bas.</strong></span> <span class='ocrx_word' id='word_1_217' title='bbox 469 1302 498 1329; x_wconf 91' lang='lat'><strong>1.</strong></span> 
     </span>
    </p>
   </div>
   <div class='ocr_carea' id='block_1_7' title="bbox 112 1385 981 1597">
    <p class='ocr_par' dir='ltr' id='par_1_7' title="bbox 112 1385 978 1494">
     <span class='ocr_line' id='line_1_18' title="bbox 168 1385 978 1438; baseline -0.001 -13"><span class='ocrx_word' id='word_1_218' title='bbox 168 1385 256 1426; x_wconf 74' lang='lat' dir='ltr'><strong>CAr.</strong></span> <span class='ocrx_word' id='word_1_219' title='bbox 271 1385 322 1425; x_wconf 90' lang='lat' dir='ltr'><strong>X.</strong></span> <span class='ocrx_word' id='word_1_220' title='bbox 365 1388 493 1426; x_wconf 82' lang='lat' dir='ltr'><strong>sacris</strong></span> <span class='ocrx_word' id='word_1_221' title='bbox 513 1387 660 1426; x_wconf 74' lang='grc' dir='ltr'><strong>(ἶίιὶηἰς</strong></span> <span class='ocrx_word' id='word_1_222' title='bbox 680 1387 876 1425; x_wconf 74' lang='lat' dir='ltr'><strong>initiatae.</strong></span> <span class='ocrx_word' id='word_1_223' title='bbox 913 1385 978 1438; x_wconf 88' lang='lat' dir='ltr'><strong>[cs.</strong></span> 
     </span>
     <span class='ocr_line' id='line_1_19' title="bbox 112 1442 787 1494; baseline 0.003 -13"><span class='ocrx_word' id='word_1_224' title='bbox 112 1442 263 1481; x_wconf 87' lang='lat' dir='ltr'><strong>Meurs.</strong></span> <span class='ocrx_word' id='word_1_225' title='bbox 290 1442 462 1481; x_wconf 84' lang='lat' dir='ltr'><strong>Eleusin.</strong></span> <span class='ocrx_word' id='word_1_226' title='bbox 488 1457 520 1481; x_wconf 90' lang='lat' dir='ltr'><strong>c.</strong></span> <span class='ocrx_word' id='word_1_227' title='bbox 552 1447 614 1483; x_wconf 93' lang='grc'><strong>16.</strong></span> <span class='ocrx_word' id='word_1_228' title='bbox 640 1456 677 1494; x_wconf 84' lang='lat' dir='ltr'><strong>p.</strong></span> <span class='ocrx_word' id='word_1_229' title='bbox 704 1442 787 1494; x_wconf 76' lang='lat'><strong>46.]</strong></span> 
     </span>
    </p>

    <p class='ocr_par' dir='ltr' id='par_1_8' title="bbox 113 1498 981 1597">
     <span class='ocr_line' id='line_1_20' title="bbox 168 1498 981 1550; baseline -0.004 -12"><span class='ocrx_word' id='word_1_230' title='bbox 168 1499 317 1538; x_wconf 75' lang='lat' dir='ltr'><strong>linteae</strong></span> <span class='ocrx_word' id='word_1_231' title='bbox 346 1501 471 1538; x_wconf 77' lang='lat' dir='ltr'><strong>vestis.</strong></span> <span class='ocrx_word' id='word_1_232' title='bbox 537 1498 641 1550; x_wconf 84' lang='lat' dir='ltr'><strong>[Isis</strong></span> <span class='ocrx_word' id='word_1_233' title='bbox 673 1499 773 1536; x_wconf 89' lang='lat' dir='ltr'><strong>enim</strong></span> <span class='ocrx_word' id='word_1_234' title='bbox 805 1499 869 1536; x_wconf 90' lang='lat' dir='ltr'><strong>lini</strong></span> <span class='ocrx_word' id='word_1_235' title='bbox 900 1502 981 1536; x_wconf 83' lang='lat' dir='ltr'><strong>erat</strong></span> 
     </span>
     <span class='ocr_line' id='line_1_21' title="bbox 113 1554 978 1597; baseline -0.001 -4"><span class='ocrx_word' id='word_1_236' title='bbox 113 1556 301 1594; x_wconf 84' lang='lat' dir='ltr'><strong>inventrix</strong></span> <span class='ocrx_word' id='word_1_237' title='bbox 326 1555 389 1593; x_wconf 80' lang='lat' dir='ltr'><strong>vel</strong></span> <span class='ocrx_word' id='word_1_238' title='bbox 403 1559 508 1595; x_wconf 80' lang='lat' dir='ltr'><strong>certe</strong></span> <span class='ocrx_word' id='word_1_239' title='bbox 522 1569 634 1594; x_wconf 86' lang='lat' dir='ltr'><strong>usum</strong></span> <span class='ocrx_word' id='word_1_240' title='bbox 656 1554 718 1593; x_wconf 87' lang='lat' dir='ltr'><strong>lini</strong></span> <span class='ocrx_word' id='word_1_241' title='bbox 739 1555 909 1597; x_wconf 83' lang='lat' dir='ltr'><strong>edocuit:</strong></span> <span class='ocrx_word' id='word_1_242' title='bbox 930 1554 978 1593; x_wconf 85' lang='lat' dir='ltr'><strong>ef.</strong></span> 
     </span>
    </p>
   </div>
   <div class='ocr_carea' id='block_1_8' title="bbox 101 1610 987 3243">
    <p class='ocr_par' dir='ltr' id='par_1_9' title="bbox 101 1610 987 3185">
     <span class='ocr_line' id='line_1_22' title="bbox 112 1610 978 1652; baseline -0.001 -2"><span class='ocrx_word' id='word_1_243' title='bbox 112 1611 284 1651; x_wconf 79' lang='lat' dir='ltr'><strong>Broukh.</strong></span> <span class='ocrx_word' id='word_1_244' title='bbox 309 1612 359 1650; x_wconf 86' lang='lat' dir='ltr'><strong>ad</strong></span> <span class='ocrx_word' id='word_1_245' title='bbox 385 1610 525 1650; x_wconf 82' lang='lat' dir='ltr'><strong>Tibull.</strong></span> <span class='ocrx_word' id='word_1_246' title='bbox 553 1610 581 1651; x_wconf 87' lang='lat' dir='ltr'><strong>l.</strong></span> <span class='ocrx_word' id='word_1_247' title='bbox 607 1616 643 1652; x_wconf 87' lang='lat'><strong>3.</strong></span> <span class='ocrx_word' id='word_1_248' title='bbox 670 1615 734 1652; x_wconf 89' lang='lat'><strong>30.</strong></span> <span class='ocrx_word' id='word_1_249' title='bbox 767 1611 904 1649; x_wconf 77' lang='lat' dir='ltr'><strong>Heius.</strong></span> <span class='ocrx_word' id='word_1_250' title='bbox 930 1611 978 1649; x_wconf 85' lang='lat' dir='ltr'><strong>ad</strong></span> 
     </span>
     <span class='ocr_line' id='line_1_23' title="bbox 112 1667 976 1708; baseline 0.001 -2"><span class='ocrx_word' id='word_1_251' title='bbox 112 1667 225 1706; x_wconf 77' lang='lat' dir='ltr'><strong>Ovid.</strong></span> <span class='ocrx_word' id='word_1_252' title='bbox 251 1668 335 1706; x_wconf 91' lang='lat' dir='ltr'><strong>Art.</strong></span> <span class='ocrx_word' id='word_1_253' title='bbox 360 1667 388 1707; x_wconf 90' lang='lat' dir='ltr'><strong>I.</strong></span> <span class='ocrx_word' id='word_1_254' title='bbox 403 1672 466 1708; x_wconf 90' lang='lat'><strong>77.</strong></span> <span class='ocrx_word' id='word_1_255' title='bbox 491 1667 646 1705; x_wconf 84' lang='lat' dir='ltr'><strong>Ruhnk.</strong></span> <span class='ocrx_word' id='word_1_256' title='bbox 673 1668 722 1705; x_wconf 80' lang='lat' dir='ltr'><strong>ad</strong></span> <span class='ocrx_word' id='word_1_257' title='bbox 748 1668 857 1706; x_wconf 82' lang='lat' dir='ltr'><strong>Suet.</strong></span> <span class='ocrx_word' id='word_1_258' title='bbox 883 1668 976 1707; x_wconf 86' lang='lat' dir='ltr'><strong>Oth.</strong></span> 
     </span>
     <span class='ocr_line' id='line_1_24' title="bbox 113 1723 976 1777; baseline -0.002 -13"><span class='ocrx_word' id='word_1_259' title='bbox 113 1740 145 1764; x_wconf 88' lang='lat' dir='ltr'><strong>e.</strong></span> <span class='ocrx_word' id='word_1_260' title='bbox 176 1729 238 1764; x_wconf 86' lang='lat'><strong>11.</strong></span> <span class='ocrx_word' id='word_1_261' title='bbox 286 1723 371 1762; x_wconf 87' lang='lat' dir='ltr'><strong>lntt.</strong></span> <span class='ocrx_word' id='word_1_262' title='bbox 402 1724 451 1777; x_wconf 78' lang='lat' dir='ltr'><strong>ad</strong></span> <span class='ocrx_word' id='word_1_263' title='bbox 483 1723 650 1763; x_wconf 85' lang='lat' dir='ltr'><strong>Iuvenal.</strong></span> <span class='ocrx_word' id='word_1_264' title='bbox 676 1723 758 1762; x_wconf 87' lang='lat' dir='ltr'><strong>Sat.</strong></span> <span class='ocrx_word' id='word_1_265' title='bbox 784 1723 851 1763; x_wconf 72' lang='lat' dir='ltr'><strong>Vl.</strong></span> <span class='ocrx_word' id='word_1_266' title='bbox 884 1728 976 1764; x_wconf 86' lang='lat'><strong>533.</strong></span> 
     </span>
     <span class='ocr_line' id='line_1_25' title="bbox 113 1779 975 1832; baseline 0 -13"><span class='ocrx_word' id='word_1_267' title='bbox 113 1781 243 1832; x_wconf 79' lang='lat' dir='ltr'><strong>Kopp.</strong></span> <span class='ocrx_word' id='word_1_268' title='bbox 276 1781 323 1818; x_wconf 86' lang='lat' dir='ltr'><strong>ad</strong></span> <span class='ocrx_word' id='word_1_269' title='bbox 356 1779 535 1819; x_wconf 83' lang='lat' dir='ltr'><strong>Martian.</strong></span> <span class='ocrx_word' id='word_1_270' title='bbox 565 1779 712 1832; x_wconf 77' lang='lat' dir='ltr'><strong>Capell.</strong></span> <span class='ocrx_word' id='word_1_271' title='bbox 743 1779 788 1819; x_wconf 90' lang='grc'><strong>11.</strong></span> <span class='ocrx_word' id='word_1_272' title='bbox 820 1779 851 1830; x_wconf 70' lang='grc' dir='ltr'><strong>δ.</strong></span> <span class='ocrx_word' id='word_1_273' title='bbox 887 1785 975 1821; x_wconf 89' lang='grc'><strong>158.</strong></span> 
     </span>
     <span class='ocr_line' id='line_1_26' title="bbox 112 1836 977 1889; baseline -0.003 -11"><span class='ocrx_word' id='word_1_274' title='bbox 112 1852 149 1889; x_wconf 85' lang='lat' dir='ltr'><strong>p.</strong></span> <span class='ocrx_word' id='word_1_275' title='bbox 188 1841 283 1878; x_wconf 88' lang='grc'><strong>213.</strong></span> <span class='ocrx_word' id='word_1_276' title='bbox 325 1837 562 1889; x_wconf 79' lang='lat' dir='ltr'><strong>Eademque</strong></span> <span class='ocrx_word' id='word_1_277' title='bbox 598 1836 687 1876; x_wconf 74' lang='lat' dir='ltr'><strong>Isis</strong></span> <span class='ocrx_word' id='word_1_278' title='bbox 724 1837 816 1875; x_wconf 79' lang='lat' dir='ltr'><strong>lini</strong></span> <span class='ocrx_word' id='word_1_279' title='bbox 848 1851 977 1875; x_wconf 80' lang='lat' dir='ltr'><strong>asum</strong></span> 
     </span>
     <span class='ocr_line' id='line_1_27' title="bbox 101 1891 979 1942; baseline -0.002 -9"><span class='ocrx_word' id='word_1_280' title='bbox 101 1891 398 1942; x_wconf 42' lang='lat' dir='ltr'><strong>&#39;sementemque</strong></span> <span class='ocrx_word' id='word_1_281' title='bbox 433 1895 688 1938; x_wconf 69' lang='lat' dir='ltr'><strong>monstravit,-</strong></span> <span class='ocrx_word' id='word_1_282' title='bbox 736 1892 783 1931; x_wconf 87' lang='lat' dir='ltr'><strong>cf.</strong></span> <span class='ocrx_word' id='word_1_283' title='bbox 810 1892 859 1932; x_wconf 86' lang='lat' dir='ltr'><strong>ad</strong></span> <span class='ocrx_word' id='word_1_284' title='bbox 884 1892 979 1931; x_wconf 82' lang='lat' dir='ltr'><strong>Met.</strong></span> 
     </span>
     <span class='ocr_line' id='line_1_28' title="bbox 115 1948 979 2002; baseline 0.001 -16"><span class='ocrx_word' id='word_1_285' title='bbox 115 1965 151 2002; x_wconf 82' lang='lat' dir='ltr'><strong>p.</strong></span> <span class='ocrx_word' id='word_1_286' title='bbox 184 1953 276 1991; x_wconf 85' lang='lat'><strong>763.</strong></span> <span class='ocrx_word' id='word_1_287' title='bbox 312 1950 574 2002; x_wconf 71' lang='lat' dir='ltr'><strong>Cecropeiam</strong></span> <span class='ocrx_word' id='word_1_288' title='bbox 603 1950 847 1993; x_wconf 62' lang='lat' dir='ltr'><strong>Intueri-am,-</strong></span> <span class='ocrx_word' id='word_1_289' title='bbox 895 1948 979 1987; x_wconf 87' lang='lat' dir='ltr'><strong>lntt.</strong></span> 
     </span>
     <span class='ocr_line' id='line_1_29' title="bbox 116 2005 980 2057; baseline -0.001 -12"><span class='ocrx_word' id='word_1_290' title='bbox 116 2007 166 2046; x_wconf 84' lang='lat' dir='ltr'><strong>ad</strong></span> <span class='ocrx_word' id='word_1_291' title='bbox 193 2006 299 2055; x_wconf 81' lang='lat' dir='ltr'><strong>Grat.</strong></span> <span class='ocrx_word' id='word_1_292' title='bbox 326 2005 471 2045; x_wconf 61' lang='lat' dir='ltr'><strong>Falisc.</strong></span> <span class='ocrx_word' id='word_1_293' title='bbox 496 2009 562 2045; x_wconf 82' lang='grc'><strong>42.</strong></span> <span class='ocrx_word' id='word_1_294' title='bbox 594 2007 663 2044; x_wconf 68' lang='lat' dir='ltr'><strong>cix</strong></span> <span class='ocrx_word' id='word_1_295' title='bbox 701 2011 872 2057; x_wconf 74' lang='lat' dir='ltr'><strong>operata</strong></span> <span class='ocrx_word' id='word_1_296' title='bbox 908 2019 980 2044; x_wconf 79' lang='lat' dir='ltr'><strong>sao</strong></span> 
     </span>
     <span class='ocr_line' id='line_1_30' title="bbox 115 2061 978 2112; baseline -0.003 -10"><span class='ocrx_word' id='word_1_297' title='bbox 115 2077 235 2103; x_wconf 84' lang='lat' dir='ltr'><strong>saera</strong></span> <span class='ocrx_word' id='word_1_298' title='bbox 266 2063 324 2101; x_wconf 72' lang='lat' dir='ltr'><strong>acl</strong></span> <span class='ocrx_word' id='word_1_299' title='bbox 351 2063 552 2102; x_wconf 74' lang='lat' dir='ltr'><strong>Bubastia</strong></span> <span class='ocrx_word' id='word_1_300' title='bbox 581 2062 702 2107; x_wconf 55' lang='lat' dir='ltr'><strong>lium·</strong></span> <span class='ocrx_word' id='word_1_301' title='bbox 750 2061 844 2100; x_wconf 83' lang='lat' dir='ltr'><strong>Met.</strong></span> <span class='ocrx_word' id='word_1_302' title='bbox 871 2061 915 2100; x_wconf 88' lang='grc'><strong>11.</strong></span> <span class='ocrx_word' id='word_1_303' title='bbox 942 2075 978 2112; x_wconf 83' lang='lat' dir='ltr'><strong>p.</strong></span> 
     </span>
     <span class='ocr_line' id='line_1_31' title="bbox 118 2117 980 2172; baseline -0.005 -12"><span class='ocrx_word' id='word_1_304' title='bbox 118 2123 208 2160; x_wconf 87' lang='lat'><strong>159.</strong></span> <span class='ocrx_word' id='word_1_305' title='bbox 236 2117 402 2158; x_wconf 76' lang='lat' dir='ltr'><strong>Zatltlas</strong></span> <span class='ocrx_word' id='word_1_306' title='bbox 430 2119 547 2158; x_wconf 78' lang='lat' dir='ltr'><strong>adest</strong></span> <span class='ocrx_word' id='word_1_307' title='bbox 570 2119 859 2172; x_wconf 52' lang='lat' dir='ltr'><strong>Aqyyptius,</strong></span> <span class='ocrx_word' id='word_1_308' title='bbox 881 2132 980 2169; x_wconf 88' lang='lat' dir='ltr'><strong>pro-</strong></span> 
     </span>
     <span class='ocr_line' id='line_1_32' title="bbox 111 2175 982 2229; baseline -0.001 -14"><span class='ocrx_word' id='word_1_309' title='bbox 111 2176 241 2229; x_wconf 78' lang='lat' dir='ltr'><strong>pheta</strong></span> <span class='ocrx_word' id='word_1_310' title='bbox 261 2177 486 2228; x_wconf 78' lang='lat' dir='ltr'><strong>primarius</strong></span> <span class='ocrx_word' id='word_1_311' title='bbox 499 2205 601 2214; x_wconf 92' lang='grc'><strong>.....</strong></span> <span class='ocrx_word' id='word_1_312' title='bbox 617 2180 655 2213; x_wconf 85' lang='lat' dir='ltr'><strong>et</strong></span> <span class='ocrx_word' id='word_1_313' title='bbox 679 2189 766 2214; x_wconf 80' lang='lat' dir='ltr'><strong>cum</strong></span> <span class='ocrx_word' id='word_1_314' title='bbox 791 2175 906 2213; x_wconf 79' lang='lat' dir='ltr'><strong>dieto</strong></span> <span class='ocrx_word' id='word_1_315' title='bbox 923 2176 982 2214; x_wconf 80' lang='lat' dir='ltr'><strong>iu-</strong></span> 
     </span>
     <span class='ocr_line' id='line_1_33' title="bbox 116 2231 982 2284; baseline -0.002 -13"><span class='ocrx_word' id='word_1_316' title='bbox 116 2246 248 2271; x_wconf 70' lang='lat' dir='ltr'><strong>venem</strong></span> <span class='ocrx_word' id='word_1_317' title='bbox 298 2232 526 2284; x_wconf 80' lang='lat' dir='ltr'><strong>quempiam</strong></span> <span class='ocrx_word' id='word_1_318' title='bbox 583 2231 748 2269; x_wconf 77' lang='lat' dir='ltr'><strong>liuteis</strong></span> <span class='ocrx_word' id='word_1_319' title='bbox 796 2231 982 2270; x_wconf 76' lang='lat' dir='ltr'><strong>amicalis</strong></span> 
     </span>
     <span class='ocr_line' id='line_1_34' title="bbox 116 2287 981 2339; baseline -0.002 -12"><span class='ocrx_word' id='word_1_320' title='bbox 116 2290 306 2328; x_wconf 76' lang='lat' dir='ltr'><strong>intectum</strong></span> <span class='ocrx_word' id='word_1_321' title='bbox 325 2289 546 2339; x_wconf 79' lang='lat' dir='ltr'><strong>producit;</strong></span> <span class='ocrx_word' id='word_1_322' title='bbox 571 2287 689 2338; x_wconf 87' lang='lat' dir='ltr'><strong>Apol.</strong></span> <span class='ocrx_word' id='word_1_323' title='bbox 715 2301 750 2338; x_wconf 86' lang='lat' dir='ltr'><strong>p.</strong></span> <span class='ocrx_word' id='word_1_324' title='bbox 777 2291 869 2327; x_wconf 87' lang='grc'><strong>518.</strong></span> <span class='ocrx_word' id='word_1_325' title='bbox 897 2288 981 2326; x_wconf 76' lang='lat' dir='ltr'><strong>lin-</strong></span> 
     </span>
     <span class='ocr_line' id='line_1_35' title="bbox 118 2344 980 2396; baseline -0.003 -12"><span class='ocrx_word' id='word_1_326' title='bbox 118 2350 193 2384; x_wconf 73' lang='lat' dir='ltr'><strong>teo</strong></span> <span class='ocrx_word' id='word_1_327' title='bbox 218 2349 331 2383; x_wconf 68' lang='lat' dir='ltr'><strong>texto</strong></span> <span class='ocrx_word' id='word_1_328' title='bbox 357 2345 567 2389; x_wconf 66' lang='lat' dir='ltr'><strong>involvere,</strong></span> <span class='ocrx_word' id='word_1_329' title='bbox 586 2344 707 2396; x_wconf 68' lang='lat' dir='ltr'><strong>fqaotl</strong></span> <span class='ocrx_word' id='word_1_330' title='bbox 722 2344 980 2395; x_wconf 74' lang='lat' dir='ltr'><strong>purissimmn</strong></span> 
     </span>
     <span class='ocr_line' id='line_1_36' title="bbox 119 2399 979 2440; baseline -0.005 0"><span class='ocrx_word' id='word_1_331' title='bbox 119 2405 175 2440; x_wconf 81' lang='lat' dir='ltr'><strong>est</strong></span> <span class='ocrx_word' id='word_1_332' title='bbox 202 2400 319 2440; x_wconf 80' lang='lat' dir='ltr'><strong>rebus</strong></span> <span class='ocrx_word' id='word_1_333' title='bbox 349 2401 497 2439; x_wconf 70' lang='lat' dir='ltr'><strong>divinis</strong></span> <span class='ocrx_word' id='word_1_334' title='bbox 529 2401 797 2439; x_wconf 71' lang='lat' dir='ltr'><strong>velamentum.</strong></span> <span class='ocrx_word' id='word_1_335' title='bbox 857 2399 979 2437; x_wconf 82' lang='lat' dir='ltr'><strong>Accu-</strong></span> 
     </span>
     <span class='ocr_line' id='line_1_37' title="bbox 119 2456 987 2495; baseline -0.002 0"><span class='ocrx_word' id='word_1_336' title='bbox 119 2456 315 2495; x_wconf 84' lang='lat' dir='ltr'><strong>ratissime</strong></span> <span class='ocrx_word' id='word_1_337' title='bbox 335 2456 384 2495; x_wconf 88' lang='lat' dir='ltr'><strong>de</strong></span> <span class='ocrx_word' id='word_1_338' title='bbox 403 2456 477 2494; x_wconf 86' lang='lat' dir='ltr'><strong>hae</strong></span> <span class='ocrx_word' id='word_1_339' title='bbox 497 2457 811 2494; x_wconf 77' lang='lat' dir='ltr'><strong>vestimentorum</strong></span> <span class='ocrx_word' id='word_1_340' title='bbox 828 2457 987 2493; x_wconf 77' lang='lat' dir='ltr'><strong>materia</strong></span> 
     </span>
     <span class='ocr_line' id='line_1_38' title="bbox 119 2511 985 2564; baseline -0.002 -13"><span class='ocrx_word' id='word_1_341' title='bbox 119 2513 198 2564; x_wconf 81' lang='lat' dir='ltr'><strong>agit</strong></span> <span class='ocrx_word' id='word_1_342' title='bbox 206 2512 393 2551; x_wconf 87' lang='lat' dir='ltr'><strong>Schmidt.</strong></span> <span class='ocrx_word' id='word_1_343' title='bbox 410 2512 431 2551; x_wconf 91' lang='lat' dir='ltr'><strong>l.</strong></span> <span class='ocrx_word' id='word_1_344' title='bbox 444 2526 474 2550; x_wconf 82' lang='lat' dir='ltr'><strong>c.</strong></span> <span class='ocrx_word' id='word_1_345' title='bbox 491 2512 676 2564; x_wconf 74' lang='lat' dir='ltr'><strong>plurimos</strong></span> <span class='ocrx_word' id='word_1_346' title='bbox 691 2517 861 2551; x_wconf 77' lang='lat' dir='ltr'><strong>veterum</strong></span> <span class='ocrx_word' id='word_1_347' title='bbox 877 2511 985 2549; x_wconf 91' lang='lat' dir='ltr'><strong>locos</strong></span> 
     </span>
     <span class='ocr_line' id='line_1_39' title="bbox 119 2568 984 2620; baseline -0.001 -13"><span class='ocrx_word' id='word_1_348' title='bbox 119 2569 321 2620; x_wconf 78' lang='lat' dir='ltr'><strong>colligens.</strong></span> <span class='ocrx_word' id='word_1_349' title='bbox 368 2569 559 2607; x_wconf 82' lang='lat' dir='ltr'><strong>Audiatur</strong></span> <span class='ocrx_word' id='word_1_350' title='bbox 595 2569 760 2619; x_wconf 79' lang='lat' dir='ltr'><strong>(lenique</strong></span> <span class='ocrx_word' id='word_1_351' title='bbox 794 2568 984 2607; x_wconf 83' lang='lat' dir='ltr'><strong>Rovelius</strong></span> 
     </span>
     <span class='ocr_line' id='line_1_40' title="bbox 120 2622 983 2664; baseline 0.001 -1"><span class='ocrx_word' id='word_1_352' title='bbox 120 2627 156 2664; x_wconf 89' lang='lat' dir='ltr'><strong>in</strong></span> <span class='ocrx_word' id='word_1_353' title='bbox 181 2625 395 2664; x_wconf 68' lang='lat' dir='ltr'><strong>Memoires</strong></span> <span class='ocrx_word' id='word_1_354' title='bbox 423 2625 473 2663; x_wconf 87' lang='lat' dir='ltr'><strong>de</strong></span> <span class='ocrx_word' id='word_1_355' title='bbox 494 2625 642 2664; x_wconf 75' lang='lat' dir='ltr'><strong>l&#39;Acad.</strong></span> <span class='ocrx_word' id='word_1_356' title='bbox 662 2622 712 2664; x_wconf 84' lang='lat' dir='ltr'><strong>R.</strong></span> <span class='ocrx_word' id='word_1_357' title='bbox 734 2625 806 2663; x_wconf 80' lang='lat' dir='ltr'><strong>(les</strong></span> <span class='ocrx_word' id='word_1_358' title='bbox 833 2625 983 2664; x_wconf 87' lang='lat' dir='ltr'><strong>Seienc.</strong></span> 
     </span>
     <span class='ocr_line' id='line_1_41' title="bbox 120 2681 983 2727; baseline -0.003 -6"><span class='ocrx_word' id='word_1_359' title='bbox 120 2682 168 2721; x_wconf 93' lang='lat' dir='ltr'><strong>A.</strong></span> <span class='ocrx_word' id='word_1_360' title='bbox 187 2685 333 2722; x_wconf 87' lang='grc'><strong>1750.“</strong></span> <span class='ocrx_word' id='word_1_361' title='bbox 358 2681 506 2720; x_wconf 80' lang='lat' dir='ltr'><strong>Toutes</strong></span> <span class='ocrx_word' id='word_1_362' title='bbox 529 2683 587 2719; x_wconf 74' lang='lat' dir='ltr'><strong>les</strong></span> <span class='ocrx_word' id='word_1_363' title='bbox 608 2681 723 2720; x_wconf 83' lang='lat' dir='ltr'><strong>toiles</strong></span> <span class='ocrx_word' id='word_1_364' title='bbox 739 2681 787 2719; x_wconf 88' lang='lat' dir='ltr'><strong>de</strong></span> <span class='ocrx_word' id='word_1_365' title='bbox 801 2681 983 2727; x_wconf 86' lang='lat' dir='ltr'><strong>Mumies,</strong></span> 
     </span>
     <span class='ocr_line' id='line_1_42' title="bbox 120 2739 982 2789; baseline 0.001 -14"><span class='ocrx_word' id='word_1_366' title='bbox 120 2739 183 2789; x_wconf 85' lang='lat' dir='ltr'><strong>qui</strong></span> <span class='ocrx_word' id='word_1_367' title='bbox 215 2743 303 2776; x_wconf 86' lang='lat' dir='ltr'><strong>sont</strong></span> <span class='ocrx_word' id='word_1_368' title='bbox 332 2752 427 2776; x_wconf 81' lang='lat' dir='ltr'><strong>sans</strong></span> <span class='ocrx_word' id='word_1_369' title='bbox 458 2740 615 2776; x_wconf 82' lang='lat' dir='ltr'><strong>matiere</strong></span> <span class='ocrx_word' id='word_1_370' title='bbox 645 2739 861 2784; x_wconf 80' lang='lat' dir='ltr'><strong>resineuse,</strong></span> <span class='ocrx_word' id='word_1_371' title='bbox 906 2751 982 2788; x_wconf 88' lang='lat' dir='ltr'><strong>que</strong></span> 
     </span>
     <span class='ocr_line' id='line_1_43' title="bbox 115 2794 982 2846; baseline 0.001 -14"><span class='ocrx_word' id='word_1_372' title='bbox 115 2794 182 2846; x_wconf 77' lang='lat' dir='ltr'><strong>j&#39;ai</strong></span> <span class='ocrx_word' id='word_1_373' title='bbox 207 2807 255 2833; x_wconf 88' lang='lat' dir='ltr'><strong>en</strong></span> <span class='ocrx_word' id='word_1_374' title='bbox 276 2795 458 2833; x_wconf 85' lang='lat' dir='ltr'><strong>occasion</strong></span> <span class='ocrx_word' id='word_1_375' title='bbox 474 2795 720 2840; x_wconf 73' lang='lat' dir='ltr'><strong>(l&#39;examiner,</strong></span> <span class='ocrx_word' id='word_1_376' title='bbox 741 2799 830 2832; x_wconf 87' lang='lat' dir='ltr'><strong>sont</strong></span> <span class='ocrx_word' id='word_1_377' title='bbox 850 2794 899 2831; x_wconf 85' lang='lat' dir='ltr'><strong>de</strong></span> <span class='ocrx_word' id='word_1_378' title='bbox 919 2808 982 2833; x_wconf 89' lang='lat' dir='ltr'><strong>co—</strong></span> 
     </span>
     <span class='ocr_line' id='line_1_44' title="bbox 119 2849 984 2901; baseline 0 -13"><span class='ocrx_word' id='word_1_379' title='bbox 119 2855 205 2898; x_wconf 82' lang='lat' dir='ltr'><strong>t0n3</strong></span> <span class='ocrx_word' id='word_1_380' title='bbox 240 2849 301 2889; x_wconf 86' lang='lat' dir='ltr'><strong>les</strong></span> <span class='ocrx_word' id='word_1_381' title='bbox 336 2865 544 2889; x_wconf 81' lang='lat' dir='ltr'><strong>morceaux</strong></span> <span class='ocrx_word' id='word_1_382' title='bbox 569 2851 619 2889; x_wconf 92' lang='lat' dir='ltr'><strong>de</strong></span> <span class='ocrx_word' id='word_1_383' title='bbox 645 2851 765 2901; x_wconf 77' lang='lat' dir='ltr'><strong>linge,</strong></span> <span class='ocrx_word' id='word_1_384' title='bbox 802 2851 895 2889; x_wconf 90' lang='lat' dir='ltr'><strong>dont</strong></span> <span class='ocrx_word' id='word_1_385' title='bbox 925 2850 984 2888; x_wconf 78' lang='lat' dir='ltr'><strong>les</strong></span> 
     </span>
     <span class='ocr_line' id='line_1_45' title="bbox 120 2905 986 2957; baseline 0 -12"><span class='ocrx_word' id='word_1_386' title='bbox 120 2905 295 2945; x_wconf 84' lang='lat' dir='ltr'><strong>Oiseaux</strong></span> <span class='ocrx_word' id='word_1_387' title='bbox 331 2908 556 2946; x_wconf 82' lang='lat' dir='ltr'><strong>embamnes</strong></span> <span class='ocrx_word' id='word_1_388' title='bbox 593 2911 682 2945; x_wconf 69' lang='lat' dir='ltr'><strong>sont</strong></span> <span class='ocrx_word' id='word_1_389' title='bbox 717 2907 865 2957; x_wconf 81' lang='lat' dir='ltr'><strong>gai-nis,</strong></span> <span class='ocrx_word' id='word_1_390' title='bbox 896 2910 986 2945; x_wconf 83' lang='lat' dir='ltr'><strong>sont</strong></span> 
     </span>
     <span class='ocr_line' id='line_1_46' title="bbox 120 2962 986 3015; baseline 0 -15"><span class='ocrx_word' id='word_1_391' title='bbox 120 2963 339 3014; x_wconf 78' lang='lat' dir='ltr'><strong>egalement</strong></span> <span class='ocrx_word' id='word_1_392' title='bbox 352 2964 401 3002; x_wconf 89' lang='lat' dir='ltr'><strong>de</strong></span> <span class='ocrx_word' id='word_1_393' title='bbox 416 2967 541 3003; x_wconf 88' lang='lat' dir='ltr'><strong>coton.</strong></span> <span class='ocrx_word' id='word_1_394' title='bbox 557 2962 756 3001; x_wconf 80' lang='lat' dir='ltr'><strong>Lelindes</strong></span> <span class='ocrx_word' id='word_1_395' title='bbox 766 2963 986 3015; x_wconf 72' lang='lat' dir='ltr'><strong>Egyptiens</strong></span> 
     </span>
     <span class='ocr_line' id='line_1_47' title="bbox 121 3018 982 3059; baseline 0.001 -3"><span class='ocrx_word' id='word_1_396' title='bbox 121 3019 270 3058; x_wconf 67' lang='lat' dir='ltr'><strong>etoit-il</strong></span> <span class='ocrx_word' id='word_1_397' title='bbox 307 3019 345 3058; x_wconf 90' lang='lat' dir='ltr'><strong>le</strong></span> <span class='ocrx_word' id='word_1_398' title='bbox 369 3020 510 3059; x_wconf 66' lang='lat' dir='ltr'><strong>coton?</strong></span> <span class='ocrx_word' id='word_1_399' title='bbox 546 3034 595 3058; x_wconf 90' lang='lat' dir='ltr'><strong>ou</strong></span> <span class='ocrx_word' id='word_1_400' title='bbox 627 3019 663 3057; x_wconf 93' lang='lat' dir='ltr'><strong>le</strong></span> <span class='ocrx_word' id='word_1_401' title='bbox 695 3023 806 3058; x_wconf 90' lang='lat' dir='ltr'><strong>coton</strong></span> <span class='ocrx_word' id='word_1_402' title='bbox 836 3018 982 3058; x_wconf 72' lang='lat' dir='ltr'><strong>etait-il</strong></span> 
     </span>
     <span class='ocr_line' id='line_1_48' title="bbox 122 3076 983 3128; baseline -0.001 -14"><span class='ocrx_word' id='word_1_403' title='bbox 122 3078 308 3115; x_wconf 74' lang='lat' dir='ltr'><strong>consacre</strong></span> <span class='ocrx_word' id='word_1_404' title='bbox 330 3089 400 3128; x_wconf 84' lang='lat' dir='ltr'><strong>par</strong></span> <span class='ocrx_word' id='word_1_405' title='bbox 424 3077 462 3116; x_wconf 89' lang='lat' dir='ltr'><strong>la</strong></span> <span class='ocrx_word' id='word_1_406' title='bbox 485 3076 644 3127; x_wconf 84' lang='lat' dir='ltr'><strong>religion</strong></span> <span class='ocrx_word' id='word_1_407' title='bbox 671 3089 746 3115; x_wconf 89' lang='lat' dir='ltr'><strong>aux</strong></span> <span class='ocrx_word' id='word_1_408' title='bbox 766 3076 983 3114; x_wconf 86' lang='lat' dir='ltr'><strong>embaume-</strong></span> 
     </span>
     <span class='ocr_line' id='line_1_49' title="bbox 120 3131 280 3185; baseline -0.013 -14"><span class='ocrx_word' id='word_1_409' title='bbox 120 3131 280 3185; x_wconf 60' lang='lat' dir='ltr'><strong>meust]</strong></span> 
     </span>
    </p>

    <p class='ocr_par' dir='ltr' id='par_1_10' title="bbox 179 3187 985 3243">
     <span class='ocr_line' id='line_1_50' title="bbox 179 3187 985 3243; baseline -0.002 -16"><span class='ocrx_word' id='word_1_410' title='bbox 179 3187 353 3240; x_wconf 80' lang='lat' dir='ltr'><strong>limpido</strong></span> <span class='ocrx_word' id='word_1_411' title='bbox 367 3189 549 3243; x_wconf 57' lang='lat' dir='ltr'><strong>tegmine.</strong></span> <span class='ocrx_word' id='word_1_412' title='bbox 583 3187 687 3240; x_wconf 88' lang='lat' dir='ltr'><strong>[Hoc</strong></span> <span class='ocrx_word' id='word_1_413' title='bbox 701 3188 838 3240; x_wconf 83' lang='lat' dir='ltr'><strong>capitis</strong></span> <span class='ocrx_word' id='word_1_414' title='bbox 857 3201 985 3227; x_wconf 84' lang='lat' dir='ltr'><strong>sacer·</strong></span> 
     </span>
    </p>
   </div>
   <div class='ocr_carea' id='block_1_9' title="bbox 1033 1385 1910 3237">
    <p class='ocr_par' dir='ltr' id='par_1_11' title="bbox 1033 1385 1906 2225">
     <span class='ocr_line' id='line_1_51' title="bbox 1038 1385 1902 1436; baseline -0.004 -13"><span class='ocrx_word' id='word_1_415' title='bbox 1038 1385 1171 1424; x_wconf 83' lang='lat' dir='ltr'><strong>dotale</strong></span> <span class='ocrx_word' id='word_1_416' title='bbox 1190 1386 1293 1436; x_wconf 84' lang='lat' dir='ltr'><strong>apud</strong></span> <span class='ocrx_word' id='word_1_417' title='bbox 1312 1385 1428 1436; x_wconf 75' lang='lat' dir='ltr'><strong>Aegy</strong></span> <span class='ocrx_word' id='word_1_418' title='bbox 1432 1386 1534 1436; x_wconf 82' lang='lat' dir='ltr'><strong>ptios</strong></span> <span class='ocrx_word' id='word_1_419' title='bbox 1554 1386 1816 1434; x_wconf 78' lang='lat' dir='ltr'><strong>tegumentum</strong></span> <span class='ocrx_word' id='word_1_420' title='bbox 1841 1396 1902 1420; x_wconf 90' lang='lat' dir='ltr'><strong>oc-</strong></span> 
     </span>
     <span class='ocr_line' id='line_1_52' title="bbox 1039 1438 1903 1492; baseline -0.005 -12"><span class='ocrx_word' id='word_1_421' title='bbox 1039 1443 1150 1480; x_wconf 88' lang='lat' dir='ltr'><strong>currit</strong></span> <span class='ocrx_word' id='word_1_422' title='bbox 1163 1441 1489 1492; x_wconf 78' lang='lat' dir='ltr'><strong>apudMontsauC.</strong></span> <span class='ocrx_word' id='word_1_423' title='bbox 1499 1441 1626 1490; x_wconf 81' lang='lat' dir='ltr'><strong>Antiq.</strong></span> <span class='ocrx_word' id='word_1_424' title='bbox 1636 1439 1753 1491; x_wconf 86' lang='lat' dir='ltr'><strong>Expl.</strong></span> <span class='ocrx_word' id='word_1_425' title='bbox 1764 1438 1903 1490; x_wconf 85' lang='lat' dir='ltr'><strong>Suppl.</strong></span> 
     </span>
     <span class='ocr_line' id='line_1_53' title="bbox 1038 1495 1903 1548; baseline -0.002 -14"><span class='ocrx_word' id='word_1_426' title='bbox 1038 1497 1084 1536; x_wconf 87' lang='grc'><strong>11.</strong></span> <span class='ocrx_word' id='word_1_427' title='bbox 1093 1501 1157 1538; x_wconf 92' lang='grc'><strong>32.</strong></span> <span class='ocrx_word' id='word_1_428' title='bbox 1168 1502 1398 1548; x_wconf 78' lang='lat' dir='ltr'><strong>constatque</strong></span> <span class='ocrx_word' id='word_1_429' title='bbox 1413 1510 1462 1534; x_wconf 82' lang='lat' dir='ltr'><strong>ex</strong></span> <span class='ocrx_word' id='word_1_430' title='bbox 1477 1497 1552 1534; x_wconf 90' lang='lat' dir='ltr'><strong>lino</strong></span> <span class='ocrx_word' id='word_1_431' title='bbox 1571 1496 1619 1533; x_wconf 83' lang='lat' dir='ltr'><strong>ad</strong></span> <span class='ocrx_word' id='word_1_432' title='bbox 1633 1496 1706 1534; x_wconf 73' lang='lat' dir='ltr'><strong>lios.</strong></span> <span class='ocrx_word' id='word_1_433' title='bbox 1720 1509 1816 1533; x_wconf 75' lang='lat' dir='ltr'><strong>usus</strong></span> <span class='ocrx_word' id='word_1_434' title='bbox 1832 1495 1903 1532; x_wconf 87' lang='lat' dir='ltr'><strong>sre-</strong></span> 
     </span>
     <span class='ocr_line' id='line_1_54' title="bbox 1039 1551 1902 1604; baseline -0.001 -14"><span class='ocrx_word' id='word_1_435' title='bbox 1039 1554 1305 1604; x_wconf 70' lang='lat' dir='ltr'><strong>qnentissinie,</strong></span> <span class='ocrx_word' id='word_1_436' title='bbox 1317 1555 1366 1591; x_wconf 86' lang='lat' dir='ltr'><strong>uti</strong></span> <span class='ocrx_word' id='word_1_437' title='bbox 1383 1555 1416 1591; x_wconf 89' lang='lat' dir='ltr'><strong>in</strong></span> <span class='ocrx_word' id='word_1_438' title='bbox 1434 1553 1575 1592; x_wconf 74' lang='lat' dir='ltr'><strong>ceteris</strong></span> <span class='ocrx_word' id='word_1_439' title='bbox 1590 1553 1780 1599; x_wconf 76' lang='lat' dir='ltr'><strong>vestibus,</strong></span> <span class='ocrx_word' id='word_1_440' title='bbox 1797 1551 1902 1589; x_wconf 87' lang='lat' dir='ltr'><strong>adhi-</strong></span> 
     </span>
     <span class='ocr_line' id='line_1_55' title="bbox 1039 1607 1903 1662; baseline -0.002 -15"><span class='ocrx_word' id='word_1_441' title='bbox 1039 1611 1129 1649; x_wconf 81' lang='lat' dir='ltr'><strong>bito.</strong></span> <span class='ocrx_word' id='word_1_442' title='bbox 1153 1610 1388 1662; x_wconf 81' lang='lat' dir='ltr'><strong>Lt&#39;mpidwa</strong></span> <span class='ocrx_word' id='word_1_443' title='bbox 1399 1611 1499 1648; x_wconf 85' lang='lat' dir='ltr'><strong>enim</strong></span> <span class='ocrx_word' id='word_1_444' title='bbox 1513 1609 1589 1647; x_wconf 83' lang='lat' dir='ltr'><strong>hoe</strong></span> <span class='ocrx_word' id='word_1_445' title='bbox 1606 1609 1688 1646; x_wconf 87' lang='lat' dir='ltr'><strong>loco</strong></span> <span class='ocrx_word' id='word_1_446' title='bbox 1700 1607 1903 1646; x_wconf 80' lang='lat' dir='ltr'><strong>estalbore</strong></span> 
     </span>
     <span class='ocr_line' id='line_1_56' title="bbox 1037 1664 1904 1718; baseline 0 -15"><span class='ocrx_word' id='word_1_447' title='bbox 1037 1667 1100 1704; x_wconf 91' lang='lat' dir='ltr'><strong>lini</strong></span> <span class='ocrx_word' id='word_1_448' title='bbox 1120 1667 1406 1718; x_wconf 74' lang='lat' dir='ltr'><strong>splendescens</strong></span> <span class='ocrx_word' id='word_1_449' title='bbox 1433 1671 1470 1704; x_wconf 86' lang='lat' dir='ltr'><strong>et</strong></span> <span class='ocrx_word' id='word_1_450' title='bbox 1497 1665 1671 1710; x_wconf 84' lang='lat' dir='ltr'><strong>nitidum,</strong></span> <span class='ocrx_word' id='word_1_451' title='bbox 1701 1664 1805 1702; x_wconf 89' lang='lat' dir='ltr'><strong>unde</strong></span> <span class='ocrx_word' id='word_1_452' title='bbox 1832 1665 1904 1703; x_wconf 71' lang='lat' dir='ltr'><strong>lin-</strong></span> 
     </span>
     <span class='ocr_line' id='line_1_57' title="bbox 1036 1721 1903 1774; baseline -0.005 -12"><span class='ocrx_word' id='word_1_453' title='bbox 1036 1728 1117 1763; x_wconf 77' lang='lat' dir='ltr'><strong>teo.</strong></span> <span class='ocrx_word' id='word_1_454' title='bbox 1144 1723 1247 1774; x_wconf 85' lang='lat' dir='ltr'><strong>quod</strong></span> <span class='ocrx_word' id='word_1_455' title='bbox 1267 1724 1302 1761; x_wconf 92' lang='lat' dir='ltr'><strong>in</strong></span> <span class='ocrx_word' id='word_1_456' title='bbox 1324 1723 1409 1761; x_wconf 85' lang='lat' dir='ltr'><strong>cod.</strong></span> <span class='ocrx_word' id='word_1_457' title='bbox 1423 1723 1522 1773; x_wconf 83' lang='lat' dir='ltr'><strong>Reg.</strong></span> <span class='ocrx_word' id='word_1_458' title='bbox 1540 1722 1696 1772; x_wconf 76' lang='lat' dir='ltr'><strong>legitur,</strong></span> <span class='ocrx_word' id='word_1_459' title='bbox 1722 1721 1815 1759; x_wconf 88' lang='lat' dir='ltr'><strong>nihil</strong></span> <span class='ocrx_word' id='word_1_460' title='bbox 1830 1721 1903 1759; x_wconf 89' lang='lat' dir='ltr'><strong>nisi</strong></span> 
     </span>
     <span class='ocr_line' id='line_1_58' title="bbox 1035 1777 1904 1830; baseline -0.002 -13"><span class='ocrx_word' id='word_1_461' title='bbox 1035 1780 1412 1830; x_wconf 77' lang='lat' dir='ltr'><strong>interpretmnentum</strong></span> <span class='ocrx_word' id='word_1_462' title='bbox 1440 1779 1578 1817; x_wconf 81' lang='lat' dir='ltr'><strong>librarii</strong></span> <span class='ocrx_word' id='word_1_463' title='bbox 1605 1783 1667 1816; x_wconf 87' lang='lat' dir='ltr'><strong>est</strong></span> <span class='ocrx_word' id='word_1_464' title='bbox 1692 1777 1800 1815; x_wconf 78' lang='lat' dir='ltr'><strong>vocis</strong></span> <span class='ocrx_word' id='word_1_465' title='bbox 1820 1778 1904 1816; x_wconf 73' lang='lat' dir='ltr'><strong>lim-</strong></span> 
     </span>
     <span class='ocr_line' id='line_1_59' title="bbox 1033 1834 1903 1887; baseline -0.003 -13"><span class='ocrx_word' id='word_1_466' title='bbox 1033 1836 1157 1887; x_wconf 81' lang='lat' dir='ltr'><strong>pido,</strong></span> <span class='ocrx_word' id='word_1_467' title='bbox 1189 1837 1251 1886; x_wconf 89' lang='lat' dir='ltr'><strong>qni</strong></span> <span class='ocrx_word' id='word_1_468' title='bbox 1282 1839 1434 1873; x_wconf 76' lang='lat' dir='ltr'><strong>vestem</strong></span> <span class='ocrx_word' id='word_1_469' title='bbox 1466 1836 1519 1873; x_wconf 80' lang='lat' dir='ltr'><strong>ita</strong></span> <span class='ocrx_word' id='word_1_470' title='bbox 1551 1834 1623 1873; x_wconf 83' lang='lat' dir='ltr'><strong>dici</strong></span> <span class='ocrx_word' id='word_1_471' title='bbox 1648 1847 1771 1885; x_wconf 83' lang='lat' dir='ltr'><strong>posse</strong></span> <span class='ocrx_word' id='word_1_472' title='bbox 1797 1834 1903 1884; x_wconf 84' lang='lat' dir='ltr'><strong>igno-</strong></span> 
     </span>
     <span class='ocr_line' id='line_1_60' title="bbox 1040 1888 1903 1930; baseline -0.002 -1"><span class='ocrx_word' id='word_1_473' title='bbox 1040 1893 1161 1930; x_wconf 83' lang='lat' dir='ltr'><strong>rabat.</strong></span> <span class='ocrx_word' id='word_1_474' title='bbox 1188 1891 1338 1930; x_wconf 77' lang='lat' dir='ltr'><strong>Eadem</strong></span> <span class='ocrx_word' id='word_1_475' title='bbox 1365 1893 1514 1930; x_wconf 79' lang='lat' dir='ltr'><strong>ratione</strong></span> <span class='ocrx_word' id='word_1_476' title='bbox 1535 1891 1630 1929; x_wconf 84' lang='lat' dir='ltr'><strong>dixit</strong></span> <span class='ocrx_word' id='word_1_477' title='bbox 1650 1890 1720 1928; x_wconf 87' lang='lat' dir='ltr'><strong>Sil.</strong></span> <span class='ocrx_word' id='word_1_478' title='bbox 1741 1889 1824 1929; x_wconf 84' lang='lat' dir='ltr'><strong>Ital.</strong></span> <span class='ocrx_word' id='word_1_479' title='bbox 1841 1888 1903 1927; x_wconf 90' lang='grc'><strong>111.</strong></span> 
     </span>
     <span class='ocr_line' id='line_1_61' title="bbox 1040 1947 1904 1999; baseline -0.003 -11"><span class='ocrx_word' id='word_1_480' title='bbox 1040 1952 1092 1988; x_wconf 84' lang='grc'><strong>2-4</strong></span> <span class='ocrx_word' id='word_1_481' title='bbox 1117 1962 1176 1999; x_wconf 84' lang='lat' dir='ltr'><strong>Sq.</strong></span> <span class='ocrx_word' id='word_1_482' title='bbox 1208 1949 1392 1988; x_wconf 74' lang='lat' dir='ltr'><strong>velantur</strong></span> <span class='ocrx_word' id='word_1_483' title='bbox 1425 1962 1606 1999; x_wconf 80' lang='lat' dir='ltr'><strong>corpora</strong></span> <span class='ocrx_word' id='word_1_484' title='bbox 1639 1948 1740 1985; x_wconf 75' lang='lat' dir='ltr'><strong>lino</strong></span> <span class='ocrx_word' id='word_1_485' title='bbox 1766 1952 1804 1986; x_wconf 82' lang='lat' dir='ltr'><strong>et</strong></span> <span class='ocrx_word' id='word_1_486' title='bbox 1827 1947 1904 1985; x_wconf 89' lang='lat' dir='ltr'><strong>Pe-</strong></span> 
     </span>
     <span class='ocr_line' id='line_1_62' title="bbox 1039 2003 1905 2057; baseline -0.005 -14"><span class='ocrx_word' id='word_1_487' title='bbox 1039 2005 1195 2043; x_wconf 76' lang='lat' dir='ltr'><strong>lusiaco</strong></span> <span class='ocrx_word' id='word_1_488' title='bbox 1215 2005 1461 2057; x_wconf 68' lang='lat' dir='ltr'><strong>praefalqet</strong></span> <span class='ocrx_word' id='word_1_489' title='bbox 1480 2005 1646 2043; x_wconf 77' lang='lat' dir='ltr'><strong>stamine</strong></span> <span class='ocrx_word' id='word_1_490' title='bbox 1664 2008 1814 2049; x_wconf 69' lang='lat' dir='ltr'><strong>vertex,</strong></span> <span class='ocrx_word' id='word_1_491' title='bbox 1841 2003 1905 2040; x_wconf 84' lang='lat' dir='ltr'><strong>ubi</strong></span> 
     </span>
     <span class='ocr_line' id='line_1_63' title="bbox 1039 2059 1904 2113; baseline -0.001 -16"><span class='ocrx_word' id='word_1_492' title='bbox 1039 2060 1087 2099; x_wconf 84' lang='lat' dir='ltr'><strong>cs.</strong></span> <span class='ocrx_word' id='word_1_493' title='bbox 1115 2061 1181 2099; x_wconf 90' lang='lat' dir='ltr'><strong>Dr.</strong></span> <span class='ocrx_word' id='word_1_494' title='bbox 1215 2060 1272 2100; x_wconf 88' lang='lat' dir='ltr'><strong>Cs.</strong></span> <span class='ocrx_word' id='word_1_495' title='bbox 1288 2066 1488 2113; x_wconf 81' lang='lat' dir='ltr'><strong>praeterea</strong></span> <span class='ocrx_word' id='word_1_496' title='bbox 1502 2059 1640 2098; x_wconf 78' lang='lat' dir='ltr'><strong>Montf.</strong></span> <span class='ocrx_word' id='word_1_497' title='bbox 1666 2059 1689 2098; x_wconf 93' lang='grc'><strong>1.</strong></span> <span class='ocrx_word' id='word_1_498' title='bbox 1705 2059 1794 2098; x_wconf 85' lang='lat' dir='ltr'><strong>e.1l.</strong></span> <span class='ocrx_word' id='word_1_499' title='bbox 1814 2063 1904 2099; x_wconf 82' lang='grc'><strong>142.</strong></span> 
     </span>
     <span class='ocr_line' id='line_1_64' title="bbox 1040 2115 1906 2168; baseline -0.001 -13"><span class='ocrx_word' id='word_1_500' title='bbox 1040 2117 1177 2168; x_wconf 77' lang='lat' dir='ltr'><strong>Suppl.</strong></span> <span class='ocrx_word' id='word_1_501' title='bbox 1215 2122 1278 2158; x_wconf 89' lang='lat'><strong>51.</strong></span> <span class='ocrx_word' id='word_1_502' title='bbox 1316 2117 1366 2155; x_wconf 84' lang='lat' dir='ltr'><strong>(le</strong></span> <span class='ocrx_word' id='word_1_503' title='bbox 1405 2116 1515 2167; x_wconf 74' lang='lat' dir='ltr'><strong>Cayl.</strong></span> <span class='ocrx_word' id='word_1_504' title='bbox 1551 2117 1657 2155; x_wconf 82' lang='lat' dir='ltr'><strong>Antt.</strong></span> <span class='ocrx_word' id='word_1_505' title='bbox 1696 2115 1740 2154; x_wconf 86' lang='lat' dir='ltr'><strong>T.</strong></span> <span class='ocrx_word' id='word_1_506' title='bbox 1766 2115 1837 2168; x_wconf 51' lang='lat' dir='ltr'><strong>Alll.</strong></span> <span class='ocrx_word' id='word_1_507' title='bbox 1867 2120 1906 2156; x_wconf 88' lang='grc'><strong>2.</strong></span> 
     </span>
     <span class='ocr_line' id='line_1_65' title="bbox 1039 2172 1536 2225; baseline 0.002 -14"><span class='ocrx_word' id='word_1_508' title='bbox 1039 2172 1207 2212; x_wconf 86' lang='lat' dir='ltr'><strong>Poeock.</strong></span> <span class='ocrx_word' id='word_1_509' title='bbox 1235 2173 1278 2212; x_wconf 89' lang='lat' dir='ltr'><strong>T.</strong></span> <span class='ocrx_word' id='word_1_510' title='bbox 1306 2173 1331 2211; x_wconf 89' lang='grc'><strong>1.</strong></span> <span class='ocrx_word' id='word_1_511' title='bbox 1358 2188 1394 2225; x_wconf 88' lang='lat' dir='ltr'><strong>p.</strong></span> <span class='ocrx_word' id='word_1_512' title='bbox 1420 2173 1536 2225; x_wconf 58' lang='lat'><strong>213]</strong></span> 
     </span>
    </p>

    <p class='ocr_par' dir='ltr' id='par_1_12' title="bbox 1037 2229 1909 3015">
     <span class='ocr_line' id='line_1_66' title="bbox 1097 2229 1905 2282; baseline -0.002 -14"><span class='ocrx_word' id='word_1_513' title='bbox 1097 2231 1292 2282; x_wconf 78' lang='lat' dir='ltr'><strong>capillum</strong></span> <span class='ocrx_word' id='word_1_514' title='bbox 1321 2231 1469 2270; x_wconf 75' lang='lat' dir='ltr'><strong>derasi.</strong></span> <span class='ocrx_word' id='word_1_515' title='bbox 1496 2229 1699 2281; x_wconf 73' lang='lat' dir='ltr'><strong>[Aegyptii</strong></span> <span class='ocrx_word' id='word_1_516' title='bbox 1724 2229 1905 2268; x_wconf 80' lang='lat' dir='ltr'><strong>sacerdo-</strong></span> 
     </span>
     <span class='ocr_line' id='line_1_67' title="bbox 1039 2284 1904 2339; baseline 0 -15"><span class='ocrx_word' id='word_1_517' title='bbox 1039 2291 1098 2324; x_wconf 79' lang='lat' dir='ltr'><strong>tes</strong></span> <span class='ocrx_word' id='word_1_518' title='bbox 1125 2293 1240 2339; x_wconf 82' lang='lat' dir='ltr'><strong>caput</strong></span> <span class='ocrx_word' id='word_1_519' title='bbox 1264 2287 1453 2325; x_wconf 81' lang='lat' dir='ltr'><strong>deradere</strong></span> <span class='ocrx_word' id='word_1_520' title='bbox 1478 2287 1660 2324; x_wconf 80' lang='lat' dir='ltr'><strong>solebant</strong></span> <span class='ocrx_word' id='word_1_521' title='bbox 1685 2285 1733 2325; x_wconf 85' lang='lat' dir='ltr'><strong>cs.</strong></span> <span class='ocrx_word' id='word_1_522' title='bbox 1749 2285 1843 2323; x_wconf 82' lang='lat' dir='ltr'><strong>Met.</strong></span> <span class='ocrx_word' id='word_1_523' title='bbox 1859 2284 1904 2324; x_wconf 90' lang='lat' dir='ltr'><strong>ll.</strong></span> 
     </span>
     <span class='ocr_line' id='line_1_68' title="bbox 1040 2341 1906 2396; baseline 0.001 -17"><span class='ocrx_word' id='word_1_524' title='bbox 1040 2356 1077 2394; x_wconf 77' lang='lat' dir='ltr'><strong>p.</strong></span> <span class='ocrx_word' id='word_1_525' title='bbox 1091 2346 1179 2384; x_wconf 86' lang='lat'><strong>159.</strong></span> <span class='ocrx_word' id='word_1_526' title='bbox 1195 2348 1232 2382; x_wconf 81' lang='lat' dir='ltr'><strong>et</strong></span> <span class='ocrx_word' id='word_1_527' title='bbox 1244 2344 1428 2396; x_wconf 75' lang='lat' dir='ltr'><strong>(uiasque</strong></span> <span class='ocrx_word' id='word_1_528' title='bbox 1443 2343 1594 2382; x_wconf 79' lang='lat' dir='ltr'><strong>deraso</strong></span> <span class='ocrx_word' id='word_1_529' title='bbox 1609 2343 1757 2394; x_wconf 74' lang='lat' dir='ltr'><strong>eapite.</strong></span> <span class='ocrx_word' id='word_1_530' title='bbox 1790 2341 1906 2380; x_wconf 79' lang='lat' dir='ltr'><strong>Plura</strong></span> 
     </span>
     <span class='ocr_line' id='line_1_69' title="bbox 1039 2398 1905 2452; baseline 0 -16"><span class='ocrx_word' id='word_1_531' title='bbox 1039 2399 1163 2438; x_wconf 83' lang='lat' dir='ltr'><strong>(licam</strong></span> <span class='ocrx_word' id='word_1_532' title='bbox 1200 2399 1296 2438; x_wconf 78' lang='lat' dir='ltr'><strong>infra</strong></span> <span class='ocrx_word' id='word_1_533' title='bbox 1326 2400 1374 2438; x_wconf 79' lang='lat' dir='ltr'><strong>atl</strong></span> <span class='ocrx_word' id='word_1_534' title='bbox 1406 2414 1443 2452; x_wconf 85' lang='lat' dir='ltr'><strong>p.</strong></span> <span class='ocrx_word' id='word_1_535' title='bbox 1475 2403 1567 2440; x_wconf 88' lang='lat'><strong>817.</strong></span> <span class='ocrx_word' id='word_1_536' title='bbox 1599 2413 1697 2437; x_wconf 85' lang='lat' dir='ltr'><strong>raro</strong></span> <span class='ocrx_word' id='word_1_537' title='bbox 1735 2398 1905 2450; x_wconf 83' lang='lat' dir='ltr'><strong>capillo.</strong></span> 
     </span>
     <span class='ocr_line' id='line_1_70' title="bbox 1046 2453 1904 2495; baseline -0.003 0"><span class='ocrx_word' id='word_1_538' title='bbox 1046 2457 1246 2495; x_wconf 72' lang='lat' dir='ltr'><strong>Funditus</strong></span> <span class='ocrx_word' id='word_1_539' title='bbox 1271 2456 1411 2495; x_wconf 85' lang='lat' dir='ltr'><strong>dictum</strong></span> <span class='ocrx_word' id='word_1_540' title='bbox 1439 2460 1502 2493; x_wconf 81' lang='lat' dir='ltr'><strong>est</strong></span> <span class='ocrx_word' id='word_1_541' title='bbox 1530 2460 1571 2493; x_wconf 86' lang='lat' dir='ltr'><strong>ut</strong></span> <span class='ocrx_word' id='word_1_542' title='bbox 1600 2454 1769 2493; x_wconf 81' lang='lat' dir='ltr'><strong>Phaedr.</strong></span> <span class='ocrx_word' id='word_1_543' title='bbox 1797 2453 1842 2493; x_wconf 87' lang='lat' dir='ltr'><strong>ll.</strong></span> <span class='ocrx_word' id='word_1_544' title='bbox 1867 2458 1904 2494; x_wconf 88' lang='grc'><strong>2.</strong></span> 
     </span>
     <span class='ocr_line' id='line_1_71' title="bbox 1044 2512 1906 2564; baseline -0.006 -11"><span class='ocrx_word' id='word_1_545' title='bbox 1044 2516 1068 2553; x_wconf 86' lang='grc'>9</span> <span class='ocrx_word' id='word_1_546' title='bbox 1093 2526 1152 2563; x_wconf 83' lang='lat' dir='ltr'><strong>Sq.</strong></span> <span class='ocrx_word' id='word_1_547' title='bbox 1190 2512 1336 2552; x_wconf 72' lang='lat' dir='ltr'><strong>Calvus</strong></span> <span class='ocrx_word' id='word_1_548' title='bbox 1365 2518 1530 2564; x_wconf 77' lang='lat' dir='ltr'><strong>repenle</strong></span> <span class='ocrx_word' id='word_1_549' title='bbox 1557 2513 1697 2561; x_wconf 75' lang='lat' dir='ltr'><strong>saclas</strong></span> <span class='ocrx_word' id='word_1_550' title='bbox 1727 2516 1784 2549; x_wconf 72' lang='lat' dir='ltr'><strong>est</strong></span> <span class='ocrx_word' id='word_1_551' title='bbox 1812 2524 1906 2548; x_wconf 77' lang='lat' dir='ltr'><strong>nam</strong></span> 
     </span>
     <span class='ocr_line' id='line_1_72' title="bbox 1039 2569 1906 2620; baseline -0.003 -12"><span class='ocrx_word' id='word_1_552' title='bbox 1039 2569 1275 2619; x_wconf 76' lang='lat' dir='ltr'><strong>funditus</strong></span> <span class='ocrx_word' id='word_1_553' title='bbox 1304 2569 1436 2609; x_wconf 46' lang='lat' dir='ltr'><strong>(fanos</strong></span> <span class='ocrx_word' id='word_1_554' title='bbox 1454 2569 1618 2620; x_wconf 76' lang='lat' dir='ltr'><strong>puella,</strong></span> <span class='ocrx_word' id='word_1_555' title='bbox 1644 2569 1786 2620; x_wconf 72' lang='lat' dir='ltr'><strong>niyros</strong></span> <span class='ocrx_word' id='word_1_556' title='bbox 1806 2581 1906 2605; x_wconf 74' lang='lat' dir='ltr'><strong>arms</strong></span> 
     </span>
     <span class='ocr_line' id='line_1_73' title="bbox 1043 2625 1907 2676; baseline -0.003 -13"><span class='ocrx_word' id='word_1_557' title='bbox 1043 2625 1242 2664; x_wconf 69' lang='lat' dir='ltr'><strong>evelleret.</strong></span> <span class='ocrx_word' id='word_1_558' title='bbox 1296 2626 1453 2665; x_wconf 67' lang='lat' dir='ltr'><strong>Vertit-e</strong></span> <span class='ocrx_word' id='word_1_559' title='bbox 1485 2626 1742 2676; x_wconf 74' lang='lat' dir='ltr'><strong>praenitente</strong></span> <span class='ocrx_word' id='word_1_560' title='bbox 1775 2636 1907 2661; x_wconf 81' lang='lat' dir='ltr'><strong>sacer-</strong></span> 
     </span>
     <span class='ocr_line' id='line_1_74' title="bbox 1042 2679 1905 2730; baseline -0.002 -11"><span class='ocrx_word' id='word_1_561' title='bbox 1042 2681 1156 2719; x_wconf 81' lang='lat' dir='ltr'><strong>dotes</strong></span> <span class='ocrx_word' id='word_1_562' title='bbox 1181 2682 1243 2719; x_wconf 78' lang='lat' dir='ltr'><strong>isti</strong></span> <span class='ocrx_word' id='word_1_563' title='bbox 1260 2682 1516 2726; x_wconf 84' lang='lat' dir='ltr'><strong>nominantur,</strong></span> <span class='ocrx_word' id='word_1_564' title='bbox 1543 2681 1631 2730; x_wconf 79' lang='lat' dir='ltr'><strong>quia</strong></span> <span class='ocrx_word' id='word_1_565' title='bbox 1644 2679 1767 2730; x_wconf 78' lang='lat' dir='ltr'><strong>glabri</strong></span> <span class='ocrx_word' id='word_1_566' title='bbox 1787 2682 1905 2718; x_wconf 83' lang='lat' dir='ltr'><strong>erant.</strong></span> 
     </span>
     <span class='ocr_line' id='line_1_75' title="bbox 1041 2736 1909 2783; baseline -0.003 -7"><span class='ocrx_word' id='word_1_567' title='bbox 1041 2738 1098 2776; x_wconf 81' lang='lat' dir='ltr'><strong>lta</strong></span> <span class='ocrx_word' id='word_1_568' title='bbox 1122 2738 1263 2776; x_wconf 77' lang='lat' dir='ltr'><strong>Avien.</strong></span> <span class='ocrx_word' id='word_1_569' title='bbox 1291 2737 1369 2776; x_wconf 78' lang='lat' dir='ltr'><strong>sab.</strong></span> <span class='ocrx_word' id='word_1_570' title='bbox 1398 2742 1461 2783; x_wconf 83' lang='lat'><strong>10.</strong></span> <span class='ocrx_word' id='word_1_571' title='bbox 1490 2742 1524 2777; x_wconf 91' lang='grc'><strong>7.</strong></span> <span class='ocrx_word' id='word_1_572' title='bbox 1563 2737 1722 2776; x_wconf 74' lang='lat' dir='ltr'><strong>deiecto</strong></span> <span class='ocrx_word' id='word_1_573' title='bbox 1758 2736 1909 2774; x_wconf 70' lang='lat' dir='ltr'><strong>nituit</strong></span> 
     </span>
     <span class='ocr_line' id='line_1_76' title="bbox 1037 2790 1907 2846; baseline -0.005 -14"><span class='ocrx_word' id='word_1_574' title='bbox 1037 2796 1158 2845; x_wconf 77' lang='lat' dir='ltr'><strong>frons</strong></span> <span class='ocrx_word' id='word_1_575' title='bbox 1182 2794 1296 2834; x_wconf 78' lang='lat' dir='ltr'><strong>mala</strong></span> <span class='ocrx_word' id='word_1_576' title='bbox 1319 2794 1484 2846; x_wconf 71' lang='lat' dir='ltr'><strong>yalero,</strong></span> <span class='ocrx_word' id='word_1_577' title='bbox 1511 2798 1549 2831; x_wconf 87' lang='lat' dir='ltr'><strong>et</strong></span> <span class='ocrx_word' id='word_1_578' title='bbox 1563 2792 1649 2831; x_wconf 76' lang='lat' dir='ltr'><strong>val.</strong></span> <span class='ocrx_word' id='word_1_579' title='bbox 1664 2792 1822 2830; x_wconf 81' lang='lat' dir='ltr'><strong>Maxim.</strong></span> <span class='ocrx_word' id='word_1_580' title='bbox 1838 2790 1907 2829; x_wconf 83' lang='lat' dir='ltr'><strong>lX.</strong></span> 
     </span>
     <span class='ocr_line' id='line_1_77' title="bbox 1045 2848 1909 2900; baseline -0.006 -10"><span class='ocrx_word' id='word_1_581' title='bbox 1045 2854 1108 2890; x_wconf 90' lang='grc'><strong>12.</strong></span> <span class='ocrx_word' id='word_1_582' title='bbox 1134 2849 1225 2889; x_wconf 86' lang='lat' dir='ltr'><strong>Ext.</strong></span> <span class='ocrx_word' id='word_1_583' title='bbox 1250 2854 1288 2889; x_wconf 88' lang='grc'><strong>2.</strong></span> <span class='ocrx_word' id='word_1_584' title='bbox 1315 2851 1425 2889; x_wconf 79' lang='lat' dir='ltr'><strong>elusa</strong></span> <span class='ocrx_word' id='word_1_585' title='bbox 1451 2850 1618 2900; x_wconf 82' lang='lat' dir='ltr'><strong>(aquila)</strong></span> <span class='ocrx_word' id='word_1_586' title='bbox 1644 2848 1909 2900; x_wconf 78' lang='lat' dir='ltr'><strong>splendore</strong></span> 
     </span>
     <span class='ocr_line' id='line_1_78' title="bbox 1043 2905 1906 2958; baseline -0.006 -12"><span class='ocrx_word' id='word_1_587' title='bbox 1043 2908 1191 2958; x_wconf 80' lang='lat' dir='ltr'><strong>capitis</strong></span> <span class='ocrx_word' id='word_1_588' title='bbox 1229 2909 1335 2955; x_wconf 74' lang='lat' dir='ltr'><strong>(erat</strong></span> <span class='ocrx_word' id='word_1_589' title='bbox 1370 2908 1473 2944; x_wconf 78' lang='lat' dir='ltr'><strong>enim</strong></span> <span class='ocrx_word' id='word_1_590' title='bbox 1516 2905 1682 2955; x_wconf 76' lang='lat' dir='ltr'><strong>capillis</strong></span> <span class='ocrx_word' id='word_1_591' title='bbox 1718 2905 1906 2958; x_wconf 77' lang='lat' dir='ltr'><strong>vacuam)</strong></span> 
     </span>
     <span class='ocr_line' id='line_1_79' title="bbox 1039 2960 1703 3015; baseline -0.005 -14"><span class='ocrx_word' id='word_1_592' title='bbox 1039 2963 1216 3015; x_wconf 75' lang='lat' dir='ltr'><strong>perinde</strong></span> <span class='ocrx_word' id='word_1_593' title='bbox 1239 2967 1364 3014; x_wconf 77' lang='lat' dir='ltr'><strong>atque</strong></span> <span class='ocrx_word' id='word_1_594' title='bbox 1389 2962 1526 3013; x_wconf 75' lang='lat' dir='ltr'><strong>lapidi</strong></span> <span class='ocrx_word' id='word_1_595' title='bbox 1551 2960 1703 3013; x_wconf 66' lang='lat' dir='ltr'><strong>illisit]</strong></span> 
     </span>
    </p>

    <p class='ocr_par' dir='ltr' id='par_1_13' title="bbox 1041 3017 1910 3237">
     <span class='ocr_line' id='line_1_80' title="bbox 1097 3017 1908 3070; baseline -0.001 -14"><span class='ocrx_word' id='word_1_596' title='bbox 1097 3032 1270 3070; x_wconf 69' lang='lat' dir='ltr'><strong>maynae</strong></span> <span class='ocrx_word' id='word_1_597' title='bbox 1311 3018 1526 3069; x_wconf 69' lang='lat' dir='ltr'><strong>reliqz‘onis</strong></span> <span class='ocrx_word' id='word_1_598' title='bbox 1562 3022 1720 3056; x_wconf 79' lang='lat' dir='ltr'><strong>terrena</strong></span> <span class='ocrx_word' id='word_1_599' title='bbox 1757 3017 1908 3056; x_wconf 77' lang='lat' dir='ltr'><strong>sidera.</strong></span> 
     </span>
     <span class='ocr_line' id='line_1_81' title="bbox 1043 3071 1910 3114; baseline 0 -2"><span class='ocrx_word' id='word_1_600' title='bbox 1043 3073 1150 3112; x_wconf 80' lang='lat' dir='ltr'><strong>Colv.</strong></span> <span class='ocrx_word' id='word_1_601' title='bbox 1167 3074 1311 3112; x_wconf 86' lang='lat' dir='ltr'><strong>excitat</strong></span> <span class='ocrx_word' id='word_1_602' title='bbox 1331 3071 1543 3112; x_wconf 86' lang='lat' dir='ltr'><strong>Colum.X.</strong></span> <span class='ocrx_word' id='word_1_603' title='bbox 1557 3076 1624 3114; x_wconf 87' lang='grc'><strong>96.</strong></span> <span class='ocrx_word' id='word_1_604' title='bbox 1649 3073 1910 3112; x_wconf 80' lang='lat' dir='ltr'><strong>terrestria</strong></span> 
     </span>
     <span class='ocr_line' id='line_1_82' title="bbox 1041 3127 1905 3183; baseline -0.002 -13"><span class='ocrx_word' id='word_1_605' title='bbox 1041 3130 1207 3170; x_wconf 75' lang='lat' dir='ltr'><strong>sidera</strong></span> <span class='ocrx_word' id='word_1_606' title='bbox 1228 3132 1363 3183; x_wconf 81' lang='lat' dir='ltr'><strong>flores.</strong></span> <span class='ocrx_word' id='word_1_607' title='bbox 1402 3127 1534 3181; x_wconf 81' lang='lat' dir='ltr'><strong>[ovid.</strong></span> <span class='ocrx_word' id='word_1_608' title='bbox 1561 3128 1687 3181; x_wconf 85' lang='lat' dir='ltr'><strong>Epist.</strong></span> <span class='ocrx_word' id='word_1_609' title='bbox 1714 3142 1764 3167; x_wconf 84' lang='lat' dir='ltr'><strong>ex</strong></span> <span class='ocrx_word' id='word_1_610' title='bbox 1792 3127 1905 3168; x_wconf 90' lang='lat' dir='ltr'><strong>Pont.</strong></span> 
     </span>
     <span class='ocr_line' id='line_1_83' title="bbox 1042 3184 1653 3237; baseline -0.002 -12"><span class='ocrx_word' id='word_1_611' title='bbox 1042 3186 1104 3225; x_wconf 89' lang='lat' dir='ltr'><strong>lll.</strong></span> <span class='ocrx_word' id='word_1_612' title='bbox 1131 3190 1167 3227; x_wconf 89' lang='lat'><strong>3.</strong></span> <span class='ocrx_word' id='word_1_613' title='bbox 1194 3190 1230 3227; x_wconf 92' lang='grc'><strong>2.</strong></span> <span class='ocrx_word' id='word_1_614' title='bbox 1259 3200 1281 3225; x_wconf 92' lang='lat' dir='ltr'><strong>o</strong></span> <span class='ocrx_word' id='word_1_615' title='bbox 1305 3187 1441 3225; x_wconf 78' lang='lat' dir='ltr'><strong>sidus</strong></span> <span class='ocrx_word' id='word_1_616' title='bbox 1470 3184 1653 3237; x_wconf 71' lang='lat' dir='ltr'><strong>Fabiae]</strong></span> 
     </span>
    </p>
   </div>
  </div>
 </body>
</html>
