2221 3667
350 138 432 180 560

609 140 655 178 1..
688 139 908 179 APULEll
938 137 1341 179 MADAURENSIS
1365 136 1910 181 METAMORPHOSEON

349 249 450 289 Nam
489 251 724 303 procedente
760 265 941 292 sermone
978 251 1091 304 paulo
1128 250 1204 289 iam
1241 250 1407 300 elarius,
1446 257 1643 290 contemta
1679 266 1764 293 mea
1788 254 2012 307 praesentia
2037 255 2149 307 quasi

347 319 442 347 vere
479 309 638 347 mortui:
675 306 789 348 Bono
826 308 955 348 auimo
993 320 1056 356 es,
1095 306 1242 359 inquit,

1282 304 1446 347 Charite
1482 307 1721 348 dulcissima.
1770 308 1874 349 Nam
1913 317 2015 350 totos
2051 311 2148 350 istos

349 436 459 463 Verba
481 435 556 464 inde
580 442 601 464 a
624 433 711 462 ,Yam
732 433 934 472 procedente
960 441 1063 468 usque
1076 435 1117 462 ael
1130 433 1260 462 mortui
1270 435 1405 463 exulant
1423 441 1443 462 a
1463 436 1499 463 G.
1522 436 1550 463 1.
1570 436 1600 464 2.
1621 436 1658 463 D.
1680 436 1714 464 Ο.
1735 443 1771 465 π.
1818 437 1933 465 carius
1958 438 1995 466 F.
2016 446 2045 472 p.
2066 439 2096 467 1.
2117 439 2148 466 3.

349 481 384 508 B.
405 477 433 508 ὃ.
453 480 475 508 s.
496 481 546 508 ed.
567 489 612 515 pr.
636 482 762 509 Yicent.
784 482 897 509 Venet.
919 481 949 507 2.
973 481 1010 507 111
1029 482 1102 507 cett.
1122 477 1262 508 clarius.

1310 481 1513 506 contemtum
1532 481 1567 508 F.
1591 481 1620 508 1.
1639 482 1670 509 3.
1719 488 1792 507 eam
1808 482 2042 517 praesentiam
2063 483 2098 511 F.
2122 484 2150 510 1.

347 533 389 551 ea
397 525 600 561 praesentia
613 527 648 554 F.
663 528 692 554 3.
718 528 752 554 In
768 529 839 553 cett.
855 526 1027 551 contemta
1038 531 1113 551 mea
1122 524 1334 561 praesentia.
1371 525 1568 562 quaesit-ere
1581 525 1709 552 mortui
1719 527 1754 554 F.
1769 527 1800 554 3.
1837 528 2011 562 quaesiere
2027 526 2155 556 mortui

348 571 384 598 F.
399 569 428 598 1.
443 570 464 599 f.
479 572 516 599 R.
543 571 722 607 quassent-e
735 569 862 596 mortui
874 578 903 603 p.
931 569 1109 607 quaesiero
1123 569 1252 597 mortue·
1263 566 1292 598 δ.
1319 570 1475 606 quiet-cre
1488 572 1523 598 B.
1537 571 1586 599 ed.
1602 578 1648 605 pr.
1656 571 1906 600 vicent.Ve11et.
1918 573 1948 600 2.
1958 574 1988 600 4.
2004 573 2153 602 Beroald.

348 617 384 643 111
397 617 480 644 lunt.
494 613 525 644 ’1.
542 618 571 645 2.
597 617 671 644 ΑΜ.
696 617 778 643 Ε1111.
793 616 926 642 exulant
942 616 1043 642 verba
1057 615 1255 651 quaesivere
1268 613 1404 643 mortui.

347 663 420 688 esto
434 662 471 689 R.
481 660 501 689 f.
512 658 540 689 ὁὶ
554 662 590 688 1·“.
602 662 629 687 ¹1.
642 661 776 688 Vulc.1.
802 667 838 685 eo
855 660 970 687 vitiose
983 661 1067 688 Elm.
1092 667 1126 688 es
1139 658 1222 688 bono
1236 659 1348 688 animo
1362 660 1437 689 Ala.
1452 662 1534 689 lunt.
1546 662 1574 689 1.
1589 662 1620 689 2.

351 703 499 733 ίῚιανὶια
512 706 533 734 f.
561 703 678 732 Kame
691 701 720 733 ὃ.
768 702 987 732 dilectissima
1002 704 1023 733 f.

347 814 588 853 Rhodiorum
610 813 714 852 01’.11.
740 816 773 867 β.
791 818 870 856 653
885 828 972 866 sqq.
993 830 1020 862 ε,
1037 817 1117 856 628
1133 827 1222 866 sqq.

347 870 457 909 Pind.
478 870 542 908 Ol.
562 869 728 911 11137.
771 870 830 910 Ita
858 870 1122 923 Τληπολέμεια
1146 885 1225 910 cer-

346 928 489 966 tamina
513 928 548 964 in
574 926 703 965 insula
716 927 846 966 Rhodi
862 932 1044 967 vocantur
1065 929 1100 966 in
1116 928 1224 966 Solis

346 984 532 1021 honorem
558 982 605 1021 cf.
628 982 757 1035 Epigr.
780 983 985 1023 Philoxen.
1011 985 1116 1035 apud
1135 984 1224 1022 Sal-

347 1052 443 1078 mas.
486 1040 521 1077 in
557 1038 657 1078 Plin.
695 1053 731 1091 p.
770 1044 880 1082 648:
923 1039 1168 1092 Τληπόλεμος
1203 1038 1223 1079 ὁ

346 1094 509 1147 ΛῙινρεύς.
540 1095 651 1134 Βο110
664 1097 878 1148 respondet
891 1097 968 1136 1100
983 1111 1121 1135 nomen
1138 1096 1226 1135 sorti

347 1150 527 1190 Charites
543 1153 678 1191 marito
693 1152 977 1192 Ovid.Heroid.
993 1153 1018 1192 l.
1039 1157 1101 1194 19.
1119 1153 1226 1191 [dem

347 1222 487 1246 nomen
511 1209 682 1260 Apuleio
707 1210 878 1249 vindicat
902 1209 1033 1249 d‘Orv.
1059 1210 1108 1249 ad
1130 1210 1226 1248 Cha-

346 1265 401 1303 rit.
428 1264 455 1302 Ι.
491 1270 525 1305 1.
556 1279 594 1317 p.
622 1269 715 1306 201.
742 1266 803 1305 ed.
829 1267 943 1318 Lips.
998 1266 1049 1305 Et
1079 1266 1227 1305 diserte

347 1321 410 1359 hic
435 1321 554 1360 habet
579 1322 631 1360 ita
655 1322 742 1362 cod.
766 1322 938 1361 Florent.
965 1323 1020 1375 3.]

403 1378 513 1417 Nam
526 1379 785 1430 procedente
802 1393 984 1418 sermone
993 1379 1130 1431 paulo
1144 1380 1225 1419 iam

349 1434 514 1480 clarius,
530 1439 729 1474 contemta
744 1450 831 1475 mea
852 1437 1088 1487 praesencia
1110 1436 1227 1489 quasi

347 1504 438 1529 rere
450 1492 622 1531 mortni.-
637 1492 775 1530 Bono.
800 1491 965 1538 Locum,
980 1494 1044 1543 qui
1058 1493 1226 1530 omnium

348 1546 597 1585 difficillimus
632 1551 711 1593 est,
755 1561 803 1586 ea
837 1550 985 1586 ratione
1020 1550 1227 1587 restituere

348 1607 511 1641 conatus
525 1617 624 1642 sum.
657 1604 905 1643 Stewechius
919 1605 1069 1643 scribit:
1093 1604 1228 1657 paulo

346 1660 426 1698 iam
442 1660 484 1698 Ιιὶ
488 1660 627 1706 larius,
637 1666 867 1712 contempta
881 1675 967 1700 mea
977 1662 1227 1713 praesentia,

349 1717 533 1768 (suffecere
569 1718 735 1762 mortui,
777 1718 891 1768 quasi
930 1718 1049 1762 dieat,
1092 1729 1229 1769 proce-

347 1772 467 1809 dente
502 1786 703 1818 sermone,
746 1774 844 1811 asini
878 1774 1103 1824 praesentia
1139 1787 1227 1811 con-

345 1831 512 1879 tempta,
554 1829 712 1867 tandem
754 1842 802 1867 se
836 1834 969 1868 mutuo
1006 1828 1226 1881 amplexos.

347 1883 475 1930 Quam
512 1898 648 1935 parum
678 1885 754 1923 1100
785 1884 871 1923 1000
902 1886 1089 1932 sufficiat,
1126 1887 1228 1924 bene

346 1940 515 1991 quisque
541 1941 733 1992 intelligit.
795 1941 898 1988 Quia
923 1956 1013 1981 vero
1042 1944 1228 1995 quievere

345 1998 507 2044 mortui,
532 1997 597 2035 vel
613 1999 845 2050 quaesivere
858 2001 1022 2046 mortui,
1041 1999 1094 2038 uti
1110 1999 1227 2038 codd.

345 2057 385 2091 et
409 2054 498 2092 edd.
529 2058 711 2105 peccant,
743 2057 974 2093 sententiam
1000 2057 1228 2107 perturbare

345 2109 559 2156 videretur,
590 2110 815 2149 Beroaldus
848 2125 918 2150 eas
952 2126 1073 2151 voces
1099 2112 1226 2151 induci

343 2167 471 2206 iussit.
519 2166 614 2205 Cum
640 2171 768 2205 tamen
794 2169 830 2206 in
852 2168 984 2207 multis
1005 2169 1119 2207 codd.
1140 2183 1228 2208 con-

343 2227 494 2261 stanter
525 2228 791 2269 exareoentur,
823 2224 927 2264 Oud.
961 2226 1165 2264 videbatur
1189 2227 1225 2264 in

344 2279 422 2317 illis
454 2279 601 2332 aliquid
633 2279 772 2326 latere,
811 2295 888 2332 quo
922 2281 1115 2333 Apuleius
1146 2296 1226 2320 mo-

344 2337 514 2383 nuisset,
546 2349 619 2375 eos
650 2337 727 2375 iam
758 2336 900 2376 clarius
926 2342 965 2376 et
989 2343 1122 2378 mutuo
1148 2338 1226 2378 col-

344 2392 498 2431 locutos
541 2407 636 2431 esse
679 2393 729 2431 de
770 2393 973 2433 inferenda
1008 2394 1225 2434 latronibus

343 2453 486 2495 morte,
506 2450 572 2488 vel
594 2449 772 2488 Chariten
792 2463 843 2488 ex
858 2449 1093 2503 Tlepolemo
1109 2465 1226 2503 quae-

342 2506 508 2551 sivisse,
549 2520 641 2544 num
676 2507 753 2544 iam
788 2508 925 2545 mortui
962 2513 1118 2555 essent,
1164 2508 1228 2546 vel

343 2567 449 2601 certe
489 2563 600 2601 morti
648 2563 832 2614 proximi,
876 2568 916 2602 01
956 2565 1045 2604 vino
1088 2565 1228 2611 obruti,

344 2619 435 2669 quia
464 2620 714 2658 subderetur:
747 2621 876 2659 Bono
900 2623 1038 2661 animo
1068 2635 1125 2667 es,
1159 2622 1228 2661 Ιιο·

341 2680 418 2714 stes
447 2677 581 2714 statim
605 2678 793 2727 capt-[cos
817 2677 991 2716 habebis.
1051 2678 1129 2716 Vel
1154 2692 1223 2730 po-

341 2732 420 2770 tius
463 2732 698 2771 existimavst
741 2746 812 2772 eas
850 2747 901 2771 ex
937 2734 1074 2784 glossa
1109 2739 1223 2773 natas

342 2786 538 2839 simulque
554 2792 756 2840 corruptas
775 2790 969 2840 pertinere
988 2791 1037 2829 ad
1057 2805 1223 2843 sequen-

342 2847 420 2882 tem
465 2845 684 2896 periodum:
742 2846 890 2886 Cuncti
933 2847 1112 2900 denique
1148 2852 1224 2888 etc.

343 2899 523 2951 [Optima
553 2906 616 2940 est
646 2902 731 2940 cod.
763 2917 801 2954 p.
833 2902 949 2941 lectio
983 2905 1102 2956 quasi
1132 2918 1224 2944 vere

341 2959 506 3005 mortui,
533 2971 649 3009 quam
673 2959 841 2997 eandem
867 2959 1089 2999 coniectura
1112 2974 1223 2999 asse-

342 3016 453 3050 cutus
468 3018 530 3052 est
542 3014 767 3062 Mercerus,
792 3020 835 3055 ut
848 3029 870 3054 e
884 3016 1019 3054 notula
1033 3016 1222 3056 Groslotii

342 3072 461 3118 patet.
499 3070 789 3111 Sententiarum
803 3073 904 3111 enim
923 3086 1049 3112 nexus
1062 3073 1126 3111 1110
1140 3078 1220 3113 est:

342 3124 492 3163 Asinus
518 3140 634 3177 quum
660 3128 801 3168 viderit
821 3129 1008 3180 virginem
1027 3143 1093 3169 res
1111 3143 1219 3170 ama-

1822 622 1856 643 es
1875 617 1911 645 1⁴¹.
1925 618 1956 645 3.
1971 619 2006 646 G.
2024 619 2052 646 1.
2066 620 2097 646 ¹2.
2111 618 2150 645 D.

1668 660 1779 698 inquit
1793 668 1857 689 non
1870 662 2068 697 conspicitur
2081 663 2114 691 in
2130 662 2153 690 f.

1453 615 1564 642 animo
1580 618 1689 644 exulat
1705 622 1725 643 a
1737 617 1774 644 P.

1282 816 1399 853 torias
1424 814 1590 853 libenter
1608 828 1692 854 cum
1714 814 1862 854 latrone
1882 816 1981 855 satis
1999 816 2154 856 horrido

1282 876 1322 910 et
1347 876 1504 910 cruento
1530 876 1777 917 tractantem,
1809 887 1883 911 non
1909 873 2038 910 solum
2068 886 2156 911 eam

1283 929 1490 979 vituperat,
1533 929 1678 980 quippe
1721 942 1821 979 quae
1863 929 2002 980 sponsi
2039 929 2155 968 modo

1283 985 1426 1035 nuptiis
1463 985 1579 1023 iuncti
1615 985 1732 1035 plane
1774 986 2040 1031 obliviscatur,
2083 986 2158 1024 sed

1283 1042 1399 1079 etiam
1423 1041 1498 1079 sibi
1523 1043 1668 1085 metuit,
1693 1055 1742 1079 110
1767 1042 1894 1080 denuo
1919 1041 1969 1079 ad
1993 1046 2158 1080 mortem

1285 1097 1523 1143 destinetur,
1571 1098 1696 1136 sicubi
1746 1097 1916 1136 latrones
1960 1097 2158 1136 lasciviam

1284 1154 1443 1205 puellae
1486 1157 1525 1191 et
1560 1153 1721 1192 latronis
1758 1155 2035 1206 persenserint.
2105 1155 2162 1193 At

1285 1210 1417 1262 paullo
1448 1214 1540 1261 post
1564 1211 1720 1261 accipit,
1753 1225 1829 1249 non
1855 1210 2044 1250 latronem
2071 1223 2160 1250 eum

1285 1280 1393 1313 esse,
1408 1267 1481 1305 sed
1496 1269 1622 1319 ipsum
1637 1280 1840 1318 sponsum,
1856 1267 1918 1317 qui
1933 1266 2103 1319 puellam
2118 1267 2160 1305 li-

1283 1324 1488 1362 beraturus
1504 1324 1662 1362 latronis
1677 1323 1838 1362 formam
1853 1324 2034 1368 induerit,
2056 1323 2162 1373 quod

1285 1393 1332 1418 00
1364 1383 1517 1431 poterat
1552 1380 1688 1419 asinus
1725 1380 1932 1426 coniicere,
1970 1380 2060 1430 quia
2094 1380 2162 1418 1110

1284 1436 1442 1487 puellae
1456 1437 1646 1487 promisit,
1661 1437 2009 1487 temporismodico
2018 1440 2162 1488 puncto

1285 1492 1457 1531 latrones
1488 1494 1523 1531 in
1555 1506 1629 1532 sua
1659 1492 1741 1531 fore
1777 1497 1987 1544 potestate.
2045 1491 2162 1530 Prius

1284 1548 1359 1587 hoc
1383 1563 1458 1587 11011
1485 1553 1738 1599 cognoverat,
1765 1550 1871 1600 quod
1890 1551 1952 1588 isti
1967 1552 2163 1587 amatores

1287 1605 1384 1643 inter
1407 1619 1454 1643 se
1474 1606 1789 1651 mussitaverant,
1814 1620 1913 1644 nune
1933 1619 2024 1644 vero
2045 1618 2164 1656 quum

1287 1662 1430 1700 clarius
1466 1675 1530 1700 res
1561 1675 1657 1700 suas
1681 1663 1987 1713 pronuntiarent,
2025 1662 2165 1700 certior

1288 1717 1414 1756 factus
1445 1722 1538 1757 erat.
1597 1718 1749 1757 Asinus
1770 1722 1899 1758 autem
1916 1720 2032 1772 quasi
2054 1731 2163 1757 vere

1286 1778 1487 1814 mortuum
1516 1787 1562 1812 se
1595 1776 1783 1821 nominat,
1816 1775 1920 1826 quod
1950 1789 2049 1814 nunc
2072 1788 2165 1813 vere

1286 1844 1332 1869 se
1358 1837 1548 1869 mortuum
1574 1844 1668 1869 esse
1692 1833 1857 1882 putavit,
1889 1831 1994 1882 quod
2020 1831 2164 1884 Tlepo-

1285 1886 1413 1925 lemus
1439 1891 1477 1925 et
1497 1887 1651 1926 Charite
1675 1892 1753 1926 tam
1772 1892 1908 1939 aperte
1927 1892 2101 1938 agerent,
2127 1891 2167 1926 et

1286 1943 1401 1982 facile
1426 1944 1691 1994 suspicionem
1718 1944 1930 1983 latronibus
1958 1945 2057 1982 t'errc
2075 1958 2165 1997 pos—

1285 2004 1385 2039 sent.
1445 2001 1510 2039 De
1535 2001 1821 2039 constructione
1846 2001 1894 2040 cf.
1919 2000 2055 2042 Horat.
2082 2002 2165 2040 Sat.

1286 2056 1312 2096 1.
1328 2061 1364 2097 4.
1387 2061 1452 2098 22.
1479 2071 1569 2097 cum
1593 2071 1692 2097 mea
1716 2071 1830 2097 nemo
1854 2059 2012 2109 scripta
2039 2058 2165 2110 ἱεραί.

1285 2114 1411 2166 vul-qo
1426 2115 1603 2153 recitare
1623 2115 1849 2153 timentis.
1898 2113 2016 2153 Ovid.
2028 2114 2163 2153 Amor.

1286 2169 1315 2208 l.
1332 2174 1368 2210 8.
1388 2174 1477 2211 107.
1528 2170 1664 2221 Saepe
1688 2171 1871 2223 royabis,
1896 2175 1943 2209 ut
1964 2184 2061 2210 mea
2087 2170 2166 2209 cle-

1283 2229 1492 2279 functae
1509 2227 1685 2266 molliter
1705 2241 1792 2267 ossa
1808 2227 1954 2266 cubent
1965 2226 2014 2266 cs.
2030 2226 2164 2265 Heins.

1285 2283 1336 2321 ad
1366 2282 1482 2322 Ovid.
1516 2283 1675 2321 Heroid.
1702 2284 1751 2323 V.
1785 2288 1850 2324 45.
1881 2283 2083 2322 Heindorf.
2115 2283 2167 2321 ad

1284 2339 1420 2379 Horat.
1460 2340 1544 2379 sat.
1581 2339 1604 2378 1.
1642 2353 1673 2378 0.
1721 2340 1851 2378 Aliter
1893 2340 2010 2378 etiam
2048 2340 2166 2393 quasi

1285 2401 1390 2436 metu
1404 2397 1553 2436 mortui
1565 2396 1699 2434 coniici
1713 2399 1855 2448 possit.
1901 2396 2048 2437 Carlzcs
2062 2410 2165 2442 vero,

1287 2453 1392 2503 quod
1427 2454 1465 2491 in
1502 2453 1677 2504 plurimis
1714 2454 1828 2493 codd.
1859 2452 2014 2504 legitur,
2051 2453 2167 2491 errori

1287 2509 1525 2548 librariorum
1560 2509 1744 2556 debetur,
1782 2511 1846 2561 qui
1878 2511 2042 2561 saepius
2071 2511 2168 2548 inter

1287 2579 1408 2605 carus
1444 2570 1483 2604 et
1514 2565 1651 2606 clarus
1674 2567 1840 2614 variant3
1872 2566 1920 2606 cf.
1946 2566 2053 2618 Virg.
2080 2565 2169 2605 Ecl.

1286 2621 1354 2661 JV.
1393 2627 1458 2664 49.
1529 2621 1723 2674 Interpres
1761 2620 2047 2674 Francogallus
2084 2636 2167 2673 per-

1282 2691 1399 2717 verse
1418 2679 1521 2717 hunc
1539 2682 1662 2717 totum
1682 2678 1810 2718 locum
1832 2681 1884 2718 ita
1901 2680 2031 2718 vertit:
2062 2677 2165 2717 Pen-

1283 2735 1377 2773 ‹lant
1391 2736 1521 2787 queje
1534 2736 1754 2774 raisonnais
1768 2737 1867 2774 ainsi
1882 2749 1929 2774 en
1945 2736 2167 2774 moi-meme

1283 2792 1388 2842 plein
1409 2792 1683 2843 d'indignation
1705 2797 1839 2831 contre
1858 2796 1962 2831 cette
1975 2792 2068 2837 fille,
2089 2805 2168 2843 que

1277 2847 1493 2899 j'accusais
1513 2849 1777 2900 injustement,
1793 2850 1837 2900 je
1852 2849 2084 2887 decouvrais
2098 2862 2167 2900 par

1283 2904 1479 2956 quelques
1498 2918 1573 2944 uns
1594 2905 1645 2943 de
1664 2904 1768 2944 leurs
1789 2906 1981 2951 discours,
2001 2905 2167 2943 obscurs

1282 2961 1306 2999 ὲ
1321 2961 1360 2999 la
1370 2963 1507 3009 verite,
1521 2962 1620 2999 mais
1635 2963 1698 3013 qui
1713 2962 1989 3013 cependantne
1999 2961 2168 3000 l'etaient

1280 3031 1355 3070 pas
1379 3032 1479 3070 pour
1503 3033 1553 3057 un
1576 3017 1651 3056 ane
1672 3018 1845 3070 d'esprit,
1873 3032 1950 3069 que
1970 3031 2016 3056 00
2037 3017 2167 3055 n'etait

1280 3074 1389 3126 point
1425 3075 1594 3120 Hemus,
1632 3088 1678 3112 ce
1713 3074 1872 3113 sameux
1910 3073 2062 3119 voleur,
2100 3074 2166 3125 qui

1280 3132 1431 3171 causait
1455 3145 1553 3171 avec
1577 3130 1669 3177 elle,
1694 3132 1794 3171 mais
1821 3130 2066 3183 Tlepoleme,
2090 3143 2166 3168 son
