2155 3590
689 200 875 240 LIBER
905 201 980 241 IX.
1039 200 1165 242 CAP.
1194 202 1241 240 V.
1773 200 1852 242 757

80 313 207 353 lanter
224 310 440 362 abscondit,
469 317 507 351 et
531 312 735 365 patefactis
761 308 936 363 aedilnis‚
964 313 1087 353 adhuc
1110 312 1371 351 introeuntem
1398 312 1580 353 maritum
1605 324 1743 364 aspero
1768 325 1852 351 ser-

79 381 191 408 mone
228 367 385 421 accipit:
433 365 564 407 Sicine
599 382 745 408 vacuus
777 376 817 409 et
852 369 1001 409 otiosus
1033 369 1242 408 insinuatis
1277 368 1455 407 manibus
1492 367 1705 407 ambulabis
1736 368 1844 413 mibi.

79 437 149 463 nec
181 423 285 462 obito
317 430 503 463 consueto
533 423 667 464 labore
692 424 796 464 vitae
820 432 981 465 nostrae
1006 425 1238 478 prospicieS‚
1273 430 1312 463 et
1335 424 1477 476 aliquid
1503 424 1645 463 cibatui
1670 423 1851 476 parabis?

77 486 118 518 at
146 493 219 532 ego
250 479 392 519 misera
419 486 458 519 ct
487 494 641 532 pernox
665 487 705 520 et
728 494 797 534 per
832 481 931 521 diem
954 480 959 536 Ι
982 480 1150 520 lanificio
1186 493 1330 519 nervos
1366 493 1473 518 meos
1510 486 1769 532 contorqueo,
1808 486 1852 519 ut
1875 490 1936 522 601

74 534 177 574 intra
193 535 369 575 cellulam
392 542 567 575 nostram
581 536 719 575 saltem
739 536 897 576 lucerna
918 537 1059 577 luceat.
1095 535 1252 588 Quanto
1273 548 1334 575 me
1353 534 1506 575 felicior
1518 533 1683 587 Daphne
1701 535 1847 587 vicina,

72 604 172 644 quae
196 604 304 632 mero
330 597 369 631 et
392 591 554 645 prandio
579 593 769 632 matutino
794 592 928 633 saucia
952 607 1038 633 cum
1064 593 1145 633 suis
1169 590 1357 631 adulteris
1382 590 1601 632 volutatur!

73 716 180 746 adhoc
203 717 426 746 introeuntem
451 715 480 748 δ.
528 718 636 747 assito
661 719 694 748 in
718 720 755 748 Β.
781 723 828 748 est
852 727 907 754 pro
934 727 1053 756 aspero
1078 726 1180 754 neque
1202 726 1279 747 vero
1304 720 1456 757 asserto,
1488 719 1571 752 quod
1595 718 1674 747 Oud.
1699 722 1852 753 excerpta

66 766 276 798 praebebant.
301 772 427 799 aspera
444 765 570 793 Vicent.
585 766 699 793 Venet.
717 767 748 792 2.
766 766 846 793 Iunt-
863 766 891 793 1.
910 766 986 794 Ald.
1023 764 1205 792 sercite‘one
1218 772 1274 798 pro
1288 770 1448 792 sermone.
1473 762 1619 798 [Forsan
1636 765 1714 791 latet
1728 764 1802 797 quid
1818 766 1852 791 nt

70 807 378 844 sermocinatione.)
427 808 560 845 accepit
577 811 612 837 G.
634 811 662 838 1.
683 811 716 837 Ο.
738 809 894 838 Pricaeus
913 818 929 838 e
948 809 1133 838 coniectura
1150 809 1289 843 praefert
1307 807 1445 844 erc-ipit.
1469 809 1588 837 Verum
1602 815 1704 842 aeque
1716 811 1851 842 probum

70 856 117 881 est
132 853 294 889 accipere,
310 855 363 882 vel
377 855 416 882 ab
431 855 501 888 ipso
516 854 669 882 Cicerone
682 856 741 882 hoe
757 862 855 882 sensu
871 855 1003 888 saepius
1018 858 1216 888 usurpatum.
1232 852 1549 888 [cf.Bar111.AdverS.
1563 853 1648 882 XIX.
1659 855 1746 886 154).
1758 851 1849 887 993]

70 898 217 926 actiosus
230 900 265 926 G.
281 900 310 926 1.
358 897 444 925 chito
459 907 513 933 pro
528 898 614 926 obito
627 901 667 927 1).
709 898 918 934 prospiciens
933 900 967 927 G.
982 901 1012 928 2.
1029 900 1063 926 P.
1077 901 1113 928 D.
1130 899 1151 927 f.
1167 899 1246 927 Con.
1260 899 1355 927 Voss.
1391 896 1438 924 ad
1449 896 1580 934 aliquid
1591 897 1611 926 f.
1647 897 1772 924 misera
1786 905 1850 925 non

69 946 227 977 comparet
242 943 274 971 in
290 939 317 971 δ.
342 941 496 971 miserum
511 945 545 972 Ο.
594 945 629 971 et
641 947 715 972 ante
726 951 859 979 pernox
872 946 963 972 abest
978 944 1010 971 in
1025 945 1060 971 G.
1077 945 1104 972 1.
1121 944 1140 972 f.
1154 946 1185 971 et
1204 944 1272 971 edd.
1292 946 1368 971 ante
1381 943 1472 971 Colv.
1490 946 1522 971 ut
1543 943 1576 970 in
1592 943 1676 971 Pric.
1696 946 1725 970 et
1739 943 1850 970 u'ow.

62 995 199 1024 pernox
211 986 247 1016 F.
264 989 292 1016 1.
308 989 338 1017 3.
353 990 389 1016 G.
405 990 434 1017 1.
449 990 479 1016 2.
493 990 531 1016 D.
545 990 581 1017 1..
594 990 631 1017 R.
648 989 669 1017 f.
684 986 712 1017 ὃ.
726 990 760 1017 Β.
786 990 987 1016 Incer1.c11m
1001 989 1090 1017 Colv.
1107 990 1200 1016 Vulc.
1216 989 1243 1015 1.
1258 989 1289 1016 2.
1303 989 1385 1015 Elin.
1400 990 1499 1016 Mero.
1513 988 1597 1016 Pric.
1611 988 1715 1015 Scriv.
1729 987 1851 1015 Florid.

66 1034 399 1070 lucempernoctem.
442 1041 506 1070 per
518 1032 601 1060 diem
616 1034 651 1061 F.
665 1036 695 1061 3.
710 1035 745 1062 G.
765 1035 791 1060 l.
807 1035 836 1061 2.
850 1035 889 1062 D.
903 1034 938 1061 P.
953 1037 981 1061 et
997 1036 1067 1061 cett.
1084 1034 1172 1061 codd.
1183 1036 1210 1060 et
1221 1033 1535 1066 edd.veu.usqueau
1545 1032 1851 1066 Colv.praeterF.1.

68 1079 226 1107 e11ncert.
240 1078 293 1112 qui
307 1086 380 1106 cum
389 1079 483 1107 Vulc.
493 1080 523 1107 2.
537 1079 618 1106 Elm.
633 1078 718 1107 Prie.
733 1078 836 1105 Scriv.
849 1078 968 1106 Florid.
983 1075 1241 1113 nabentperdia.
1290 1079 1428 1113 torqueo
1442 1074 1470 1104 ὃ.
1496 1077 1654 1105 cf.Burm.
1664 1078 1704 1105 ad
1714 1078 1850 1105 Phaedr.

65 1123 121 1151 111.
138 1123 189 1151 14.
204 1122 234 1151 7.
281 1121 416 1151 nendos
430 1123 449 1151 f.
497 1122 639 1150 etintra
651 1124 686 1152 L.
734 1125 888 1149 nostram
902 1123 1103 1150 desideratur
1117 1123 1148 1150 in
1162 1123 1196 1150 Ο.
1245 1119 1388 1149 salutem
1403 1123 1516 1151 Venet.
1531 1123 1562 1150 4.
1607 1120 1776 1148 lanterna
1794 1129 1850 1155 pro

67 1165 206 1194 lucerna
219 1175 249 1202 p.
297 1165 463 1194 ‹lasz-hene
483 1168 562 1196 Coll.
581 1169 678 1196 Voss.
715 1165 860 1194 das-hene
873 1169 909 1195 G.
923 1169 952 1195 2.
968 1168 1003 1195 Ρ.
1039 1165 1187 1194 (ΙαεΙΓὲηε
1199 1168 1237 1194 D.
1273 1165 1410 1202 dasyrie
1423 1167 1457 1194 Ο.
1472 1174 1507 1194 π.
1545 1164 1672 1193 daslme
1685 1168 1720 1194 G.
1737 1168 1765 1195 1.
1779 1173 1852 1194 cum

66 1214 179 1246 glossa
190 1212 408 1241 interliuieari:
432 1220 548 1239 nomen
556 1211 746 1248 proprium,
773 1220 875 1246 neque
889 1210 1017 1248 dasrv'e,
1043 1216 1075 1239 ut
1089 1213 1168 1240 Oud.
1182 1215 1336 1245 excerpta
1354 1213 1560 1245 praebebant.
1596 1210 1710 1239 clasne
1722 1208 1751 1239 δ.
1787 1212 1850 1239 Sed

67 1255 229 1293 Daphne,
252 1258 335 1291 quod
355 1257 452 1285 ceteri
472 1257 582 1291 optimi
603 1258 692 1285 codd.
713 1260 742 1285 et
762 1258 831 1285 edd.
851 1259 985 1293 habent,
1012 1256 1209 1284 conveniens
1229 1256 1310 1284 satis
1324 1260 1443 1283 'nomen
1463 1257 1593 1284 videtur
1605 1264 1689 1285 esse.
1736 1255 1849 1283 vicina

65 1310 139 1329 mea
153 1304 188 1330 G.
201 1303 232 1330 2.
247 1303 283 1330 P.
297 1303 334 1330 D.
382 1302 554 1328 matutina
567 1302 692 1330 Vivent.
706 1302 820 1329 venet.
836 1303 865 1329 2.
881 1303 910 1330 4.
925 1302 1000 1329 Bas.
1013 1302 1044 1329 2.
1059 1302 1153 1329 Vulc.
1202 1300 1322 1327 saucia
1336 1302 1371 1328 F.
1390 1302 1416 1327 1.
1433 1302 1462 1328 3.
1483 1303 1518 1328 G.
1535 1301 1562 1328 1.
1577 1302 1607 1328 2.
1622 1302 1660 1329 D.
1676 1302 1711 1329 P.
1725 1301 1759 1328 Ο.
1774 1303 1811 1329 R.
1828 1300 1849 1328 f.

63 1348 101 1375 L.
120 1347 204 1375 Prie.
223 1347 306 1374 Elm.
327 1346 430 1374 Sci-iv.
450 1344 568 1374 Florid.
605 1346 699 1373 satia
711 1346 747 1374 F.
762 1348 792 1373 2.
808 1342 836 1373 δ.
850 1353 881 1380 p.
895 1353 930 1374 π.
953 1347 1066 1374 Incert.
1086 1347 1170 1373 lunt.
1191 1346 1219 1373 1.
1240 1346 1313 1374 ΑΜ.
1333 1345 1439 1373 Paris.
1477 1344 1573 1372 sacia
1592 1346 1641 1373 ed.
1661 1354 1706 1379 pr.
1721 1346 1848 1374 Vicent.

63 1392 176 1419 Vener.
191 1393 220 1418 2.
233 1393 316 1419 lunt.
331 1392 360 1419 2.
386 1391 521 1417 satiata
535 1400 568 1423 φ.
585 1391 729 1419 ῐνονι-θτ.
745 1390 874 1424 Sciopp.
920 1388 1101 1418 adulteriis
1115 1390 1195 1419 Coll.
1209 1391 1306 1419 voss.
1353 1387 1530 1418 volutatur
1541 1391 1576 1419 F.
1592 1390 1621 1419 1.
1635 1392 1666 1419 3.
1679 1391 1717 1419 R.
1732 1390 1754 1418 f.
1766 1393 1849 1419 mss.

64 1437 126 1464 duo
139 1433 168 1465 a.
182 1436 329 1464 Beroald.
342 1436 419 1464 Bas.
432 1436 527 1465 Vulc.
540 1437 572 1464 2.
596 1437 632 1464 In
647 1438 720 1464 ceu.
733 1434 944 1471 voluptatur.

115 1544 339 1583 ambulabis
351 1544 458 1583 milei.
485 1544 927 1596 [Depronominismilai
984 1544 1060 1582 dixi
1075 1543 1125 1582 ad
1138 1543 1232 1582 Met.
1247 1543 1297 1582 V.
1312 1558 1348 1595 p.
1364 1547 1476 1589 329„
1500 1543 1566 1582 ubi
1585 1542 1732 1594 aliquot
1745 1544 1849 1582 Mss.

65 1601 343 1651 significatione
374 1601 500 1639 ethica
528 1600 594 1639 vel
625 1602 754 1652 potius
785 1601 927 1639 ironica
979 1601 1130 1652 perdia
1145 1600 1707 1652 ,corrumpuntinperftdamoe
1721 1604 1848 1638 tamen

65 1657 112 1695 cf.
138 1656 261 1695 Buen.
286 1657 336 1695 ad
349 1656 461 1695 Lact.
476 1656 543 1696 VI.
563 1661 625 1697 12.
653 1658 683 1708 ᾧ.
704 1661 765 1696 12.
780 1670 818 1708 p.
834 1660 927 1697 762.

63 1714 130 1764 qui
162 1717 334 1751 nostrum
368 1726 522 1764 quoque
548 1713 673 1752 locum
698 1726 927 1751 commemo-

63 1769 195 1820 ravit]

118 1826 272 1864 misera.
292 1823 475 1863 Pricaeus
488 1826 589 1863 bene
601 1825 700 1864 haec
713 1825 924 1863 adnotavit:

65 1881 184 1932 Apud
209 1880 364 1920 Terent.
388 1880 543 1919 Phorm.
574 1880 600 1920 l.
633 1886 671 1921 4.
692 1885 762 1921 22:
796 1882 928 1926 Quom

65 1950 144 1988 eyo
158 1937 253 1976 lmic
358 1938 487 1976 exitio
499 1938 717 1976 remedium
728 1938 928 1975 inveniam

63 1993 205 2031 miser?
228 1993 292 2030 ubi
314 1993 474 2031 Donat.:
503 1994 634 2038 Quum
659 2007 747 2044 eqo
768 1997 841 2032 etc.
867 1993 928 2031 ‹li-

64 2049 191 2093 merit,
228 2046 440 2099 ἐμφατικῶς
475 2049 645 2087 addidit
674 2050 825 2087 miser.
875 2049 928 2086 At

65 2104 129 2142 hic
161 2103 343 2154 loquendi
373 2105 514 2142 modus
538 2104 707 2155 sequiori
731 2104 844 2142 sexui
870 2104 927 2143 sa-

64 2160 190 2198 milior
204 2160 250 2198 cf.
265 2159 362 2198 Met.
377 2160 598 2212 1V.p..290.
617 2161 677 2199 Αη
691 2174 769 2212 eyo
782 2163 926 2199 misera

65 2216 142 2254 tali
160 2217 282 2254 domo
362 2218 539 2267 privata.
566 2216 704 2255 Donat.
720 2217 768 2254 ad
783 2216 928 2267 Hecyr.

65 2271 94 2310 l.
114 2275 149 2312 2.
174 2276 235 2312 12.
263 2272 416 2311 Misera
440 2272 644 2311 muliebris
667 2273 926 2324 interpositio

67 2333 134 2374 est,
162 2328 211 2366 ad
224 2328 397 2379 Adelph.
413 2327 474 2366 llI.
491 2332 525 2369 2.
545 2333 606 2368 10.
622 2328 848 2379 Proprium
873 2333 932 2367 est

66 2384 277 2423 mulierum
313 2398 401 2424 cum
443 2385 683 2436 loquuntur,
731 2389 803 2423 aut
837 2385 930 2424 aliis

67 2440 250 2479 blandiri
274 2445 347 2479 aut
368 2454 408 2479 se
432 2440 731 2492 commiserari]

120 2509 287 2548 pernox
300 2501 340 2535 et
346 2510 421 2547 per
435 2497 552 2535 diem.
602 2495 676 2548 [lta
690 2496 789 2534 hunc
804 2495 929 2535 locum

67 2565 118 2589 ex
142 2553 295 2602 optimis
321 2552 432 2590 codd.
458 2552 566 2597 dedi,
598 2565 828 2602 quamquam
853 2566 927 2590 non

66 2609 308 2659 negaverim,
332 2609 366 2646 si
391 2608 502 2646 codd.
527 2608 762 2654 addicerent,
786 2621 849 2646 me
874 2608 928 2646 lu-

66 2665 223 2703 bentius
259 2664 525 2715 amplexurum
564 2664 686 2702 fuisse
723 2663 929 2702 lectionem

64 2721 232 2772 perdia,
247 2733 360 2771 quam
375 2720 543 2759 nonnulli
557 2721 786 2772 interpretes
799 2720 834 2758 in
849 2724 929 2758 tex-

68 2780 147 2814 tum
170 2789 357 2828 recepere
382 2780 421 2814 et
440 2778 540 2828 quae
553 2776 654 2815 Oud.
676 2776 751 2827 ipsi
777 2776 932 2827 placuit.

71 2831 153 2870 Sed
173 2833 324 2884 perdia
349 2846 435 2871 cum
461 2833 576 2871 lectio
601 2834 674 2870 iam
687 2832 800 2871 Yulc.
815 2836 852 2872 2.
871 2833 933 2880 sit,

71 2887 329 2939 Lindenbrog.
365 2902 456 2926 vero
494 2889 582 2940 ipse
614 2887 802 2940 Scaligcri
833 2888 934 2927 hanc

71 2956 165 2981 esse
189 2946 497 2984 emendationem
522 2945 557 2982 in
581 2958 702 2995 marg.
726 2946 785 2982 sui
806 2958 933 2983 exem-

71 2999 191 3051 plaris
216 3001 414 3047 adnotarit,
440 3002 505 3039 vix
519 3002 756 3046 crediderim,
777 3000 880 3039 Flor.
898 3006 932 3041 1.

72 3056 127 3093 ita
150 3054 284 3107 legere
308 3062 438 3096 contra
463 3062 615 3096 ceteros
640 3070 776 3095 omnes
800 3057 932 3103 codd.,

73 3111 137 3162 qui
162 3111 197 3149 in
222 3113 412 3164 scriptura
432 3128 512 3166 per
537 3114 642 3153 diem
671 3117 932 3164 perseverent.

73 3166 137 3205 De
161 3167 325 3208 lectione
344 3184 512 3222 pernox
536 3175 575 3210 et
592 3170 746 3223 perdia
770 3170 818 3210 cf.
833 3183 933 3222 quae

983 1657 1193 1694 verisimile
1207 1661 1286 1701 est,
1302 1670 1437 1694 omnes
1452 1656 1604 1694 omnino
1625 1656 1735 1694 codd.
1754 1670 1849 1707 per-

986 1713 1057 1751 dia
1082 1712 1116 1750 in
1138 1727 1216 1764 per
1242 1714 1346 1751 diem
1370 1716 1583 1750 mutaturos
1610 1712 1750 1754 fuisse,
1778 1712 1848 1749 nisi

986 1768 1068 1806 libri
1107 1769 1390 1820 praebuissent.
1445 1768 1546 1806 Hinc
1576 1782 1599 1805 a
1628 1769 1772 1819 scripta
1797 1767 1849 1805 lc-

985 1825 1112 1862 ctione
1136 1839 1209 1862 non
1235 1824 1495 1862 recedendum
1520 1824 1612 1876 est]

1042 1880 1210 1920 lucerna
1235 1881 1377 1919 luceat.
1405 1879 1485 1932 [De
1511 1880 1666 1918 lucerna
1689 1893 1850 1930 pauper-

984 1937 1074 1974 tatis
1099 1949 1263 1987 magnae
1287 1936 1423 1974 indicio
1472 1935 1518 1974 cs.
1545 1934 1642 1974 Prie.
1675 1936 1727 1974 ad
1759 1935 1797 1973 h.
1826 1935 1848 1974 l.

985 1996 1024 2030 et
1048 1991 1177 2030 Burm.
1202 1993 1252 2030 ad
1277 1991 1392 2031 Ovid.
1418 1991 1512 2030 Met.
1538 1990 1588 2029 X.
1616 1990 1733 2044 691.]

1040 2062 1155 2086 mero
1185 2053 1224 2087 et
1248 2049 1436 2100 prandio
1466 2048 1666 2086 matutino
1695 2049 1847 2087 saucia.

984 2103 1182 2142 Mutarunt
1207 2106 1241 2142 in
1267 2104 1395 2142 multis
1421 2104 1722 2155 exemplaribus,
1749 2117 1848 2154 quae

983 2160 1202 2212 praeierunt
1215 2160 1327 2199 codd.
1343 2159 1387 2198 F.
1403 2164 1438 2200 2.
1454 2164 1492 2197 et
1507 2163 1557 2205 ὃ..
1571 2160 1694 2204 satia,
1719 2163 1847 2197 tamen

985 2217 1059 2254 etsi
1088 2216 1300 2255 reclamant
1330 2215 1427 2255 haec
1457 2215 1581 2266 ipsius
1615 2215 1769 2264 Apulei}
1800 2228 1850 2253 ex

983 2272 1179 2310 Metwl.
1210 2286 1247 2324 p.
1279 2276 1372 2313 469.
1408 2273 1545 2310 verba:
1582 2275 1620 2310 et
1654 2272 1850 2310 instantia

986 2329 1187 2368 validiore
1228 2329 1358 2367 vinum
1399 2329 1624 2367 immixtum
1665 2328 1736 2366 scd
1771 2328 1850 2366 iam

986 2385 1148 2424 modico
1174 2387 1421 2437 tepefactum
1455 2396 1629 2435 vapore,
1665 2384 1850 2423 sauciis

986 2441 1068 2479 illis
1091 2446 1130 2480 et
1153 2441 1329 2493 crapula
1348 2440 1649 2492 vinolentiaque
1661 2439 1851 2483 madidis,

985 2497 1073 2548 ipse
1103 2496 1314 2536 abstemius
1343 2510 1425 2535 uon
1458 2501 1585 2536 cessat
1612 2496 1851 2546 impiuyere.

987 2552 1086 2592 Eun.
1121 2553 1226 2604 apud
1262 2552 1442 2603 Fulgent.
1480 2565 1514 2590 s.
1549 2565 1585 2590 v.
1621 2550 1852 2601 friuqulcirc.

988 2609 1105 2648 Haec
1139 2623 1241 2649 anus
1276 2609 1498 2647 admodum
1539 2607 1747 2658 fri-quilii,
1794 2607 1851 2644 ui-

986 2666 1104 2705 mium
1122 2679 1167 2704 se
1186 2665 1431 2704 sauciavit
1445 2666 1548 2717 flore
1565 2663 1723 2708 Liberi,
1749 2662 1853 2712 quod

986 2735 1061 2759 non
1087 2722 1122 2759 in
1147 2735 1241 2760 rore
1266 2720 1407 2759 Liberi
1431 2719 1653 2758 mutandum
1678 2721 1742 2756 est
1766 2731 1852 2756 cum

992 2775 1144 2822 Colvio‚
1171 2776 1316 2827 quiilla
1328 2774 1509 2826 exempla
1528 2774 1695 2825 protulit.
1725 2773 1853 2812 Etiam

990 2832 1092 2871 Oud.
1118 2833 1218 2872 hane
1243 2832 1448 2871 lectionem
1472 2831 1665 2882 probavit,
1694 2831 1853 2870 saucius

990 2902 1192 2940 exponens
1217 2890 1376 2940 saepius
1408 2889 1459 2926 ita
1491 2887 1666 2937 usurpari
1696 2900 1766 2937 pro
1791 2900 1851 2932 eo,

991 2947 1056 2996 qui
1079 2947 1166 2983 vino
1192 2945 1245 2983 ita
1268 2957 1480 2995 percussus
1504 2943 1572 2987 sit,
1597 2946 1638 2981 ut
1658 2942 1769 2992 quasi
1789 2955 1852 2980 ne-

991 3001 1098 3039 scius
1112 3002 1170 3038 sui
1185 3004 1224 3038 et
1236 3000 1416 3051 sepultus
1431 2999 1571 3045 iaceat3
1586 2998 1672 3036 coll.
1687 2997 1852 3037 IustinJ.

991 3061 1026 3097 8.
1053 3055 1205 3096 XXIV.
1236 3061 1272 3097 8.
1309 3057 1509 3095 Hesterno
1543 3068 1653 3093 mero
1682 3055 1852 3094 saucii.

993 3112 1116 3151 Solio.
1129 3127 1166 3164 p.
1179 3113 1245 3155 20.
1265 3112 1417 3151 imitari
1436 3111 1663 3150 ebrietatem
1680 3110 1854 3150 sensibus

989 3170 1239 3210 sauciatis.
1265 3167 1385 3207 Immo
1404 3165 1622 3206 Martialem
1638 3179 1854 3218 usurpasse
