2155 3590
616 211 804 252 LIBER
833 211 906 250 IX.
967 209 1095 250 CAP.
1126 208 1223 248 Vll.
1766 201 1841 245 761

75 325 184 367 rimis
213 323 408 364 hiantibus
440 336 644 377 quassum3
677 324 724 365 ad
755 322 1012 376 maritumque
1041 321 1125 362 eius
1155 317 1446 360 dissimulanter
1469 329 1704 357 conversus:
1744 313 1848 367 Quin

76 390 139 431 tu,
173 381 390 434 quicunque
421 393 462 419 es
494 380 720 430 homuncio,
754 380 975 428 lucernam,
1009 377 1084 427 ait,
1118 382 1289 416 actutum
1319 374 1409 413 mihi
1443 371 1625 427 expedis,
1657 378 1700 411 ut
1724 370 1849 410 erasis

74 437 313 477 intrinsecus
338 436 540 486 sordibus,
579 434 812 491 diligenter}
834 442 962 489 aptum
993 433 1080 473 usui
1110 431 1236 487 possis
1268 430 1494 479 dinoscere,
1533 428 1609 468 nisi
1640 441 1711 467 nos
1736 433 1847 480 putas
1874 429 1939 462 601

77 507 144 534 aes
170 493 216 533 de
240 493 341 532 malo
367 492 535 532 hahere?
581 490 666 533 Neo
691 491 894 545 quicquam
918 494 1090 530 moratus
1121 502 1166 528 ao
1203 486 1421 540 suspicatus
1458 498 1550 524 acer
1586 491 1624 524 et
1664 483 1849 537 egregius

74 618 171 647 m'nv's
185 616 304 654 (neque
317 618 417 646 vr'm'v's
426 641 433 654 ,
455 623 487 648 ut
501 622 654 654 excerpta
667 619 745 648 Oud.
760 618 975 653 praebebant]
990 619 1025 646 G.
1037 618 1068 645 2.
1081 617 1119 644 D.
1134 617 1162 644 et
1176 617 1238 643 Ms.
1251 614 1303 642 At.
1318 615 1398 642 teste
1411 612 1531 641 Colvio.
1554 612 1590 639 111
1603 612 1639 639 P.
1655 618 1727 639 esse
1739 608 1852 637 m'mv'v's

74 662 224 692 hiatibus
243 665 372 693 adnotat
391 665 553 699 U‘ower„
581 664 674 693 euius
694 665 912 692 coniecturam
931 665 1014 691 hane
1033 661 1202 690 lectionem
1222 658 1326 694 potius
1344 664 1417 686 esse
1447 657 1526 685 Oud.
1545 658 1729 689 asseverat,
1755 662 1852 688 quum

74 710 109 738 in
133 711 200 738 cod.
225 709 296 744 ipso
321 709 417 736 nimis
441 707 600 737 hv'atubus
624 712 720 737 extet.
744 711 781 737 In
805 707 966 742 excerptis
991 707 1088 735 huius
1113 706 1181 733 cod.
1206 705 1247 733 ad
1270 710 1371 738 marg.
1390 702 1478 730 Colv.
1497 704 1553 729 est
1570 699 1666 727 nirm‘s
1690 697 1851 727 hiatibus.

74 752 255 789 hylamibus
275 756 310 783 G.
330 756 362 783 2.
396 753 545 782 ianlibus
563 756 601 783 D.
650 756 848 791 quassatum
867 756 914 782 est
935 754 970 780 G.
993 753 1021 780 1.
1040 752 1075 780 0.
1099 750 1199 778 Oizel.
1224 749 1265 777 ad
1290 750 1371 777 Gell.
1385 748 1455 776 XV.
1478 747 1528 775 16.
1553 751 1709 782 quercum
1734 743 1851 771 rimis

74 797 259 826 mantem
284 799 362 828 citat
375 806 517 828 cassum..
543 800 604 827 Sed
618 801 751 832 vulgata
764 802 849 827 recte
863 807 898 826 se
911 799 1016 826 habet.
1063 792 1330 822 dissimulatione
1343 794 1378 821 G.
1395 793 1424 820 1.
1473 793 1508 817 tu
1528 798 1590 818 non
1604 792 1761 823 comparet
1782 789 1815 817 in
1831 788 1851 817 f.

75 842 122 871 ad
134 847 241 871 lutum
255 845 289 873 0.
337 842 496 880 expedias
510 845 578 872 edd.
593 845 668 872 Bas.
683 851 792 877 prave.
807 842 849 872 ef.
863 843 1032 871 Mervffl.
1047 848 1075 875 p.
1090 840 1165 869 517.
1191 838 1286 876 quin
1311 844 1411 874 equos
1435 835 1577 863 inse-en
1585 833 1689 861 (lima
1697 840 1723 862 s.
1748 840 1852 869 expe-

75 887 124 916 dit
140 890 175 916 G.
193 890 217 917 l.
233 885 262 917 ὃ.
311 889 437 916 crassis
452 897 506 924 pro
520 888 628 916 erasae's
643 891 678 916 G.
696 890 722 917 1.
738 890 772 917 Ο.
799 888 882 916 Hinc
894 889 1003 915 mallet
1017 885 1101 914 Prie.
1126 882 1257 911 derasis
1271 887 1382 911 contra
1394 881 1522 917 genium
1536 879 1685 915 Apule-ii,
1712 878 1763 906 cui
1783 886 1799 904 e
1819 878 1852 906 iu

75 934 261 967 compositis
286 935 407 967 passim
432 937 519 962 valet
545 932 586 961 ab
611 935 662 962 vel
688 931 742 969 de,
768 939 806 961 ae
825 934 864 961 de
883 931 1034 966 supernis
1052 929 1201 958 sordibus
1220 928 1361 962 aliisque
1385 926 1533 956 sumitur.
1559 924 1767 957 ef.Met.l.p.
1782 924 1852 951 31.:

74 977 212 1005 eluviem
238 986 374 1014 operose
398 978 556 1017 effrico
581 982 609 1007 et
636 980 730 1012 paulo
756 982 843 1012 post:
867 975 1009 1004 scabiem
1034 973 1240 1010 ersculpere.
1265 974 1372 1006 Atque
1395 973 1441 1000 ita
1465 970 1587 1010 passim
1612 969 1698 1003 apud
1717 969 1853 1003 optimos

75 1024 250 1057 scriptores
269 1031 286 1050 e
305 1031 360 1058 pro
379 1023 420 1052 ab
435 1026 486 1052 vel
499 1022 538 1051 de
551 1023 702 1058 usurpari
715 1025 807 1052 solet.
832 1024 931 1051 Recte
942 1029 1019 1049 vero
1032 1020 1202 1049 Pricaeum
1215 1019 1348 1053 iungere
1360 1016 1548 1045 adverbium
1561 1012 1740 1051 diligenter
1751 1013 1853 1048 hisce,

75 1076 149 1103 non,
171 1071 204 1096 ut
216 1071 314 1104 vulgo
329 1069 392 1105 fiat,
413 1069 622 1102 sequentihus
635 1068 744 1096 verbis
758 1067 919 1096 sententia
932 1070 979 1095 est
993 1065 1089 1101 Oud.,
1105 1064 1159 1098 qui
1173 1064 1307 1092 eundem
1321 1062 1462 1090 ordinem
1477 1060 1631 1095 sequitur,
1646 1066 1737 1093 quem
1750 1059 1788 1086 R.
1803 1057 1854 1086 in-

76 1112 179 1141 stituit
193 1113 303 1140 erasis
316 1111 492 1150 diligenter
505 1111 657 1141 sordibus
670 1111 883 1141 intrinsecus.
910 1110 1083 1146 [Equidem
1097 1109 1192 1137 aliter
1204 1107 1318 1136 sentio.
1344 1109 1379 1135 ln
1393 1105 1501 1133 erasis
1522 1106 1586 1133 iam
1600 1104 1689 1132 inest
1706 1103 1758 1132 vis
1776 1102 1854 1131 (lili-

76 1158 206 1192 gentiae
223 1161 252 1186 et
272 1159 416 1187 accurati
435 1158 552 1193 studii,
576 1159 660 1187 unde
679 1165 750 1186 cum
770 1157 887 1185 ceteris
906 1157 997 1185 codd.
1016 1158 1046 1183 et
1065 1155 1134 1183 edd.
1171 1151 1349 1189 diligenter
1360 1153 1574 1180 suoloconon
1588 1156 1714 1183 move0,
1738 1151 1854 1176 etcum

75 1210 161 1236 seqq.
187 1199 310 1240 iungo.]
356 1206 470 1230 uelum
494 1204 530 1231 P.
576 1209 639 1230 usn
664 1210 694 1237 p.
740 1199 928 1229 discernere
952 1199 1005 1228 vel
1028 1197 1219 1235 dignoscere
1237 1206 1254 1226 e
1273 1199 1384 1233 glossa
1402 1198 1437 1224 G.
1453 1196 1531 1224 1.0.
1545 1202 1581 1223 π.
1622 1196 1783 1230 putasses
1798 1199 1854 1226 pro

69 1249 178 1282 putas
191 1255 249 1275 aes
263 1249 298 1276 G.
314 1249 342 1276 1.
357 1250 386 1276 2.
400 1249 436 1276 Ρ.
449 1249 485 1276 L.
499 1249 537 1276 D.
561 1248 611 1275 Ex
626 1247 745 1275 vitiosa
757 1246 970 1275 Beroaldinae
989 1243 1141 1274 editionis
1160 1243 1297 1272 lectione
1316 1248 1374 1269 vos
1392 1241 1493 1269 Basil.
1510 1240 1704 1268 effinxerunt
1724 1245 1779 1265 vos
1787 1244 1854 1273 pu-

78 1292 167 1320 tetis.
214 1291 332 1319 alacer
345 1300 401 1327 pro
415 1299 494 1319 acer
506 1293 539 1320 in
553 1294 588 1320 G.
607 1293 634 1321 1.
660 1290 783 1326 (neque
801 1298 875 1321 vero
895 1291 991 1320 etiam
1008 1290 1043 1318 in
1060 1289 1108 1326 2.,
1134 1289 1217 1322 quod
1235 1295 1252 1317 e
1265 1286 1335 1316 suis
1350 1286 1511 1320 excerptis
1524 1285 1656 1314 adnotat
1669 1282 1775 1319 Oud.)
1821 1283 1858 1309 et

75 1339 150 1366 ante
163 1337 313 1374 egregius
326 1345 388 1366 non
400 1340 559 1372 comparet
574 1337 605 1365 in
620 1337 657 1365 D.

134 1444 219 1484 CAP.
245 1444 332 1483 Vll.
382 1450 520 1497 aptum
544 1445 635 1485 usui
660 1445 790 1497 possis
818 1444 937 1483 clino-

74 1515 197 1540 seere.
248 1500 434 1539 Pricaeus
471 1501 603 1540 inserit
638 1514 712 1547 an3
747 1505 850 1539 certe
885 1501 937 1538 ita

77 1557 202 1596 locum
218 1558 302 1609 capi
319 1557 459 1596 debere
473 1561 593 1609 putat,
605 1557 707 1595 unde
722 1557 807 1595 etin
823 1558 936 1595 inter-

76 1615 290 1665 pretatione
315 1614 462 1652 addidit
485 1627 570 1652 cum
595 1613 791 1652 Beroaldo
818 1612 936 1650 Flori-

77 1669 169 1708 dus:
199 1684 253 1708 αη
283 1670 381 1710 utile
415 1675 536 1722 queat
564 1672 667 1709 esse?
712 1669 811 1707 Hinc
835 1668 939 1708 Oud.

80 1726 241 1764 coniecit
277 1727 518 1778 optimumne
553 1727 667 1766 usal?
713 1725 800 1764 coll.
838 1725 938 1764 Dict.

79 1781 180 1820 Cret.
205 1780 266 1822 Ill.
293 1786 358 1822 23.
383 1782 467 1821 Sed
492 1796 639 1834 cupere
664 1782 938 1827 dinoscere,

81 1838 346 1878 barbariae
374 1838 612 1878 Graeciae
635 1851 783 1877 summa
807 1851 939 1878 rerum

74 1896 324 1945 potirentur,
350 1895 411 1932 ubi
432 1898 558 1932 tamen
573 1894 790 1944 elegantius
804 1895 838 1932 in
854 1893 944 1930 duo-

81 1951 154 1988 bus
169 1949 269 1988 Mss.
284 1950 428 1988 invenit
449 1950 614 1990 barbari
630 1951 829 1991 Graeciae
855 1948 945 2001 [sed

83 2005 132 2044 cs.
145 2006 289 2044 Deder.
303 2006 353 2044 ad
366 2006 404 2045 h.
420 2006 441 2044 l.
457 2006 633 2044 Glossar.
647 2020 684 2058 p.
700 2009 791 2046 334.
817 2004 943 2044 Periz.

82 2061 190 2100 Diss.
205 2061 255 2100 ad
270 2061 295 2100 I.
312 2065 375 2102 20.
403 2061 490 2108 Qua
507 2075 599 2100 vero
620 2062 668 2100 de
688 2075 829 2101 caussa
842 2061 944 2100 Oud.

80 2119 136 2156 ita
161 2118 338 2164 voluerIt,
364 2132 437 2156 non
463 2118 588 2158 video.
634 2118 831 2156 Difficilior
856 2131 942 2156 con-

82 2174 243 2212 structio
271 2174 526 2225 prael'erenda
556 2187 713 2226 semper
744 2173 833 2227 est]
880 2173 943 2212 De

85 2231 295 2269 dinoscere
314 2229 414 2269 Oud.
435 2234 630 2281 comparat
644 2231 759 2278 Serv.
774 2231 822 2269 ad
836 2229 943 2282 Virg.

83 2285 228 2336 Georg.
253 2285 299 2323 11.
326 2290 417 2327 461.
442 2285 527 2325 Intt.
553 2287 600 2324 ad
621 2286 752 2325 Horat.
772 2285 895 2338 Epist.
916 2281 943 2324 I.

88 2347 150 2382 15.
177 2346 240 2382 20.
274 2345 312 2380 et
341 2342 391 2380 de
421 2343 614 2381 scribendi
643 2343 788 2380 ratione
812 2342 944 2381 Burm.

85 2399 135 2436 ad
149 2397 264 2436 Ovid.
278 2398 373 2436 Met.
387 2397 455 2436 XI.
471 2402 562 2439 835.
589 2403 627 2436 et
651 2398 699 2436 ad
725 2399 832 2437 Suet.
851 2397 943 2437 Oth.

87 2468 118 2492 c.
136 2458 196 2494 12.
224 2453 375 2506 [Munk.
390 2455 438 2492 ad
453 2454 565 2506 Futg.
580 2454 748 2506 Mythot.
773 2454 799 2493 1.
824 2454 944 2506 praef.

86 2523 123 2561 p.
140 2514 230 2551 597.
246 2510 306 2549 ed.
321 2510 427 2549 Stav.
442 2511 588 2549 Deder.
603 2511 649 2549 ad
666 2511 765 2549 Uict.
783 2512 880 2550 Cret.
895 2509 945 2549 X.

89 2566 155 2604 l.c.
182 2566 315 2605 Gloss.
343 2580 377 2618 p.
404 2571 514 2613 334„
540 2580 612 2605 nee
635 2567 859 2617 putaverim,
884 2580 947 2605 an-

87 2623 230 2673 tiquam
251 2622 350 2662 hanc
369 2637 462 2660 esse
482 2636 646 2675 eamque
664 2624 855 2675 poeticam
876 2623 948 2661 sor-

87 2692 206 2724 mam,
236 2679 311 2716 sed
343 2678 457 2731 longe
488 2679 610 2719 altera
639 2679 850 2725 mellorem,
875 2678 949 2717 for-

87 2738 198 2773 tasse
222 2736 333 2773 unice
357 2736 523 2789 veram]

144 2791 196 2830 de
220 2791 327 2830 malo
352 2792 510 2831 habere.
581 2792 646 2831 De
675 2791 782 2831 malo
813 2804 847 2831 s.
872 2787 949 2830 ἀπὸ

92 2847 211 2885 κακοῦ
239 2848 341 2886 bene
372 2849 569 2900 explicant
598 2848 668 2887 viri
699 2847 801 2886 docti
834 2849 950 2898 furto

90 2902 152 2939 vel
166 2903 306 2956 aliquo
321 2905 421 2944 dolo
434 2905 541 2943 malo
555 2918 639 2942 cum
653 2903 819 2942 Palmer.
835 2904 950 2954 Spec.

91 2957 212 2997 Thes.
227 2958 313 2998 Crit.
329 2960 375 3000 T.
390 2960 455 2999 IV.
476 2975 512 3011 p.
528 2964 621 3001 698.
647 2959 817 3009 Schegk.
836 2957 951 2997 Prae-

92 3027 214 3053 mess.
238 3029 270 3054 0.
294 3020 354 3056 12.
382 3021 421 3055 et
445 3017 576 3055 Barth.
601 3014 953 3054 Advei-.XXXIV.

96 3073 158 3110 15.
183 3084 220 3122 p.
250 3075 385 3119 1571.;
422 3074 484 3123 qui
521 3077 649 3111 tamen
686 3075 792 3111 notat
820 3071 855 3108 in
881 3084 953 3110 suo

95 3126 228 3164 codiee
240 3127 415 3178 glossam
430 3142 524 3167 esse
543 3129 792 3180 adscriptam:
819 3127 955 3167 Illalns

96 3182 219 3222 arbor
254 3189 311 3223 est
339 3187 558 3236 pomifera.
607 3184 730 3233 Quasi
765 3184 815 3224 ad
839 3196 954 3223 aurea

993 1441 1252 1493 Hesperidum
1281 1453 1396 1492 poma
1440 1440 1694 1491 respiceretur
1730 1438 1790 1487 (et
1817 1439 1859 1475 ut

993 1513 1066 1537 nos
1090 1498 1172 1536 fere
1202 1497 1378 1535 dicimus:
1416 1495 1503 1534 Das
1537 1494 1642 1535 Geld
1671 1507 1747 1532 von
1780 1493 1859 1531 den

994 1556 1184 1595 Biinmen
1218 1552 1454 1602 solantem.)
1502 1550 1556 1589 At
1588 1551 1688 1588 haee
1716 1561 1858 1598 nequa-

994 1624 1106 1663 quam
1120 1610 1157 1649 h.
1174 1610 1195 1649 l.
1212 1621 1433 1660 congruere,
1454 1608 1528 1645 iam
1544 1607 1629 1659 ipse
1643 1605 1744 1644 Oud.
1758 1606 1859 1643 bene

993 1667 1194 1706 intellexit.
1245 1664 1347 1717 [Nee
1375 1663 1535 1702 Barthio
1573 1663 1633 1701 his
1670 1662 1705 1699 in
1741 1661 1860 1699 rebus

995 1723 1109 1761 fidem
1122 1723 1258 1761 tribuo,
1283 1721 1411 1759 Multa
1425 1720 1523 1758 enim
1537 1719 1603 1757 ille
1616 1718 1745 1764 finxit,
1760 1730 1861 1768 quae

994 1792 1202 1831 numquam
1226 1776 1374 1829 legerat
1392 1776 1453 1814 vel
1476 1775 1608 1826 legere
1625 1777 1794 1827 poterat,
1819 1776 1861 1811 ut

996 1835 1373 1888 quantulamcunque
1416 1832 1627 1871 doctrinam
1663 1829 1861 1868 affectaret

1002 1896 1040 1930 et
1064 1893 1284 1930 ostentaret.
1331 1889 1395 1928 De
1427 1889 1594 1926 dictione
1624 1887 1671 1925 es.
1698 1885 1860 1924 Taubm.

1002 1947 1050 1986 ad
1066 1947 1190 1986 Plaut.
1206 1944 1354 1985 Cistell.
1368 1944 1393 1984 I.
1410 1949 1445 1986 2.
1461 1948 1525 1986 23.
1550 1943 1676 1983 Haud.
1691 1941 1859 1981 Turseli.

1003 2003 1049 2043 Τ.
1075 2003 1120 2042 II.
1144 2017 1183 2055 p.
1213 2001 1322 2055 190.]

1058 2074 1164 2099 acer.
1190 2058 1321 2097 Minus
1336 2055 1630 2096 benePricaeus
1642 2068 1713 2107 per
1729 2066 1862 2094 acrem

998 2116 1062 2155 hic
1095 2115 1272 2166 intelligit
1293 2118 1544 2166 promptum,
1574 2113 1793 2164 impifsrum
1824 2112 1863 2147 et

1001 2172 1245 2224 expeditum.
1280 2170 1422 2220 Neque
1448 2169 1546 2207 enim
1572 2168 1645 2207 1100
1667 2166 1863 2218 praedica-

1000 2233 1079 2267 tum
1093 2241 1184 2266 vere
1203 2231 1242 2265 et
1255 2239 1427 2277 sequens
1442 2226 1633 2278 eyreyz'us
1646 2224 1788 2262 ironice
1802 2225 1864 2260 est

1001 2283 1304 2335 intelligendum,
1328 2283 1402 2321 sed
1416 2285 1630 2332 utrumque,
1652 2284 1693 2319 ut
1704 2279 1863 2329 saepius

1000 2340 1104 2380 solet
1126 2338 1332 2391 Apuleius.
1377 2338 1540 2377 Rectius
1567 2351 1656 2374 vero
1682 2335 1863 2374 Floridus

1001 2398 1269 2448 interpretatur
1286 2409 1422 2448 sayna:
1441 2393 1500 2432 vel
1518 2394 1704 2445 prudens
1722 2391 1864 2443 11011115,

1002 2457 1041 2492 et
1065 2454 1114 2492 ad
1139 2453 1330 2503 ingenium
1355 2450 1620 2489 eius-hominis
1640 2448 1782 2499 stupidi
1803 2450 1865 2484 est

1002 2509 1257 2549 referendum.
1282 2507 1424 2558 Neque
1438 2511 1565 2546 tamen
1580 2503 1864 2544 cumN.Heins.

1004 2567 1054 2607 ad
1079 2565 1191 2604 Ovid.
1217 2563 1376 2602 Hei-oid.
1402 2562 1509 2601 XVI.
1527 2566 1616 2602 314.
1632 2561 1865 2599 substituen-

1005 2623 1093 2661 (lum
1118 2622 1264 2671 vafer.-
1301 2621 1421 2660 Utere
1449 2633 1531 2658 non
1558 2618 1691 2668 vafri
1715 2615 1866 2667 simple?-

1006 2679 1128 2718 eitate
1162 2678 1250 2715 viri.
1305 2677 1431 2728 Vafer
1467 2676 1567 2712 enim
1602 2685 1794 2723 nunquam
1829 2672 1864 2709 in

1007 2734 1121 2773 laude
1139 2733 1306 2786 ponitur,
1333 2745 1432 2783 quae
1446 2731 1508 2770 hic
1525 2730 1736 2780 requiritur,
1761 2730 1865 2765 certe

1007 2791 1056 2829 ad
1079 2790 1312 2828 illusionem.
1361 2787 1518 2839 Optime
1541 2787 1653 2838 igitur
1683 2797 1791 2828 acer,
1816 2782 1865 2820 cf.

1006 2846 1146 2897 Nepos
1170 2847 1206 2884 in
1231 2844 1358 2884 Aleib.
1389 2858 1419 2882 0.
1441 2847 1479 2884 5.
1517 2839 1756 2882 Acerrimi
1789 2839 1868 2878 viri

1004 2906 1277 2956 praestantem
1308 2900 1572 2952 prudentiam
1614 2908 1867 2949 coynoscere.

1027 2958 1147 2996 Plura
1171 2957 1220 2994 (le
1244 2957 1319 2995 hac
1342 2969 1438 2994 voce
1463 2954 1606 3006 profert
1630 2951 1762 2991 Barth.
1787 2950 1869 2989 Ad-

1010 3027 1112 3052 vers.
1125 3011 1231 3050 XIX.
1249 3017 1310 3053 15.
1327 3026 1364 3062 p.
1379 3015 1468 3052 993.
1482 3042 1491 3057 ,
1517 3010 1579 3061 qui
1594 3011 1764 3047 nostrum
1779 3020 1869 3059 quo-

1012 3083 1089 3121 que
1115 3069 1239 3107 locum
1263 3072 1410 3107 tractat.
1447 3066 1504 3105 Ita
1522 3070 1676 3106 acetum
1694 3077 1762 3115 pro
1777 3077 1870 3103 acu·

1011 3127 1114 3165 mine
1143 3123 1252 3163 Pers.
1284 3125 1365 3163 Sat.
1379 3123 1430 3163 V.
1461 3126 1546 3168 86„
1582 3122 1647 3160 ubi
1683 3119 1730 3159 cf.
1766 3119 1870 3164 Intt.,

1013 3181 1246 3234 praeceterls
1270 3179 1394 3220 Plum.
1418 3193 1456 3233 p.
1482 3182 1574 3220 417.
1604 3176 1714 3217 Mate
1743 3179 1870 3216 tamen
