2155 3590
763 99 793 138 C
816 100 854 138 A
878 98 910 137 P
937 98 972 138 U
999 97 1031 137 Τ
1089 97 1164 136 111.
1735 108 1846 135 vau

44 214 96 253 'In
133 214 240 253 calce
275 215 374 253 haec
402 215 451 252 ab
483 213 621 251 eodem
651 213 795 264 scripta
827 212 925 265 legis
956 225 1055 263 quae
1086 211 1256 250 codicem
1283 208 1543 248 Florentinum
1570 221 1645 259 quo
1676 208 1848 260 inprimis

56 285 153 310 usus
179 275 241 309 est
264 273 315 309 ita
339 271 570 309 describunt.

282 328 402 368 EGO
432 325 683 366 CRISPUS
707 324 1082 366 SALLUSTIUS
1104 347 1159 353 -—
1189 320 1344 362 COSS.

57 382 239 430 Quintum
271 384 402 422 folium
435 383 602 422 continet
632 397 655 421 a
678 382 799 421 Modii
830 396 945 421 manu
977 382 1095 420 verba
1124 379 1377 432 praefationis
1409 377 1581 417 Colvian.
1614 377 1849 431 Apologiae,

55 440 143 479 inde
168 455 191 479 a
214 441 343 479 verbis
368 441 411 479 in
437 439 690 479 emendando
715 452 841 490 usque
865 440 916 478 ad
940 439 1204 478 abstersimus.

224 496 265 535 ln
289 498 469 548 sequenti
493 496 592 534 haec
616 495 810 545 leguntur:

173 550 441 593 Casaubonus
462 557 586 604 putat
610 552 790 591 biliosam
821 552 934 591 illam
964 552 1159 591 librorum
1182 548 1516 602 Apuleianorum
1547 550 1852 600 inscriptionem

167 625 193 648 a
228 611 454 649 Bernardo
490 609 751 647 Philomathe
787 608 944 647 Pisano
980 622 1058 647 esse
1096 609 1166 660 qui
1201 606 1430 659 Apuleium
1468 606 1682 645 Florentia
1719 604 1852 644 Anno

170 665 472 711 CIOIQXXII.
498 665 640 704 edidit.

221 723 459 762 Menander.

449 802 502 806 —
529 779 627 817 ἐστὶν
652 776 783 829 ἀρετῆς
807 779 869 816 καὶ
893 779 972 830 βίου
997 775 1224 824 διδάσκαλος

526 836 725 887 ἐλευθέρου
750 839 825 879 τοῖς
850 838 963 873 πᾶσιν
988 832 1208 885 ἀνθρώποις
1232 831 1357 885 ἀγρός.

54 891 276 943 Sequuntur
300 897 378 931 tum
407 892 479 930 loci
505 890 650 942 aliquot
676 905 725 929 ex
751 891 858 929 libris
885 893 934 929 de
960 891 1156 941 Dogmate
1179 890 1358 929 Platonis
1387 891 1570 942 excerpti.

222 948 262 987 ln
287 949 397 988 titulo
424 950 510 1001 ipso
537 952 643 986 extat
669 961 824 986 nomeu:
851 948 911 987 Io.
941 946 1087 987 Christ.
1123 947 1301 1000 ll'olfi‘us.

52 1003 92 1042 In
118 1006 240 1044 altera
264 1006 360 1044 tituli
386 1007 527 1057 pagina
553 1009 591 1042 et
616 1006 738 1056 prima
762 1005 1014 1055 praefationis
1039 1018 1062 1042 a
1086 1004 1207 1042 Modii
1234 1018 1349 1041 manu
1380 1003 1557 1054 singulae
1588 1003 1778 1041 dictiones
1804 1016 1853 1040 ex

51 1062 339 1114 Apuleiivlibris
366 1063 619 1114 depromptae
645 1061 841 1111 leguntur,
866 1065 907 1099 ut
930 1062 1100 1100 mundus
1129 1058 1304 1100 Cereris.
1331 1062 1494 1100 modico
1515 1061 1644 1112 prius.
1683 1059 1852 1097 Wolfius

57 1132 146 1157 vero
173 1120 309 1158 verba:
334 1119 516 1163 suadela,
546 1118 724 1171 querela,
749 1118 919 1163 medela,
947 1118 1170 1162 custodela,
1196 1117 1366 1162 turbela,
1393 1117 1518 1156 tutela
1544 1117 1578 1154 in
1605 1129 1757 1154 summa
1781 1116 1853 1154 hac

52 1177 193 1227 pagina
217 1176 412 1229 adposuit.

166 1231 265 1270 Post
302 1236 473 1270 veterum
509 1231 729 1269 testimonia
766 1243 866 1280 quae
904 1229 992 1268 huic
1024 1230 1181 1268 editioni
1212 1231 1355 1268 inserta
1385 1234 1494 1276 sunt,
1532 1230 1630 1268 haec
1668 1234 1800 1268 extant
1831 1242 1853 1266 a

51 1286 226 1327 Putschii
253 1302 383 1327 manu:

165 1345 257 1384 MS.
294 1345 469 1384 ASINI
501 1342 705 1384 ACREI
738 1341 909 1382 LUCII
940 1342 1205 1382 APULEIJ
1240 1341 1579 1383 PLATONICI
1606 1340 1852 1381 MADAU.

167 1401 384 1442 RENSIS
407 1399 1013 1441 METAMORPHOSEON
1032 1399 1098 1438 LI
1101 1401 1138 1439 B
1147 1401 1223 1439 Ele
1251 1399 1486 1439 PRIMUS
1510 1397 1750 1439 INCIPIT.

225 1456 411 1498 Contulit
433 1459 685 1497 Milesiarum
718 1458 843 1496 libros
874 1472 962 1497 cum
989 1457 1082 1496 Mss.
1115 1457 1343 1509 ezemplari
1368 1457 1591 1496 Palatinae
1621 1456 1853 1496 Bibliothe-

164 1530 237 1556 cae
265 1516 464 1555 Gruterus
489 1529 580 1554 ann.
607 1515 664 1552 M.
692 1512 1039 1553 DLXXXXIII.
1068 1515 1137 1567 qui
1162 1515 1367 1553 uobiscum
1393 1514 1708 1554 eommzmicavit.
1742 1513 1851 1567 1193]-

164 1573 384 1625 delberyae
409 1573 468 1612 M.
498 1570 653 1613 CIOII)
665 1569 780 1610 CIII.

1124 1628 1266 1667 Helias
1293 1628 1522 1667 Putschius.

51 1683 92 1723 In
117 1685 239 1724 altera
264 1686 406 1738 pagina
432 1700 454 1725 a
480 1685 602 1724 Modii
627 1699 757 1723 manu:

164 1742 314 1782 Libros
344 1743 416 1782 hos
449 1757 579 1782 omnes
611 1741 687 1781 XI.
719 1742 770 1781 de
800 1739 938 1781 Asino
971 1742 1127 1781 contuli
1157 1756 1244 1781 cum
1276 1742 1371 1781 Illss.
1404 1741 1460 1781 St·
1498 1741 1665 1781 Berlini
1699 1742 1852 1792 optimo

164 1799 238 1838 illo
266 1800 427 1852 quidem
451 1800 523 1838 sed
542 1801 583 1837 in
601 1797 755 1838 Charta
775 1800 873 1838 satis
891 1800 1043 1838 recenti
1063 1799 1313 1838 characteris
1332 1812 1481 1852 yenere
1501 1803 1572 1838 etc.
1600 1798 1666 1837 ΚΖ.
1684 1798 1852 1837 Octobr.

163 1855 279 1895 Ami.
306 1857 365 1895 M.
390 1853 710 1897 IOLXXA'IA'.

1122 1912 1167 1951 F·
1195 1912 1373 1951 Modius.

169 1967 485 2010 Communicavit
507 1983 656 2009 mecum
683 1969 789 2008 hunc
817 1970 998 2009 codicem
1023 1967 1201 2008 Illustris
1240 1969 1309 2008 Vir
1340 1968 1499 2008 ,Ματρὶς
1531 1968 1667 2019 Ulfert
1699 1969 1852 2019 Reipu-

166 2026 298 2066 blicae
322 2025 543 2078 Augustae
570 2026 794 2066 Decemvir.

800 2080 857 2120 Α.
890 2080 994 2122 MIO
1007 2079 1101 2120 CII.

53 2139 215 2190 Aliquot
240 2139 335 2178 locis
363 2138 669 2177 Florentium-um
695 2138 805 2177 codd.
833 2139 1021 2176 lectiones
1047 2139 1204 2189 margini
1231 2138 1345 2177 huius
1371 2138 1549 2176 editionis
1575 2153 1597 2177 a
1622 2138 1757 2177 Modio
1787 2138 1855 2176 ad-

54 2195 157 2233 ditae
181 2200 282 2234 sunt.
343 2195 507 2233 Codices
533 2194 698 2232 Palatini
726 2199 763 2232 et
788 2195 891 2233 Bert.
917 2196 1040 2246 signis
1067 2196 1120 2234 B.
1148 2199 1186 2234 et
1219 2196 1260 2234 V.
1292 2194 1335 2234 C.
1364 2196 1480 2233 notati
1508 2199 1606 2233 sunt.
1668 2195 1754 2233 Hae
1779 2195 1855 2233 col-

55 2251 222 2290 lationes
247 2252 295 2290 ad
321 2251 658 2303 Metamorphosiu
685 2256 829 2289 tautum
854 2253 1056 2303 pertinent.
1115 2251 1206 2290 lnde
1243 2252 1396 2290 demum
1435 2266 1458 2289 a
1485 2250 1577 2303 Pag.
1610 2255 1702 2293 303.
1736 2251 1856 2303 Apol.

53 2307 152 2348 Pric.
180 2309 335 2347 collatio
362 2309 567 2347 lectionum
595 2308 760 2347 Casaub.
786 2311 824 2346 et
849 2309 996 2359 aliquot
1021 2309 1117 2347 locis
1144 2308 1452 2347 Florentium-um
1477 2309 1673 2360 descripta
1699 2313 1769 2346 est.

167 2369 208 2415 3)
248 2366 395 2404 Variae
427 2365 616 2405 lectiones
649 2379 753 2418 quae
786 2366 827 2404 in
859 2366 1052 2404 editionis
1084 2366 1233 2405 Vicent.
1266 2381 1301 2405 a.
1332 2369 1451 2406 1493.
1486 2367 1675 2418 τηατ-θίγω
1700 2366 1853 2405 adscri-

47 2426 148 2473 ptae
172 2427 274 2462 sunt.
333 2422 575 2461 Adservatur
601 2435 649 2459 ea
673 2421 814 2460 Dresd.
842 2421 889 2460 D.
920 2426 1008 2463 189.

220 2478 260 2517 ln
287 2478 445 2517 chartae
471 2492 590 2531 purae
617 2478 708 2516 folio
735 2482 823 2516 aute
849 2479 1127 2529 praefationem
1153 2479 1252 2518 haec
1277 2483 1425 2518 extant:

166 2536 250 2575 Hic
276 2536 412 2574 codex
427 2535 607 2587 Apuleii
634 2536 704 2587 qui
729 2548 783 2573 e4z·
809 2535 1073 2575 Bibliotheca
1100 2536 1271 2576 Nicolai
1299 2537 1425 2576 Fabri
1451 2537 1508 2575 acl
1541 2536 1744 2575 Vallinmn
1768 2549 1858 2587 per-

163 2597 325 2631 venerat
350 2597 407 2631 est
429 2594 463 2631 is
487 2594 573 2644 ipse
600 2606 713 2644 quem
739 2591 885 2631 laudat
896 2590 1026 2632 Iosias
1040 2593 1249 2633 Mercerus
1272 2595 1313 2632 'in
1339 2598 1421 2632 not.
1443 2593 1501 2632 mc
1514 2591 1692 2646 Apuleii
1711 2593 1858 2632 librum

165 2649 217 2688 de
246 2648 332 2687 Deo
360 2650 545 2688 Socratis
571 2664 606 2687 a..
637 2652 753 2689 1625.
782 2648 971 2688 Lutetiae
995 2664 1020 2688 a
1043 2664 1084 2689 se
1108 2651 1261 2690 editum
1285 2651 1346 2689 his
1372 2650 1519 2689 verbis.-

220 2703 533 2758 Iamdudum]
567 2706 673 2744 Hoc
697 2719 791 2744 esse
813 2707 1121 2758 principium
1148 2707 1399 2746 diatribae
1425 2707 1482 2745 de
1508 2707 1610 2745 Deo
1633 2706 1858 2745 Socratis

164 2762 350 2801 monuit
384 2762 562 2802 dudum
597 2762 908 2802 doctissimus
943 2762 1182 2803 Pithoeus
1218 2765 1266 2802 in
1303 2762 1629 2802 Adversariis
1675 2767 1858 2801 veteres

166 2819 368 2858 codices
398 2823 607 2863 secutus,
642 2819 923 2870 quibuscum
953 2822 1267 2859 consentiunt
1296 2821 1391 2859 duo
1423 2833 1482 2858 ex
1514 2820 1575 2858 iis
1607 2832 1726 2872 quos
1750 2823 1860 2858 aute

164 2889 318 2914 annos
351 2876 689 2927 quadr-assium
717 2876 1024 2922 contulimus,
1056 2890 1174 2916 unus
1200 2877 1393 2916 maximi
1423 2873 1621 2915 Cuiacii
1648 2876 1859 2927 optimae

165 2937 328 2976 notae,
353 2932 480 2970 alter
507 2932 835 2970 humanissimi
860 2937 904 2971 et
928 2934 1275 2972 candidissimi
1299 2932 1505 2972 Nicolai
1534 2932 1680 2971 Fabri
1712 2932 1860 2983 lonye

165 2988 203 3027 is
230 2989 420 3040 quidem
445 2989 676 3027 deterior.
716 2987 873 3028 Docuit
896 3002 955 3027 me
979 2989 1057 3029 hoc
1082 2990 1245 3029 Nobilis
1271 2995 1308 3028 et
1335 2989 1492 3029 Doctus
1517 2989 1739 3042 hospesque
1762 2988 1859 3026 mihi

167 3059 255 3084 cum
280 3044 455 3083 Parisiae's
479 3058 658 3096 ayerem,
682 3044 958 3097 perbenifflzus
982 3044 1159 3085 Iacobus
1179 3046 1406 3085 Mentelins.

53 3100 427 3153 Metamorphoseon
461 3101 568 3140 libris
593 3102 642 3139 ab
668 3101 806 3139 eadem
837 3115 953 3141 manu
984 3103 1204 3154 adscriptae
1234 3107 1324 3142 sunt
1347 3102 1572 3140 mendorum
1599 3101 1858 3153 thypothetae

1487 3173 1508 3197 e
1526 3163 1544 3181 '''
