2155 3590
631 174 818 216 LIBER
846 175 922 215 IX.
981 175 1109 216 CAP.
1139 175 1213 217 XI.
1245 174 1343 217 XII.
1793 175 1876 219 777

102 286 237 352 plagas
259 288 483 340 ingerentes
509 288 721 329 acervatim
747 288 843 329 adeo
868 303 929 329 me
954 289 1129 353 strepitu.
1142 288 1431 339 turbulentam,
1459 294 1503 328 ut
1526 287 1677 328 cunctis
1703 287 1876 328 consiliis

100 344 258 385 abiectis
283 344 387 385 illico
411 343 617 386 scitissime
639 345 790 386 taeniae
810 352 989 400 sparteae
1002 352 1105 385 totus
1119 344 1302 396 innixus,
1330 345 1530 385 discursus
1545 344 1694 385 alacres
1710 344 1873 385 obirem.

652 493 1086 542 CAPUT
1186 493 1328 541 XII.

209 625 266 666 At
293 625 420 666 subita
451 633 582 666 sectae
615 627 915 667 commutatione
946 626 1067 666 risum
1105 633 1187 666 toto
1225 632 1338 665 coetu
1373 638 1669 665 commoveram.
1717 623 1876 678 Iamque

99 682 270 722 maxima
306 681 381 721 diei
417 689 526 735 parte
564 689 783 733 transacta,
824 683 1015 723 defectum
1046 682 1217 735 alioquin
1243 696 1324 732 me,
1364 681 1488 721 helcio
1524 688 1682 744 sparteo
1712 681 1873 731 dimoto,

100 751 207 778 nexu
230 737 433 778 machinae
457 738 661 778 liberatum
688 739 882 793 applicant
906 738 1122 792 praesepio.
1173 740 1228 778 At
1257 751 1331 792 ego
1362 750 1592 791 quamquam
1618 737 1761 776 eximie
1787 737 1875 776 fati-

100 801 213 847 gatus
249 801 288 833 et
322 794 535 835 refectione
570 794 710 835 virium
746 795 998 835 vehementer
1034 795 1215 849 indiguus
1252 801 1291 834 et
1326 807 1503 848 prorsum
1542 794 1642 833 fune
1679 792 1874 847 perditus,

98 922 256 949 anet-nati
266 923 302 951 G.
321 924 346 951 1.
361 923 395 951 Ο.
441 925 474 949 el
494 931 550 957 pro
568 925 604 950 ιιι
623 926 697 952 ante
716 923 844 950 cunc-tis
863 924 898 951 G.
920 925 948 951 1.
997 921 1137 949 obtectis
1151 930 1205 957 pro
1219 922 1357 951 abiectis
1371 930 1401 956 p.
1431 920 1580 949 commis
1599 919 1739 948 abiectis
1753 920 1880 949 deside—

99 971 210 995 rantur
233 967 265 995 in
291 969 373 996 lunt.
398 968 424 995 1.
471 967 630 995 citissime
649 965 676 996 ὃ.
696 973 724 997 et
744 968 795 996 vir
813 969 924 996 doctus
943 968 975 996 in
994 975 1095 1002 marg.
1115 969 1163 996 ed.
1186 968 1311 996 Vicent.
1336 975 1435 996 meae.
1472 966 1655 994 rectissime
1674 967 1711 994 G.
1733 967 1763 994 2.
1782 967 1819 994 Ρ.
1840 967 1879 995 D.

98 1011 302 1048 sceplr'ssv‘me
317 1014 351 1041 G.
369 1013 397 1041 1.
444 1011 558 1039 censae
571 1022 604 1046 φ.
631 1016 713 1039 teme
727 1014 761 1041 G.
780 1014 806 1042 1.
854 1015 1003 1049 spartem
1017 1015 1053 1042 G.
1068 1014 1097 1040 2.
1111 1013 1149 1041 D.
1163 1014 1199 1042 P.
1888 1007 1891 1010 Ι

189 1059 229 1084 at
240 1057 276 1086 F.
290 1059 320 1086 3.
340 1059 376 1086 G.
392 1058 421 1085 1.
436 1058 464 1085 2.
479 1059 512 1086 0.
527 1059 563 1085 Ρ.
599 1055 646 1084 ml
657 1067 686 1092 p.
723 1065 764 1084 ac
777 1055 805 1086 ὃ.
832 1057 883 1092 [ln
897 1061 969 1086 cett.
988 1055 1070 1090 hac,
1097 1059 1178 1091 quod
1192 1058 1336 1092 equidem
1352 1065 1423 1085 cum
1437 1058 1515 1086 Oud.
1529 1064 1592 1085 non
1605 1056 1741 1093 retineo,
1767 1062 1881 1090 quam-

98 1109 192 1136 quam
205 1104 286 1130 hene
299 1102 494 1137 coniungere
508 1103 736 1136 praecedentia
748 1103 907 1131 videatur.
931 1098 984 1130 At
995 1102 1234 1137 significantius
1247 1106 1306 1132 est.
1331 1103 1492 1137 Quomodo
1505 1103 1688 1136 corruptela
1701 1104 1813 1130 exorta
1825 1101 1880 1138 sit,

98 1147 243 1175 indicant
261 1147 325 1181 ipsi
344 1146 456 1183 codd.]
503 1149 614 1182 scepte
637 1148 672 1176 0.
691 1154 711 1175 a
730 1155 769 1175 m.
789 1156 818 1182 p.
854 1146 948 1182 facti
970 1148 1230 1175 commutatione
1255 1157 1288 1180 φ.
1335 1134 1463 1175 commit
1482 1148 1521 1175 D.
1545 1154 1602 1181 pro
1627 1153 1879 1175 commoverant.

98 1192 236 1228 ipsaque
249 1200 304 1226 pro
318 1192 450 1228 iamque
463 1193 499 1220 G.
513 1193 543 1219 2.
556 1193 593 1220 Ρ.
606 1193 644 1221 D.
680 1190 847 1231 defessum
860 1193 968 1221 u'ow.
982 1194 1064 1221 Elm.
1079 1193 1291 1220 Pric.Florid.
1315 1194 1351 1220 In
1365 1195 1438 1220 cett.
1453 1193 1521 1220 edd.
1536 1195 1568 1220 ut
1584 1192 1616 1219 iu
1630 1192 1719 1220 codd.
1733 1191 1880 1219 omnibus

98 1235 274 1275 defectum.
322 1235 424 1263 hemo
439 1238 473 1265 G.
489 1238 518 1265 2.
532 1238 568 1264 P.
581 1237 637 1272 D.,
664 1237 716 1270 qui
731 1239 824 1265 hahet
839 1244 855 1263 e
867 1235 987 1274 helcio,
1018 1245 1034 1263 e
1049 1238 1155 1265 littera
1171 1241 1286 1271 puncto
1305 1237 1486 1271 subscripto
1500 1238 1646 1265 obducta.
1679 1234 1783 1263 belsia
1798 1237 1834 1265 G.
1850 1237 1880 1264 1.

98 1289 118 1310 a
133 1290 170 1311 ni.
185 1290 211 1310 s.
226 1282 259 1310 in
273 1284 435 1310 contextu.
459 1280 561 1308 helcio
574 1282 668 1309 Vulc.
682 1283 712 1309 2.
729 1285 965 1317 typothetarum
978 1289 1092 1310 errore.
1139 1284 1275 1318 spareee
1294 1284 1330 1310 G.
1348 1283 1374 1311 l.
1390 1283 1419 1311 2.
1434 1283 1471 1311 D.
1485 1283 1520 1310 L.
1535 1283 1570 1310 0.
1590 1279 1619 1310 δ.
1634 1281 1674 1319 f.‚
1699 1282 1780 1315 quod
1800 1283 1880 1310 bene

98 1349 218 1377 iudicat
231 1349 310 1377 Oud.
329 1355 370 1376 ex
386 1348 589 1383 praegressis
607 1350 691 1376 male
709 1356 782 1376 esse
802 1349 981 1382 repetitum.
1028 1326 1160 1375 exzitm'e
1174 1349 1205 1376 in
1221 1349 1255 1377 F.
1271 1350 1301 1376 3.
1316 1348 1472 1382 scriptum
1491 1351 1556 1384 est,
1582 1348 1645 1377 iah
1660 1349 1770 1376 eadem
1783 1355 1881 1376 manu

96 1394 312 1427 superaddito.
360 1391 513 1429 indignus
532 1393 567 1421 F.
589 1393 617 1421 1.
638 1393 667 1420 3.
688 1394 722 1421 Ρ.
743 1394 837 1421 Vulc-
856 1394 886 1421 2.
905 1394 988 1422 Elm.
1023 1392 1178 1430 indignus
1199 1395 1234 1421 G.
1249 1395 1278 1422 2.
1299 1395 1336 1422 D.
1356 1394 1404 1422 ed.
1425 1402 1471 1427 pr.
1485 1393 1612 1422 Vicent.
1626 1394 1740 1422 Venet.
1755 1395 1785 1421 2.
1803 1393 1880 1422 Alo.

94 1440 179 1466 Iunt.
195 1439 223 1466 1.
249 1440 280 1466 et.
298 1437 427 1472 plurimi
446 1437 562 1471 reliqui
581 1438 671 1466 codd.
706 1435 838 1474 indigus
853 1439 888 1466 G.
905 1439 933 1466 1.
949 1439 982 1467 0.
997 1439 1032 1466 Β.
1051 1439 1164 1467 Venet.
1180 1440 1210 1466 4.
1229 1438 1333 1466 Paris.
1352 1442 1383 1466 et
1396 1439 1466 1466 edd.
1481 1445 1590 1466 omnes
1606 1439 1679 1466 inde
1692 1445 1710 1466 a
1725 1439 1882 1466 Beroaldo

95 1481 244 1519 indigens
268 1479 297 1511 δ.
323 1490 378 1516 per
401 1484 554 1517 glossam.
596 1489 756 1519 prorsum
780 1483 816 1512 F.
841 1483 872 1512 3.
898 1485 934 1512 G.
959 1484 983 1512 1.
1002 1484 1034 1512 2.
1059 1485 1097 1512 D.
1119 1483 1141 1512 s.
1175 1485 1211 1512 In
1231 1487 1302 1512 cett.
1318 1489 1474 1519 prorsus.
1499 1477 1562 1521 [cf.
1581 1484 1622 1511 ati
1641 1484 1735 1517 Apol.
1757 1490 1785 1517 p.
1805 1483 1880 1511 389.

95 1530 173 1557 Met.
186 1528 226 1556 v.
245 1535 275 1563 μ.
289 1526 383 1564 3193

101 1636 212 1675 codd.
248 1636 417 1688 praefert
451 1636 655 1676 lectionem
692 1642 894 1683 conserto,
930 1650 962 1676 s.

102 1693 219 1731 mixto
256 1697 296 1730 et
331 1694 425 1731 inter
459 1706 505 1730 se
542 1693 702 1732 confuso
730 1694 962 1744 iunctimque

99 1748 261 1798 prolato.
289 1747 525 1800 [Confer-tus
549 1762 639 1787 vero
664 1749 714 1787 de
740 1749 863 1787 denso
889 1763 963 1788 nec

97 1805 303 1856 interrupto
351 1804 519 1844 clamore
565 1805 629 1844 hic
674 1805 964 1855 intelligendum

98 1874 211 1906 esse,
242 1862 327 1912 quis
358 1876 430 1900 non
461 1861 591 1900 videt?
638 1861 738 1899 Hinc
765 1863 964 1900 retinenda

99 1917 212 1955 codd.
237 1919 422 1968 scriptura
441 1922 514 1956 est.
522 1916 538 1970 ]

159 1973 316 2012 obirem.
367 1973 544 2025 [Luciau.
576 1987 608 2013 c,
633 1977 699 2037 42.
730 1988 765 2026 p
794 1977 885 2015 610.
913 1974 965 2019 ὡς

101 2026 141 2067 δὲ
164 2025 314 2079 ἥκομεν,
341 2026 470 2081 ειζαγει
493 2045 540 2080 με
563 2033 612 2074 εἰς
636 2027 700 2069 τὸι
723 2032 877 2080 μυλῶνα
900 2028 962 2069 καὶ

100 2081 178 2136 ὁρῶ
203 2082 301 2123 πολυ
326 2085 479 2136 πλῆθος
503 2084 607 2125 &idm
625 2084 852 2149 ὁμοδούλων
876 2103 963 2138 κτη-

99 2156 187 2186 νῃωι
218 2137 278 2178 καῖ
311 2139 427 2191 μύλαι
457 2139 594 2181 wollar
618 2136 729 2190 ἦσαν,
756 2158 818 2181 και.
843 2143 962 2181 πᾶσαι

100 2194 247 2241 τούτοις
265 2194 483 2249 ἐστρέφοντο
503 2199 567 2236 καὶ.
579 2194 702 2237 πάντα
716 2196 833 2238 ἐκεῖνα
846 2198 965 2249 μεστὰ

99 2247 144 2302 ἦν
169 2249 346 2304 ἀλεύρωι.
391 2255 454 2291 καὶ
483 2252 569 2292 τότε
597 2253 662 2304 μέν
686 2269 749 2304 με,
780 2251 841 2293 οἷα
865 2254 965 2301 ξέιοι

101 2310 238 2346 δοῦλον
266 2324 329 2347 και
353 2323 511 2360 ,φορτιον
534 2307 746 2362 βαρύτατον
769 2308 964 2362 ἀράμενοι,

100 2380 162 2403 και
176 2361 265 2403 ὁδὸν
278 2363 421 2416 ἀογιιλ
401 2381 465 2403 ια»
484 2364 640 2417 ἀφιγμέν
642 2381 683 2405 ον
695 2364 742 2404 ἀι
734 2363 966 2406 ιιπαύεσθαι

101 2420 205 2459 ὲιὸον
228 2418 397 2471 ἀᾳῆκαν·
422 2421 467 2471 τῆ
490 2419 527 2460 δὲ
554 2419 747 2474 ὑστεραίᾳ,
773 2420 895 2473 ὀθόνῃ
919 2437 967 2462 τα

101 2470 256 2527 ὄμματά
284 2491 348 2527 μοι
382 2476 647 2527 ἐμπετέσιιντες
681 2476 968 2543 ὑποζευῃιύουσί

99 2547 165 2591 με
178 2532 223 2583 τῇ
258 2531 367 2595 νιώπῃ
402 2533 466 2584 τῆς
499 2531 639 2585 μυλης,
675 2533 755 2573 εἶτα
790 2530 962 2586 ἤλαυνον

103 2584 172 2640 ἐΙω
197 2586 239 2628 δὲ
263 2585 492 2640 ἡπισῑάμηι,
520 2586 618 2637 ὅπως
644 2588 710 2643 χοὴ
737 2589 847 2638 ἀλεῖν,
874 2594 963 2631 πολ.-

101 2644 207 2692 2.οὲκις
234 2643 386 2684 παθών.
417 2644 715 2698 προςεποιούμην
745 2647 785 2685 δὲ
810 2645 964 2699 ἀγνοεῖν,

101 2699 201 2740 ἄλλοι
223 2696 343 2753 μάτην
366 2695 520 2752 ἤλπισα.
547 2699 723 2755 λαβόντες
741 2700 812 2756 γὰρ
830 2702 964 2744 πολλοι

101 2757 175 2796 τῶν
216 2772 252 2796 ει
254 2760 319 2797 δον
358 2759 579 2810 βιικτηριά,,
622 2757 885 2811 περιΐστανταί
919 2776 964 2811 με

102 2815 165 2852 καὶ
203 2810 254 2865 μὴ
296 2812 585 2865 προδοκησαντα
626 2813 675 2859 ὠ,-
698 2813 784 2880 οὐχ
818 2813 965 2868 ὁρῶντα

86 2866 272 2909 παίουσιν
309 2867 441 2921 ἀθρόᾳ
475 2871 520 2921 τῇ
542 2868 647 2923 χειρὶ,
685 2867 780 2910 ὥστε
814 2887 861 2922 με
888 2870 963 2912 ὑπὸ

103 2925 168 2975 τῆς
178 2922 359 2977 πληγῆς”
330 2941 456 2977 ωσπερ
476 2925 662 2980 στρόμβον
678 2927 850 2979 ἐξαπίνης
861 2928 963 2980 στρέ·

104 2985 250 3031 φεσθαι
284 2984 346 3021 καὶ
367 2985 491 3049 πείρᾳ
527 2982 693 3034 ἔμαθον,
731 2981 781 3031 ὡς
808 2983 875 3036 χρὴ
899 2983 964 3024 τὸν

103 3038 273 3085 δοῦλον,
281 3035 315 3085 ἐς
336 3035 380 3078 τὸ
405 3037 454 3078 τὰ
476 3037 608 3079 δέοντα
631 3047 766 3086 ποιεῖν,
789 3039 839 3092 μὴ
864 3055 965 3093 περι·

103 3091 221 3143 μένειν
243 3090 308 3145 τὴν
329 3102 432 3148 χεῖρα
454 3095 522 3135 τοῦ
547 3091 744 3136 δεσπότου.
752 3097 765 3147 ]

163 3148 247 3187 Cir.
279 3149 362 3190 XII.
421 3156 564 3191 sectae.
622 3151 710 3191 Hoc
734 3152 962 3192 vocabulum

1020 1637 1203 1677 Beroald.
1224 1640 1368 1689 optime
1389 1638 1440 1677 ita
1453 1637 1639 1689 explicat:
1667 1636 1886 1676 Translatio

1020 1707 1043 1732 a
1068 1694 1332 1745 philosophis,
1364 1695 1427 1745 qui
1452 1695 1501 1734 ab
1525 1708 1600 1733 una
1624 1698 1734 1732 secta
1757 1693 1808 1732 ad
1832 1693 1885 1733 al-

1019 1755 1140 1789 teram
1170 1750 1434 1801 transfugiunt.
1493 1750 1656 1797 Lucius,
1688 1751 1751 1800 qui
1781 1751 1887 1801 prius

1022 1820 1164 1858 expers
1196 1811 1235 1845 et
1265 1808 1419 1857 ignarus
1451 1807 1580 1858 operis
1606 1806 1751 1857 pistorii
1777 1805 1884 1844 vide-

1021 1864 1148 1907 batur,
1172 1876 1264 1901 mox
1275 1864 1465 1902 excitatus
1479 1863 1607 1914 plagis
1622 1862 1750 1913 coepit
1762 1862 1884 1900 scien-

1020 1923 1078 1957 ter
1109 1919 1368 1970 circumagere
1399 1923 1501 1957 rotas
1532 1919 1808 1969 pistrinenses,
1846 1922 1885 1956 et

1021 1977 1072 2013 ita
1106 1988 1130 2012 a
1164 1980 1274 2014 secta
1308 1975 1485 2026 ignaviae
1521 1975 1571 2012 ad
1606 1978 1754 2013 sectam
1778 1974 1884 2013 indu-

1020 2033 1136 2070 striae
1160 2032 1288 2070 subito
1310 2033 1521 2070 translatus
1542 2031 1749 2070 commovit
1766 2032 1884 2070 risum

1021 2088 1365 2126 circumstantibus,
1379 2087 1590 2126 Praeterea
1601 2092 1732 2126 sectae
1745 2100 1885 2126 nomen

1020 2145 1121 2182 bene
1145 2143 1307 2193 quadrat
1325 2143 1396 2189 illi,
1423 2144 1486 2195 qui
1503 2147 1672 2182 sectatur
1686 2143 1884 2182 discursus

1021 2199 1216 2238 multivios
1253 2201 1288 2238 in
1323 2200 1428 2239 mola
1466 2200 1687 2252 pistrinensi
1731 2200 1884 2238 circum·

1023 2255 1186 2307 agenda.

1080 2312 1213 2350 helcio
1226 2317 1400 2364 sparteo.
1439 2312 1519 2365 [De
1543 2313 1677 2352 helcio
1702 2311 1747 2351 cf.
1765 2312 1883 2350 Voss.

1024 2366 1193 2418 Etymol.
1225 2382 1257 2407 s.
1284 2382 1318 2405 v.
1351 2368 1498 2408 Scbeff.
1525 2369 1574 2407 dc
1599 2368 1660 2406 Re
1685 2368 1821 2407 Vehic.
1848 2369 1883 2405 in

1024 2423 1883 2477 Palen.Suppt.Thes.Antiqq.T.V.p.1142.

1024 2478 1136 2518 Unde
1166 2481 1388 2527 Helviani,
1419 2483 1482 2533 qui
1515 2481 1606 2520 loris
1637 2484 1676 2519 et
1706 2481 1884 2531 capistris

1022 2537 1155 2582 iuncti,
1180 2537 1357 2575 adversis
1377 2537 1594 2576 fluminibus
1613 2540 1678 2576 aut
1697 2537 1883 2575 contrario

1022 2597 1136 2631 vento
1180 2606 1302 2631 naves
1336 2594 1400 2632 vel
1445 2593 1646 2632 machinas
1680 2592 1885 2643 molasque

1019 2649 1234 2688 trahebant.
1273 2649 1321 2689 cf.
1346 2649 1430 2689 lntt.
1461 2650 1511 2688 ad
1535 2648 1700 2688 Martial.
1726 2647 1792 2688 IV.
1819 2652 1883 2689 64.

1022 2704 1171 2756 Popma
1195 2705 1245 2744 de
1271 2705 1414 2757 Operis
1439 2706 1550 2745 Serv.
1576 2706 1611 2743 in
1637 2704 1772 2743 Poten.
1797 2703 1821 2744 1.
1847 2704 1883 2743 d.

1021 2760 1067 2800 T.
1092 2761 1154 2800 111.
1180 2774 1216 2812 p.
1245 2762 1380 2814 1364]

1075 2818 1283 2870 iridiyuus.
1332 2817 1526 2871 [Indiyus
1550 2817 1754 2856 lectionem
1780 2815 1884 2855 Oud.

1021 2886 1226 2924 perperam
1263 2888 1311 2912 ea
1345 2875 1394 2912 de
1430 2887 1574 2912 caussa
1608 2873 1744 2919 reiicit,
1779 2872 1884 2924 quod

1021 2933 1203 2979 quantum
1227 2931 1327 2969 sciat
1349 2930 1452 2981 iungi
1476 2929 1551 2968 hoc
1570 2928 1797 2968 vocabulum
1820 2942 1883 2967 so-

1021 2984 1102 3024 leat
1125 2986 1308 3036 genitivo,
1335 2999 1526 3036 nusquam
1554 2984 1740 3031 ablativo,
1768 2997 1884 3036 quem

1019 3054 1184 3080 errorem
1201 3042 1278 3081 iam
1295 3041 1542 3094 reprehendit
1564 3040 1719 3092 Forbig.
1736 3040 1787 3081 ad
1803 3040 1883 3080 Lu-

1021 3097 1168 3136 cret.V.
1185 3101 1280 3138 225.
1311 3099 1512 3151 indiyus
1539 3098 1644 3136 omni
1668 3097 1784 3137 vitali
1807 3112 1881 3137 an-

1021 3155 1073 3194 xi
1083 3154 1118 3192 li
1127 3167 1162 3194 o.
1192 3153 1277 3194 Nec
1295 3154 1520 3194 adversatur
1537 3153 1636 3193 haec
1650 3153 1882 3193 constructio
