<?xml version="1.0" encoding="UTF-8"?>
<!DOCTYPE html PUBLIC "-//W3C//DTD XHTML 1.0 Transitional//EN"
    "http://www.w3.org/TR/xhtml1/DTD/xhtml1-transitional.dtd">
<html xmlns="http://www.w3.org/1999/xhtml" xml:lang="en" lang="en">
 <head>
  <title>
</title>
<meta http-equiv="Content-Type" content="text/html;charset=utf-8" />
  <meta name='ocr-system' content='tesseract 3.04.00' />
  <meta name='ocr-capabilities' content='ocr_page ocr_carea ocr_par ocr_line ocrx_word'/>
</head>
<body>
  <div class='ocr_page' id='page_1' title='image "./operaomnia01apuluoft/operaomnia01apuluoft_0698.png"; bbox 0 0 2221 3667; ppageno 0'>
   <div class='ocr_carea' id='block_1_1' title="bbox 187 658 284 698">
    <p class='ocr_par' dir='ltr' id='par_1_1' title="bbox 187 658 284 698">
     <span class='ocr_line' id='line_1_1' title="bbox 187 658 284 698; baseline 0 -7"><span class='ocrx_word' id='word_1_1' title='bbox 187 658 284 698; x_wconf 87' lang='lat'><strong>[1871</strong></span> 
     </span>
    </p>
   </div>
   <div class='ocr_carea' id='block_1_2' title="bbox 321 148 1872 192">
    <p class='ocr_par' dir='ltr' id='par_1_2' title="bbox 321 148 1872 192">
     <span class='ocr_line' id='line_1_2' title="bbox 321 148 1872 192; baseline 0 -1"><span class='ocrx_word' id='word_1_2' title='bbox 321 150 402 192; x_wconf 81' lang='lat'>512</span> <span class='ocrx_word' id='word_1_3' title='bbox 577 149 620 189; x_wconf 78' lang='lat' dir='ltr'>L.</span> <span class='ocrx_word' id='word_1_4' title='bbox 654 149 871 190; x_wconf 84' lang='lat' dir='ltr'><strong>APULEII</strong></span> <span class='ocrx_word' id='word_1_5' title='bbox 899 148 1300 190; x_wconf 79' lang='lat' dir='ltr'>MADAURENSIS</span> <span class='ocrx_word' id='word_1_6' title='bbox 1329 149 1872 192; x_wconf 68' lang='lat' dir='ltr'><strong>METAMORPHOSEON</strong></span> 
     </span>
    </p>
   </div>
   <div class='ocr_carea' id='block_1_3' title="bbox 309 261 2116 824">
    <p class='ocr_par' dir='ltr' id='par_1_3' title="bbox 309 261 2116 824">
     <span class='ocr_line' id='line_1_3' title="bbox 316 261 2111 315; baseline 0.002 -15"><span class='ocrx_word' id='word_1_7' title='bbox 316 261 574 315; x_wconf 83' lang='lat' dir='ltr'>praeciperet.</span> <span class='ocrx_word' id='word_1_8' title='bbox 610 261 730 304; x_wconf 88' lang='lat' dir='ltr'>Certe</span> <span class='ocrx_word' id='word_1_9' title='bbox 757 264 904 304; x_wconf 89' lang='lat' dir='ltr'>calculo</span> <span class='ocrx_word' id='word_1_10' title='bbox 931 269 1161 303; x_wconf 85' lang='lat' dir='ltr'>cunctorum</span> <span class='ocrx_word' id='word_1_11' title='bbox 1187 269 1384 315; x_wconf 85' lang='lat' dir='ltr'>utcunque</span> <span class='ocrx_word' id='word_1_12' title='bbox 1409 277 1515 303; x_wconf 88' lang='lat' dir='ltr'>mors</span> <span class='ocrx_word' id='word_1_13' title='bbox 1541 262 1576 302; x_wconf 91' lang='lat' dir='ltr'>ei</span> <span class='ocrx_word' id='word_1_14' title='bbox 1603 263 1732 303; x_wconf 86' lang='lat' dir='ltr'>suerat</span> <span class='ocrx_word' id='word_1_15' title='bbox 1755 265 1961 305; x_wconf 85' lang='lat' dir='ltr'>destinata.</span> <span class='ocrx_word' id='word_1_16' title='bbox 1998 263 2111 304; x_wconf 85' lang='lat' dir='ltr'>Tunc</span> 
     </span>
     <span class='ocr_line' id='line_1_4' title="bbox 316 318 2112 370; baseline 0.002 -14"><span class='ocrx_word' id='word_1_17' title='bbox 316 331 439 368; x_wconf 87' lang='lat' dir='ltr'>unus,</span> <span class='ocrx_word' id='word_1_18' title='bbox 467 318 638 359; x_wconf 92' lang='lat' dir='ltr'>oninium</span> <span class='ocrx_word' id='word_1_19' title='bbox 665 321 800 360; x_wconf 86' lang='lat' dir='ltr'>sedato</span> <span class='ocrx_word' id='word_1_20' title='bbox 828 320 1013 367; x_wconf 80' lang='lat' dir='ltr'>tumultu,</span> <span class='ocrx_word' id='word_1_21' title='bbox 1042 318 1192 370; x_wconf 84' lang='lat' dir='ltr'>placido</span> <span class='ocrx_word' id='word_1_22' title='bbox 1218 332 1400 358; x_wconf 84' lang='lat' dir='ltr'><strong>sermone</strong></span> <span class='ocrx_word' id='word_1_23' title='bbox 1425 318 1482 359; x_wconf 87' lang='lat' dir='ltr'>sic</span> <span class='ocrx_word' id='word_1_24' title='bbox 1508 333 1622 359; x_wconf 88' lang='lat' dir='ltr'>orsus</span> <span class='ocrx_word' id='word_1_25' title='bbox 1649 327 1730 359; x_wconf 84' lang='lat' dir='ltr'>est:</span> <span class='ocrx_word' id='word_1_26' title='bbox 1762 319 1849 361; x_wconf 83' lang='lat' dir='ltr'>Nec</span> <span class='ocrx_word' id='word_1_27' title='bbox 1875 328 2006 361; x_wconf 78' lang='lat' dir='ltr'>seciae</span> <span class='ocrx_word' id='word_1_28' title='bbox 2033 320 2112 360; x_wconf 87' lang='lat' dir='ltr'>col-</span> 
     </span>
     <span class='ocr_line' id='line_1_5' title="bbox 314 373 2112 430; baseline 0.002 -19"><span class='ocrx_word' id='word_1_29' title='bbox 314 373 407 427; x_wconf 84' lang='lat' dir='ltr'>legii</span> <span class='ocrx_word' id='word_1_30' title='bbox 433 388 503 414; x_wconf 92' lang='lat' dir='ltr'>nec</span> <span class='ocrx_word' id='word_1_31' title='bbox 530 377 816 417; x_wconf 80' lang='lat' dir='ltr'>mansuetudini</span> <span class='ocrx_word' id='word_1_32' title='bbox 844 375 1086 428; x_wconf 79' lang='lat' dir='ltr'>singulorum</span> <span class='ocrx_word' id='word_1_33' title='bbox 1115 388 1160 413; x_wconf 81' lang='lat' dir='ltr'>ac</span> <span class='ocrx_word' id='word_1_34' title='bbox 1186 388 1234 414; x_wconf 91' lang='lat' dir='ltr'>ne</span> <span class='ocrx_word' id='word_1_35' title='bbox 1259 388 1370 414; x_wconf 86' lang='lat' dir='ltr'>meac</span> <span class='ocrx_word' id='word_1_36' title='bbox 1396 375 1547 428; x_wconf 90' lang='lat' dir='ltr'>quidem</span> <span class='ocrx_word' id='word_1_37' title='bbox 1575 375 1788 416; x_wconf 78' lang='lat' dir='ltr'>modestiae</span> <span class='ocrx_word' id='word_1_38' title='bbox 1809 376 2006 430; x_wconf 79' lang='lat' dir='ltr'>congruit,</span> <span class='ocrx_word' id='word_1_39' title='bbox 2035 376 2112 430; x_wconf 87' lang='lat' dir='ltr'>pati</span> 
     </span>
     <span class='ocr_line' id='line_1_6' title="bbox 313 430 2112 485; baseline 0.002 -17"><span class='ocrx_word' id='word_1_40' title='bbox 313 444 384 469; x_wconf 82' lang='lat' dir='ltr'>vos</span> <span class='ocrx_word' id='word_1_41' title='bbox 418 431 521 471; x_wconf 85' lang='lat' dir='ltr'>ultra</span> <span class='ocrx_word' id='word_1_42' title='bbox 552 433 706 472; x_wconf 92' lang='lat' dir='ltr'>moduni</span> <span class='ocrx_word' id='word_1_43' title='bbox 740 433 944 484; x_wconf 73' lang='lat' dir='ltr'>delictique</span> <span class='ocrx_word' id='word_1_44' title='bbox 971 430 1126 470; x_wconf 79' lang='lat' dir='ltr'>saevire</span> <span class='ocrx_word' id='word_1_45' title='bbox 1158 431 1383 480; x_wconf 81' lang='lat' dir='ltr'>terminum,</span> <span class='ocrx_word' id='word_1_46' title='bbox 1413 445 1484 471; x_wconf 86' lang='lat' dir='ltr'>nec</span> <span class='ocrx_word' id='word_1_47' title='bbox 1511 432 1616 471; x_wconf 83' lang='lat' dir='ltr'>feras</span> <span class='ocrx_word' id='word_1_48' title='bbox 1642 445 1713 472; x_wconf 87' lang='lat' dir='ltr'>nec</span> <span class='ocrx_word' id='word_1_49' title='bbox 1740 446 1876 472; x_wconf 86' lang='lat' dir='ltr'>cruces</span> <span class='ocrx_word' id='word_1_50' title='bbox 1903 447 1975 473; x_wconf 87' lang='lat' dir='ltr'>nec</span> <span class='ocrx_word' id='word_1_51' title='bbox 1999 433 2112 485; x_wconf 86' lang='lat' dir='ltr'>ignes</span> 
     </span>
     <span class='ocr_line' id='line_1_7' title="bbox 313 486 2112 540; baseline 0.002 -15"><span class='ocrx_word' id='word_1_52' title='bbox 313 499 385 525; x_wconf 87' lang='lat' dir='ltr'>nec</span> <span class='ocrx_word' id='word_1_53' title='bbox 410 494 607 528; x_wconf 83' lang='lat' dir='ltr'>tormenta</span> <span class='ocrx_word' id='word_1_54' title='bbox 634 503 678 528; x_wconf 84' lang='lat' dir='ltr'>ac</span> <span class='ocrx_word' id='word_1_55' title='bbox 705 502 752 528; x_wconf 89' lang='lat' dir='ltr'>iie</span> <span class='ocrx_word' id='word_1_56' title='bbox 779 487 916 527; x_wconf 83' lang='lat' dir='ltr'>mortis</span> <span class='ocrx_word' id='word_1_57' title='bbox 943 486 1096 540; x_wconf 90' lang='lat' dir='ltr'>quidem</span> <span class='ocrx_word' id='word_1_58' title='bbox 1123 494 1343 528; x_wconf 81' lang='lat' dir='ltr'>maturatae</span> <span class='ocrx_word' id='word_1_59' title='bbox 1370 488 1535 527; x_wconf 81' lang='lat' dir='ltr'>festinas</span> <span class='ocrx_word' id='word_1_60' title='bbox 1563 488 1745 527; x_wconf 76' lang='lat' dir='ltr'>tenebras</span> <span class='ocrx_word' id='word_1_61' title='bbox 1766 501 1983 529; x_wconf 79' lang='lat' dir='ltr'>arcessere.</span> <span class='ocrx_word' id='word_1_62' title='bbox 2008 487 2112 529; x_wconf 84' lang='lat' dir='ltr'>Meis</span> 
     </span>
     <span class='ocr_line' id='line_1_8' title="bbox 311 542 2113 598; baseline 0.002 -17"><span class='ocrx_word' id='word_1_63' title='bbox 311 542 443 596; x_wconf 85' lang='lat' dir='ltr'>itaque</span> <span class='ocrx_word' id='word_1_64' title='bbox 481 545 653 585; x_wconf 80' lang='lat' dir='ltr'>consiliis</span> <span class='ocrx_word' id='word_1_65' title='bbox 681 544 947 584; x_wconf 78' lang='lat' dir='ltr'>auscultantes</span> <span class='ocrx_word' id='word_1_66' title='bbox 972 542 1093 583; x_wconf 67' lang='lat' dir='ltr'>vitani</span> <span class='ocrx_word' id='word_1_67' title='bbox 1122 543 1293 597; x_wconf 71' lang='lat' dir='ltr'>puellae,</span> <span class='ocrx_word' id='word_1_68' title='bbox 1329 544 1396 584; x_wconf 86' lang='lat' dir='ltr'>sed</span> <span class='ocrx_word' id='word_1_69' title='bbox 1423 558 1536 597; x_wconf 88' lang='lat' dir='ltr'>quain</span> <span class='ocrx_word' id='word_1_70' title='bbox 1563 551 1738 584; x_wconf 89' lang='lat' dir='ltr'>meretur</span> <span class='ocrx_word' id='word_1_71' title='bbox 1762 544 1976 598; x_wconf 82' lang='lat' dir='ltr'>largimini.</span> <span class='ocrx_word' id='word_1_72' title='bbox 2025 543 2113 585; x_wconf 87' lang='lat' dir='ltr'>Nec</span> 
     </span>
     <span class='ocr_line' id='line_1_9' title="bbox 311 599 2115 654; baseline 0.001 -15"><span class='ocrx_word' id='word_1_73' title='bbox 311 612 382 639; x_wconf 78' lang='lat' dir='ltr'>vos</span> <span class='ocrx_word' id='word_1_74' title='bbox 404 601 592 641; x_wconf 86' lang='lat' dir='ltr'>memoria</span> <span class='ocrx_word' id='word_1_75' title='bbox 613 600 785 640; x_wconf 78' lang='lat' dir='ltr'>deseruit</span> <span class='ocrx_word' id='word_1_76' title='bbox 804 599 957 652; x_wconf 85' lang='lat' dir='ltr'>utique,</span> <span class='ocrx_word' id='word_1_77' title='bbox 993 599 1081 652; x_wconf 92' lang='lat' dir='ltr'>quid</span> <span class='ocrx_word' id='word_1_78' title='bbox 1103 599 1180 638; x_wconf 88' lang='lat' dir='ltr'>iaiii</span> <span class='ocrx_word' id='word_1_79' title='bbox 1202 600 1342 640; x_wconf 90' lang='lat' dir='ltr'>dudum</span> <span class='ocrx_word' id='word_1_80' title='bbox 1363 600 1619 640; x_wconf 75' lang='lat' dir='ltr'>decreveritis</span> <span class='ocrx_word' id='word_1_81' title='bbox 1642 601 1687 640; x_wconf 86' lang='lat' dir='ltr'>de</span> <span class='ocrx_word' id='word_1_82' title='bbox 1702 601 1777 640; x_wconf 89' lang='lat' dir='ltr'>isto</span> <span class='ocrx_word' id='word_1_83' title='bbox 1798 601 1932 651; x_wconf 76' lang='lat' dir='ltr'>asino,</span> <span class='ocrx_word' id='word_1_84' title='bbox 1960 614 2115 654; x_wconf 80' lang='lat' dir='ltr'>semper</span> 
     </span>
     <span class='ocr_line' id='line_1_10' title="bbox 311 655 2116 711; baseline 0.002 -17"><span class='ocrx_word' id='word_1_85' title='bbox 311 655 423 709; x_wconf 73' lang='lat' dir='ltr'>pigro</span> <span class='ocrx_word' id='word_1_86' title='bbox 449 658 602 710; x_wconf 86' lang='lat' dir='ltr'>quidem</span> <span class='ocrx_word' id='word_1_87' title='bbox 628 657 693 696; x_wconf 88' lang='lat' dir='ltr'>scd</span> <span class='ocrx_word' id='word_1_88' title='bbox 721 656 988 711; x_wconf 74' lang='lat' dir='ltr'>mandulcone</span> <span class='ocrx_word' id='word_1_89' title='bbox 1015 670 1187 707; x_wconf 83' lang='lat' dir='ltr'>summo,</span> <span class='ocrx_word' id='word_1_90' title='bbox 1217 670 1320 696; x_wconf 90' lang='lat' dir='ltr'>nunc</span> <span class='ocrx_word' id='word_1_91' title='bbox 1346 657 1462 697; x_wconf 86' lang='lat' dir='ltr'>etiam</span> <span class='ocrx_word' id='word_1_92' title='bbox 1484 657 1662 697; x_wconf 88' lang='lat' dir='ltr'>mendaci</span> <span class='ocrx_word' id='word_1_93' title='bbox 1685 659 1799 697; x_wconf 84' lang='lat' dir='ltr'>lictae</span> <span class='ocrx_word' id='word_1_94' title='bbox 1819 657 2048 708; x_wconf 86' lang='lat' dir='ltr'>debilitatis,</span> <span class='ocrx_word' id='word_1_95' title='bbox 2075 665 2116 698; x_wconf 83' lang='lat' dir='ltr'>et</span> 
     </span>
     <span class='ocr_line' id='line_1_11' title="bbox 310 711 2111 768; baseline 0.001 -17"><span class='ocrx_word' id='word_1_96' title='bbox 310 713 518 766; x_wconf 84' lang='lat' dir='ltr'>virginalis</span> <span class='ocrx_word' id='word_1_97' title='bbox 544 715 660 765; x_wconf 75' lang='lat' dir='ltr'>fugae</span> <span class='ocrx_word' id='word_1_98' title='bbox 686 720 893 765; x_wconf 85' lang='lat' dir='ltr'>sequestro</span> <span class='ocrx_word' id='word_1_99' title='bbox 919 712 1193 765; x_wconf 86' lang='lat' dir='ltr'>ministroque.</span> <span class='ocrx_word' id='word_1_100' title='bbox 1246 711 1362 753; x_wconf 86' lang='lat' dir='ltr'>Hunc</span> <span class='ocrx_word' id='word_1_101' title='bbox 1388 713 1510 767; x_wconf 81' lang='lat' dir='ltr'>igitur</span> <span class='ocrx_word' id='word_1_102' title='bbox 1534 713 1717 767; x_wconf 85' lang='lat' dir='ltr'>iugulare</span> <span class='ocrx_word' id='word_1_103' title='bbox 1743 714 1918 754; x_wconf 85' lang='lat' dir='ltr'>crastino</span> <span class='ocrx_word' id='word_1_104' title='bbox 1944 713 2111 768; x_wconf 83' lang='lat' dir='ltr'>placeat,</span> 
     </span>
     <span class='ocr_line' id='line_1_12' title="bbox 309 768 2114 824; baseline 0.001 -16"><span class='ocrx_word' id='word_1_105' title='bbox 309 770 480 822; x_wconf 81' lang='lat' dir='ltr'>totisque</span> <span class='ocrx_word' id='word_1_106' title='bbox 515 769 746 809; x_wconf 79' lang='lat' dir='ltr'>vacuefacto</span> <span class='ocrx_word' id='word_1_107' title='bbox 785 768 1049 823; x_wconf 81' lang='lat' dir='ltr'>praecordiis,</span> <span class='ocrx_word' id='word_1_108' title='bbox 1090 783 1160 822; x_wconf 90' lang='lat' dir='ltr'>per</span> <span class='ocrx_word' id='word_1_109' title='bbox 1195 769 1360 810; x_wconf 90' lang='lat' dir='ltr'>mediam</span> <span class='ocrx_word' id='word_1_110' title='bbox 1405 770 1536 810; x_wconf 79' lang='lat' dir='ltr'>alvum</span> <span class='ocrx_word' id='word_1_111' title='bbox 1580 771 1722 810; x_wconf 88' lang='lat' dir='ltr'>nudam</span> <span class='ocrx_word' id='word_1_112' title='bbox 1762 771 1954 824; x_wconf 78' lang='lat' dir='ltr'>virgineiii</span> <span class='ocrx_word' id='word_1_113' title='bbox 1999 784 2114 824; x_wconf 88' lang='lat' dir='ltr'>quain</span> 
     </span>
    </p>
   </div>
   <div class='ocr_carea' id='block_1_4' title="bbox 301 908 2114 1491">
    <p class='ocr_par' dir='ltr' id='par_1_4' title="bbox 301 908 2114 1491">
     <span class='ocr_line' id='line_1_13' title="bbox 308 908 2114 944; baseline 0.002 -9"><span class='ocrx_word' id='word_1_114' title='bbox 308 911 399 936; x_wconf 68' lang='lat' dir='ltr'>certe</span> <span class='ocrx_word' id='word_1_115' title='bbox 414 912 503 937; x_wconf 78' lang='lat' dir='ltr'>abest</span> <span class='ocrx_word' id='word_1_116' title='bbox 520 908 550 936; x_wconf 86' lang='lat' dir='ltr'>in</span> <span class='ocrx_word' id='word_1_117' title='bbox 566 910 617 939; x_wconf 83' lang='lat' dir='ltr'>B..</span> <span class='ocrx_word' id='word_1_118' title='bbox 646 909 730 937; x_wconf 78' lang='lat' dir='ltr'>unde</span> <span class='ocrx_word' id='word_1_119' title='bbox 746 910 825 938; x_wconf 81' lang='lat' dir='ltr'>Elni.</span> <span class='ocrx_word' id='word_1_120' title='bbox 841 912 869 937; x_wconf 80' lang='lat' dir='ltr'>et</span> <span class='ocrx_word' id='word_1_121' title='bbox 884 909 987 937; x_wconf 75' lang='lat' dir='ltr'>scriv.</span> <span class='ocrx_word' id='word_1_122' title='bbox 1003 909 1170 937; x_wconf 76' lang='lat' dir='ltr'>uncinulis</span> <span class='ocrx_word' id='word_1_123' title='bbox 1185 910 1522 944; x_wconf 78' lang='lat' dir='ltr'>circumscripserunt.</span> <span class='ocrx_word' id='word_1_124' title='bbox 1571 913 1664 937; x_wconf 77' lang='lat' dir='ltr'>certe</span> <span class='ocrx_word' id='word_1_125' title='bbox 1676 910 1710 937; x_wconf 76' lang='lat' dir='ltr'>i’n</span> <span class='ocrx_word' id='word_1_126' title='bbox 1725 917 1855 937; x_wconf 83' lang='lat' dir='ltr'>summa</span> <span class='ocrx_word' id='word_1_127' title='bbox 1874 919 1891 939; x_wconf 87' lang='lat' dir='ltr'>e</span> <span class='ocrx_word' id='word_1_128' title='bbox 1907 912 2016 943; x_wconf 63' lang='lat' dir='ltr'>glossa</span> <span class='ocrx_word' id='word_1_129' title='bbox 2032 910 2114 938; x_wconf 82' lang='lat' dir='ltr'>irre-</span> 
     </span>
     <span class='ocr_line' id='line_1_14' title="bbox 307 951 2113 992; baseline 0 -10"><span class='ocrx_word' id='word_1_130' title='bbox 307 955 368 988; x_wconf 72' lang='lat' dir='ltr'>psit</span> <span class='ocrx_word' id='word_1_131' title='bbox 385 955 416 981; x_wconf 90' lang='lat' dir='ltr'>in</span> <span class='ocrx_word' id='word_1_132' title='bbox 432 957 493 982; x_wconf 81' lang='lat' dir='ltr'>Ms.</span> <span class='ocrx_word' id='word_1_133' title='bbox 508 951 536 981; x_wconf 73' lang='grc' dir='ltr'>δ’.</span> <span class='ocrx_word' id='word_1_134' title='bbox 579 952 722 990; x_wconf 78' lang='lat' dir='ltr'>placata</span> <span class='ocrx_word' id='word_1_135' title='bbox 739 962 774 983; x_wconf 81' lang='grc' dir='ltr'>π.</span> <span class='ocrx_word' id='word_1_136' title='bbox 795 953 928 991; x_wconf 74' lang='lat' dir='ltr'>placito</span> <span class='ocrx_word' id='word_1_137' title='bbox 943 956 968 982; x_wconf 87' lang='lat' dir='ltr'><strong>G</strong></span> <span class='ocrx_word' id='word_1_138' title='bbox 997 956 1024 982; x_wconf 84' lang='lat' dir='ltr'>i.</span> <span class='ocrx_word' id='word_1_139' title='bbox 1040 956 1187 983; x_wconf 80' lang='lat' dir='ltr'>Beroalii.</span> <span class='ocrx_word' id='word_1_140' title='bbox 1203 955 1305 983; x_wconf 86' lang='lat' dir='ltr'>Colin.</span> <span class='ocrx_word' id='word_1_141' title='bbox 1319 956 1395 983; x_wconf 70' lang='lat' dir='ltr'>uas.</span> <span class='ocrx_word' id='word_1_142' title='bbox 1414 957 1440 983; x_wconf 87' lang='lat'>1.</span> <span class='ocrx_word' id='word_1_143' title='bbox 1467 955 1509 983; x_wconf 80' lang='lat' dir='ltr'>ct.</span> <span class='ocrx_word' id='word_1_144' title='bbox 1527 963 1555 989; x_wconf 76' lang='lat' dir='ltr'>p.</span> <span class='ocrx_word' id='word_1_145' title='bbox 1571 952 1646 984; x_wconf 71' lang='lat'>436.</span> <span class='ocrx_word' id='word_1_146' title='bbox 1667 954 1809 991; x_wconf 72' lang='lat' dir='ltr'>placitis</span> <span class='ocrx_word' id='word_1_147' title='bbox 1820 955 2028 992; x_wconf 51' lang='lat' dir='ltr'>gannitibus</span> <span class='ocrx_word' id='word_1_148' title='bbox 2053 956 2113 984; x_wconf 77' lang='lat' dir='ltr'>Hie</span> 
     </span>
     <span class='ocr_line' id='line_1_15' title="bbox 306 996 2113 1038; baseline 0 -11"><span class='ocrx_word' id='word_1_149' title='bbox 306 1006 381 1027; x_wconf 77' lang='lat' dir='ltr'>vero</span> <span class='ocrx_word' id='word_1_150' title='bbox 403 996 559 1035; x_wconf 67' lang='lat' dir='ltr'>placidus</span> <span class='ocrx_word' id='word_1_151' title='bbox 584 1006 693 1027; x_wconf 80' lang='lat' dir='ltr'>sermo</span> <span class='ocrx_word' id='word_1_152' title='bbox 717 1000 890 1034; x_wconf 76' lang='lat' dir='ltr'>opponitur</span> <span class='ocrx_word' id='word_1_153' title='bbox 917 998 1110 1027; x_wconf 70' lang='lat' dir='ltr'>turbulento</span> <span class='ocrx_word' id='word_1_154' title='bbox 1138 998 1308 1028; x_wconf 72' lang='lat' dir='ltr'>tmzmllm&#39;.</span> <span class='ocrx_word' id='word_1_155' title='bbox 1355 1008 1416 1027; x_wconf 85' lang='lat' dir='ltr'>nee</span> <span class='ocrx_word' id='word_1_156' title='bbox 1434 1003 1551 1036; x_wconf 70' lang='lat' dir='ltr'>septae</span> <span class='ocrx_word' id='word_1_157' title='bbox 1569 1001 1605 1028; x_wconf 91' lang='lat' dir='ltr'>D.</span> <span class='ocrx_word' id='word_1_158' title='bbox 1655 1008 1714 1028; x_wconf 81' lang='lat' dir='ltr'>nec</span> <span class='ocrx_word' id='word_1_159' title='bbox 1736 998 1864 1038; x_wconf 75' lang='lat' dir='ltr'>quidem</span> <span class='ocrx_word' id='word_1_160' title='bbox 1885 998 2070 1027; x_wconf 76' lang='lat' dir='ltr'>modestiae</span> <span class='ocrx_word' id='word_1_161' title='bbox 2083 997 2113 1028; x_wconf 78' lang='grc' dir='ltr'>δ.</span> 
     </span>
     <span class='ocr_line' id='line_1_16' title="bbox 304 1042 2113 1083; baseline 0.002 -13"><span class='ocrx_word' id='word_1_162' title='bbox 304 1042 488 1071; x_wconf 67' lang='lat' dir='ltr'>modestiae</span> <span class='ocrx_word' id='word_1_163' title='bbox 502 1044 593 1071; x_wconf 70' lang='lat' dir='ltr'>venit</span> <span class='ocrx_word' id='word_1_164' title='bbox 606 1045 642 1073; x_wconf 89' lang='lat' dir='ltr'>B.</span> <span class='ocrx_word' id='word_1_165' title='bbox 667 1043 814 1072; x_wconf 72' lang='lat' dir='ltr'>modeste</span> <span class='ocrx_word' id='word_1_166' title='bbox 828 1046 863 1072; x_wconf 90' lang='lat' dir='ltr'>G.</span> <span class='ocrx_word' id='word_1_167' title='bbox 879 1048 908 1073; x_wconf 76' lang='lat'>2.</span> <span class='ocrx_word' id='word_1_168' title='bbox 924 1046 961 1073; x_wconf 88' lang='lat' dir='ltr'>D.</span> <span class='ocrx_word' id='word_1_169' title='bbox 1010 1043 1127 1071; x_wconf 76' lang='lat' dir='ltr'>delicti</span> <span class='ocrx_word' id='word_1_170' title='bbox 1139 1044 1271 1071; x_wconf 71' lang='lat' dir='ltr'>saei-ire</span> <span class='ocrx_word' id='word_1_171' title='bbox 1291 1045 1466 1073; x_wconf 71' lang='lat' dir='ltr'>crinn&#39;num</span> <span class='ocrx_word' id='word_1_172' title='bbox 1487 1042 1517 1074; x_wconf 76' lang='grc' dir='ltr'>ὃ.</span> <span class='ocrx_word' id='word_1_173' title='bbox 1567 1043 1746 1083; x_wconf 72' lang='lat' dir='ltr'>dilectique</span> <span class='ocrx_word' id='word_1_174' title='bbox 1760 1048 1795 1074; x_wconf 81' lang='lat' dir='ltr'>G.</span> <span class='ocrx_word' id='word_1_175' title='bbox 1810 1048 1841 1074; x_wconf 78' lang='lat'>2.</span> <span class='ocrx_word' id='word_1_176' title='bbox 1855 1048 1893 1074; x_wconf 90' lang='lat' dir='ltr'>D.</span> <span class='ocrx_word' id='word_1_177' title='bbox 1931 1055 1973 1074; x_wconf 84' lang='lat' dir='ltr'>ac</span> <span class='ocrx_word' id='word_1_178' title='bbox 1985 1053 2025 1073; x_wconf 83' lang='lat' dir='ltr'>ne</span> <span class='ocrx_word' id='word_1_179' title='bbox 2040 1045 2113 1083; x_wconf 78' lang='lat' dir='ltr'>qm&#39;-</span> 
     </span>
     <span class='ocr_line' id='line_1_17' title="bbox 304 1086 2114 1127; baseline 0.002 -13"><span class='ocrx_word' id='word_1_180' title='bbox 304 1087 374 1115; x_wconf 67' lang='lat' dir='ltr'>arm</span> <span class='ocrx_word' id='word_1_181' title='bbox 400 1089 520 1116; x_wconf 73' lang='lat' dir='ltr'>morlr&#39;s</span> <span class='ocrx_word' id='word_1_182' title='bbox 546 1091 581 1118; x_wconf 88' lang='lat' dir='ltr'>G.</span> <span class='ocrx_word' id='word_1_183' title='bbox 610 1091 639 1118; x_wconf 84' lang='lat'>1.</span> <span class='ocrx_word' id='word_1_184' title='bbox 666 1091 745 1118; x_wconf 82' lang='lat' dir='ltr'>Oud.</span> <span class='ocrx_word' id='word_1_185' title='bbox 778 1094 931 1124; x_wconf 75' lang='lat' dir='ltr'>excerpta</span> <span class='ocrx_word' id='word_1_186' title='bbox 956 1092 1042 1118; x_wconf 85' lang='lat' dir='ltr'>male</span> <span class='ocrx_word' id='word_1_187' title='bbox 1061 1098 1102 1117; x_wconf 82' lang='lat' dir='ltr'>ac</span> <span class='ocrx_word' id='word_1_188' title='bbox 1116 1098 1155 1117; x_wconf 76' lang='lat' dir='ltr'>ne</span> <span class='ocrx_word' id='word_1_189' title='bbox 1169 1089 1298 1127; x_wconf 70' lang='lat' dir='ltr'>quidem</span> <span class='ocrx_word' id='word_1_190' title='bbox 1316 1093 1498 1120; x_wconf 78' lang='lat' dir='ltr'>tormenta.</span> <span class='ocrx_word' id='word_1_191' title='bbox 1543 1086 1757 1120; x_wconf 67' lang='lat' dir='ltr'>{niuem-atae</span> <span class='ocrx_word' id='word_1_192' title='bbox 1786 1092 1856 1120; x_wconf 84' lang='lat' dir='ltr'>edd.</span> <span class='ocrx_word' id='word_1_193' title='bbox 1877 1095 1952 1120; x_wconf 75' lang='lat' dir='ltr'>velt.</span> <span class='ocrx_word' id='word_1_194' title='bbox 2001 1093 2114 1118; x_wconf 79' lang='lat' dir='ltr'>matu-</span> 
     </span>
     <span class='ocr_line' id='line_1_18' title="bbox 303 1135 2112 1171; baseline 0.001 -10"><span class='ocrx_word' id='word_1_195' title='bbox 303 1137 382 1161; x_wconf 76' lang='lat' dir='ltr'>rate</span> <span class='ocrx_word' id='word_1_196' title='bbox 395 1135 513 1170; x_wconf 85' lang='lat' dir='ltr'>legitur</span> <span class='ocrx_word' id='word_1_197' title='bbox 527 1135 558 1162; x_wconf 89' lang='lat' dir='ltr'>iii</span> <span class='ocrx_word' id='word_1_198' title='bbox 571 1135 722 1163; x_wconf 81' lang='lat' dir='ltr'>omnibus</span> <span class='ocrx_word' id='word_1_199' title='bbox 736 1136 827 1163; x_wconf 81' lang='lat' dir='ltr'>codd.</span> <span class='ocrx_word' id='word_1_200' title='bbox 853 1137 914 1163; x_wconf 83' lang='lat' dir='ltr'>Sed</span> <span class='ocrx_word' id='word_1_201' title='bbox 931 1135 962 1163; x_wconf 90' lang='lat' dir='ltr'>in</span> <span class='ocrx_word' id='word_1_202' title='bbox 977 1137 1060 1163; x_wconf 82' lang='lat' dir='ltr'>Elin.</span> <span class='ocrx_word' id='word_1_203' title='bbox 1075 1136 1227 1171; x_wconf 79' lang='lat' dir='ltr'>editione,</span> <span class='ocrx_word' id='word_1_204' title='bbox 1254 1140 1285 1164; x_wconf 83' lang='lat' dir='ltr'>ut</span> <span class='ocrx_word' id='word_1_205' title='bbox 1300 1136 1403 1164; x_wconf 77' lang='lat' dir='ltr'>voluit</span> <span class='ocrx_word' id='word_1_206' title='bbox 1419 1137 1514 1167; x_wconf 84' lang='lat' dir='ltr'>Oud..</span> <span class='ocrx_word' id='word_1_207' title='bbox 1541 1144 1602 1164; x_wconf 89' lang='lat' dir='ltr'>non</span> <span class='ocrx_word' id='word_1_208' title='bbox 1617 1137 1941 1171; x_wconf 76' lang='lat' dir='ltr'>iegiturmaeurute,</span> <span class='ocrx_word' id='word_1_209' title='bbox 1967 1137 2024 1165; x_wconf 81' lang='lat' dir='ltr'>sed</span> <span class='ocrx_word' id='word_1_210' title='bbox 2038 1144 2112 1163; x_wconf 80' lang='lat' dir='ltr'>nia-</span> 
     </span>
     <span class='ocr_line' id='line_1_19' title="bbox 305 1180 2113 1216; baseline 0.002 -10"><span class='ocrx_word' id='word_1_211' title='bbox 305 1182 457 1208; x_wconf 76' lang='lat' dir='ltr'>ticraeae.</span> <span class='ocrx_word' id='word_1_212' title='bbox 507 1187 682 1207; x_wconf 75' lang='lat' dir='ltr'>accessere</span> <span class='ocrx_word' id='word_1_213' title='bbox 703 1181 737 1209; x_wconf 83' lang='lat' dir='ltr'>F.</span> <span class='ocrx_word' id='word_1_214' title='bbox 760 1181 789 1208; x_wconf 89' lang='lat'>1.</span> <span class='ocrx_word' id='word_1_215' title='bbox 810 1180 839 1209; x_wconf 83' lang='grc'>3.</span> <span class='ocrx_word' id='word_1_216' title='bbox 861 1182 897 1209; x_wconf 87' lang='lat' dir='ltr'>G.</span> <span class='ocrx_word' id='word_1_217' title='bbox 923 1182 949 1208; x_wconf 84' lang='lat'>1.</span> <span class='ocrx_word' id='word_1_218' title='bbox 969 1182 1000 1209; x_wconf 80' lang='lat'>2.</span> <span class='ocrx_word' id='word_1_219' title='bbox 1019 1182 1058 1208; x_wconf 91' lang='lat' dir='ltr'>D.</span> <span class='ocrx_word' id='word_1_220' title='bbox 1078 1182 1112 1209; x_wconf 88' lang='grc' dir='ltr'>Ο.</span> <span class='ocrx_word' id='word_1_221' title='bbox 1128 1189 1156 1215; x_wconf 77' lang='lat' dir='ltr'>p.</span> <span class='ocrx_word' id='word_1_222' title='bbox 1172 1181 1192 1209; x_wconf 84' lang='lat' dir='ltr'>f.</span> <span class='ocrx_word' id='word_1_223' title='bbox 1210 1182 1257 1208; x_wconf 78' lang='lat' dir='ltr'>ed.</span> <span class='ocrx_word' id='word_1_224' title='bbox 1272 1189 1317 1215; x_wconf 79' lang='lat' dir='ltr'>pr.</span> <span class='ocrx_word' id='word_1_225' title='bbox 1332 1182 1460 1210; x_wconf 76' lang='lat' dir='ltr'>vicent.</span> <span class='ocrx_word' id='word_1_226' title='bbox 1480 1183 1595 1210; x_wconf 63' lang='lat' dir='ltr'>Vener.</span> <span class='ocrx_word' id='word_1_227' title='bbox 1614 1184 1645 1211; x_wconf 81' lang='lat'>2.</span> <span class='ocrx_word' id='word_1_228' title='bbox 1683 1189 1859 1209; x_wconf 77' lang='lat' dir='ltr'>arcessere</span> <span class='ocrx_word' id='word_1_229' title='bbox 1878 1183 1913 1211; x_wconf 87' lang='lat' dir='ltr'>B.</span> <span class='ocrx_word' id='word_1_230' title='bbox 1927 1184 1962 1210; x_wconf 91' lang='lat' dir='ltr'>ln</span> <span class='ocrx_word' id='word_1_231' title='bbox 1977 1182 2113 1216; x_wconf 82' lang='lat' dir='ltr'>reliquis</span> 
     </span>
     <span class='ocr_line' id='line_1_20' title="bbox 303 1225 2112 1260; baseline 0.002 -9"><span class='ocrx_word' id='word_1_232' title='bbox 303 1232 495 1260; x_wconf 72' lang='lat' dir='ltr'>accersere,</span> <span class='ocrx_word' id='word_1_233' title='bbox 521 1225 586 1254; x_wconf 74' lang='lat' dir='ltr'>nisi</span> <span class='ocrx_word' id='word_1_234' title='bbox 605 1227 689 1260; x_wconf 78' lang='lat' dir='ltr'>quod</span> <span class='ocrx_word' id='word_1_235' title='bbox 710 1227 742 1254; x_wconf 92' lang='lat' dir='ltr'>in</span> <span class='ocrx_word' id='word_1_236' title='bbox 761 1227 875 1255; x_wconf 71' lang='lat' dir='ltr'>Veniet.</span> <span class='ocrx_word' id='word_1_237' title='bbox 897 1227 927 1254; x_wconf 77' lang='lat'>4.</span> <span class='ocrx_word' id='word_1_238' title='bbox 976 1234 1132 1253; x_wconf 78' lang='lat' dir='ltr'>accesere</span> <span class='ocrx_word' id='word_1_239' title='bbox 1158 1227 1314 1260; x_wconf 78' lang='lat' dir='ltr'>scriptum</span> <span class='ocrx_word' id='word_1_240' title='bbox 1334 1231 1393 1256; x_wconf 81' lang='lat' dir='ltr'>est.</span> <span class='ocrx_word' id='word_1_241' title='bbox 1442 1226 1657 1255; x_wconf 66' lang='lat' dir='ltr'>exsultantes</span> <span class='ocrx_word' id='word_1_242' title='bbox 1671 1229 1706 1255; x_wconf 88' lang='lat' dir='ltr'>G.</span> <span class='ocrx_word' id='word_1_243' title='bbox 1728 1229 1752 1256; x_wconf 86' lang='lat'>1.</span> <span class='ocrx_word' id='word_1_244' title='bbox 1789 1225 1914 1254; x_wconf 76' lang='lat' dir='ltr'>deserit</span> <span class='ocrx_word' id='word_1_245' title='bbox 1929 1229 1964 1256; x_wconf 88' lang='lat' dir='ltr'>G.</span> <span class='ocrx_word' id='word_1_246' title='bbox 1978 1229 2008 1256; x_wconf 79' lang='lat'>2.</span> <span class='ocrx_word' id='word_1_247' title='bbox 2023 1228 2059 1256; x_wconf 89' lang='grc' dir='ltr'>Ρ.</span> <span class='ocrx_word' id='word_1_248' title='bbox 2073 1228 2112 1255; x_wconf 90' lang='lat' dir='ltr'>D.</span> 
     </span>
     <span class='ocr_line' id='line_1_21' title="bbox 303 1269 2111 1310; baseline 0.002 -13"><span class='ocrx_word' id='word_1_249' title='bbox 303 1269 385 1307; x_wconf 75' lang='lat' dir='ltr'>qnid</span> <span class='ocrx_word' id='word_1_250' title='bbox 396 1271 464 1298; x_wconf 72' lang='lat' dir='ltr'>iam</span> <span class='ocrx_word' id='word_1_251' title='bbox 478 1269 598 1298; x_wconf 81' lang='lat' dir='ltr'>dudum</span> <span class='ocrx_word' id='word_1_252' title='bbox 614 1272 728 1305; x_wconf 80' lang='lat' dir='ltr'>}‹&#39;.3.p.</span> <span class='ocrx_word' id='word_1_253' title='bbox 744 1271 765 1300; x_wconf 81' lang='lat' dir='ltr'>f.</span> <span class='ocrx_word' id='word_1_254' title='bbox 780 1272 827 1300; x_wconf 82' lang='lat' dir='ltr'>eil.</span> <span class='ocrx_word' id='word_1_255' title='bbox 838 1279 883 1306; x_wconf 76' lang='lat' dir='ltr'>pr.</span> <span class='ocrx_word' id='word_1_256' title='bbox 893 1272 1020 1300; x_wconf 73' lang='lat' dir='ltr'>viceni.</span> <span class='ocrx_word' id='word_1_257' title='bbox 1032 1272 1144 1300; x_wconf 74' lang='lat' dir='ltr'>Venet.</span> <span class='ocrx_word' id='word_1_258' title='bbox 1156 1274 1185 1300; x_wconf 78' lang='lat'>2.</span> <span class='ocrx_word' id='word_1_259' title='bbox 1197 1274 1225 1300; x_wconf 79' lang='lat'>4.</span> <span class='ocrx_word' id='word_1_260' title='bbox 1241 1274 1323 1300; x_wconf 83' lang='lat' dir='ltr'>Iiint.</span> <span class='ocrx_word' id='word_1_261' title='bbox 1337 1274 1362 1300; x_wconf 87' lang='lat'>1.</span> <span class='ocrx_word' id='word_1_262' title='bbox 1378 1273 1455 1301; x_wconf 79' lang='lat' dir='ltr'>Alii.</span> <span class='ocrx_word' id='word_1_263' title='bbox 1470 1272 1998 1301; x_wconf 79' lang='lat' dir='ltr'>Colin.Bas.1.Scriv.1nceteris</span> <span class='ocrx_word' id='word_1_264' title='bbox 2014 1270 2111 1310; x_wconf 84' lang='lat' dir='ltr'>quod.</span> 
     </span>
     <span class='ocr_line' id='line_1_22' title="bbox 302 1314 2112 1353; baseline 0 -10"><span class='ocrx_word' id='word_1_265' title='bbox 302 1316 438 1345; x_wconf 80' lang='lat' dir='ltr'>Omnino</span> <span class='ocrx_word' id='word_1_266' title='bbox 452 1318 543 1345; x_wconf 78' lang='lat' dir='ltr'>abest</span> <span class='ocrx_word' id='word_1_267' title='bbox 559 1324 733 1351; x_wconf 75' lang='lat' dir='ltr'>pronomen</span> <span class='ocrx_word' id='word_1_268' title='bbox 748 1317 778 1344; x_wconf 88' lang='lat' dir='ltr'>in</span> <span class='ocrx_word' id='word_1_269' title='bbox 795 1318 830 1345; x_wconf 88' lang='lat' dir='ltr'>G.</span> <span class='ocrx_word' id='word_1_270' title='bbox 847 1318 873 1344; x_wconf 84' lang='lat'>1.</span> <span class='ocrx_word' id='word_1_271' title='bbox 887 1317 921 1345; x_wconf 90' lang='lat'>0.</span> <span class='ocrx_word' id='word_1_272' title='bbox 960 1314 1191 1344; x_wconf 66' lang='lat' dir='ltr'>decreveratis</span> <span class='ocrx_word' id='word_1_273' title='bbox 1205 1318 1240 1345; x_wconf 90' lang='lat' dir='ltr'>G.</span> <span class='ocrx_word' id='word_1_274' title='bbox 1253 1318 1281 1345; x_wconf 56' lang='lat'>⁴1.</span> <span class='ocrx_word' id='word_1_275' title='bbox 1296 1318 1330 1345; x_wconf 91' lang='grc' dir='ltr'>Ο.</span> <span class='ocrx_word' id='word_1_276' title='bbox 1345 1325 1381 1346; x_wconf 87' lang='grc' dir='ltr'>π.</span> <span class='ocrx_word' id='word_1_277' title='bbox 1407 1315 1556 1344; x_wconf 69' lang='lat' dir='ltr'>deterius</span> <span class='ocrx_word' id='word_1_278' title='bbox 1571 1325 1617 1353; x_wconf 72' lang='lat' dir='ltr'>p..</span> <span class='ocrx_word' id='word_1_279' title='bbox 1645 1319 1730 1346; x_wconf 87' lang='lat' dir='ltr'>unde</span> <span class='ocrx_word' id='word_1_280' title='bbox 1743 1318 1822 1346; x_wconf 88' lang='lat' dir='ltr'>Oud.</span> <span class='ocrx_word' id='word_1_281' title='bbox 1838 1318 1973 1346; x_wconf 81' lang='lat' dir='ltr'>coniecit</span> <span class='ocrx_word' id='word_1_282' title='bbox 1998 1316 2112 1344; x_wconf 79' lang='lat' dir='ltr'>deere-</span> 
     </span>
     <span class='ocr_line' id='line_1_23' title="bbox 302 1360 2111 1399; baseline 0.001 -11"><span class='ocrx_word' id='word_1_283' title='bbox 302 1361 391 1391; x_wconf 69' lang='lat' dir='ltr'>rv‘ti&#39;s.</span> <span class='ocrx_word' id='word_1_284' title='bbox 434 1360 493 1389; x_wconf 82' lang='lat' dir='ltr'>sed</span> <span class='ocrx_word' id='word_1_285' title='bbox 503 1365 580 1390; x_wconf 85' lang='lat' dir='ltr'>ante</span> <span class='ocrx_word' id='word_1_286' title='bbox 592 1360 800 1388; x_wconf 73' lang='lat' dir='ltr'>manduc-oue</span> <span class='ocrx_word' id='word_1_287' title='bbox 814 1369 877 1390; x_wconf 91' lang='lat' dir='ltr'>non</span> <span class='ocrx_word' id='word_1_288' title='bbox 892 1362 1094 1395; x_wconf 70' lang='lat' dir='ltr'>conspicitur</span> <span class='ocrx_word' id='word_1_289' title='bbox 1106 1362 1138 1390; x_wconf 85' lang='lat' dir='ltr'>in</span> <span class='ocrx_word' id='word_1_290' title='bbox 1153 1363 1189 1390; x_wconf 90' lang='lat' dir='ltr'>B.</span> <span class='ocrx_word' id='word_1_291' title='bbox 1229 1370 1316 1389; x_wconf 78' lang='lat' dir='ltr'>nunc</span> <span class='ocrx_word' id='word_1_292' title='bbox 1330 1371 1430 1399; x_wconf 73' lang='lat' dir='ltr'>qnam</span> <span class='ocrx_word' id='word_1_293' title='bbox 1444 1360 1599 1389; x_wconf 72' lang='lat' dir='ltr'>mendam*</span> <span class='ocrx_word' id='word_1_294' title='bbox 1608 1364 1627 1390; x_wconf 74' lang='grc'>1·</span> <span class='ocrx_word' id='word_1_295' title='bbox 1640 1384 1664 1399; x_wconf 86' lang='lat'>.,</span> <span class='ocrx_word' id='word_1_296' title='bbox 1680 1363 1762 1396; x_wconf 80' lang='lat' dir='ltr'>quod</span> <span class='ocrx_word' id='word_1_297' title='bbox 1790 1363 1819 1390; x_wconf 85' lang='lat' dir='ltr'>si</span> <span class='ocrx_word' id='word_1_298' title='bbox 1834 1365 1885 1396; x_wconf 76' lang='lat' dir='ltr'>plu</span> <span class='ocrx_word' id='word_1_299' title='bbox 1893 1371 1943 1391; x_wconf 81' lang='lat' dir='ltr'>res</span> <span class='ocrx_word' id='word_1_300' title='bbox 1957 1365 2111 1391; x_wconf 72' lang='lat' dir='ltr'>haberent</span> 
     </span>
     <span class='ocr_line' id='line_1_24' title="bbox 301 1407 2110 1445; baseline 0 -11"><span class='ocrx_word' id='word_1_301' title='bbox 301 1408 409 1440; x_wconf 63' lang='lat' dir='ltr'>codd,</span> <span class='ocrx_word' id='word_1_302' title='bbox 437 1409 616 1441; x_wconf 77' lang='lat' dir='ltr'>probarem.</span> <span class='ocrx_word' id='word_1_303' title='bbox 641 1408 699 1436; x_wconf 79' lang='lat' dir='ltr'>Est</span> <span class='ocrx_word' id='word_1_304' title='bbox 714 1407 800 1435; x_wconf 81' lang='lat' dir='ltr'>enim</span> <span class='ocrx_word' id='word_1_305' title='bbox 814 1415 914 1443; x_wconf 79' lang='lat' dir='ltr'>qnam</span> <span class='ocrx_word' id='word_1_306' title='bbox 929 1407 1188 1435; x_wconf 73' lang='grc' dir='ltr'>ηιεηιίιιοίεειίηἰ.</span> <span class='ocrx_word' id='word_1_307' title='bbox 1214 1407 1256 1435; x_wconf 84' lang='lat' dir='ltr'>cf.</span> <span class='ocrx_word' id='word_1_308' title='bbox 1271 1408 1310 1435; x_wconf 80' lang='lat' dir='ltr'>ad</span> <span class='ocrx_word' id='word_1_309' title='bbox 1326 1410 1401 1436; x_wconf 82' lang='lat' dir='ltr'>Met.</span> <span class='ocrx_word' id='word_1_310' title='bbox 1414 1410 1469 1436; x_wconf 85' lang='lat' dir='ltr'>ln.</span> <span class='ocrx_word' id='word_1_311' title='bbox 1486 1416 1515 1442; x_wconf 83' lang='lat' dir='ltr'>p.</span> <span class='ocrx_word' id='word_1_312' title='bbox 1535 1409 1591 1436; x_wconf 80' lang='lat'>181</span> <span class='ocrx_word' id='word_1_313' title='bbox 1641 1410 1819 1445; x_wconf 75' lang='lat' dir='ltr'>sequester</span> <span class='ocrx_word' id='word_1_314' title='bbox 1834 1409 1870 1437; x_wconf 89' lang='lat' dir='ltr'>G.</span> <span class='ocrx_word' id='word_1_315' title='bbox 1888 1410 1916 1436; x_wconf 81' lang='lat'>1.</span> <span class='ocrx_word' id='word_1_316' title='bbox 1952 1407 2110 1435; x_wconf 77' lang='lat' dir='ltr'>nn‘m&#39;stro</span> 
     </span>
     <span class='ocr_line' id='line_1_25' title="bbox 301 1450 1554 1491; baseline 0 -10"><span class='ocrx_word' id='word_1_317' title='bbox 301 1452 425 1481; x_wconf 79' lang='lat' dir='ltr'>omissa</span> <span class='ocrx_word' id='word_1_318' title='bbox 438 1454 555 1486; x_wconf 80' lang='lat' dir='ltr'>copula</span> <span class='ocrx_word' id='word_1_319' title='bbox 568 1460 598 1487; x_wconf 83' lang='lat' dir='ltr'>p.</span> <span class='ocrx_word' id='word_1_320' title='bbox 647 1452 866 1491; x_wconf 54' lang='lat' dir='ltr'>*iracmafucto</span> <span class='ocrx_word' id='word_1_321' title='bbox 887 1455 922 1481; x_wconf 78' lang='lat' dir='ltr'>G.</span> <span class='ocrx_word' id='word_1_322' title='bbox 947 1453 974 1481; x_wconf 86' lang='lat'>1.</span> <span class='ocrx_word' id='word_1_323' title='bbox 993 1459 1013 1480; x_wconf 84' lang='lat' dir='ltr'>a</span> <span class='ocrx_word' id='word_1_324' title='bbox 1032 1460 1072 1480; x_wconf 89' lang='lat' dir='ltr'>ni.</span> <span class='ocrx_word' id='word_1_325' title='bbox 1093 1460 1123 1487; x_wconf 86' lang='lat' dir='ltr'>p.</span> <span class='ocrx_word' id='word_1_326' title='bbox 1138 1454 1172 1481; x_wconf 89' lang='lat'>0.</span> <span class='ocrx_word' id='word_1_327' title='bbox 1222 1451 1362 1479; x_wconf 69' lang='lat' dir='ltr'>mediam</span> <span class='ocrx_word' id='word_1_328' title='bbox 1377 1455 1413 1482; x_wconf 82' lang='lat' dir='ltr'>G.</span> <span class='ocrx_word' id='word_1_329' title='bbox 1427 1455 1458 1481; x_wconf 78' lang='grc'>2.</span> <span class='ocrx_word' id='word_1_330' title='bbox 1473 1455 1510 1481; x_wconf 86' lang='lat' dir='ltr'>l).</span> <span class='ocrx_word' id='word_1_331' title='bbox 1525 1450 1554 1482; x_wconf 68' lang='lat' dir='ltr'>d:</span> 
     </span>
    </p>
   </div>
   <div class='ocr_carea' id='block_1_5' title="bbox 359 1561 2108 1613">
    <p class='ocr_par' dir='ltr' id='par_1_5' title="bbox 359 1561 2108 1613">
     <span class='ocr_line' id='line_1_26' title="bbox 359 1561 2108 1613; baseline 0.001 -12"><span class='ocrx_word' id='word_1_332' title='bbox 359 1576 570 1602; x_wconf 74' lang='lat' dir='ltr'>arcessere.</span> <span class='ocrx_word' id='word_1_333' title='bbox 623 1562 797 1613; x_wconf 80' lang='lat' dir='ltr'>[Omnes</span> <span class='ocrx_word' id='word_1_334' title='bbox 835 1562 1001 1600; x_wconf 88' lang='lat' dir='ltr'>oninium</span> <span class='ocrx_word' id='word_1_335' title='bbox 1041 1576 1089 1600; x_wconf 83' lang='lat' dir='ltr'>ea</span> <span class='ocrx_word' id='word_1_336' title='bbox 1125 1562 1175 1600; x_wconf 83' lang='lat' dir='ltr'>de</span> <span class='ocrx_word' id='word_1_337' title='bbox 1234 1567 1398 1613; x_wconf 66' lang='lat' dir='ltr'>p.!18·.“›.‚</span> <span class='ocrx_word' id='word_1_338' title='bbox 1425 1563 1488 1601; x_wconf 86' lang='lat' dir='ltr'>ubi</span> <span class='ocrx_word' id='word_1_339' title='bbox 1504 1567 1543 1601; x_wconf 86' lang='lat' dir='ltr'>ut</span> <span class='ocrx_word' id='word_1_340' title='bbox 1559 1567 1689 1601; x_wconf 79' lang='lat' dir='ltr'>nostro</span> <span class='ocrx_word' id='word_1_341' title='bbox 1712 1562 1816 1608; x_wconf 86' lang='lat' dir='ltr'>loco,</span> <span class='ocrx_word' id='word_1_342' title='bbox 1844 1563 1887 1602; x_wconf 88' lang='lat' dir='ltr'>F.</span> <span class='ocrx_word' id='word_1_343' title='bbox 1907 1567 1994 1604; x_wconf 86' lang='lat'>1.3.</span> <span class='ocrx_word' id='word_1_344' title='bbox 2009 1561 2054 1602; x_wconf 90' lang='lat' dir='ltr'>G.</span> <span class='ocrx_word' id='word_1_345' title='bbox 2072 1567 2108 1603; x_wconf 77' lang='lat'>2.</span> 
     </span>
    </p>
   </div>
   <div class='ocr_carea' id='block_1_6' title="bbox 289 1618 1176 3198">
    <p class='ocr_par' dir='ltr' id='par_1_6' title="bbox 289 1618 1176 3198">
     <span class='ocr_line' id='line_1_27' title="bbox 302 1618 1176 1669; baseline -0.001 -11"><span class='ocrx_word' id='word_1_346' title='bbox 302 1633 397 1658; x_wconf 84' lang='lat' dir='ltr'>voce</span> <span class='ocrx_word' id='word_1_347' title='bbox 405 1619 552 1656; x_wconf 83' lang='lat' dir='ltr'>rel&#39;erre</span> <span class='ocrx_word' id='word_1_348' title='bbox 566 1620 781 1657; x_wconf 76' lang='lat' dir='ltr'>sententias</span> <span class='ocrx_word' id='word_1_349' title='bbox 797 1618 953 1669; x_wconf 77' lang='lat' dir='ltr'>longiuii</span> <span class='ocrx_word' id='word_1_350' title='bbox 969 1622 1041 1663; x_wconf 78' lang='lat' dir='ltr'>est.</span> <span class='ocrx_word' id='word_1_351' title='bbox 1052 1623 1089 1657; x_wconf 85' lang='lat' dir='ltr'>et</span> <span class='ocrx_word' id='word_1_352' title='bbox 1097 1619 1176 1657; x_wconf 63' lang='lat' dir='ltr'>⁴sus-</span> 
     </span>
     <span class='ocr_line' id='line_1_28' title="bbox 299 1675 1174 1725; baseline 0 -12"><span class='ocrx_word' id='word_1_353' title='bbox 299 1677 391 1722; x_wconf 77' lang='lat' dir='ltr'>ficit,</span> <span class='ocrx_word' id='word_1_354' title='bbox 419 1675 603 1713; x_wconf 85' lang='lat' dir='ltr'>nonnulla</span> <span class='ocrx_word' id='word_1_355' title='bbox 616 1689 793 1720; x_wconf 79' lang='lat' dir='ltr'>monere,</span> <span class='ocrx_word' id='word_1_356' title='bbox 821 1689 922 1725; x_wconf 82' lang='lat' dir='ltr'>quae</span> <span class='ocrx_word' id='word_1_357' title='bbox 937 1676 985 1713; x_wconf 87' lang='lat' dir='ltr'>ad</span> <span class='ocrx_word' id='word_1_358' title='bbox 1002 1680 1174 1713; x_wconf 75' lang='lat' dir='ltr'>nostrum</span> 
     </span>
     <span class='ocr_line' id='line_1_29' title="bbox 300 1732 1174 1782; baseline 0 -12"><span class='ocrx_word' id='word_1_359' title='bbox 300 1732 427 1771; x_wconf 88' lang='lat' dir='ltr'>locum</span> <span class='ocrx_word' id='word_1_360' title='bbox 454 1732 631 1770; x_wconf 80' lang='lat' dir='ltr'>videntur</span> <span class='ocrx_word' id='word_1_361' title='bbox 655 1746 749 1770; x_wconf 81' lang='lat' dir='ltr'>esse</span> <span class='ocrx_word' id='word_1_362' title='bbox 774 1732 989 1782; x_wconf 77' lang='lat' dir='ltr'>aptissima.</span> <span class='ocrx_word' id='word_1_363' title='bbox 1032 1732 1174 1770; x_wconf 82' lang='lat' dir='ltr'>Mirum</span> 
     </span>
     <span class='ocr_line' id='line_1_30' title="bbox 300 1788 1173 1839; baseline 0.001 -13"><span class='ocrx_word' id='word_1_364' title='bbox 300 1790 401 1827; x_wconf 87' lang='lat' dir='ltr'>enim</span> <span class='ocrx_word' id='word_1_365' title='bbox 428 1792 507 1833; x_wconf 83' lang='lat' dir='ltr'>est,</span> <span class='ocrx_word' id='word_1_366' title='bbox 539 1788 643 1839; x_wconf 85' lang='lat' dir='ltr'>quod</span> <span class='ocrx_word' id='word_1_367' title='bbox 675 1788 750 1826; x_wconf 87' lang='lat' dir='ltr'>hoc</span> <span class='ocrx_word' id='word_1_368' title='bbox 781 1788 867 1826; x_wconf 89' lang='lat' dir='ltr'>loco</span> <span class='ocrx_word' id='word_1_369' title='bbox 901 1789 1031 1838; x_wconf 88' lang='lat' dir='ltr'>optimi</span> <span class='ocrx_word' id='word_1_370' title='bbox 1059 1788 1173 1827; x_wconf 86' lang='lat' dir='ltr'>codd.</span> 
     </span>
     <span class='ocr_line' id='line_1_31' title="bbox 299 1845 1176 1894; baseline 0 -11"><span class='ocrx_word' id='word_1_371' title='bbox 299 1849 521 1883; x_wconf 83' lang='lat' dir='ltr'>constanter</span> <span class='ocrx_word' id='word_1_372' title='bbox 534 1859 741 1884; x_wconf 79' lang='lat' dir='ltr'>accessere</span> <span class='ocrx_word' id='word_1_373' title='bbox 755 1846 937 1889; x_wconf 74' lang='lat' dir='ltr'>retinent,</span> <span class='ocrx_word' id='word_1_374' title='bbox 965 1849 1002 1882; x_wconf 88' lang='lat' dir='ltr'>et</span> <span class='ocrx_word' id='word_1_375' title='bbox 1017 1845 1176 1894; x_wconf 72' lang='lat' dir='ltr'>vulgata</span> 
     </span>
     <span class='ocr_line' id='line_1_32' title="bbox 298 1901 1173 1951; baseline -0.001 -11"><span class='ocrx_word' id='word_1_376' title='bbox 298 1902 561 1940; x_wconf 84' lang='lat' dir='ltr'>tantummodo</span> <span class='ocrx_word' id='word_1_377' title='bbox 578 1901 705 1947; x_wconf 87' lang='lat' dir='ltr'>lectio,</span> <span class='ocrx_word' id='word_1_378' title='bbox 721 1914 835 1951; x_wconf 87' lang='lat' dir='ltr'>quam</span> <span class='ocrx_word' id='word_1_379' title='bbox 847 1901 985 1939; x_wconf 79' lang='lat' dir='ltr'>Bertin.</span> <span class='ocrx_word' id='word_1_380' title='bbox 1001 1902 1173 1951; x_wconf 81' lang='lat' dir='ltr'>praeivit,</span> 
     </span>
     <span class='ocr_line' id='line_1_33' title="bbox 298 1956 1173 2009; baseline -0.003 -11"><span class='ocrx_word' id='word_1_381' title='bbox 298 1972 502 1997; x_wconf 80' lang='lat' dir='ltr'>arcessere</span> <span class='ocrx_word' id='word_1_382' title='bbox 528 1958 710 2009; x_wconf 77' lang='lat' dir='ltr'>praefert.</span> <span class='ocrx_word' id='word_1_383' title='bbox 736 1956 894 2008; x_wconf 81' lang='lat' dir='ltr'>Optime</span> <span class='ocrx_word' id='word_1_384' title='bbox 914 1957 964 1995; x_wconf 89' lang='lat' dir='ltr'>de</span> <span class='ocrx_word' id='word_1_385' title='bbox 978 1957 1173 2008; x_wconf 73' lang='lat' dir='ltr'>orthogra-</span> 
     </span>
     <span class='ocr_line' id='line_1_34' title="bbox 296 2013 1175 2066; baseline 0.001 -15"><span class='ocrx_word' id='word_1_386' title='bbox 296 2015 388 2066; x_wconf 83' lang='lat' dir='ltr'>phia</span> <span class='ocrx_word' id='word_1_387' title='bbox 413 2020 451 2053; x_wconf 88' lang='lat' dir='ltr'>et</span> <span class='ocrx_word' id='word_1_388' title='bbox 475 2016 623 2064; x_wconf 79' lang='lat' dir='ltr'>origine</span> <span class='ocrx_word' id='word_1_389' title='bbox 647 2013 761 2051; x_wconf 80' lang='lat' dir='ltr'>liuius</span> <span class='ocrx_word' id='word_1_390' title='bbox 787 2014 965 2053; x_wconf 86' lang='lat' dir='ltr'>vocabuli</span> <span class='ocrx_word' id='word_1_391' title='bbox 990 2014 1175 2052; x_wconf 74' lang='lat' dir='ltr'>disseruit</span> 
     </span>
     <span class='ocr_line' id='line_1_35' title="bbox 296 2069 1171 2122; baseline 0 -12"><span class='ocrx_word' id='word_1_392' title='bbox 296 2070 483 2110; x_wconf 68' lang='lat' dir='ltr'>&#39;DoederL</span> <span class='ocrx_word' id='word_1_393' title='bbox 511 2071 727 2122; x_wconf 70' lang='lat' dir='ltr'>Synonym.</span> <span class='ocrx_word' id='word_1_394' title='bbox 751 2069 794 2108; x_wconf 88' lang='lat' dir='ltr'>T.</span> <span class='ocrx_word' id='word_1_395' title='bbox 810 2070 872 2109; x_wconf 85' lang='grc' dir='ltr'><strong>ΙΙΙ.</strong></span> <span class='ocrx_word' id='word_1_396' title='bbox 899 2085 934 2122; x_wconf 88' lang='lat' dir='ltr'>p.</span> <span class='ocrx_word' id='word_1_397' title='bbox 950 2075 1026 2111; x_wconf 84' lang='lat'>281</span> <span class='ocrx_word' id='word_1_398' title='bbox 1045 2084 1171 2122; x_wconf 72' lang='lat' dir='ltr'>seqq..</span> 
     </span>
     <span class='ocr_line' id='line_1_36' title="bbox 297 2127 1173 2179; baseline -0.003 -12"><span class='ocrx_word' id='word_1_399' title='bbox 297 2131 361 2179; x_wconf 82' lang='lat' dir='ltr'>qui</span> <span class='ocrx_word' id='word_1_400' title='bbox 391 2132 494 2166; x_wconf 86' lang='lat' dir='ltr'>recte</span> <span class='ocrx_word' id='word_1_401' title='bbox 526 2129 745 2178; x_wconf 77' lang='lat' dir='ltr'>proposuit,</span> <span class='ocrx_word' id='word_1_402' title='bbox 784 2141 986 2167; x_wconf 81' lang='lat' dir='ltr'>arcessere</span> <span class='ocrx_word' id='word_1_403' title='bbox 1017 2127 1173 2165; x_wconf 69' lang='lat' dir='ltr'>intensi-</span> 
     </span>
     <span class='ocr_line' id='line_1_37' title="bbox 295 2184 1174 2229; baseline 0.001 -7"><span class='ocrx_word' id='word_1_404' title='bbox 295 2198 384 2222; x_wconf 67' lang='lat' dir='ltr'>vum</span> <span class='ocrx_word' id='word_1_405' title='bbox 411 2198 505 2222; x_wconf 74' lang='lat' dir='ltr'>esse</span> <span class='ocrx_word' id='word_1_406' title='bbox 532 2186 639 2222; x_wconf 83' lang='lat' dir='ltr'>vocis</span> <span class='ocrx_word' id='word_1_407' title='bbox 667 2184 883 2229; x_wconf 77' lang='lat' dir='ltr'>accedere,</span> <span class='ocrx_word' id='word_1_408' title='bbox 910 2188 950 2223; x_wconf 92' lang='lat' dir='ltr'>ut</span> <span class='ocrx_word' id='word_1_409' title='bbox 976 2186 1174 2223; x_wconf 78' lang='lat' dir='ltr'>incessere</span> 
     </span>
     <span class='ocr_line' id='line_1_38' title="bbox 298 2240 1173 2291; baseline -0.002 -12"><span class='ocrx_word' id='word_1_410' title='bbox 298 2242 401 2279; x_wconf 74' lang='lat' dir='ltr'>verbi</span> <span class='ocrx_word' id='word_1_411' title='bbox 427 2241 625 2279; x_wconf 77' lang='lat' dir='ltr'>incedere.</span> <span class='ocrx_word' id='word_1_412' title='bbox 675 2240 775 2278; x_wconf 89' lang='lat' dir='ltr'>Hinc</span> <span class='ocrx_word' id='word_1_413' title='bbox 794 2241 883 2279; x_wconf 85' lang='lat' dir='ltr'>milii</span> <span class='ocrx_word' id='word_1_414' title='bbox 900 2242 1173 2291; x_wconf 80' lang='lat' dir='ltr'>comprobatur</span> 
     </span>
     <span class='ocr_line' id='line_1_39' title="bbox 295 2296 1170 2348; baseline 0 -13"><span class='ocrx_word' id='word_1_415' title='bbox 295 2297 491 2336; x_wconf 73' lang='lat' dir='ltr'>sententia</span> <span class='ocrx_word' id='word_1_416' title='bbox 527 2297 678 2335; x_wconf 68' lang='lat' dir='ltr'>Alc-uin.</span> <span class='ocrx_word' id='word_1_417' title='bbox 711 2311 745 2348; x_wconf 90' lang='lat' dir='ltr'>p.</span> <span class='ocrx_word' id='word_1_418' title='bbox 780 2302 901 2337; x_wconf 75' lang='lat'>2112.</span> <span class='ocrx_word' id='word_1_419' title='bbox 934 2301 972 2335; x_wconf 87' lang='lat' dir='ltr'>et</span> <span class='ocrx_word' id='word_1_420' title='bbox 1004 2296 1170 2348; x_wconf 75' lang='lat' dir='ltr'>Eutycli.</span> 
     </span>
     <span class='ocr_line' id='line_1_40' title="bbox 296 2353 1169 2406; baseline -0.001 -12"><span class='ocrx_word' id='word_1_421' title='bbox 296 2369 331 2406; x_wconf 83' lang='lat' dir='ltr'>p.</span> <span class='ocrx_word' id='word_1_422' title='bbox 371 2358 492 2394; x_wconf 75' lang='lat'>2184.</span> <span class='ocrx_word' id='word_1_423' title='bbox 530 2355 590 2392; x_wconf 89' lang='lat' dir='ltr'>ed.</span> <span class='ocrx_word' id='word_1_424' title='bbox 629 2353 825 2399; x_wconf 74' lang='lat' dir='ltr'>putschii,</span> <span class='ocrx_word' id='word_1_425' title='bbox 863 2355 928 2404; x_wconf 83' lang='lat' dir='ltr'>qui</span> <span class='ocrx_word' id='word_1_426' title='bbox 964 2368 1169 2394; x_wconf 75' lang='lat' dir='ltr'>accessere</span> 
     </span>
     <span class='ocr_line' id='line_1_41' title="bbox 294 2410 1169 2462; baseline 0.001 -14"><span class='ocrx_word' id='word_1_427' title='bbox 294 2411 492 2449; x_wconf 82' lang='lat' dir='ltr'>Latinitati</span> <span class='ocrx_word' id='word_1_428' title='bbox 513 2410 717 2449; x_wconf 82' lang='lat' dir='ltr'>vindicant.</span> <span class='ocrx_word' id='word_1_429' title='bbox 745 2410 831 2448; x_wconf 88' lang='lat' dir='ltr'>Hoc</span> <span class='ocrx_word' id='word_1_430' title='bbox 856 2411 1012 2461; x_wconf 85' lang='lat' dir='ltr'>quidem</span> <span class='ocrx_word' id='word_1_431' title='bbox 1037 2414 1169 2462; x_wconf 76' lang='lat' dir='ltr'>potest</span> 
     </span>
     <span class='ocr_line' id='line_1_42' title="bbox 293 2467 1167 2519; baseline 0.002 -15"><span class='ocrx_word' id='word_1_432' title='bbox 293 2469 403 2519; x_wconf 79' lang='lat' dir='ltr'>poni,</span> <span class='ocrx_word' id='word_1_433' title='bbox 430 2468 591 2517; x_wconf 78' lang='lat' dir='ltr'>saepius</span> <span class='ocrx_word' id='word_1_434' title='bbox 606 2468 774 2517; x_wconf 74' lang='lat' dir='ltr'>optimos</span> <span class='ocrx_word' id='word_1_435' title='bbox 790 2467 842 2506; x_wconf 83' lang='lat' dir='ltr'>ita</span> <span class='ocrx_word' id='word_1_436' title='bbox 854 2468 1025 2506; x_wconf 76' lang='lat' dir='ltr'>scribere</span> <span class='ocrx_word' id='word_1_437' title='bbox 1039 2467 1167 2513; x_wconf 68' lang='lat' dir='ltr'>codd..</span> 
     </span>
     <span class='ocr_line' id='line_1_43' title="bbox 294 2522 1166 2574; baseline 0 -12"><span class='ocrx_word' id='word_1_438' title='bbox 294 2529 335 2562; x_wconf 85' lang='lat' dir='ltr'>ut</span> <span class='ocrx_word' id='word_1_439' title='bbox 365 2524 440 2563; x_wconf 87' lang='lat' dir='ltr'>iam</span> <span class='ocrx_word' id='word_1_440' title='bbox 466 2523 515 2561; x_wconf 83' lang='lat' dir='ltr'>ad</span> <span class='ocrx_word' id='word_1_441' title='bbox 542 2523 640 2562; x_wconf 80' lang='lat' dir='ltr'>Mei.</span> <span class='ocrx_word' id='word_1_442' title='bbox 671 2522 697 2563; x_wconf 88' lang='grc' dir='ltr'>Ι.</span> <span class='ocrx_word' id='word_1_443' title='bbox 728 2537 764 2574; x_wconf 88' lang='lat' dir='ltr'>p.</span> <span class='ocrx_word' id='word_1_444' title='bbox 795 2528 857 2564; x_wconf 84' lang='lat'>10.</span> <span class='ocrx_word' id='word_1_445' title='bbox 892 2524 1166 2571; x_wconf 72' lang='lat' dir='ltr'>‹leiiioiist1·avi,</span> 
     </span>
     <span class='ocr_line' id='line_1_44' title="bbox 294 2580 1168 2631; baseline -0.001 -12"><span class='ocrx_word' id='word_1_446' title='bbox 294 2594 526 2631; x_wconf 85' lang='lat' dir='ltr'>quamquam</span> <span class='ocrx_word' id='word_1_447' title='bbox 551 2580 615 2618; x_wconf 89' lang='lat' dir='ltr'>hic</span> <span class='ocrx_word' id='word_1_448' title='bbox 641 2580 750 2617; x_wconf 80' lang='lat' dir='ltr'>locus</span> <span class='ocrx_word' id='word_1_449' title='bbox 776 2580 885 2618; x_wconf 79' lang='lat' dir='ltr'>aliter</span> <span class='ocrx_word' id='word_1_450' title='bbox 911 2596 933 2619; x_wconf 83' lang='lat' dir='ltr'>a</span> <span class='ocrx_word' id='word_1_451' title='bbox 958 2595 1020 2619; x_wconf 90' lang='lat' dir='ltr'>ine</span> <span class='ocrx_word' id='word_1_452' title='bbox 1046 2581 1168 2631; x_wconf 83' lang='lat' dir='ltr'>expli-</span> 
     </span>
     <span class='ocr_line' id='line_1_45' title="bbox 293 2636 1166 2688; baseline 0.001 -13"><span class='ocrx_word' id='word_1_453' title='bbox 293 2638 392 2675; x_wconf 75' lang='lat' dir='ltr'>citus</span> <span class='ocrx_word' id='word_1_454' title='bbox 418 2641 498 2682; x_wconf 83' lang='lat' dir='ltr'>est,</span> <span class='ocrx_word' id='word_1_455' title='bbox 529 2638 617 2688; x_wconf 78' lang='lat' dir='ltr'>quia</span> <span class='ocrx_word' id='word_1_456' title='bbox 647 2651 670 2674; x_wconf 85' lang='lat' dir='ltr'>a</span> <span class='ocrx_word' id='word_1_457' title='bbox 700 2636 802 2675; x_wconf 78' lang='lat' dir='ltr'>Mss.</span> <span class='ocrx_word' id='word_1_458' title='bbox 834 2637 1020 2675; x_wconf 80' lang='lat' dir='ltr'>recedere</span> <span class='ocrx_word' id='word_1_459' title='bbox 1052 2638 1166 2677; x_wconf 88' lang='lat' dir='ltr'>nolui.</span> 
     </span>
     <span class='ocr_line' id='line_1_46' title="bbox 292 2693 1166 2745; baseline 0 -13"><span class='ocrx_word' id='word_1_460' title='bbox 292 2695 346 2732; x_wconf 86' lang='lat' dir='ltr'>At</span> <span class='ocrx_word' id='word_1_461' title='bbox 367 2693 535 2733; x_wconf 80' lang='lat' dir='ltr'>fortasse</span> <span class='ocrx_word' id='word_1_462' title='bbox 555 2694 694 2732; x_wconf 87' lang='lat' dir='ltr'>eodem</span> <span class='ocrx_word' id='word_1_463' title='bbox 715 2694 795 2731; x_wconf 87' lang='lat' dir='ltr'>iure</span> <span class='ocrx_word' id='word_1_464' title='bbox 809 2709 829 2732; x_wconf 86' lang='lat' dir='ltr'>a</span> <span class='ocrx_word' id='word_1_465' title='bbox 845 2694 1018 2745; x_wconf 76' lang='lat' dir='ltr'>partibus</span> <span class='ocrx_word' id='word_1_466' title='bbox 1032 2708 1166 2733; x_wconf 90' lang='lat' dir='ltr'>eorum</span> 
     </span>
     <span class='ocr_line' id='line_1_47' title="bbox 291 2750 1164 2801; baseline 0.002 -13"><span class='ocrx_word' id='word_1_467' title='bbox 291 2755 397 2789; x_wconf 78' lang='lat' dir='ltr'>stare</span> <span class='ocrx_word' id='word_1_468' title='bbox 422 2751 575 2801; x_wconf 74' lang='lat' dir='ltr'>possis,</span> <span class='ocrx_word' id='word_1_469' title='bbox 601 2750 665 2800; x_wconf 85' lang='lat' dir='ltr'>qui</span> <span class='ocrx_word' id='word_1_470' title='bbox 692 2750 742 2788; x_wconf 87' lang='lat' dir='ltr'>ibi</span> <span class='ocrx_word' id='word_1_471' title='bbox 763 2753 1000 2790; x_wconf 77' lang='lat' dir='ltr'>arcessimus</span> <span class='ocrx_word' id='word_1_472' title='bbox 1021 2751 1164 2801; x_wconf 66' lang='lat' dir='ltr'>legunt.</span> 
     </span>
     <span class='ocr_line' id='line_1_48' title="bbox 292 2801 1164 2859; baseline 0.001 -14"><span class='ocrx_word' id='word_1_473' title='bbox 292 2806 391 2846; x_wconf 89' lang='lat' dir='ltr'>Hinc</span> <span class='ocrx_word' id='word_1_474' title='bbox 415 2811 508 2858; x_wconf 85' lang='lat' dir='ltr'>puto</span> <span class='ocrx_word' id='word_1_475' title='bbox 534 2807 636 2857; x_wconf 83' lang='lat' dir='ltr'>apud</span> <span class='ocrx_word' id='word_1_476' title='bbox 663 2806 797 2845; x_wconf 84' lang='lat' dir='ltr'>Horat.</span> <span class='ocrx_word' id='word_1_477' title='bbox 812 2806 936 2859; x_wconf 65' lang='lat' dir='ltr'>Epist.</span> <span class='ocrx_word' id='word_1_478' title='bbox 958 2807 1002 2845; x_wconf 88' lang='lat' dir='ltr'>ll.</span> <span class='ocrx_word' id='word_1_479' title='bbox 1021 2812 1054 2847; x_wconf 83' lang='lat'>1.</span> <span class='ocrx_word' id='word_1_480' title='bbox 1068 2801 1164 2849; x_wconf 43' lang='lat'>⁷168.</span> 
     </span>
     <span class='ocr_line' id='line_1_49' title="bbox 292 2862 1164 2903; baseline 0.002 -2"><span class='ocrx_word' id='word_1_481' title='bbox 292 2878 364 2901; x_wconf 85' lang='lat' dir='ltr'>non</span> <span class='ocrx_word' id='word_1_482' title='bbox 397 2864 576 2902; x_wconf 77' lang='lat' dir='ltr'>diversas</span> <span class='ocrx_word' id='word_1_483' title='bbox 607 2876 703 2901; x_wconf 80' lang='lat' dir='ltr'>esse</span> <span class='ocrx_word' id='word_1_484' title='bbox 734 2862 923 2901; x_wconf 76' lang='lat' dir='ltr'>lectiones</span> <span class='ocrx_word' id='word_1_485' title='bbox 953 2878 1006 2903; x_wconf 67' lang='lat' dir='ltr'>ea:</span> <span class='ocrx_word' id='word_1_486' title='bbox 1030 2865 1164 2903; x_wconf 71' lang='lat' dir='ltr'>medio</span> 
     </span>
     <span class='ocr_line' id='line_1_50' title="bbox 293 2921 1163 2972; baseline -0.001 -13"><span class='ocrx_word' id='word_1_487' title='bbox 293 2921 389 2971; x_wconf 78' lang='lat' dir='ltr'>quia</span> <span class='ocrx_word' id='word_1_488' title='bbox 413 2934 476 2959; x_wconf 87' lang='lat' dir='ltr'>res</span> <span class='ocrx_word' id='word_1_489' title='bbox 499 2921 671 2959; x_wconf 70' lang='lat' dir='ltr'>accessit</span> <span class='ocrx_word' id='word_1_490' title='bbox 695 2923 733 2958; x_wconf 81' lang='lat' dir='ltr'>et</span> <span class='ocrx_word' id='word_1_491' title='bbox 758 2921 943 2966; x_wconf 81' lang='lat' dir='ltr'>arcessit,</span> <span class='ocrx_word' id='word_1_492' title='bbox 969 2934 1070 2971; x_wconf 83' lang='lat' dir='ltr'>qnae</span> <span class='ocrx_word' id='word_1_493' title='bbox 1095 2934 1163 2972; x_wconf 88' lang='lat' dir='ltr'>po-</span> 
     </span>
     <span class='ocr_line' id='line_1_51' title="bbox 290 2976 1162 3028; baseline 0.003 -15"><span class='ocrx_word' id='word_1_494' title='bbox 290 2977 428 3014; x_wconf 66' lang='lat' dir='ltr'>sterior</span> <span class='ocrx_word' id='word_1_495' title='bbox 452 2976 722 3014; x_wconf 80' lang='lat' dir='ltr'>vetustissimo</span> <span class='ocrx_word' id='word_1_496' title='bbox 749 2976 834 3015; x_wconf 89' lang='lat' dir='ltr'>cod.</span> <span class='ocrx_word' id='word_1_497' title='bbox 850 2976 989 3016; x_wconf 79' lang='lat' dir='ltr'>Bland.</span> <span class='ocrx_word' id='word_1_498' title='bbox 1007 2976 1162 3028; x_wconf 85' lang='lat' dir='ltr'>Cruquii</span> 
     </span>
     <span class='ocr_line' id='line_1_52' title="bbox 290 3032 1161 3084; baseline 0.003 -15"><span class='ocrx_word' id='word_1_499' title='bbox 290 3032 519 3071; x_wconf 86' lang='lat' dir='ltr'>defenditur.</span> <span class='ocrx_word' id='word_1_500' title='bbox 575 3032 661 3071; x_wconf 88' lang='lat' dir='ltr'>Hoc</span> <span class='ocrx_word' id='word_1_501' title='bbox 690 3037 896 3084; x_wconf 82' lang='lat' dir='ltr'>praeterea</span> <span class='ocrx_word' id='word_1_502' title='bbox 924 3034 1161 3072; x_wconf 89' lang='lat' dir='ltr'>monendum</span> 
     </span>
     <span class='ocr_line' id='line_1_53' title="bbox 289 3089 1160 3142; baseline 0.006 -17"><span class='ocrx_word' id='word_1_503' title='bbox 289 3093 369 3134; x_wconf 77' lang='lat' dir='ltr'>est,</span> <span class='ocrx_word' id='word_1_504' title='bbox 395 3089 563 3139; x_wconf 85' lang='lat' dir='ltr'>optimos</span> <span class='ocrx_word' id='word_1_505' title='bbox 587 3090 745 3140; x_wconf 88' lang='lat' dir='ltr'>Apuleii</span> <span class='ocrx_word' id='word_1_506' title='bbox 770 3089 883 3128; x_wconf 88' lang='lat' dir='ltr'>codd.</span> <span class='ocrx_word' id='word_1_507' title='bbox 909 3092 1070 3142; x_wconf 84' lang='lat' dir='ltr'>saepius</span> <span class='ocrx_word' id='word_1_508' title='bbox 1095 3105 1160 3130; x_wconf 83' lang='lat' dir='ltr'>ac·</span> 
     </span>
     <span class='ocr_line' id='line_1_54' title="bbox 291 3145 1158 3198; baseline 0.001 -13"><span class='ocrx_word' id='word_1_509' title='bbox 291 3146 446 3185; x_wconf 64' lang='lat' dir='ltr'>ussisse</span> <span class='ocrx_word' id='word_1_510' title='bbox 479 3145 637 3184; x_wconf 82' lang='lat' dir='ltr'>sormam</span> <span class='ocrx_word' id='word_1_511' title='bbox 669 3146 867 3198; x_wconf 81' lang='lat' dir='ltr'>praeteri-e</span> <span class='ocrx_word' id='word_1_512' title='bbox 898 3152 938 3186; x_wconf 90' lang='lat' dir='ltr'>ut</span> <span class='ocrx_word' id='word_1_513' title='bbox 963 3147 1158 3187; x_wconf 62' lang='lat' dir='ltr'>Menx&#39;tt.</span> 
     </span>
    </p>
   </div>
   <div class='ocr_carea' id='block_1_7' title="bbox 1218 1618 2110 3199">
    <p class='ocr_par' dir='ltr' id='par_1_7' title="bbox 1227 1618 2110 2462">
     <span class='ocr_line' id='line_1_55' title="bbox 1233 1618 2109 1659; baseline 0.002 -2"><span class='ocrx_word' id='word_1_514' title='bbox 1233 1619 1285 1657; x_wconf 81' lang='lat' dir='ltr'>l).</span> <span class='ocrx_word' id='word_1_515' title='bbox 1310 1621 1523 1658; x_wconf 75' lang='lat' dir='ltr'>accessisse</span> <span class='ocrx_word' id='word_1_516' title='bbox 1537 1619 1584 1658; x_wconf 72' lang='lat' dir='ltr'>G.</span> <span class='ocrx_word' id='word_1_517' title='bbox 1604 1625 1637 1659; x_wconf 91' lang='lat' dir='ltr'>l.</span> <span class='ocrx_word' id='word_1_518' title='bbox 1663 1621 1833 1659; x_wconf 75' lang='lat' dir='ltr'>acesisse</span> <span class='ocrx_word' id='word_1_519' title='bbox 1848 1618 1946 1659; x_wconf 88' lang='lat' dir='ltr'>Pitli.</span> <span class='ocrx_word' id='word_1_520' title='bbox 1967 1633 2109 1659; x_wconf 83' lang='lat' dir='ltr'>accen-</span> 
     </span>
     <span class='ocr_line' id='line_1_56' title="bbox 1233 1676 2110 1727; baseline 0 -13"><span class='ocrx_word' id='word_1_521' title='bbox 1233 1677 1327 1714; x_wconf 80' lang='lat' dir='ltr'>sisse</span> <span class='ocrx_word' id='word_1_522' title='bbox 1357 1676 1540 1715; x_wconf 78' lang='lat' dir='ltr'>scribunt.</span> <span class='ocrx_word' id='word_1_523' title='bbox 1591 1676 1706 1722; x_wconf 78' lang='lat' dir='ltr'>Quod</span> <span class='ocrx_word' id='word_1_524' title='bbox 1741 1690 1787 1713; x_wconf 90' lang='lat' dir='ltr'>eo</span> <span class='ocrx_word' id='word_1_525' title='bbox 1819 1678 1944 1727; x_wconf 81' lang='lat' dir='ltr'>magis</span> <span class='ocrx_word' id='word_1_526' title='bbox 1975 1677 2110 1714; x_wconf 88' lang='lat' dir='ltr'>mirum</span> 
     </span>
     <span class='ocr_line' id='line_1_57' title="bbox 1236 1732 2107 1783; baseline 0.001 -14"><span class='ocrx_word' id='word_1_527' title='bbox 1236 1732 1383 1770; x_wconf 78' lang='lat' dir='ltr'>videtur</span> <span class='ocrx_word' id='word_1_528' title='bbox 1408 1746 1519 1778; x_wconf 81' lang='lat' dir='ltr'>esse,</span> <span class='ocrx_word' id='word_1_529' title='bbox 1546 1733 1649 1783; x_wconf 85' lang='lat' dir='ltr'>quod</span> <span class='ocrx_word' id='word_1_530' title='bbox 1676 1732 1763 1771; x_wconf 76' lang='lat' dir='ltr'>aliis</span> <span class='ocrx_word' id='word_1_531' title='bbox 1778 1732 1874 1770; x_wconf 81' lang='lat' dir='ltr'>locis</span> <span class='ocrx_word' id='word_1_532' title='bbox 1888 1737 1929 1771; x_wconf 91' lang='lat' dir='ltr'>ut</span> <span class='ocrx_word' id='word_1_533' title='bbox 1943 1733 2040 1771; x_wconf 77' lang='lat' dir='ltr'>Met.</span> <span class='ocrx_word' id='word_1_534' title='bbox 2055 1732 2107 1770; x_wconf 91' lang='lat' dir='ltr'>X.</span> 
     </span>
     <span class='ocr_line' id='line_1_58' title="bbox 1235 1790 2107 1838; baseline 0.001 -12"><span class='ocrx_word' id='word_1_535' title='bbox 1235 1802 1269 1838; x_wconf 84' lang='lat' dir='ltr'>p.</span> <span class='ocrx_word' id='word_1_536' title='bbox 1297 1792 1389 1829; x_wconf 80' lang='lat'>697.</span> <span class='ocrx_word' id='word_1_537' title='bbox 1423 1793 1645 1827; x_wconf 77' lang='lat' dir='ltr'>constanter</span> <span class='ocrx_word' id='word_1_538' title='bbox 1676 1790 1863 1838; x_wconf 84' lang='lat' dir='ltr'>praebent</span> <span class='ocrx_word' id='word_1_539' title='bbox 1893 1802 2107 1829; x_wconf 81' lang='lat' dir='ltr'>arcessere.</span> 
     </span>
     <span class='ocr_line' id='line_1_59' title="bbox 1236 1843 2108 1897; baseline 0 -15"><span class='ocrx_word' id='word_1_540' title='bbox 1236 1843 1349 1883; x_wconf 74' lang='lat' dir='ltr'>Unde</span> <span class='ocrx_word' id='word_1_541' title='bbox 1381 1847 1467 1895; x_wconf 87' lang='lat' dir='ltr'>quis</span> <span class='ocrx_word' id='word_1_542' title='bbox 1500 1845 1685 1896; x_wconf 83' lang='lat' dir='ltr'>colligere</span> <span class='ocrx_word' id='word_1_543' title='bbox 1722 1847 1867 1897; x_wconf 69' lang='lat' dir='ltr'>possit.</span> <span class='ocrx_word' id='word_1_544' title='bbox 1906 1850 2108 1896; x_wconf 86' lang='lat' dir='ltr'>utramque</span> 
     </span>
     <span class='ocr_line' id='line_1_60' title="bbox 1235 1900 2107 1952; baseline 0.002 -15"><span class='ocrx_word' id='word_1_545' title='bbox 1235 1900 1397 1940; x_wconf 81' lang='lat' dir='ltr'>sormam</span> <span class='ocrx_word' id='word_1_546' title='bbox 1411 1903 1621 1952; x_wconf 81' lang='lat' dir='ltr'>antiquitus</span> <span class='ocrx_word' id='word_1_547' title='bbox 1636 1903 1829 1947; x_wconf 74' lang='lat' dir='ltr'>extitisse,</span> <span class='ocrx_word' id='word_1_548' title='bbox 1856 1906 1895 1940; x_wconf 86' lang='lat' dir='ltr'>et</span> <span class='ocrx_word' id='word_1_549' title='bbox 1908 1917 1931 1941; x_wconf 86' lang='lat' dir='ltr'>a</span> <span class='ocrx_word' id='word_1_550' title='bbox 1945 1902 2107 1940; x_wconf 77' lang='lat' dir='ltr'>librariis</span> 
     </span>
     <span class='ocr_line' id='line_1_61' title="bbox 1234 1956 2107 2010; baseline 0.002 -16"><span class='ocrx_word' id='word_1_551' title='bbox 1234 1956 1350 2007; x_wconf 72' lang='lat' dir='ltr'>longe</span> <span class='ocrx_word' id='word_1_552' title='bbox 1381 1958 1564 1996; x_wconf 88' lang='lat' dir='ltr'>tritiorein</span> <span class='ocrx_word' id='word_1_553' title='bbox 1595 1972 1795 1997; x_wconf 76' lang='lat' dir='ltr'>arcessere</span> <span class='ocrx_word' id='word_1_554' title='bbox 1819 1960 1980 2010; x_wconf 78' lang='lat' dir='ltr'>saepius</span> <span class='ocrx_word' id='word_1_555' title='bbox 2007 1972 2107 1996; x_wconf 84' lang='lat' dir='ltr'>coni-</span> 
     </span>
     <span class='ocr_line' id='line_1_62' title="bbox 1232 2013 2107 2053; baseline 0.002 -3"><span class='ocrx_word' id='word_1_556' title='bbox 1232 2018 1418 2053; x_wconf 85' lang='lat' dir='ltr'>mutatam</span> <span class='ocrx_word' id='word_1_557' title='bbox 1445 2014 1580 2052; x_wconf 78' lang='lat' dir='ltr'>fuisso.</span> <span class='ocrx_word' id='word_1_558' title='bbox 1618 2013 1658 2052; x_wconf 81' lang='lat' dir='ltr'>lii</span> <span class='ocrx_word' id='word_1_559' title='bbox 1686 2019 1793 2053; x_wconf 84' lang='lat' dir='ltr'>textu</span> <span class='ocrx_word' id='word_1_560' title='bbox 1817 2019 1947 2053; x_wconf 86' lang='lat' dir='ltr'>tamen</span> <span class='ocrx_word' id='word_1_561' title='bbox 1974 2018 2107 2052; x_wconf 81' lang='lat' dir='ltr'>contra</span> 
     </span>
     <span class='ocr_line' id='line_1_63' title="bbox 1232 2070 2103 2117; baseline 0.001 -10"><span class='ocrx_word' id='word_1_562' title='bbox 1232 2071 1399 2109; x_wconf 89' lang='lat' dir='ltr'>oninium</span> <span class='ocrx_word' id='word_1_563' title='bbox 1425 2071 1643 2109; x_wconf 72' lang='lat' dir='ltr'>sententias</span> <span class='ocrx_word' id='word_1_564' title='bbox 1668 2085 1754 2109; x_wconf 83' lang='lat' dir='ltr'>eam</span> <span class='ocrx_word' id='word_1_565' title='bbox 1774 2071 1968 2109; x_wconf 86' lang='lat' dir='ltr'>intrudere</span> <span class='ocrx_word' id='word_1_566' title='bbox 1987 2070 2103 2117; x_wconf 90' lang='lat' dir='ltr'>nolui,</span> 
     </span>
     <span class='ocr_line' id='line_1_64' title="bbox 1234 2127 2105 2166; baseline 0 -2"><span class='ocrx_word' id='word_1_567' title='bbox 1234 2140 1281 2164; x_wconf 88' lang='lat' dir='ltr'>ne</span> <span class='ocrx_word' id='word_1_568' title='bbox 1318 2127 1501 2166; x_wconf 86' lang='lat' dir='ltr'>audacior</span> <span class='ocrx_word' id='word_1_569' title='bbox 1534 2127 1684 2165; x_wconf 82' lang='lat' dir='ltr'>viderer</span> <span class='ocrx_word' id='word_1_570' title='bbox 1715 2141 1820 2166; x_wconf 75' lang='lat' dir='ltr'>esse.</span> <span class='ocrx_word' id='word_1_571' title='bbox 1881 2127 1944 2166; x_wconf 87' lang='lat' dir='ltr'>De</span> <span class='ocrx_word' id='word_1_572' title='bbox 1980 2127 2105 2165; x_wconf 83' lang='lat' dir='ltr'>forma</span> 
     </span>
     <span class='ocr_line' id='line_1_65' title="bbox 1233 2184 2104 2235; baseline -0.001 -13"><span class='ocrx_word' id='word_1_573' title='bbox 1233 2198 1434 2223; x_wconf 78' lang='lat' dir='ltr'>arcessere</span> <span class='ocrx_word' id='word_1_574' title='bbox 1476 2189 1514 2222; x_wconf 91' lang='lat' dir='ltr'>et</span> <span class='ocrx_word' id='word_1_575' title='bbox 1553 2198 1778 2228; x_wconf 80' lang='lat' dir='ltr'>accerse-re,</span> <span class='ocrx_word' id='word_1_576' title='bbox 1828 2197 1907 2235; x_wconf 81' lang='lat' dir='ltr'>qua</span> <span class='ocrx_word' id='word_1_577' title='bbox 1954 2184 2104 2222; x_wconf 88' lang='lat' dir='ltr'>variant</span> 
     </span>
     <span class='ocr_line' id='line_1_66' title="bbox 1232 2239 2102 2292; baseline 0.002 -15"><span class='ocrx_word' id='word_1_578' title='bbox 1232 2240 1391 2278; x_wconf 80' lang='lat' dir='ltr'>codices</span> <span class='ocrx_word' id='word_1_579' title='bbox 1418 2240 1465 2280; x_wconf 84' lang='lat' dir='ltr'>cs.</span> <span class='ocrx_word' id='word_1_580' title='bbox 1483 2240 1602 2278; x_wconf 73' lang='lat' dir='ltr'>Voss.</span> <span class='ocrx_word' id='word_1_581' title='bbox 1619 2240 1832 2279; x_wconf 76' lang='lat' dir='ltr'>Aristarch.</span> <span class='ocrx_word' id='word_1_582' title='bbox 1849 2240 1893 2279; x_wconf 92' lang='grc' dir='ltr'>Τ.</span> <span class='ocrx_word' id='word_1_583' title='bbox 1908 2239 1935 2280; x_wconf 83' lang='grc' dir='ltr'>Ι.</span> <span class='ocrx_word' id='word_1_584' title='bbox 1957 2254 1995 2292; x_wconf 89' lang='lat' dir='ltr'>p.</span> <span class='ocrx_word' id='word_1_585' title='bbox 2012 2245 2102 2280; x_wconf 77' lang='lat'>114.</span> 
     </span>
     <span class='ocr_line' id='line_1_67' title="bbox 1231 2296 2101 2349; baseline 0 -15"><span class='ocrx_word' id='word_1_586' title='bbox 1231 2297 1360 2348; x_wconf 80' lang='lat' dir='ltr'>ibique</span> <span class='ocrx_word' id='word_1_587' title='bbox 1387 2296 1566 2336; x_wconf 76' lang='lat' dir='ltr'>Fi&#39;irtscli.</span> <span class='ocrx_word' id='word_1_588' title='bbox 1588 2301 1627 2335; x_wconf 87' lang='lat' dir='ltr'>et</span> <span class='ocrx_word' id='word_1_589' title='bbox 1647 2310 1748 2347; x_wconf 81' lang='lat' dir='ltr'>quos</span> <span class='ocrx_word' id='word_1_590' title='bbox 1770 2297 1878 2348; x_wconf 81' lang='lat' dir='ltr'>larga</span> <span class='ocrx_word' id='word_1_591' title='bbox 1897 2310 2011 2335; x_wconf 86' lang='lat' dir='ltr'>manu</span> <span class='ocrx_word' id='word_1_592' title='bbox 2031 2310 2101 2349; x_wconf 90' lang='lat' dir='ltr'>pro</span> 
     </span>
     <span class='ocr_line' id='line_1_68' title="bbox 1227 2352 2100 2405; baseline 0.002 -14"><span class='ocrx_word' id='word_1_593' title='bbox 1227 2367 1332 2391; x_wconf 81' lang='lat' dir='ltr'>moi-e</span> <span class='ocrx_word' id='word_1_594' title='bbox 1358 2368 1430 2391; x_wconf 78' lang='lat' dir='ltr'>suo</span> <span class='ocrx_word' id='word_1_595' title='bbox 1456 2353 1604 2405; x_wconf 78' lang='lat' dir='ltr'>profert</span> <span class='ocrx_word' id='word_1_596' title='bbox 1629 2352 1764 2393; x_wconf 82' lang='lat' dir='ltr'>Eckst.</span> <span class='ocrx_word' id='word_1_597' title='bbox 1785 2354 1835 2393; x_wconf 89' lang='lat' dir='ltr'>ad</span> <span class='ocrx_word' id='word_1_598' title='bbox 1856 2353 1981 2393; x_wconf 80' lang='lat' dir='ltr'>eiusd.</span> <span class='ocrx_word' id='word_1_599' title='bbox 1997 2353 2040 2392; x_wconf 90' lang='lat' dir='ltr'>T.</span> <span class='ocrx_word' id='word_1_600' title='bbox 2054 2352 2100 2393; x_wconf 90' lang='lat' dir='ltr'>ll.</span> 
     </span>
     <span class='ocr_line' id='line_1_69' title="bbox 1227 2410 1409 2462; baseline 0 -13"><span class='ocrx_word' id='word_1_601' title='bbox 1227 2424 1263 2462; x_wconf 89' lang='lat' dir='ltr'>p.</span> <span class='ocrx_word' id='word_1_602' title='bbox 1290 2410 1409 2462; x_wconf 81' lang='lat'>855.]</span> 
     </span>
    </p>

    <p class='ocr_par' dir='ltr' id='par_1_8' title="bbox 1225 2466 2102 2802">
     <span class='ocr_line' id='line_1_70' title="bbox 1285 2466 2100 2519; baseline 0 -15"><span class='ocrx_word' id='word_1_603' title='bbox 1285 2468 1554 2506; x_wconf 78' lang='lat' dir='ltr'>manducone.</span> <span class='ocrx_word' id='word_1_604' title='bbox 1581 2467 1663 2519; x_wconf 84' lang='lat' dir='ltr'>[De</span> <span class='ocrx_word' id='word_1_605' title='bbox 1678 2467 1753 2505; x_wconf 86' lang='lat' dir='ltr'>hoc</span> <span class='ocrx_word' id='word_1_606' title='bbox 1769 2466 1972 2513; x_wconf 81' lang='lat' dir='ltr'>vocabulo,</span> <span class='ocrx_word' id='word_1_607' title='bbox 1995 2466 2100 2518; x_wconf 89' lang='lat' dir='ltr'>quod</span> 
     </span>
     <span class='ocr_line' id='line_1_71' title="bbox 1226 2523 2102 2562; baseline 0 -1"><span class='ocrx_word' id='word_1_608' title='bbox 1226 2523 1422 2561; x_wconf 87' lang='lat' dir='ltr'>lioiiiiiiein</span> <span class='ocrx_word' id='word_1_609' title='bbox 1465 2524 1712 2562; x_wconf 72' lang='lat' dir='ltr'>incessanter</span> <span class='ocrx_word' id='word_1_610' title='bbox 1754 2523 2025 2562; x_wconf 86' lang='lat' dir='ltr'>comedentem</span> <span class='ocrx_word' id='word_1_611' title='bbox 2062 2528 2102 2561; x_wconf 82' lang='lat' dir='ltr'>et</span> 
     </span>
     <span class='ocr_line' id='line_1_72' title="bbox 1226 2579 2099 2631; baseline -0.001 -13"><span class='ocrx_word' id='word_1_612' title='bbox 1226 2581 1473 2619; x_wconf 83' lang='lat' dir='ltr'>mandentem</span> <span class='ocrx_word' id='word_1_613' title='bbox 1500 2580 1690 2629; x_wconf 72' lang='lat' dir='ltr'>significat</span> <span class='ocrx_word' id='word_1_614' title='bbox 1721 2580 1768 2619; x_wconf 85' lang='lat' dir='ltr'>cf.</span> <span class='ocrx_word' id='word_1_615' title='bbox 1784 2581 1905 2619; x_wconf 63' lang='lat' dir='ltr'>voss.</span> <span class='ocrx_word' id='word_1_616' title='bbox 1926 2579 2099 2631; x_wconf 74' lang='lat' dir='ltr'>Etymol.</span> 
     </span>
     <span class='ocr_line' id='line_1_73' title="bbox 1226 2635 2099 2686; baseline -0.001 -11"><span class='ocrx_word' id='word_1_617' title='bbox 1226 2651 1259 2675; x_wconf 76' lang='lat' dir='ltr'>s.</span> <span class='ocrx_word' id='word_1_618' title='bbox 1275 2651 1309 2677; x_wconf 78' lang='lat' dir='ltr'>v.</span> <span class='ocrx_word' id='word_1_619' title='bbox 1324 2638 1475 2677; x_wconf 78' lang='lat' dir='ltr'>mando</span> <span class='ocrx_word' id='word_1_620' title='bbox 1489 2641 1527 2674; x_wconf 89' lang='lat' dir='ltr'>et</span> <span class='ocrx_word' id='word_1_621' title='bbox 1542 2636 1678 2686; x_wconf 75' lang='lat' dir='ltr'>Argol.</span> <span class='ocrx_word' id='word_1_622' title='bbox 1693 2636 1742 2675; x_wconf 79' lang='lat' dir='ltr'>ad</span> <span class='ocrx_word' id='word_1_623' title='bbox 1756 2635 1917 2675; x_wconf 79' lang='lat' dir='ltr'>Panvin.</span> <span class='ocrx_word' id='word_1_624' title='bbox 1934 2637 1984 2675; x_wconf 87' lang='lat' dir='ltr'>de</span> <span class='ocrx_word' id='word_1_625' title='bbox 1997 2635 2099 2675; x_wconf 88' lang='lat' dir='ltr'>Lud.</span> 
     </span>
     <span class='ocr_line' id='line_1_74' title="bbox 1227 2692 2097 2743; baseline -0.002 -12"><span class='ocrx_word' id='word_1_626' title='bbox 1227 2693 1399 2734; x_wconf 74' lang='lat' dir='ltr'>Circeiis,</span> <span class='ocrx_word' id='word_1_627' title='bbox 1426 2693 1471 2732; x_wconf 89' lang='lat' dir='ltr'>ll.</span> <span class='ocrx_word' id='word_1_628' title='bbox 1497 2697 1532 2733; x_wconf 77' lang='lat'>⁶2.</span> <span class='ocrx_word' id='word_1_629' title='bbox 1572 2695 1605 2731; x_wconf 92' lang='lat' dir='ltr'>in</span> <span class='ocrx_word' id='word_1_630' title='bbox 1641 2693 1783 2732; x_wconf 76' lang='lat' dir='ltr'>Graev.</span> <span class='ocrx_word' id='word_1_631' title='bbox 1816 2692 1941 2733; x_wconf 81' lang='lat' dir='ltr'>Thes.</span> <span class='ocrx_word' id='word_1_632' title='bbox 1967 2693 2097 2743; x_wconf 91' lang='lat' dir='ltr'>Antiq.</span> 
     </span>
     <span class='ocr_line' id='line_1_75' title="bbox 1225 2749 1573 2802; baseline 0 -15"><span class='ocrx_word' id='word_1_633' title='bbox 1225 2749 1272 2790; x_wconf 87' lang='lat' dir='ltr'>T.</span> <span class='ocrx_word' id='word_1_634' title='bbox 1298 2749 1366 2789; x_wconf 83' lang='lat' dir='ltr'>IX.</span> <span class='ocrx_word' id='word_1_635' title='bbox 1393 2765 1429 2802; x_wconf 85' lang='lat' dir='ltr'>p.</span> <span class='ocrx_word' id='word_1_636' title='bbox 1456 2749 1573 2802; x_wconf 84' lang='lat'>347.]</span> 
     </span>
    </p>

    <p class='ocr_par' dir='ltr' id='par_1_9' title="bbox 1218 2805 2097 3199">
     <span class='ocr_line' id='line_1_76' title="bbox 1279 2805 2097 2860; baseline -0.001 -15"><span class='ocrx_word' id='word_1_637' title='bbox 1279 2821 1357 2860; x_wconf 75' lang='lat' dir='ltr'>per</span> <span class='ocrx_word' id='word_1_638' title='bbox 1370 2808 1539 2846; x_wconf 78' lang='lat' dir='ltr'>mediam</span> <span class='ocrx_word' id='word_1_639' title='bbox 1554 2806 1698 2846; x_wconf 72' lang='lat' dir='ltr'>aleam.</span> <span class='ocrx_word' id='word_1_640' title='bbox 1734 2806 1778 2844; x_wconf 86' lang='lat' dir='ltr'>Si</span> <span class='ocrx_word' id='word_1_641' title='bbox 1793 2805 2002 2844; x_wconf 84' lang='lat' dir='ltr'>lectionem</span> <span class='ocrx_word' id='word_1_642' title='bbox 2022 2818 2097 2844; x_wconf 84' lang='lat' dir='ltr'>me·</span> 
     </span>
     <span class='ocr_line' id='line_1_77' title="bbox 1223 2861 2096 2915; baseline -0.003 -13"><span class='ocrx_word' id='word_1_643' title='bbox 1223 2865 1336 2903; x_wconf 73' lang='lat' dir='ltr'>diam,</span> <span class='ocrx_word' id='word_1_644' title='bbox 1361 2863 1494 2915; x_wconf 83' lang='lat' dir='ltr'>plures</span> <span class='ocrx_word' id='word_1_645' title='bbox 1510 2862 1625 2901; x_wconf 89' lang='lat' dir='ltr'>codd.</span> <span class='ocrx_word' id='word_1_646' title='bbox 1638 2876 1732 2914; x_wconf 86' lang='lat' dir='ltr'>prae</span> <span class='ocrx_word' id='word_1_647' title='bbox 1746 2876 1792 2900; x_wconf 81' lang='lat' dir='ltr'>se</span> <span class='ocrx_word' id='word_1_648' title='bbox 1807 2862 1964 2908; x_wconf 81' lang='lat' dir='ltr'>ferrent,</span> <span class='ocrx_word' id='word_1_649' title='bbox 1990 2861 2096 2912; x_wconf 88' lang='lat' dir='ltr'>equi-</span> 
     </span>
     <span class='ocr_line' id='line_1_78' title="bbox 1222 2919 2097 2972; baseline -0.005 -13"><span class='ocrx_word' id='word_1_650' title='bbox 1222 2921 1312 2959; x_wconf 86' lang='lat' dir='ltr'>dem</span> <span class='ocrx_word' id='word_1_651' title='bbox 1337 2921 1560 2972; x_wconf 87' lang='lat' dir='ltr'>probarem,</span> <span class='ocrx_word' id='word_1_652' title='bbox 1588 2919 1732 2970; x_wconf 85' lang='lat' dir='ltr'>quippe</span> <span class='ocrx_word' id='word_1_653' title='bbox 1758 2932 1859 2970; x_wconf 84' lang='lat' dir='ltr'>quae</span> <span class='ocrx_word' id='word_1_654' title='bbox 1885 2919 1934 2958; x_wconf 84' lang='lat' dir='ltr'>ab</span> <span class='ocrx_word' id='word_1_655' title='bbox 1954 2919 2097 2957; x_wconf 85' lang='lat' dir='ltr'>usitata</span> 
     </span>
     <span class='ocr_line' id='line_1_79' title="bbox 1221 2974 2096 3027; baseline -0.003 -12"><span class='ocrx_word' id='word_1_656' title='bbox 1221 2977 1374 3016; x_wconf 85' lang='lat' dir='ltr'>dicendi</span> <span class='ocrx_word' id='word_1_657' title='bbox 1400 2977 1548 3015; x_wconf 84' lang='lat' dir='ltr'>ratione</span> <span class='ocrx_word' id='word_1_658' title='bbox 1574 2976 1690 3027; x_wconf 67' lang='lat' dir='ltr'>pli-,ne</span> <span class='ocrx_word' id='word_1_659' title='bbox 1714 2974 1884 3013; x_wconf 85' lang='lat' dir='ltr'>recedat.</span> <span class='ocrx_word' id='word_1_660' title='bbox 1917 2974 2096 3026; x_wconf 86' lang='lat' dir='ltr'>Utroque</span> 
     </span>
     <span class='ocr_line' id='line_1_80' title="bbox 1220 3031 2095 3084; baseline -0.005 -12"><span class='ocrx_word' id='word_1_661' title='bbox 1220 3047 1313 3072; x_wconf 76' lang='lat' dir='ltr'>vero</span> <span class='ocrx_word' id='word_1_662' title='bbox 1339 3046 1484 3084; x_wconf 79' lang='lat' dir='ltr'>genere</span> <span class='ocrx_word' id='word_1_663' title='bbox 1507 3036 1661 3071; x_wconf 80' lang='lat' dir='ltr'>veteres</span> <span class='ocrx_word' id='word_1_664' title='bbox 1686 3032 1799 3071; x_wconf 75' lang='lat' dir='ltr'>alcas</span> <span class='ocrx_word' id='word_1_665' title='bbox 1830 3031 1980 3070; x_wconf 83' lang='lat' dir='ltr'>dixisse</span> <span class='ocrx_word' id='word_1_666' title='bbox 2005 3045 2095 3070; x_wconf 91' lang='lat' dir='ltr'>con-</span> 
     </span>
     <span class='ocr_line' id='line_1_81' title="bbox 1218 3087 2095 3130; baseline -0.005 0"><span class='ocrx_word' id='word_1_667' title='bbox 1218 3094 1310 3129; x_wconf 78' lang='lat' dir='ltr'>stat.</span> <span class='ocrx_word' id='word_1_668' title='bbox 1345 3090 1449 3130; x_wconf 89' lang='lat' dir='ltr'>Oud.</span> <span class='ocrx_word' id='word_1_669' title='bbox 1473 3090 1617 3128; x_wconf 82' lang='lat' dir='ltr'>excitat</span> <span class='ocrx_word' id='word_1_670' title='bbox 1642 3092 1773 3127; x_wconf 86' lang='lat' dir='ltr'>notata</span> <span class='ocrx_word' id='word_1_671' title='bbox 1801 3101 1876 3127; x_wconf 84' lang='lat' dir='ltr'>sua</span> <span class='ocrx_word' id='word_1_672' title='bbox 1906 3087 1956 3127; x_wconf 83' lang='lat' dir='ltr'>ad</span> <span class='ocrx_word' id='word_1_673' title='bbox 1983 3088 2095 3127; x_wconf 85' lang='lat' dir='ltr'>Suet.</span> 
     </span>
     <span class='ocr_line' id='line_1_82' title="bbox 1218 3144 2094 3199; baseline 0.001 -15"><span class='ocrx_word' id='word_1_674' title='bbox 1218 3147 1343 3199; x_wconf 73' lang='lat' dir='ltr'>Vesp.</span> <span class='ocrx_word' id='word_1_675' title='bbox 1377 3151 1439 3188; x_wconf 76' lang='lat'>24.</span> <span class='ocrx_word' id='word_1_676' title='bbox 1479 3146 1588 3185; x_wconf 75' lang='lat' dir='ltr'>Serv.</span> <span class='ocrx_word' id='word_1_677' title='bbox 1620 3145 1669 3184; x_wconf 87' lang='lat' dir='ltr'>ad</span> <span class='ocrx_word' id='word_1_678' title='bbox 1695 3145 1800 3196; x_wconf 71' lang='lat' dir='ltr'>Virg.</span> <span class='ocrx_word' id='word_1_679' title='bbox 1828 3146 1927 3184; x_wconf 83' lang='lat' dir='ltr'>Aen.</span> <span class='ocrx_word' id='word_1_680' title='bbox 1955 3144 1999 3184; x_wconf 86' lang='lat' dir='ltr'>II.</span> <span class='ocrx_word' id='word_1_681' title='bbox 2027 3148 2094 3185; x_wconf 77' lang='lat'>51.</span> 
     </span>
    </p>
   </div>
   <div class='ocr_carea' id='block_1_8' title="bbox 2201 2502 2221 3667">
    <p class='ocr_par' dir='ltr' id='par_1_10' title="bbox 2201 2502 2221 3667">
     <span class='ocr_line' id='line_1_83' title="bbox 2201 2502 2221 3667; baseline 0 0"><span class='ocrx_word' id='word_1_682' title='bbox 2201 2502 2221 3667; x_wconf 95' lang='lat' dir='ltr'> </span> 
     </span>
    </p>
   </div>
  </div>
 </body>
</html>
