2221 3667
350 173 432 214 *210
616 172 661 211 L.
694 171 911 211 APULEH
942 167 1345 211 MADAURENSIS
1376 167 1920 208 METAMORPHOSEON

352 284 464 324 hians
496 290 535 324 et
569 297 636 338 spe
667 284 805 325 salutis
842 284 975 323 alacer
1004 296 1050 322 ae
1081 282 1206 320 lactus
1238 279 1398 333 propius
1424 280 1586 321 accessi.
1634 279 1816 333 Dumque
1841 280 1918 320 iam
1943 279 2056 321 labiis
2081 295 2153 321 un-

352 341 535 380 dantibus
567 340 730 391 affecto,
764 340 969 380 eonsilium
1001 351 1061 377 me
1093 336 1198 376 subit
1230 335 1348 389 longe
1380 335 1593 387 salubrius,
1626 351 1675 377 ne
1707 337 1741 376 si
1770 350 1929 376 rursum
1953 336 2066 376 asino
2090 351 2154 377 re-

351 403 456 436 moto
481 397 678 450 prodirem
704 397 744 436 in
770 396 958 444 Lucium,
993 393 1154 445 eridens
1181 391 1347 431 exitium
1377 392 1482 432 inter
1510 406 1649 432 manus
1674 393 1872 432 latronum
1897 392 2153 444 offenderem,-

350 453 413 492 vel
438 453 536 493 artis
561 453 739 507 magicae
765 451 987 506 suspicione
1012 446 1076 489 vel
1099 447 1235 488 indicii
1260 448 1382 488 futuri
1407 449 1697 490 criminatione.
1735 448 1850 489 Tunc
1868 448 1992 502 igitur·
2009 463 2033 489 a
2051 449 2155 490 rosis

349 607 382 631 el
397 608 472 633 anie
484 611 541 641 spe
555 605 639 633 delet
653 605 695 632 F:
706 605 732 631 1.
759 602 859 631 Uncis
873 600 949 629 hine
963 598 1039 628 dein
1050 599 1216 629 inclusum
1229 602 1290 628 est.
1337 607 1387 626 me
1400 601 1494 628 abest
1506 607 1527 628 a
1539 606 1575 629 π.
1618 599 1722 629 subiit
1735 601 1771 629 G.
1784 601 1823 630 D.
1837 600 1858 629 f.
1896 597 2060 628 Lucilium
2072 601 2110 629 F.
2124 602 2155 630 3.

349 649 384 676 in
398 648 530 677 euidens
548 651 585 678 F.
601 651 630 677 1.
678 647 868 683 suspelioue
888 645 925 674 F.
940 647 970 673 3.
1008 644 1218 681 suspectione
1231 653 1263 679 p.
1298 643 1465 674 iutlz'ce‘iD.
1482 644 1503 674 f.
1517 646 1588 673 edd.
1600 649 1677 674 velt.
1692 648 1819 680 praeter
1831 646 1946 674 Venet.
1959 647 1990 674 2.
2004 649 2036 674 et
2049 645 2155 674 Paris.

349 696 473 728 (imiine.
493 697 598 723 locuni
617 694 761 727 explicat
780 692 978 719 Beroaldus:
1006 691 1081 718 dum
1100 693 1271 727 verentur,
1297 698 1338 718 ne
1356 690 1513 718 indicium
1527 690 1647 719 faciam
1670 691 1801 719 illorum
1825 691 1902 719 furti
1926 690 2156 727 expilationis3

350 741 433 768 adde
451 744 481 768 et
501 740 730 773 criminantur,
756 744 805 764 me
824 736 1044 764 indicaturum
1062 743 1173 764 eorum
1191 737 1320 772 scelus,
1346 735 1376 763 si
1394 743 1445 764 nie
1464 736 1497 763 in
1517 736 1607 764 vivis
1626 736 1856 769 relinquerent.
1881 736 1974 764 Unde
1993 739 2079 770 patet
2092 741 2157 764 non

349 793 432 819 opus
452 794 540 820 esse.
562 787 594 811 ul
610 780 793 820 profuturi
804 779 1109 819 substituasfurti.
1129 787 1213 813 quae
1225 787 1289 809 vox
1303 788 1344 809 ex
1356 780 1623 815 interpretatione
1635 784 1715 810 nala
1726 784 1890 817 comparet
1900 781 1934 810 in
1942 782 1977 810 G.
1992 780 2157 818 Ρ.Β.φ.β.

349 829 437 857 rosis
453 828 581 867 quidem
597 831 631 856 G.
646 829 684 856 D.
698 828 735 855 P.
748 828 833 855 Elin.
847 826 951 854 Scriv.
963 825 1048 855 Pxic.
1062 825 1185 854 Florid.

350 962 584 1002 quamquam
616 962 647 986 c.
680 946 784 986 Oud.
817 946 978 985 alteram
1015 945 1223 985 lectionem

347 1006 530 1060 fluebant
543 1003 799 1055 probaverim,
825 1004 1006 1053 quoniam
1025 1004 1152 1056 fluere
1171 1003 1224 1041 di-

350 1066 484 1101 cuntur
514 1074 598 1105 res,
635 1073 737 1111 quae
765 1060 925 1098 madent
957 1059 1020 1111 [cf.
1053 1058 1138 1097 Intt.
1175 1059 1226 1098 ad

350 1118 435 1156 Liv.
467 1116 659 1155 XXXIV.
687 1121 752 1157 47.
778 1116 811 1166 ᾧ.
836 1120 872 1156 5.
905 1115 955 1155 ad
985 1115 1093 1166 Virg.
1125 1123 1225 1154 Aen.

352 1174 412 1212 lll.
440 1177 532 1214 626.
564 1173 734 1212 Accedit
759 1172 865 1223 quod
889 1171 1008 1223 Apul.
1034 1171 1132 1210 Met.
1158 1172 1226 1210 lv.

350 1245 386 1282 p.
403 1233 498 1271 239.
517 1244 601 1268 uon
621 1230 719 1269 illas
738 1243 854 1268 rosas
873 1234 1034 1268 teneras
1047 1233 1084 1267 et
1098 1241 1226 1267 amoe-

350 1301 436 1332 nas.
459 1286 690 1326 madidas
714 1286 844 1325 ‹lit-ini
874 1286 1007 1324 ‘roris
1031 1289 1068 1324 et
1092 1290 1212 1324 uecta

349 1345 408 1382 ris
438 1342 541 1381 dicit.
602 1341 727 1381 Unice
756 1355 821 1380 nie
846 1341 1024 1392 impedit,
1054 1355 1104 1379 ne
1127 1341 1228 1379 hanc

351 1401 560 1438 lectionem
589 1399 822 1450 receperim,
859 1398 965 1448 quod
999 1396 1228 1437 herbulas

353 1460 485 1506 gratas
515 1469 601 1493 rore
632 1456 819 1494 matutino
849 1454 968 1492 lluere
999 1454 1074 1492 dici
1103 1467 1229 1505 posse

354 1506 465 1563 nego.
514 1512 671 1550 Deinde
692 1511 957 1550 necessarium
978 1514 1073 1555 erat,
1097 1514 1139 1548 ut
1154 1512 1228 1564 flo-

352 1583 436 1607 rem
483 1582 659 1606 rosarum
712 1572 845 1606 auctor
898 1570 1229 1611 commemoraret,

355 1638 457 1676 quae
481 1626 622 1663 rubore
647 1625 801 1662 micanti
827 1627 1138 1676 praetereuntem
1152 1623 1229 1660 Lu-

355 1683 454 1719 cium
479 1681 714 1726 alliciebant,
740 1684 781 1718 ut
807 1693 878 1719 eas
904 1680 1152 1730 decerperet:
1192 1683 1231 1716 et

353 1738 457 1776 unde
488 1739 563 1777 iam
594 1751 617 1775 e
644 1737 852 1787 longinquo
879 1736 1097 1786 intelligere
1121 1738 1232 1787 pote·

355 1798 423 1832 rat.
450 1807 520 1832 eas
545 1806 632 1831 rore
656 1793 847 1845 {luitare‘q

412 1885 553 1922 alacer
572 1898 622 1922 ac
637 1884 778 1923 laetus.
807 1882 873 1935 [cs.
888 1881 984 1920 Met.
999 1881 1068 1921 XI.
1082 1895 1118 1933 p.
1135 1885 1228 1923 753.

361 1941 419 1978 De
445 1941 666 1978 discrimine
691 1940 821 1978 verbb.
849 1939 897 1978 ef.
917 1939 1067 1978 Ascon.
1092 1939 1129 1977 in
1152 1938 1228 1977 Cic.

358 1998 465 2035 Verr.
498 1997 585 2035 Aet.
606 1996 633 2036 l.
656 2000 691 2037 6.
713 1997 743 2047 ξ.
769 2001 830 2036 17.
857 1995 962 2046 apud
988 1994 1112 2034 Orell.
1137 1995 1228 2033 Vol.

359 2054 404 2091 Y.
434 2053 478 2090 Ρ.
513 2057 549 2093 2.
587 2067 624 2104 p.
660 2057 739 2093 132
769 2066 829 2103 sq.
867 2052 997 2091 Doed.
1033 2051 1131 2103 Syn.
1166 2051 1229 2089 Ill.

358 2124 393 2161 p.
405 2114 497 2150 247.
511 2109 676 2148 Ramsh.
694 2110 910 2160 Synonym.
926 2107 1230 2159 T0111.l.p.208.

356 2166 539 2204 Scliwab.
581 2166 631 2204 ad
673 2165 842 2204 Phaedr.
885 2164 929 2204 ΙΙ.
967 2168 1006 2205 5.
1044 2168 1108 2205 22.
1153 2163 1230 2202 Cic.

356 2223 405 2261 de
441 2222 529 2260 Div.
568 2220 612 2260 ll.
646 2226 713 2263 26.
749 2223 779 2273 §.
813 2225 878 2261 56.
942 2220 1001 2259 lta
1037 2221 1233 2271 coniungit

361 2279 474 2329 Apul.
502 2278 600 2317 Met.
628 2277 710 2317 Vll.
743 2292 780 2329 p.
807 2281 902 2318 473.
931 2277 1122 2330 [fundens
1154 2278 1232 2317 Iae-

358 2335 529 2388 !usq1w.]

415 2425 548 2464 subiit.
597 2425 678 2468 Me..
704 2425 808 2475 quod
835 2423 930 2463 Cod.
956 2439 994 2463 π.
1021 2423 1140 2469 delet,
1164 2425 1228 2463 31)-

359 2496 452 2519 esse
471 2495 597 2532 posse
610 2480 964 2533 pronuntiatssud..
984 2482 1017 2519 si
1039 2482 1146 2520 subit
1160 2495 1229 2532 pro

359 2540 398 2576 in
413 2542 579 2577 ‘tuentem
593 2539 690 2577 milei
704 2538 855 2576 incidit
867 2541 1041 2589 ponatur.
1058 2536 1230 2588 [assurt.

361 2594 460 2632 Vlll.
477 2598 515 2634 2.
536 2597 572 2634 6.
599 2595 722 2633 subiitv
753 2595 1077 2633 anniversarium
1106 2595 1231 2633 sacri-

355 2652 492 2703 ficium
507 2650 659 2689 Libero
673 2651 793 2702 patri
811 2664 894 2688 uon
913 2663 993 2688 esse
1010 2650 1229 2689 redditum.

361 2706 444 2745 lntt.
471 2707 521 2745 ad
545 2707 653 2757 Yirg.
680 2707 780 2745 Aen.
796 2705 841 2744 ll.
857 2709 950 2747 560.
976 2705 1091 2744 Ovid.
1118 2705 1235 2744 Trist.

360 2762 423 2801 lll.
442 2767 502 2802 13.
519 2768 583 2803 24.
627 2763 701 2801 Hic
725 2767 855 2800 tamen
882 2776 957 2800 non
982 2763 1119 2813 probo,
1146 2763 1237 2813 quia

360 2819 552 2868 Apuleius
595 2820 739 2870 ubique
778 2818 843 2856 vel
874 2819 1150 2864 accusativum,
1187 2818 1236 2857 cl'.

359 2872 550 2914 Motwt
578 2879 670 2916 449.
698 2890 734 2927 p.
761 2879 855 2915 452.
881 2888 918 2925 p.
944 2879 1058 2919 474..
1081 2876 1146 2912 vel
1171 2875 1236 2912 da-

360 2932 476 2968 tivum
502 2931 600 2970 Met.
626 2931 711 2969 Vll.
738 2945 773 2982 p.
794 2935 887 2971 465.
914 2931 1110 2969 adsciscit.
1170 2931 1234 2968 De

361 2986 489 3024 dativo
533 2988 580 3026 cl'.
623 2988 780 3026 h’ulink.
818 2988 868 3026 ad
905 2987 1061 3025 Heroid.
1098 2985 1233 3024 XVII!

362 3046 425 3081 62.
453 3044 513 3081 ubi
552 3046 687 3084 (mimo
727 3049 797 3084 tem
834 3058 908 3083 non
946 3042 1232 3082 sollicitandum

360 3098 450 3149 est]

1341 947 1583 1000 suspicione.
1633 946 1788 999 [Lectio
1807 946 1850 985 F.
1866 950 1903 987 3.
1927 948 2158 998 suspetione

1285 1008 1325 1042 et
1348 1017 1386 1054 p.
1411 1004 1668 1055 suspectione
1694 1016 1927 1055 quamquam
1945 1003 2155 1043 mihicom-

1288 1061 1489 1111 probatur,
1527 1060 1563 1098 in
1598 1063 1707 1098 textu
1743 1063 1871 1098 tamen
1908 1074 2055 1111 ponere
2081 1075 2156 1099 nou

1286 1117 1432 1161 audeo,
1469 1116 1560 1167 quia
1594 1129 1659 1154 res
1690 1116 1860 1155 nondum
1890 1117 1940 1154 ad
1971 1117 2157 1168 liquidum

1286 1173 1474 1225 perducta
1498 1176 1570 1211 est.
1596 1172 1640 1210 F.
1655 1172 1694 1213 3.
1718 1173 1910 1225 scriptura
1933 1174 1986 1212 ita
2008 1173 2159 1211 videtur

1288 1232 1441 1275 exorta,
1473 1233 1515 1267 nt
1545 1243 1568 1268 c
1606 1228 1731 1268 littera
1765 1233 1855 1268 ante
1880 1234 1895 1268 t
1920 1230 2070 1268 omissa
2093 1231 2157 1275 sit,

1288 1286 1392 1336 quod
1417 1299 1494 1324 non
1526 1299 1610 1324 raro
1643 1287 1679 1324 in
1704 1285 1807 1325 Mss.
1840 1285 2157 1338 deprehenditur,

1287 1356 1404 1393 quum
1435 1343 1520 1381 vice
1554 1355 1671 1381 versa
1705 1343 1866 1393 saepius
1901 1343 2082 1388 addatur,
2118 1347 2160 1381 ut

1284 1402 1486 1452 frutetum
1527 1402 1567 1436 et
1598 1401 1844 1451 fruc-tetum.-
1884 1400 2076 1439 virectum
2119 1402 2159 1437 et

1287 1456 1455 1494 viretum
1479 1456 1514 1493 in
1539 1453 1644 1493 Mss.
1670 1456 1820 1506 passim
1845 1459 2055 1495 occurrunt.
2092 1455 2159 1494 Sic

1288 1513 1324 1549 in
1351 1511 1449 1552 G.2.
1474 1512 1719 1551 uzactutiuus
1744 1525 1811 1562 pro
1836 1513 2068 1557 matutinus,
2094 1526 2157 1551 co-

1290 1568 1452 1607 mictere
1487 1580 1555 1618 pro
1594 1569 1841 1607 conmittere
1877 1567 1926 1606 al.
1960 1568 2047 1619 legi.
2095 1567 2159 1606 De

1292 1624 1419 1662 forma
1442 1624 1648 1675 suspectio
1672 1623 1773 1662 haee
1797 1628 1964 1674 possunt
1988 1624 2157 1676 proferri.

1292 1679 1412 1718 Erant
1442 1678 1509 1730 qui
1545 1683 1703 1731 propter
1738 1680 1846 1718 metri
1884 1681 2158 1719 necessitatem

1290 1738 1495 1787 suspectio
1508 1749 1578 1787 pro
1596 1737 1778 1789 suspicio
1797 1741 1928 1775 contra
1947 1737 2049 1776 Mss.
2067 1743 2158 1789 poe·-

1290 1793 1345 1830 1is
1376 1792 1634 1839 intruderent3
1670 1792 1718 1831 cs.
1755 1793 1885 1832 Bentl.
1923 1794 1973 1832 ad
2005 1793 2158 1832 Terent.

1291 1848 1413 1887 Andr.
1438 1848 1502 1887 111.
1528 1853 1565 1889 2.
1591 1853 1658 1890 21.
1684 1849 1866 1888 Schwab.
1892 1853 1932 1888 et
1954 1850 2084 1889 Burni.
2109 1850 2160 1888 ad

1291 1905 1460 1944 Phaedr.
1486 1905 1564 1945 fab.
1588 1904 1651 1943 Ill.
1677 1906 1774 1956 prol.
1801 1911 1867 1946 45.
1893 1910 1932 1944 et
1956 1907 2006 1945 ad
2031 1906 2095 1945 lll.
2122 1912 2158 1947 5.

1291 1965 1356 2002 36.
1381 1961 1523 2001 Plures
1542 1961 1626 2001 Intt.
1647 1963 1789 2003 excitat
1809 1962 1939 2001 Burni.
1959 1964 2010 2002 ad
2029 1963 2159 2009 Quint.

1290 2018 1469 2057 Declam.
1495 2017 1521 2057 Ι.
1548 2022 1584 2060 2.
1611 2031 1648 2069 p.
1676 2023 1713 2059 7.
1761 2018 1863 2057 Oud.
1894 2019 1943 2058 ad
1969 2019 2086 2058 Caes.
2111 2020 2158 2058 B.

1292 2075 1339 2113 G.
1355 2074 1421 2113 w.
1449 2079 1484 2115 7.
1509 2075 1561 2113 ad
1580 2074 1711 2114 Front.
1733 2075 1759 2113 1.
1781 2080 1818 2116 8.
1838 2089 1875 2127 p.
1900 2079 1990 2116 105.
2021 2076 2159 2114 Munk.

1290 2131 1342 2169 ad
1372 2129 1485 2183 Fulg.
1516 2130 1685 2182 Mythol.
1717 2130 1780 2170 111.
1810 2145 1982 2184 prooem.
2031 2131 2159 2178 Quum

1292 2201 1384 2225 vero
1409 2189 1626 2240 suspicere,
1664 2187 1713 2228 cf.
1739 2188 1835 2227 Sall.
1860 2187 1941 2240 lug.
1968 2192 2034 2229 70.
2066 2188 2097 2238 §.
2125 2194 2159 2229 1.

1292 2249 1503 2296 suspectus
1525 2245 1618 2297 reyi
1642 2250 1680 2284 et
1708 2245 1795 2297 ipse
1818 2259 1906 2284 eum
1928 2246 2159 2297 suspiciens

1294 2301 1346 2339 de
1371 2314 1419 2339 eo
1444 2300 1615 2346 dicatur,
1648 2301 1713 2351 qui
1742 2300 1905 2340 alterum
1934 2306 2161 2353 suspectum

1296 2358 1435 2402 habet,
1461 2357 1566 2408 apud
1592 2355 1769 2396 Tacitum
1791 2371 1884 2396 vero
1909 2371 1995 2397 voc.
2026 2371 2160 2410 suspe-

1297 2418 1411 2452 ctare
1441 2413 1581 2451 eadem
1610 2414 1839 2464 significatio
1875 2415 1927 2452 sit
1961 2414 2162 2452 tritissima

1290 2474 1333 2508 et
1357 2469 1460 2520 apud
1479 2469 1597 2520 Apul.
1623 2470 1751 2520 ipsum
1770 2469 1888 2521 Apol.
1908 2483 1945 2521 p.
1961 2473 2054 2511 585.
2079 2485 2161 2510 sus-

1285 2531 1460 2578 pectans
1489 2540 1634 2565 novam
1670 2527 1832 2566 domum
1867 2526 2036 2577 legatur,
2072 2526 2162 2564 hinc

1292 2597 1367 2621 non
1399 2582 1533 2627 video,
1564 2582 1657 2632 quid
1686 2582 1889 2634 impediat,
1922 2595 1998 2633 quo
2034 2583 2161 2621 minus

1291 2640 1496 2691 suspectio
1520 2638 1624 2676 idem
1649 2651 1761 2685 esse,
1788 2639 1893 2689 quod
1918 2641 2099 2690 suspicio
2124 2644 2161 2677 et

1295 2696 1545 2747 suspectatio
1569 2695 1756 2734 dicamus.
1786 2694 1941 2733 Deinde
1961 2694 2041 2734 Ms.
2062 2696 2160 2745 fleg.

1295 2752 1400 2802 apud
1423 2752 1570 2790 Arnob.
1589 2751 1640 2790 V.
1669 2755 1730 2792 16.
1761 2753 1966 2801 suspectio
1992 2765 2160 2803 compro-

1297 2809 1379 2853 bat,
1411 2820 1645 2858 quamquam
1675 2807 1737 2846 hic
1768 2821 1924 2859 quoque
1954 2821 2022 2859 pro
2053 2822 2162 2846 more
2220 2838 2221 2851 i

1295 2878 1369 2902 suo
1411 2864 1665 2902 emendarunt
1699 2865 1928 2914 interpretes
1970 2865 2161 2916 suspicio.
2218 2894 2221 2899 .

1296 2920 1344 2959 es.
1375 2919 1486 2971 Lips.
1519 2920 1644 2971 Epist.
1677 2919 1838 2966 Quaest.
1869 2920 1932 2959 Ill.
1966 2925 2028 2960 15.
2077 2920 2161 2959 Sed
2219 2944 2221 2961 ι

1292 2977 1344 3015 ibi
1385 2981 1531 3015 tantum
1572 2978 1776 3028 suspectio
1816 2978 1907 3027 poni
1947 2976 2056 3021 volo,
2096 2977 2161 3014 ubi
2216 2988 2221 3023 3¹*

2098 3033 2161 3071 De
2217 3036 2220 3043 ’

1293 3033 1406 3072 codd.
1444 3033 1576 3084 optimi
1612 3036 1747 3084 aperte
1784 3033 1823 3071 id
1857 3032 2038 3084 flagitant.

1293 3091 1541 3142 suspectatio
1566 3088 1615 3130 cf.
1639 3088 1690 3129 ad
1713 3088 1808 3128 Met.
1835 3089 1885 3129 X.
1910 3103 1948 3140 p.
1974 3089 2092 3139 692]
