2155 3590
688 143 878 183 LIBER
906 143 977 182 VI.
1038 141 1164 181 CAP.
1193 140 1244 180 X.
1273 138 1349 179 xl.

1815 134 1897 176 429

110 257 208 298 tanti
232 263 409 311 prompta
431 254 640 297 velocitate
666 256 899 297 succurrite.
938 254 1077 295 Ruunt
1101 253 1201 293 aliae
1226 263 1419 305 superque
1450 248 1549 288 aliae
1574 247 1756 302 sepedum
1780 260 1900 300 popu-

70 325 75 328 ·
108 313 234 354 lorum
265 314 412 364 undae,
451 326 678 365 summoque
710 313 837 352 studio
869 312 1048 365 singulae
1085 308 1279 364 granatim
1315 314 1438 346 totum
1475 305 1657 358 digerunt
1692 317 1898 352 acervum,

109 370 398 425 separatimque
422 369 640 410 distributis
666 369 889 422 dissitisque
916 368 1149 422 generibus,
1176 379 1198 406 e
1222 369 1434 417 conspectu
1459 361 1671 417 perniciter
1695 360 1854 400 abeunt.

690 562 1129 612 CAPUT
1232 559 1337 607 XI.

225 695 303 738 Sed
324 696 330 753 Ι
349 697 462 737 initio
501 697 626 737 noctis
667 710 688 736 e
725 696 908 737 convivio
946 694 1109 749 nuptiali
1139 693 1232 733 w'no
1263 692 1423 732 madens
1454 697 1494 730 et
1523 690 1707 743 fragrans
1732 686 1908 726 baleama
1930 683 1993 716 4⁰1

111 753 249 796 Venus
275 761 445 804 remeat,
480 761 680 807 totumque
710 753 889 793 revincta
921 766 1061 805 corpus
1092 750 1196 791 rosis
1228 748 1483 797 micantibus,
1517 746 1680 798 visaque
1706 742 1909 797 diligentia

113 811 202 851 miri
225 811 392 851 laboris:
422 810 516 851 Non
540 818 670 859 tuum,
704 809 851 862 inquit,
886 809 1145 861 nequissima,
1180 820 1252 847 nee
1276 813 1432 846 tuarum
1458 816 1641 843 manuum
1666 801 1769 841 istud
1795 813 1907 852 opus,

115 868 180 908 sed
212 867 340 918 illius,
379 867 442 908 cui
475 875 540 908 tuo
571 867 689 906 immo
720 873 759 906 et
788 865 908 920 ipsius
940 865 1042 904 malo
1072 863 1267 919 placuisti.
1316 860 1371 901 Et
1401 861 1527 901 frusto
1559 857 1696 899 cibarii
1732 856 1844 911 panis
1875 855 1912 895 ei

115 1009 284 1044 ruuntque
297 1005 388 1034 aliae
400 1008 437 1036 B.
486 1009 628 1044 suntque
642 1014 699 1041 pro
713 1013 877 1042 superque
891 1014 920 1039 p.
968 1011 1132 1040 superque
1145 1002 1226 1030 illae
1243 1004 1328 1030 Elm.
1346 1002 1476 1030 vitiose.
1525 1007 1600 1036 sepe
1625 997 1706 1033 (non
1720 995 1834 1032 saepe)
1859 1003 1914 1030 pro

115 1051 266 1088 sepedum
281 1054 316 1081 G.
326 1054 451 1081 P.D.0.
465 1054 504 1080 R.
518 1053 540 1080 f.
554 1050 599 1082 δ’..
622 1053 654 1080 in
668 1053 785 1085 quibus
798 1051 946 1079 omnibus
956 1047 1155 1085 popularum
1170 1046 1279 1075 undae
1294 1047 1529 1075 desiderantur.
1564 1041 1741 1080 saepedum
1754 1044 1837 1071 lunt.
1849 1042 1914 1069 1-2.

110 1096 310 1134 populorum
326 1097 400 1124 ciue
413 1105 603 1134 samumque
617 1095 727 1124 studio
741 1097 861 1131 legitur
873 1096 906 1122 in
922 1096 956 1122 Β.
972 1093 1061 1129 (nee,
1076 1098 1108 1122 ut
1123 1094 1202 1122 oud.
1217 1095 1322 1125 habet,
1334 1090 1533 1128 populorum
1547 1090 1638 1124 viae,
1654 1096 1778 1116 summo
1793 1084 1916 1114 studio.

116 1141 201 1170 unde
221 1150 276 1177 pro
296 1141 406 1169 undae
418 1143 562 1178 Vicera,
588 1143 671 1176 quod
690 1146 801 1170 contra
819 1141 890 1169 eius
910 1147 1028 1168 morem
1048 1143 1106 1167 est.
1152 1138 1327 1174 granatim
1342 1135 1495 1173 singulae
1508 1136 1637 1164 inverso
1652 1134 1764 1162 ordine
1778 1133 1813 1160 G.
1827 1133 1863 1160 P.
1878 1132 1915 1159 D.

114 1189 197 1216 Elui.
223 1180 356 1224 st'n‘gult'z
371 1189 406 1216 B.
454 1185 576 1224 digerit
590 1196 619 1222 p.
667 1185 819 1214 distintis
833 1193 888 1219 pro
902 1182 1031 1211 dissitis
1046 1185 1082 1211 G.
1120 1181 1355 1219 distinctisque·
1366 1180 1541 1218 generibus
1555 1181 1590 1209 P.
1600 1181 1635 1207 G.
1662 1179 1847 1206 Pricaeana
1858 1176 1916 1204 Ed.

117 1233 156 1261 de
174 1241 261 1261 more
274 1233 522 1261 XVowerianam
542 1227 672 1266 secula.
699 1232 781 1264 quod
800 1230 897 1258 etiam
917 1229 1102 1256 salmasius
1120 1228 1262 1262 margini
1282 1227 1415 1255 adlevit.
1438 1227 1514 1254 Vox
1533 1226 1605 1254 sine
1618 1224 1714 1253 dubio
1727 1232 1745 1251 e
1757 1225 1870 1258 glossa
1884 1222 1918 1249 in

117 1279 208 1306 codd.
222 1278 364 1312 irrepsit.
412 1280 444 1303 et
458 1277 699 1313 conspectm'G.
714 1277 750 1304 P.
764 1277 801 1303 D.
847 1273 1031 1310 paerm'c1·ter
1046 1275 1157 1301 exulat
1172 1279 1192 1300 a
1206 1272 1227 1300 f.

207 1321 266 1350 sed
282 1322 314 1349 in
335 1322 431 1349 initio
445 1323 481 1350 B.
519 1322 675 1350 Pricaeus
688 1329 728 1349 ex
739 1320 904 1348 similibus
919 1319 1002 1347 locis
1015 1319 1138 1346 mavult
1153 1317 1201 1345 sr'c
1216 1316 1323 1344 initio.
1358 1317 1401 1344 At
1417 1316 1497 1344 nihil
1512 1319 1561 1344 est
1574 1315 1607 1343 in
1622 1316 1757 1348 vulgata
1768 1313 1918 1346 lectione.

117 1368 200 1402 quod
220 1367 370 1396 offendat.
401 1366 678 1400 Frequentissime
697 1373 772 1394 vero
791 1367 849 1392 boc
869 1366 921 1392 vel
941 1365 996 1391 illo
1017 1363 1126 1391 codice
1146 1362 1266 1390 frustra
1287 1362 1450 1390 invenitur
1470 1361 1502 1387 in
1524 1360 1711 1395 praeposita
1724 1363 1798 1387 ante
1811 1357 1919 1389 im'tu'o,

118 1413 201 1447 quod
222 1413 340 1446 ubique
359 1416 476 1440 temere
490 1412 610 1440 factum
630 1420 704 1439 esse
723 1410 873 1439 existimo
893 1418 956 1437 non
978 1411 1103 1442 propter
1122 1407 1313 1435 senteutiam
1340 1406 1529 1439 locutionis,
1556 1406 1612 1433 sed
1639 1412 1692 1438 per
1716 1403 1922 1431 librariorum

119 1457 378 1493 festinationem,
405 1457 459 1490 qui
479 1458 615 1485 eandem
634 1458 798 1490 syllabam
820 1455 870 1483 bis
892 1457 1077 1488 posuerunt.
1102 1454 1151 1480 lta
1165 1454 1241 1480 Met.
1256 1453 1279 1480 1.
1296 1460 1323 1485 p.
1339 1453 1392 1478 63.
1407 1451 1499 1479 codd.
1514 1449 1663 1478 nonnulli
1678 1452 1706 1477 et
1721 1449 1790 1476 edd.
1805 1450 1922 1476 habent

120 1503 308 1540 qm'slalim
321 1502 355 1529 r'n
369 1502 505 1530 initio.
530 1503 583 1530 111.
600 1510 628 1536 p.
643 1503 718 1529 204.
735 1509 762 1535 p.
778 1501 854 1528 210.
902 1497 1032 1536 equr'cio
1047 1495 1076 1525 ὁὶ
1100 1500 1133 1524 ει
1147 1497 1297 1524 concinit,
1312 1498 1348 1524 G.
1362 1497 1400 1524 D.
1449 1493 1614 1530 nuptialis
1634 1495 1669 1523 F.
1692 1495 1720 1522 1.
1742 1496 1823 1521 teste
1843 1493 1922 1521 oud.

119 1548 153 1577 in
173 1547 346 1576 collatione
363 1548 578 1582 Lindenbrog.
598 1547 681 1574 nibil
701 1547 889 1575 adnotatum
909 1548 968 1573 est.
1016 1551 1080 1570 uno
1100 1540 1236 1569 madens
1256 1543 1369 1570 Venet.
1386 1543 1416 1569 2.
1443 1537 1619 1578 flagrans.
1655 1540 1828 1572 Perperam
1842 1540 1922 1566 Mssa

120 1593 251 1627 quidam
276 1593 387 1621 nescio
412 1593 509 1626 quiet
525 1593 594 1620 edd.
611 1595 686 1620 ante
700 1590 903 1618 xvowerium
928 1593 1040 1617 contra
1065 1588 1220 1617 monitum
1247 1587 1396 1615 Bere-aldi
1416 1588 1546 1614 liabent.
1583 1584 1735 1614 Confusio
1756 1583 1925 1616 utriusque

119 1638 274 1666 vocabuli
289 1637 551 1672 frequentissima
566 1641 624 1665 est.
651 1636 691 1665 ef.
706 1637 746 1664 ad
760 1639 836 1664 Met.
850 1636 904 1663 lu.
921 1642 948 1668 ρ.
965 1635 1040 1662 ⁸209.
1088 1631 1240 1660 balsamo
1254 1639 1290 1660 π.
1306 1633 1390 1660 male
1405 1639 1445 1659 ex
1458 1631 1584 1660 librarii
1599 1629 1738 1664 ingenio,
1760 1628 1813 1662 qui
1827 1635 1925 1656 accu-

121 1684 264 1712 sativum
278 1691 340 1712 non
353 1683 526 1712 intellexit.
551 1682 591 1710 cf.
605 1684 681 1710 Met.
694 1683 734 1710 11.
751 1689 778 1715 p.
797 1682 867 1709 108.
900 1678 1010 1706 Venus
1081 1674 1408 1714 cinnamaflagruns
1423 1679 1457 1703 et
1470 1675 1624 1703 balsama
1637 1681 1772 1701 rorans.
1821 1676 1925 1700 tottam

122 1736 186 1756 non
206 1729 317 1757 addita
337 1728 498 1762 particula
517 1735 579 1764 que
600 1731 688 1755 extat
710 1728 745 1755 G.
761 1727 795 1754 P.
810 1727 847 1754 D.
863 1727 897 1753 Ο.
911 1726 1057 1753 Wower.
1073 1725 1157 1752 Prie.
1178 1730 1355 1758 perperam.
1393 1722 1454 1750 Hic
1479 1721 1564 1750 enim
1589 1724 1719 1755 propter
1744 1719 1841 1747 totius
1863 1718 1924 1746 loci

123 1773 371 1802 concinnitatem
386 1773 572 1801 necessario
588 1773 735 1807 ponenda
749 1774 815 1800 erat
831 1772 965 1805 copula.
992 1770 1022 1797 id
1039 1770 1120 1803 quod
1135 1770 1215 1797 (lud.
1230 1775 1349 1803 negare
1368 1776 1430 1796 non
1445 1768 1590 1795 debebat.
1639 1763 1769 1792 ret-icta
1784 1762 1812 1792 ὃ.
1861 1771 1926 1789 mm

126 1821 231 1846 tulum
245 1818 355 1855 inquit
369 1815 397 1846 δ.
423 1825 500 1844 nam
517 1821 607 1845 tuum
622 1816 732 1854 inquil
746 1816 853 1845 Paris.
894 1815 1030 1855 femina
1046 1823 1099 1849 pro
1114 1813 1320 1851 neqm'est'mrt
1334 1817 1503 1841 exaratum
1519 1812 1549 1839 in
1559 1812 1592 1839 0.
1608 1818 1627 1839 a
1640 1818 1679 1838 m.
1696 1818 1724 1843 p.
1734 1828 1742 1841 .
1758 1810 1841 1837 unde
1855 1808 1928 1836 Pri-

124 1871 224 1892 caeus
239 1867 407 1897 utrumque
419 1863 620 1892 retinendum
633 1871 709 1890 esse
729 1863 881 1896 putabat,
908 1860 984 1894 quia
998 1860 1046 1887 sic
1061 1859 1140 1887 alibi
1155 1861 1348 1887 occurreret.
1372 1857 1498 1886 Confer.
1513 1859 1590 1884 Met.
1602 1857 1642 1884 11.
1656 1862 1683 1888 p.
1701 1854 1774 1883 157.
1823 1853 1857 1880 in
1871 1860 1928 1879 ne-

117 1908 257 1948 fariam
270 1907 514 1945 scelestamque
527 1907 805 1946 istmnfemr'nam
830 1908 885 1934 111.
901 1914 930 1940 p.
947 1906 1021 1932 222².
1042 1899 1835 1941 nequissimamfam‘nnrt'sm'mamqnefemt'nam.
1866 1899 1929 1926 Sed

126 1956 203 1982 Met.
215 1955 305 1988 1V.p.
320 1955 396 1982 264.
410 1952 460 1980 sic
473 1952 680 1990 nequissima
693 1951 755 1978 illu
769 1950 982 1988 depreeatur.
1017 1947 1111 1976 istud
1123 1956 1204 1986 opus
1218 1950 1330 1977 exulat
1345 1955 1365 1976 a
1380 1948 1398 1976 f.
1436 1946 1580 1986 etfurto
1594 1946 1630 1975 F.
1649 1948 1676 1973 1.
1690 1953 1720 1980 p.
1745 1944 1928 1984 etfrustro

127 2001 164 2027 G.
178 2000 215 2028 P.
228 2000 267 2027 D.
280 2000 394 2027 Venet.
408 2000 440 2026 2.
457 1997 579 2037 frusto
593 1998 722 2026 Vicent.
764 1995 861 2032 penis
876 2003 930 2031 pro
939 1995 1040 2031 panis
1054 1996 1094 2023 D.

131 2123 291 2159 nectant
303 2119 410 2158 calle
423 2123 598 2172 anyusio
714 2119 1003 2169 castiyantque

1062 2114 1184 2154 Thes.
1212 2115 1343 2167 Antiq.
1362 2113 1466 2153 Vlll.
1497 2128 1535 2166 p.
1566 2117 1683 2154 1043.
1711 2116 1778 2152 44.
1810 2111 1931 2163 Apol.

130 2189 283 2220 moras,
310 2189 434 2227 opere
459 2176 585 2214 omnis
609 2175 748 2214 semita
772 2172 933 2226 ferret]

1061 2185 1100 2223 p.
1123 2171 1242 2224 575.]

189 2232 336 2272 undae.
386 2230 531 2283 [Unda
553 2232 588 2268 in
609 2232 830 2268 universum
849 2230 898 2267 (le
913 2243 1004 2280 qua-

135 2301 285 2339 cunque
310 2287 443 2325 dicitur
467 2287 721 2332 multitudine,
747 2287 782 2324 in
809 2299 884 2337 qua
908 2286 1006 2323 alter

135 2357 254 2394 super
285 2344 446 2382 alterum
477 2343 638 2382 truditur
661 2356 815 2394 urgens.
865 2343 931 2380 Sic
957 2341 1005 2379 de

137 2400 378 2439 multitudine
393 2400 527 2452 populi
553 2399 599 2438 cs.
615 2399 682 2438 Dr.
699 2399 748 2437 ad
758 2398 902 2438 Sitlv.
917 2401 1007 2439 159.

139 2457 246 2506 virg.
273 2457 415 2507 Georg.
443 2456 489 2494 ll.
516 2455 634 2507 462]

195 2511 285 2551 Car.
311 2513 381 2552 XI.
407 2527 427 2552 e
452 2514 636 2552 cont-irio
661 2511 852 2563 mtptt'alt'.
886 2511 1009 2564 [Con-

139 2570 284 2609 vivium.
314 2569 500 2621 nuptiale
535 2570 631 2606 inter
663 2568 1008 2620 splendidissimas

138 2625 379 2664 referebatur
391 2626 494 2677 apud
508 2631 662 2663 veteres
683 2625 822 2676 epulas
833 2656 842 2671 ‚
869 2625 1008 2675 quibus

141 2682 246 2721 laute
276 2686 395 2733 atque
427 2683 587 2733 opipare
619 2682 805 2720 convivae
845 2681 1012 2732 excipie-

139 2739 297 2784 bantur,
330 2739 434 2790 quod
466 2740 540 2776 iam
566 2739 655 2776 inde
679 2742 814 2789 potest
838 2737 1013 2787 intelligi,

142 2795 248 2846 quod
289 2796 400 2847 leges
441 2795 702 2833 Romanorum
751 2795 1015 2845 sumptuariae

142 2851 310 2890 maiores
325 2855 504 2903 sumptus
524 2851 719 2903 nuptiales
745 2850 883 2902 epulas
907 2863 1016 2900 prae-

143 2907 324 2947 bentibus
336 2908 618 2960 permittebant.
634 2907 681 2945 cf.
691 2907 742 2944 de
754 2907 815 2945 his
829 2906 1015 2946 conviviis

144 2962 231 3002 Intt.
268 2966 319 3004 ad
356 2963 525 3002 Iuvenal.
559 2965 640 3002 sat.
663 2962 728 3002 Vl.
756 2967 848 3004 203.
885 2964 1016 3014 ibique

149 3019 284 3060 Schol.
315 3035 398 3060 cum
431 3021 532 3059 notis
557 3020 744 3065 Crameri,
776 3019 826 3058 ad
850 3019 894 3058 ll.
924 3024 1017 3060 1‘20.

147 3074 303 3116 Ruhnk.
335 3078 385 3117 ad
418 3077 528 3116 Suet.
556 3076 677 3128 Calig.
707 3091 739 3115 c.
767 3080 831 3117 25.
859 3089 894 3128 p.
921 3080 1014 3117 269.

148 3129 324 3173 Brisson.
360 3134 411 3172 de
446 3135 519 3173 ritu
555 3135 768 3186 nuptiarum
806 3133 842 3171 in
874 3133 1015 3172 Graev.

1104 2231 1309 2281 srayram
1327 2229 1518 2267 balsama.
1535 2226 1592 2279 [In
1607 2227 1820 2278 nuptiarum
1835 2227 1935 2263 enim

1063 2285 1376 2323 solemnitatibus
1401 2286 1518 2322 moris
1550 2288 1650 2328 erat,
1686 2287 1728 2321 ut
1757 2281 1936 2321 balsama

1064 2346 1349 2393 spargerentur,
1374 2341 1476 2379 unde
1505 2341 1569 2379 hic
1594 2340 1731 2378 venus
1757 2338 1936 2378 balsama

1063 2401 1266 2451 fraqi-are
1291 2398 1443 2442 dicitur;
1492 2397 1539 2435 cf.
1571 2396 1667 2435 Met.
1690 2395 1753 2434 Vl.
1779 2410 1816 2447 p.
1841 2399 1937 2434 427.

1070 2455 1242 2495 Gratiae
1266 2455 1518 2507 sparyebaui
1549 2454 1748 2497 balsama,
1786 2453 1850 2490 ubi
1887 2451 1937 2488 tle

1066 2512 1209 2563 nuptiis
1241 2512 1399 2550 Amoris
1429 2515 1468 2548 et
1492 2510 1678 2561 Psyches
1709 2522 1838 2547 sermo
1864 2512 1936 2545 est.

1066 2567 1175 2605 Idem
1199 2572 1327 2606 narrat
1352 2567 1483 2606 Barth.
1510 2568 1545 2605 in
1566 2563 1937 2605 Adversxxxw.

1069 2625 1134 2666 13.
1160 2639 1195 2678 p.
1226 2624 1368 2676 1655.]

1122 2695 1271 2733 panem
1298 2682 1506 2720 cibarium.
1557 2679 1792 2732 [cibarium
1820 2691 1856 2715 S.
1887 2691 1939 2716 se-

1073 2738 1314 2777 cumlarae‘nm
1342 2751 1457 2787 quum
1482 2741 1584 2774 teste
1599 2733 1889 2774 Plin.XXVlll.
1904 2737 1941 2774 9.

1072 2798 1137 2835 20.
1166 2794 1287 2833 farina
1311 2793 1478 2838 dicatur,
1510 2805 1610 2843 quae
1640 2795 1732 2842 post
1755 2790 1943 2842 pollinem

1072 2864 1105 2890 S.
1131 2850 1264 2888 florem
1290 2863 1500 2889 excussum
1524 2852 1665 2893 restat,
1689 2849 1813 2900 panis
1837 2847 1944 2886 ciba·

1073 2909 1160 2946 ‘rius
1179 2908 1391 2945 nominatur
1406 2905 1476 2952 hic,
1498 2907 1560 2956 qui
1576 2917 1625 2942 ex
1640 2903 1697 2942 his
1711 2905 1944 2942 retrimentis

1074 2963 1279 3003 consectus
1304 2967 1383 3008 est,
1410 2962 1499 3001 vilis
1519 2961 1585 2999 ille
1606 2965 1646 2998 et
1658 2959 1857 3005 sordidus,
1882 2961 1947 3011 qui

1075 3020 1185 3058 cibus
1217 3023 1300 3058 erat
1323 3018 1577 3071 pauperibus,
1616 3021 1736 3068 utque
1767 3030 1789 3054 e
1813 3021 1946 3054 nostro

1075 3076 1161 3115 loco
1179 3080 1313 3128 potest
1326 3076 1546 3113 coniectura
1561 3073 1674 3119 effici,
1699 3073 1826 3112 servis
1841 3087 1948 3125 prae-

1073 3134 1249 3172 bebatur.
1309 3131 1364 3170 lta
1399 3130 1566 3183 Papias:
1609 3130 1789 3170 cibarius
1825 3131 1950 3182 pant‘s
