2221 3667
353 151 437 196 218
623 153 666 192 L.
697 152 918 193 APULEII
948 149 1351 193 MADAURENSIS
1381 149 1932 192 METAMORPHOSEON

354 264 436 314 xit,
465 263 638 304 eiulabili
664 280 750 306 cum
775 267 969 320 plangore
993 265 1041 305 ad
1067 277 1154 304 eum
1180 262 1311 302 statim
1337 262 1512 316 prosilit,
1539 270 1582 304 ut
1607 264 1667 304 sui
1694 263 1876 304 videlicet
1899 264 2154 306 miseratione

354 320 448 360 mihi
477 334 666 375 praesens
699 330 854 363 crearet
885 322 1065 362 exitium.
1119 317 1262 359 Cuncti
1288 319 1392 359 enim
1417 320 1561 373 pagani
1587 320 1740 360 fletibus
1766 320 1849 360 eius
1875 321 1997 361 exciti
2023 323 2156 363 statim

353 377 604 417 conclamant
628 392 762 429 canes,
791 386 906 431 atquc
932 378 978 416 ad
1005 390 1065 416 nie
1090 375 1315 414 laniandum
1342 375 1452 416 rabie
1478 376 1615 430 perciti
1642 378 1793 416 ferrent
1817 376 2017 431 impetum,
2045 378 2151 434 pas-l

352 433 424 474 sim
452 434 724 476 cohortantur.
769 434 883 474 Tunc
909 433 1032 486 igitur
1056 431 1192 484 procul
1218 431 1333 471 dubio
1359 431 1435 471 iam
1462 433 1579 472 morti
1606 432 1834 486 proximus,
1864 447 1950 473 cum
1981 434 2156 474 viderem

353 503 470 530 canes
498 497 537 531 et
562 491 673 530 modo
700 504 863 544 magnos
889 496 928 529 et
952 501 1116 527 numero
1142 487 1287 527 multos
1319 494 1359 529 ct
1388 488 1492 528 ursis
1523 502 1569 529 ac
1600 489 1778 529 leonibus
1812 490 1858 529 ad
1891 504 2157 544 compugnan-

352 547 441 586 dum
467 546 629 587 idoncos
655 547 695 586 in
722 561 781 586 me
807 551 1046 585 convocatos
1073 543 1326 597 exasperari,
1355 558 1376 584 e
1402 558 1446 584 re
1472 552 1565 585 nata
1591 552 1704 598 capto
1730 546 1895 586 consilio
1926 547 2060 600 fugam
2091 547 2157 587 dc-

260 610 326 642 242
351 602 478 653 stin0‚
513 617 559 644 ac
581 602 587 659 Ι
609 617 669 642 mc
701 610 899 643 retrorsus
932 599 1051 640 celeri
1083 601 1209 654 gradu
1239 614 1380 640 rursus
1410 601 1447 640 in
1480 601 1698 651 stabulum,
1733 616 1809 655 quo
1841 603 2155 654 deverteramus,

351 659 514 713 recipio.
564 661 622 700 At
651 659 706 698 illi
738 657 899 698 canibus
938 656 1015 696 iam
1048 669 1168 710 aegre
1201 656 1382 697 cohibitis
1414 664 1613 710 arreptum
1646 671 1728 708 me,
1763 659 1848 698 loro
1879 671 1995 712 quam
2026 659 2157 699 valido

231 722 325 766 [1¹24]
350 716 398 755 ad
428 716 606 756 ansulam
638 715 829 768 quandam
861 713 1098 754 destinatum
1125 713 1131 768 Ι
1156 727 1314 754 rursum
1341 714 1538 753 caedendo
1564 714 1831 755 confecissent
1852 716 2051 768 profecto,
2079 716 2156 756 nisi

349 772 485 813 dolore
510 773 712 827 plagarum
744 770 856 810 alvus
887 776 1018 810 artata
1050 770 1260 824 crudisque
1292 770 1368 810 illis
1395 770 1567 811 oleribus
1593 770 1797 811 abundans
1817 778 1856 811 et
1876 771 2026 812 lubrico
2046 772 2156 813 fluxu

347 933 501 963 eiulabili
511 934 545 963 F.
555 935 585 962 3.
596 934 630 962 G.
640 934 721 962 P.D.
731 941 761 967 ι).
771 940 808 962 π.
820 933 885 962 f.1..
895 934 930 962 Ο.
940 929 969 961 δ.
1000 931 1160 961 ululabili
1170 933 1206 962 F.
1218 934 1246 961 1.
1260 933 1296 962 B.
1311 936 1341 962 et
1355 933 1427 962 edd.
1440 936 1518 962 vett.
1534 935 1662 967 praeter
1673 934 1799 962 1unt.2.
1824 931 1973 961 clamore
1986 942 2043 969 pro
2052 933 2155 972 plan-

344 982 469 1016 goreB.
490 979 609 1007 statim
623 976 670 1005 ad
680 986 753 1006 enm
766 981 803 1007 R.
814 979 835 1007 s.
852 977 1052 1015 prosiliz'tl).
1062 982 1088 1007 et
1101 980 1136 1007 G.
1150 987 1191 1007 ex
1204 986 1265 1012 quo
1279 979 1455 1012 posteriore
1464 977 1630 1014 prosiluit
1641 980 1722 1007 oud.
1738 979 1824 1007 salso
1837 980 1992 1008 enotavit.
2017 981 2090 1008 sem·
2098 988 2157 1016 pro

346 1025 402 1053 sue·
414 1028 449 1054 G.
464 1024 502 1054 Ι).
518 1026 554 1053 Ρ.
580 1026 762 1051 crearetur
775 1021 804 1053 δ.
829 1027 935 1061 atque
948 1025 984 1052 F.
995 1025 1063 1053 1.3.
1079 1026 1115 1052 R.
1131 1025 1167 1052 P.
1183 1025 1219 1053 Ο.
1232 1026 1269 1052 L.
1282 1023 1303 1052 f.
1319 1025 1354 1052 G.
1364 1025 1402 1052 D.
1418 1023 1524 1053 Ceteri
1538 1026 1641 1061 utque
1654 1024 1817 1053 exhibent.
1842 1023 1930 1052 labie
1943 1026 1978 1053 G.
1988 1023 2037 1059 [et
2051 1026 2108 1062 D..
2121 1029 2158 1054 ut

344 1071 484 1105 videtur,
499 1077 519 1097 a
531 1077 572 1097 m.
587 1077 617 1103 p.
632 1077 706 1097 nam
720 1076 741 1098 a
754 1078 794 1098 m.
809 1078 835 1098 s.
850 1070 962 1098 littera
974 1076 993 1096 r
1006 1070 1132 1103 scrinia
1144 1072 1204 1105 est,
1220 1076 1416 1103 quamquam
1429 1076 1527 1098 erasa
1539 1077 1603 1097 non
1617 1073 1724 1103 potest
1736 1069 1916 1105 dignosci.)
1936 1069 2157 1106 percitiexu-

342 1117 388 1144 lat
402 1122 422 1144 a
437 1117 472 1144 G.
486 1116 524 1143 D.
540 1116 574 1143 Ο.
591 1114 696 1153 ferre
710 1116 746 1144 G.
759 1116 798 1144 D.
813 1116 849 1145 P.
863 1117 902 1144 R.
916 1116 951 1144 0.
966 1114 988 1143 f.
1002 1111 1032 1144 δ.
1057 1117 1267 1142 coartantur
1279 1114 1299 1143 f.
1315 1116 1350 1142 0.
1361 1111 1391 1143 δ.
1416 1112 1650 1142 elmar-tantur
1662 1116 1701 1143 D.
1727 1122 1829 1143 canes
1841 1114 1936 1142 modo
1948 1117 2112 1150 particula
2122 1118 2158 1144 et

344 1163 435 1189 abest
450 1163 489 1189 ab
504 1161 654 1188 omnibus
668 1161 739 1189 edd.
755 1164 830 1189 vett.
845 1163 974 1195 praeter
986 1162 1071 1189 lunt.
1081 1157 1112 1188 ⁶2.
1123 1182 1130 1196 ,
1146 1167 1230 1194 quae
1242 1163 1407 1194 comparet
1420 1160 1496 1188 inF.
1509 1161 1576 1189 1.3.
1586 1161 1757 1189 G.P.0.D.
1768 1161 1789 1188 s.
1799 1168 1828 1194 p.
1836 1158 1864 1190 δ.
1890 1163 1927 1188 et
1937 1159 2032 1188 modo
2045 1169 2157 1198 magn.

344 1215 377 1239 φ.
425 1213 562 1233 nmnero
582 1212 603 1234 a
621 1214 661 1234 m.
683 1213 708 1234 S.
729 1209 777 1234 est
796 1206 829 1234 in
849 1207 888 1234 D.
935 1203 1033 1233 adire
1052 1213 1223 1243 eompngn.
1241 1207 1279 1235 D.
1300 1212 1321 1234 a
1338 1213 1378 1235 m.
1398 1213 1428 1240 p.
1470 1203 1690 1243 pugnandum
1704 1206 1740 1234 B.
1755 1206 1912 1235 etVenet.
1926 1208 1957 1235 2.
1981 1208 2065 1236 lunt.
2079 1208 2109 1235 1.
2123 1208 2156 1235 2.

342 1251 419 1279 Ald.
433 1251 541 1279 Paris.
577 1254 742 1278 convertas
756 1253 793 1280 D.
809 1258 830 1280 a.
843 1260 872 1285 p.
887 1259 928 1279 m.
943 1249 984 1285 (a
998 1259 1024 1280 s.
1039 1259 1079 1280 m.
1095 1255 1122 1279 et
1139 1251 1173 1279 in
1185 1251 1333 1286 margine
1346 1254 1551 1279 convocatos
1565 1254 1744 1279 correctum
1758 1247 1836 1290 est).
1872 1254 1906 1278 et
1920 1259 1957 1279 re
1969 1253 2009 1281 D.
2022 1259 2043 1281 a
2061 1260 2092 1287 p.
2113 1259 2155 1281 m.

343 1303 361 1322 e
373 1303 412 1322 re
423 1304 444 1324 a
457 1304 497 1325 m.
512 1304 539 1325 s.
565 1303 603 1323 re
618 1298 719 1323 tanea
733 1298 813 1325 G.P.
823 1297 860 1324 D.
871 1293 991 1325 1..0.‹5.
1017 1304 1063 1324 ez·
1076 1304 1113 1324 re
1126 1298 1251 1330 natan.
1277 1294 1409 1324 destino
1426 1297 1462 1324 F.
1475 1297 1501 1325 1.
1512 1297 1684 1325 G.D.P.O.
1709 1297 1828 1325 Incett.
1843 1294 1968 1325 desino.
1994 1304 2155 1325 recursus

342 1349 398 1375 pro
412 1343 587 1369 retrorsus
600 1349 629 1375 p.
654 1339 910 1370 deverteramus
924 1349 1035 1370 omnes
1049 1344 1130 1370 Mss.
1145 1343 1229 1376 quod
1242 1341 1356 1370 sciam.
1377 1342 1458 1370 Edd.
1472 1345 1548 1370 vett.
1563 1339 1777 1368 deverteram
1789 1345 1918 1376 praeter
1929 1343 2013 1371 lunt.
2026 1345 2057 1372 2.
2072 1350 2156 1377 quae

342 1387 439 1415 solito
453 1395 561 1415 errore
574 1385 782 1414 deverteram
796 1389 903 1416 habet.
940 1389 981 1414 at
993 1385 1056 1415 ulli
1068 1388 1102 1417 0.
1128 1389 1167 1413 at
1180 1385 1250 1414 illis
1263 1388 1378 1416 Vener.
1391 1388 1424 1416 2.
1437 1389 1522 1416 lunt.
1538 1388 1567 1415 1.
1581 1388 1612 1415 2.
1627 1387 1702 1415 ΑΜ,
1741 1395 1758 1414 e
1771 1394 1809 1414 re
1821 1384 1928 1415 cohib.
1941 1388 1978 1416 F.
1994 1388 2023 1417 1.
2071 1395 2154 1415 are-

336 1434 434 1468 ptum
449 1434 485 1461 G.
534 1431 606 1460 loco
621 1440 676 1467 pro
690 1431 763 1459 toro
777 1433 825 1461 ed.
839 1433 924 1462 Elm.
937 1432 1065 1462 vitiose.
1111 1430 1259 1460 insulam
1272 1433 1309 1460 P.
1323 1432 1346 1461 f.
1394 1430 1493 1459 credo
1506 1440 1564 1467 pro
1577 1430 1744 1459 caedendo
1759 1432 1779 1462 f.
1806 1430 1903 1460 albus
1917 1434 1953 1461 G.
1967 1434 2002 1462 P.
2016 1434 2055 1462 D.
2092 1440 2157 1460 ar-

342 1479 442 1504 tatur
454 1474 484 1506 δ.
531 1476 646 1506 crudis
658 1475 828 1506 holeribus
841 1473 952 1507 1151st
964 1479 1003 1507 D.
1049 1476 1119 1506 illis
1132 1480 1225 1507 abest
1237 1485 1258 1506 a
1271 1479 1307 1506 G.
1321 1478 1357 1506 P.
1373 1479 1407 1507 0.
1421 1478 1460 1506 D.
1483 1514 1489 1517 ξ
1508 1475 1709 1506 habundans
1723 1479 1759 1507 G.
1807 1476 1917 1506 lubrio
1929 1481 1995 1507 ms.
2005 1479 2060 1508 Al.
2075 1481 2159 1508 teste

341 1523 433 1551 Colv.
447 1525 477 1552 et
491 1522 513 1552 f.
561 1521 647 1551 luxu
661 1525 695 1552 0.
710 1531 729 1552 a
742 1531 770 1558 p.
787 1531 827 1553 m.

398 1666 595 1707 eiulabili.
637 1667 739 1707 Oud.
761 1682 877 1719 quum
890 1668 966 1708 hoc
980 1668 1213 1708 vocabulum

343 1737 532 1774 nusquam
546 1724 636 1762 alibi
650 1726 849 1771 inveniret,
876 1740 961 1765 cum
975 1725 1077 1765 Elm.
1091 1726 1212 1765 Sci-iv.

340 1779 486 1818 Florid.
508 1780 595 1819 aliis
614 1781 775 1820 alteram
799 1782 1002 1821 lectionem
1023 1782 1215 1822 ululabili

339 1838 521 1887 praetulit
545 1837 632 1876 coll.
647 1838 744 1877 Met.
757 1838 805 1877 V.
821 1853 857 1889 p.
874 1843 966 1880 332.
995 1840 1103 1878 vocis
1127 1839 1213 1878 ulu-

340 1893 475 1932 labilis
499 1898 540 1932 et
558 1893 608 1932 X.
634 1908 670 1945 p.
687 1898 779 1935 687.
805 1895 998 1934 ululabili
1023 1896 1211 1934 elamore.

341 1949 446 2002 [Hac
458 1953 586 1988 tamen
602 1964 746 1989 caussa
761 1965 833 1989 non
849 1953 1213 1997 connnoveorffltab

339 2006 570 2057 optimorum
591 2008 766 2047 codicum
780 2009 1007 2047 auctoritate
1021 2008 1212 2046 recedam.

341 2062 517 2101 Alterum
554 2065 655 2102 enim
680 2065 817 2104 vocab.
853 2065 1083 2111 ululabilis,
1110 2066 1211 2115 quia,

340 2124 523 2170 quantum
544 2121 640 2167 scio,
667 2135 691 2159 a
704 2121 792 2159 solo
805 2128 1013 2173 usurpatur
1026 2121 1211 2174 Apuleio,

339 2176 449 2214 cuius
481 2181 614 2215 auctor
644 2178 731 2228 ipse
760 2178 911 2216 videtur
936 2177 1079 2224 fuisse,
1111 2191 1213 2228 quae

339 2245 459 2271 causa
484 2237 558 2279 est,
584 2248 650 2271 cur
674 2234 879 2274 mutabilis
903 2235 1045 2273 eadem
1064 2236 1215 2274 ratione

340 2289 543 2328 formatum
573 2290 731 2328 defendi
763 2294 949 2341 nequeat3
985 2292 1214 2343 praesertim

339 2359 456 2396 quum
482 2347 517 2384 in
538 2351 626 2385 cett.
649 2347 747 2385 locis
768 2347 875 2386 nulla
893 2348 975 2385 sere
995 2348 1214 2399 deprehen-

337 2402 448 2440 datur
473 2403 584 2442 codd.
613 2403 893 2454 discrepantia,
920 2409 961 2443 ut
987 2405 1126 2443 librarii
1150 2404 1213 2443 hic

337 2460 467 2510 potius
491 2464 670 2499 mutasse
695 2461 786 2511 quid
811 2461 969 2511 putandi
993 2461 1100 2514 sint]

393 2554 529 2602 alque.
569 2551 703 2603 thue
717 2550 821 2601 quod
835 2552 870 2589 in
886 2551 1081 2589 nonnullis
1096 2552 1210 2591 codd.

338 2607 488 2657 legitur,
513 2620 582 2658 per
601 2606 838 2645 librariorum
860 2608 1109 2657 igin-›rantiam
1125 2622 1211 2660 per-

336 2677 469 2715 peram
505 2667 691 2702 mutatum
729 2668 810 2707 est,
849 2665 912 2715 qui
947 2665 1134 2702 omissam
1165 2670 1211 2704 ut

336 2719 562 2771 particulam
587 2735 660 2759 non
688 2719 872 2766 serentes,
898 2734 947 2758 ex
974 2722 1208 2771 quotidianis

336 2777 611 2826 grammaticae
641 2775 787 2827 regulis
819 2776 946 2815 locum
978 2791 1117 2815 sanare
1142 2792 1207 2815 vo-

335 2832 478 2871 lebant.
504 2833 550 2871 cs.
576 2834 627 2872 ad
651 2833 748 2872 Met.
769 2833 795 2873 l.
815 2848 854 2886 p.
874 2838 940 2874 81.
960 2837 999 2871 et
1023 2834 1119 2873 Met.
1140 2834 1207 2873 lx.

336 2902 373 2939 p.
400 2893 494 2930 595.

389 2982 540 3031 fuyam
559 2982 730 3020 destina
775 2980 899 3034 [Quid
917 2980 1094 3020 librarios
1107 2995 1209 3020 com-

330 3037 514 3082 moverit,
543 3041 585 3075 ut
616 3039 758 3077 desim)
790 3039 826 3076 in
861 3039 1019 3077 destino
1045 3052 1208 3076 corrum-

338 3095 489 3141 perent,
520 3094 584 3131 vix
615 3098 748 3145 potest
778 3094 960 3145 intelligi,
994 3108 1110 3145 quum
1143 3095 1208 3133 ‹Ie-

335 3149 465 3189 se‘uere
500 3163 585 3188 cum
622 3164 702 3190 acc.
735 3152 903 3191 iunctum
933 3153 985 3190 sit
1015 3151 1208 3193 usitatius.

1274 1669 1324 1707 cl.
1356 1669 1491 1707 Heius.
1525 1668 1575 1707 ad
1605 1667 1722 1707 ovid.
1752 1668 1886 1708 Amor.
1913 1667 1959 1706 ΙΙ.
1987 1669 2080 1711 725.
2113 1672 2153 1707 et

1274 1725 1359 1765 Intt.
1392 1726 1441 1764 ad
1467 1725 1575 1775 Virg.
1603 1725 1688 1763 Ecl.
1710 1724 1760 1764 V.
1788 1728 1850 1765 19.
1905 1724 2009 1763 Hinc
2045 1725 2152 1764 Oud.

1273 1786 1402 1821 motus
1427 1786 1507 1828 est,
1533 1786 1574 1820 ut
1600 1783 1776 1821 aestimo
1802 1782 2021 1829 coniiceret,
2048 1782 2154 1833 quod

1273 1853 1395 1877 sensu
1422 1839 1657 1884 dest'stendi,
1682 1839 1864 1884 sistendi,
1887 1839 2036 1890 pedem,
2056 1852 2151 1890 pre.—

1272 1895 1410 1935 mentlt'
1433 1897 1469 1934 iu
1494 1909 1569 1933 usu
1592 1908 1687 1933 esse
1712 1899 1879 1934 constat.
1928 1894 1977 1933 cf.
1992 1895 2151 1933 Ruhnk.

1273 1952 1375 1991 Dict.
1401 1952 1451 1990 ad
1477 1951 1584 1990 Suet.
1610 1965 1647 2003 p.
1666 1956 1729 1992 18.
1754 1952 1870 1991 Ovid.
1895 1951 1985 1990 Am.
2004 1950 2066 1990 lll.
2087 1955 2152 1992 13.

1275 2013 1339 2049 20.
1367 2008 1502 2046 dicitur
1527 2009 1732 2060 inceptam
1757 2009 1982 2049 destituisse
1998 2011 2153 2061 seryum

1274 2064 1405 2103 Burm.
1433 2064 1484 2104 ad
1497 2064 1602 2102 Vell.
1617 2064 1663 2102 ll.
1678 2069 1743 2105 42.
1793 2064 1877 2102 Sed
1900 2068 2007 2102 recte
2031 2065 2151 2103 habet

1275 2122 1447 2168 destino,
1475 2121 1580 2171 quod
1604 2122 1722 2160 invito
1750 2119 1843 2159 Cod.
1870 2120 1915 2160 F.
1942 2125 1978 2161 3.
2004 2121 2067 2160 hic
2090 2135 2151 2159 re-

1274 2178 1404 2229 cipere
1442 2192 1516 2216 non
1555 2177 1736 2217 dubitavi.
1797 2178 2018 2217 Destinare
2048 2179 2149 2216 enim

1277 2239 1341 2273 est
1362 2235 1563 2279 cohibere,
1578 2234 1776 2287 alliyare3
1802 2233 1849 2272 cs.
1866 2235 1986 2272 Caes.
2000 2234 2048 2274 B.
2064 2234 2146 2272 C.1.

1275 2295 1341 2331 26.
1375 2293 1501 2331 Rates
1527 2293 1735 2344 quaternis
1759 2291 1953 2330 anchoris
1974 2292 2149 2330 destina-

1275 2348 1355 2386 bat.
1380 2347 1558 2386 Lindem.
1584 2348 1635 2386 ad
1660 2347 1787 2387 Plaut.
1815 2346 2007 2398 Captlv.
2030 2351 2066 2388 2.
2081 2351 2146 2388 82.

1274 2404 1321 2442 cf.
1353 2404 1450 2443 Met.
1481 2404 1548 2443 IV.
1578 2418 1617 2455 p.
1649 2409 1742 2445 242.
1781 2404 1872 2442 loro
1905 2404 2149 2444 destinatum

1272 2460 1358 2499 lntt.
1384 2461 1434 2499 ad
1463 2460 1576 2499 Caes.
1600 2460 1646 2499 B.
1670 2460 1719 2499 G.
1738 2460 1824 2498 Vll.
1847 2464 1911 2500 22.
1935 2464 1974 2498 et
1994 2459 2060 2498 Ill.
2083 2465 2147 2500 14.

1273 2518 1317 2555 Si
1337 2518 1429 2568 quid
1448 2517 1671 2555 mutandum
1692 2521 1766 2561 cst,
1787 2530 1860 2567 ego
1881 2517 2011 2555 malim
2033 2517 2147 2556 ‹tisti-

1271 2588 1346 2613 nco
1372 2574 1394 2612 i.
1411 2588 1446 2613 e.
1470 2574 1669 2625 impedita
1696 2573 1744 2611 cf.
1771 2572 1885 2611 Caes.
1911 2573 1957 2612 B.
1985 2573 2032 2611 G.
2058 2572 2144 2612 Vll.

1271 2634 1336 2671 37.
1363 2632 1558 2669 distinere
1582 2631 1808 2669 «victoriam.
1867 2628 2035 2669 Facilior
2052 2643 2144 2667 vero

1269 2691 1352 2726 erat
1377 2688 1536 2725 mutatio
1563 2687 1703 2726 desino
1729 2700 1846 2738 quam
1873 2687 2050 2732 (tostino,
2082 2700 2144 2725 cu-

1268 2745 1329 2782 ius
1355 2743 1493 2794 glossa
1516 2744 1622 2796 prius
1646 2743 1797 2781 videtur
1821 2743 1943 2796 esse]

1325 2817 1474 2851 artata.
1516 2810 1591 2849 Est
1610 2811 1673 2861 qui
1694 2809 1800 2861 legat
1820 2811 1978 2850 laxata.
2018 2807 2144 2849 Male.

1270 2867 1462 2907 Artatam
1474 2869 1526 2906 ait
1538 2867 1667 2906 alvum
1686 2867 1874 2906 cruditate
1893 2867 2041 2906 olerum
2054 2881 2143 2906 con-

1269 2923 1511 2963 vulsionibus
1536 2927 1674 2963 tortam
1699 2928 1739 2961 et
1763 2937 2044 2977 compressam.
2098 2923 2141 2961 Si

1271 2981 1363 3032 quid
1394 2981 1618 3020 mutandum
1654 2979 1770 3025 foret..
1807 2981 1950 3019 rectius
1987 2980 2142 3018 diceres

1269 3042 1405 3083 ancta,
1426 3051 1527 3089 quae
1541 3038 1760 3076 coniectura
1773 3042 1836 3075 est
1848 3037 1972 3075 Oua:
1998 3040 2037 3075 et
2049 3035 2141 3075 alibi

1268 3107 1426 3145 quoque
1451 3108 1500 3133 ca
1525 3093 1817 3133 confunduntur.
1849 3093 1953 3132 Oud.
1985 3105 2138 3143 compa-

1267 3155 1324 3189 rat
1349 3151 1485 3190 Heius.
1511 3151 1561 3192 ad
1587 3149 1721 3190 Claud.
1746 3149 1864 3201 Rapt.
1890 3149 2002 3188 Pros.
2023 3148 2050 3188 l.
2071 3152 2140 3189 46.
