2221 3667
273 167 358 210 494

537 168 585 208 L.
616 168 837 209 APULEII
864 169 1264 210 MADAURENSIS
1295 170 1837 213 METAMORPHOSEON

274 279 396 332 potui.
422 278 526 319 Nam
548 281 610 321 ubi
632 296 693 323 me
712 283 919 338 conspexit
939 282 1181 332 absolutum,
1211 290 1323 336 capta
1343 297 1462 337 super
1480 297 1619 324 sexum
1640 292 1680 325 ct
1698 293 1865 326 aetatem
1888 285 2066 335 audacia,

273 335 399 375 lorum
425 337 650 390 prehendit,
680 353 724 379 ac
751 354 810 379 me
836 341 1026 379 deducere
1054 352 1098 377 ac
1125 352 1195 378 rev
1199 352 1315 379 ocare
1341 341 1557 380 contendit.
1585 340 1671 381 Nec
1686 348 1815 382 tamen
1831 355 1905 395 ego
1922 355 2071 382 memor

273 392 489 433 exitiabilis
516 395 702 449 propositi
728 396 924 435 ruffinum
951 395 1095 447 pietate
1122 395 1199 434 ulla
1226 410 1498 447 commoveor,
1526 397 1630 436 sed
1620 397 1790 437 incussis
1820 397 1858 436 in
1892 412 1976 437 eam
2002 412 2070 452 po-

273 448 483 489 steriorum
520 452 657 504 pedum
696 452 886 500 calcibus,
926 450 1105 504 protinus
1142 452 1307 505 adplodo
1344 459 1492 493 terrae.

272 596 321 614 me
335 597 397 617 non
413 595 573 625 comparet
597 592 628 619 in
651 593 684 619 Ρ.

271 632 427 662 diducere
445 637 480 664 F.
504 637 532 665 1.
567 635 687 663 ducere
701 635 721 663 s.
771 638 805 661 et
823 643 986 662 revocare
1006 638 1090 665 lunt.
1106 637 1135 664 1.

270 679 448 716 inmemor,
475 682 532 709 sed
547 686 610 709 111111
625 689 680 715 pro
695 678 765 707 ulla
778 680 986 709 scribendum
1002 681 1081 710 foret
1096 680 1202 710 nulla.

270 789 493 829 Hemsterh.
519 790 567 827 ad
594 789 753 827 Lucian.
771 789 919 829 Timon.
936 791 960 829 1.
987 805 1024 842 p.
1047 795 1140 831 435.

269 845 357 897 Bip.
385 847 514 885 Burin.
541 846 587 884 ad
616 845 772 885 Pctron.
800 852 863 888 42.
891 861 927 898 p.
959 852 1050 888 193.
1088 848 1142 886 lta

269 904 364 941 dixit
388 903 504 954 Apul.
532 902 686 941 Metll.
712 917 749 954 p.
767 907 831 943 88.
860 904 970 944 oculi
995 906 1037 943 ιή
1063 906 1141 944 ad-

268 965 439 1010 spectu
471 959 662 997 micantes
688 973 862 1010 prorsus
899 962 1140 1013 aquilino.

267 1014 452 1053 Pricaeus
468 1015 782 1065 explicatoculos
798 1017 1028 1055 insidiantes
1038 1018 1142 1059 1111111,

267 1085 328 1109 1119
345 1072 467 1109 furtim
494 1072 765 1117 observantes,
792 1074 894 1123 quod
911 1075 1141 1113 asententia.

266 1127 340 1165 loci
368 1128 595 1179 longissime
620 1129 775 1168 recedit.
808 1130 908 1168 Nam
936 1145 1049 1169 anum
1078 1146 1139 1169 co-

266 1185 375 1235 gitari
401 1186 533 1234 nequit
557 1198 713 1236 semper
731 1187 880 1225 asinum
896 1189 1137 1238 respexisse.

266 1255 289 1279 a
321 1255 397 1291 quo
430 1242 592 1279 insidias
618 1246 736 1293 atque
763 1243 878 1281 dolos
905 1249 1138 1296 exspectare

265 1311 339 1336 non
366 1299 500 1348 potnit.
551 1299 633 1337 Sed
664 1299 769 1350 qnod
795 1301 896 1339 oculi
922 1303 1005 1339 eius
1031 1305 1140 1340 erant

265 1355 498 1401 acutissimi,
536 1370 608 1393 non
648 1355 757 1394 latuit
793 1370 879 1395 eam
918 1359 1002 1396 eius
1037 1358 1137 1408 fuga.

263 1408 469 1450 Pricaeum
484 1416 646 1450 secutus
663 1416 724 1450 est
737 1412 890 1451 Rodius
905 1415 940 1452 in
955 1415 1138 1452 versione

263 1481 354 1505 sua:
389 1468 657 1508 Uram-(Iessea
678 1470 825 1508 konnt'
840 1471 907 1509 iclz
922 1472 1000 1509 den
1017 1472 1138 1522 Spio-

262 1538 477 1577 nenauyen
514 1526 590 1564 der
625 1525 735 1564 alten
768 1527 888 1565 Ileate
918 1528 1034 1566 nicht
1057 1533 1137 1566 ent-

261 1581 431 1633 ychen]

322 1643 449 1689 capta
473 1652 596 1689 super
620 1653 768 1678 sexum.
819 1639 919 1690 Legi
939 1641 1019 1679 vult
1038 1640 1136 1679 Pric.

262 1694 399 1733 senilis
411 1709 537 1746 supra
557 1709 715 1741 sectum,
741 1696 827 1733 sive
848 1698 965 1742 ultra,
992 1698 1137 1736 maiore

261 1749 441 1795 audacia,
469 1764 584 1801 quam
610 1765 733 1789 sexus
759 1753 959 1791 muliebris
974 1758 1011 1791 et
1025 1758 1135 1792 aetas

259 1808 483 1858 permittere
510 1808 671 1850 videtur,
697 1813 738 1846 ut
762 1823 889 1860 supra
915 1812 1030 1851 vires.
1056 1826 1136 1849 7110-

261 1864 375 1907 dunt,
402 1878 562 1902 morem.
612 1865 695 1902 Sed
722 1878 769 1902 ca
794 1867 989 1904 sententia
1017 1868 1133 1906 etiam

260 1934 383 1971 super
409 1920 483 1958 dici
508 1924 641 1959 notum
669 1926 730 1959 est
756 1921 802 1959 cf.
832 1924 944 1961 Serv.
967 1924 1015 1961 ad
1031 1924 1139 1974 Vin-g.

259 1977 358 2014 Aen.
374 1976 475 2014 Vlll.
504 1981 596 2017 303.
628 1992 749 2030 saper
776 1981 909 2018 omnia
935 1993 1005 2031 per
1030 1981 1141 2019 ultra

260 2033 534 2083 explicantem.
562 2033 645 2072 lntt.
662 2035 709 2072 ad
726 2035 841 2073 Ovid.
858 2033 951 2075 Met.
963 2036 1029 2075 Vl.
1045 2041 1139 2077 497.

259 2089 362 2128 wll.
380 2094 471 2130 678.
492 2090 624 2129 Burin.
640 2096 679 2129 91
692 2092 796 2130 01111.
812 2092 859 2129 ad
877 2094 986 2131 Suet.
1004 2093 1138 2132 fland.

261 2161 291 2184 c.
319 2151 383 2186 85.
411 2147 518 2196 Virg.
547 2149 690 2199 Georg.
718 2148 785 2187 ΙΥ.
813 2153 906 2190 236.
938 2150 1038 2188 Aen.
1066 2150 1133 2190 XI.

259 2207 353 2244 510.
387 2202 452 2254 [cs.
480 2203 609 2242 Burin.
637 2205 686 2243 ad
713 2204 882 2245 l'haedr.
909 2206 971 2245 111.
1003 2212 1066 2247 11.
1095 2212 1134 2247 2.

258 2260 325 2298 Dr.
352 2260 401 2297 ad
428 2260 515 2299 Liv.
539 2259 771 2300 XXXWH.
799 2266 863 2302 43.
891 2263 921 2313 §.
952 2268 986 2303 1.
1014 2264 1133 2303 Gron.

256 2317 306 2354 ad
340 2316 432 2355 Tac.
466 2317 566 2356 Hist.
600 2317 626 2356 l.
661 2322 726 2358 51.
776 2318 920 2357 Deder.
953 2320 1002 2358 ad
1030 2321 1131 2360 niet.

258 2373 358 2411 fret.
375 2372 419 2411 Il.
437 2378 501 2414 20.
519 2389 639 2426 quum
655 2389 780 2426 snpra
797 2377 958 2415 modum
983 2391 1133 2429 θνατα-

255 2435 381 2475 retur,
397 2431 460 2480 qni
478 2430 587 2468 locus
609 2431 860 2469 difficillimus
875 2434 926 2471 ita
943 2433 1136 2483 legendus

256 2491 294 2524 et
310 2487 566 2538 explicandus
588 2492 650 2525 est
675 2488 842 2527 Interim.
868 2490 1035 2530 nmlti...
1053 2492 1135 2530 col-

256 2544 363 2583 lecta
388 2544 572 2596 undiquc
598 2546 794 2597 cuiusque
819 2547 932 2584 modi
954 2562 1135 2588 sumasn-

249 2615 330 2652 per
340 2602 525 2656 clypeum
538 2601 678 2640 Aiacis
694 2602 870 2641 deiicere
884 2610 1133 2655 conyesiam—

255 2671 333 2709 que
371 2672 492 2710 quam
520 2659 742 2709 plurimam
766 2663 921 2710 :terram
958 2661 1135 2713 desuper

253 2715 412 2753 roh-ere
426 2715 583 2753 scilicet
597 2716 655 2753 ad
669 2715 956 2767 depellendum
971 2717 1132 2765 hostem,

255 2784 375 2821 quum
397 2785 525 2823 supra
547 2772 709 2811 modum
729 2777 1000 2824 ‘orat-aretur.-
1029 2789 1133 2826 qnae

252 2828 447 2879 εζητ-991113
467 2828 558 2866 dux
573 2829 732 2880 sacili
750 2834 888 2867 scuto
910 2830 1129 2876 decutiens,

251 2883 367 2922 haud
389 2885 554 2936 sequias
581 2886 794 2924 imminere.
821 2885 925 2923 Aiax
946 2900 1129 2925 saxorum

249 2942 456 2990 terraeque
480 2941 585 2979 mole
609 2955 633 2979 a
648 2941 826 2980 Troianis
853 2944 1037 2980 acerrime
1063 2958 1128 2995 pe-

251 2996 356 3032 titur:
381 2998 455 3034 sed
482 3011 718 3049 quamquam
745 3012 793 3036 ea
823 3012 944 3050 snpra
967 3000 1127 3038 modum

249 3053 480 3101 gravabatur
503 3068 535 3092 s.
561 3056 829 3106 premebatur,
857 3056 972 3094 facile
996 3060 1125 3095 tamen

248 3111 360 3145 scuto
391 3122 489 3148 saxa
520 3115 558 3148 et
582 3115 723 3149 terram
760 3112 982 3158 decutiens,
1019 3113 1124 3151 haud

247 3164 409 3216 segnius
436 3166 553 3205 instat
593 3167 641 3206 cf.
667 3168 842 3209 Recens,
867 3183 993 3210 meam
1020 3169 1122 3209 Dict.

733 588 898 617 audacius
918 590 953 618 0.
972 598 1027 626 π.,
1055 592 1136 625 quod
1157 592 1252 625 quasi
1272 590 1561 622 malacia-iniisse
1575 597 1663 627 putat
1679 594 1758 621 Oud.

1150 638 1181 665 2.
1196 638 1288 674 Am„
1315 639 1396 671 quod
1411 640 1490 667 oud.
1504 639 1655 673 praefert.

1554 454 1611 492 At
1646 453 1710 493 illa
1749 454 1961 507 quamvis
1966 453 2071 494 humi

1806 590 2022 630 deprehendit
2037 594 2071 622 Ο.

1701 639 1757 665 ira
1770 646 1895 666 memor
1914 635 1942 667 δ.
1979 639 2077 667 Forte

1262 681 1431 719 applaudo
1452 685 1488 712 B.
1509 685 1579 712 edd.
1593 687 1672 713 vett.
1691 688 1818 718 praeter
1835 686 1920 713 111111.
1934 685 1964 713 2.
1977 685 2078 714 vulc.

1203 791 1302 830 Cret.
1335 794 1396 830 ed.
1424 793 1568 831 Deder.
1602 795 1636 831 in
1669 793 1773 832 Iahn.
1800 793 1944 833 Annal.
1969 791 2073 832 Phil.

1203 848 1247 887 Τ.
1273 848 1420 888 XXlll.
1449 850 1542 889 fasc.
1570 854 1606 889 3.
1634 853 1671 901 p.
1698 851 1814 903 294]

1259 907 1475 945 deducere.
1528 906 1711 945 Brantius
1743 907 1846 946 male
1877 907 2075 947 reducere

1201 963 1375 1001 coniecit.
1401 962 1542 1013 Neque
1569 965 1668 1001 9111111
1684 964 2075 1016 adliucprocesserat

1200 1017 1352 1056 asinus.
1407 1019 1592 1071 Alioquin
1626 1034 1724 1058 anus
1756 1034 1843 1058 911111
1876 1020 1958 1057 1010
1990 1032 2075 1071 pre-

1200 1074 1373 1112 hendere
1400 1090 1474 1114 non
1501 1077 1717 1128 potuisset,
1744 1091 1816 1115 nec
1841 1078 1890 1116 ab
1917 1089 1964 1114 eo
1990 1089 2075 1127 pro-

1198 1132 1300 1169 tinus
1315 1132 1490 1170 calcibus
1505 1134 1732 1184 iinpcti.sed
1746 1134 1836 1172 dum
1851 1147 1897 1171 se
1913 1133 2076 1183 quadru-

1198 1189 1303 1239 pede
1334 1203 1447 1227 cursu
1478 1190 1656 1240 proripit,
1689 1204 1736 1228 eo
1769 1191 1855 1241 ipso
1881 1192 2075 1228 momento

1198 1245 1456 1296 adprehendit
1477 1246 1616 1290 lorum,
1643 1250 1797 1285 tentans
1818 1261 1906 1284 911111
1920 1247 2074 1291 sistere,

1199 1306 1238 1339 ct
1262 1302 1312 1339 ab
1340 1302 1420 1340 alta
1445 1303 1590 1354 pedum
1616 1303 1837 1342 elevatione
1862 1307 1980 1354 atque
2005 1303 2071 1341 im-

1198 1362 1291 1408 petu
1318 1358 1513 1397 deducere
1539 1359 1743 1405 humilem,
1769 1361 1899 1398 mitem
1925 1363 1964 1397 et
1988 1358 2074 1410 pla·

1198 1415 1338 1455 ciduni.
1361 1415 1514 1453 blandis
1536 1416 1641 1454 illum
1664 1417 1812 1454 interim
1832 1416 2008 1455 vocibus.
2034 1419 2075 1453 ut

1197 1475 1410 1509 revertatur
1440 1473 1489 1509 ad
1521 1486 1566 1510 se
1599 1478 1636 1511 et
1664 1473 1789 1511 locum
1815 1473 1994 1523 priorem,
2022 1471 2073 1510 al·

1199 1527 1375 1577 loquens.
1408 1528 1517 1566 Male
1542 1528 1655 1579 igitur
1683 1530 1865 1567 Floridus
1891 1530 2073 1579 interpre-

1197 1587 1297 1621 tatur
1321 1586 1520 1624 reducere
1549 1591 1674 1638 atque
1699 1587 1924 1631 retrahere,
1957 1598 2073 1635 quem

1196 1645 1356 1679 secutus
1384 1646 1441 1678 est
1471 1643 1661 1693 interpres
1696 1642 1978 1693 francogallus:
2011 1653 2074 1679 me

1196 1697 1270 1747 prit
1290 1710 1358 1747 par
1379 1697 1414 1735 le
1435 1699 1529 1736 bout
1549 1699 1598 1736 de
1617 1713 1705 1736 1non
1734 1699 1854 1743 licou,
1880 1702 1919 1736 et
1932 1698 1972 1735 fit
1984 1701 2074 1735 tous

1195 1767 1264 1791 ses
1298 1753 1432 1792 efforts
1464 1769 1560 1807 pour
1591 1769 1653 1793 1119
1685 1769 1873 1793 1111119091.
1922 1754 2073 1793 Melius

1194 1809 1367 1848 Rodius:
1404 1813 1492 1850 um!
1527 1813 1666 1851 secclete
1702 1814 1773 1851 mit
1807 1812 1917 1850 allen
1955 1811 2072 1851 ihren

1194 1867 1375 1918 Krit’ften
1474 1869 1581 1908 miclc
1606 1868 1962 1908 zuriiclfzulealten.

1257 1938 1307 1962 ac
1334 1938 1539 1964 revocare.
1583 1924 1657 1976 [Et
1681 1939 1874 1964 revocare
1898 1923 2073 1963 nonnulli

1200 1980 1313 2017 codd.
1334 1982 1540 2031 praebent,
1567 1982 1669 2031 quod
1697 1982 1916 2020 correxisse
1943 1981 2072 2019 viden-

1199 2040 1257 2073 tur
1277 2036 1436 2079 librarii,
1464 2038 1528 2088 qui
1552 2038 1586 2074 in
1603 2038 1833 2088 repetitione
1857 2038 2072 2088 particulae

1198 2107 1249 2131 ac
1275 2093 1529 2132 offenderunt.
1557 2094 1604 2132 cf.
1634 2096 1742 2132 Suet.
1765 2094 1885 2145 (Tang.
1908 2098 1973 2134 52.
1998 2107 2072 2133 nec

1195 2150 1309 2189 cicili
1329 2164 1385 2189 ac
1406 2164 1456 2189 ne
1472 2151 1580 2189 11νίἶί
1601 2152 1764 2203 quidem
1785 2166 1841 2190 ac
1861 2151 2074 2204 denique

1194 2207 1372 2246 humano
1391 2221 1548 2259 semper
1566 2222 1658 2247 usus
1672 2213 1727 2246 esi
1737 2238 1744 2253 ,
1770 2208 1835 2245 11111
1848 2207 1973 2246 Wolf.
1987 2221 2071 2258 per-

1193 2277 1324 2314 peram
1346 2264 1593 2302 scribendum
1615 2278 1709 2302 esse
1733 2264 1843 2302 duxit
1861 2269 1933 2304 aul
1953 2264 2070 2303 deni·

1195 2334 1272 2372 qne
1299 2320 1345 2358 cs.
1374 2320 1499 2358 Hand.
1529 2320 1698 2359 Turscll.
1727 2320 1752 2359 1.
1781 2335 1815 2372 p.
1843 2320 1957 2373 510]

1250 2377 1454 2428 applodo.
1483 2377 1632 2429 [Vulgo
1647 2377 1823 2416 scribitur
1837 2377 2071 2429 applaudo.

1197 2432 1438 2471 creberrime
1468 2434 1630 2472 vocales
1663 2449 1717 2474 an
1750 2438 1789 2472 et
1816 2449 1840 2472 ο
1870 2435 1906 2472 111
1932 2434 2071 2472 iisdem

1197 2490 1398 2528 vocabulis
1427 2491 1549 2529 fuisse
1573 2490 1782 2537 adhibitas,
1809 2492 1971 2542 saepius
1996 2491 2071 2529 iam

1195 2551 1538 2585 commemoratum
1553 2551 1628 2586 est.
1677 2547 1810 2593 Quare
1824 2548 1888 2586 vix
1902 2551 2069 2598 9510119-

1192 2617 1259 2642 rae
1296 2604 1479 2654 pretinm,
1518 2603 1726 2654 quidquam
1763 2604 1913 2643 mutari.
1968 2603 2071 2650 Quia

1192 2664 1320 2697 tamen
1335 2660 1435 2699 Mss.
1451 2661 1642 2711 sequendi
1668 2665 1778 2706 sunt,
1802 2659 1903 2700 Elm.
1919 2660 2069 2699 obtem-

1192 2718 1430 2768 Ῑ)91·;111,1]111
1458 2731 1544 2755 cum
1564 2718 1728 2755 Scriver.
1757 2721 1795 2755 et
1815 2717 1975 2755 Florido
1996 2730 2069 2768 ap-

1186 2774 1322 2825 plodo
1358 2775 1532 2812 restituit.
1582 2773 1697 2819 Quod
1736 2787 1826 2811 v·eio
1864 2774 2070 2825 proposuit

1190 2830 1292 2869 Oud.
1309 2832 1406 2868 111191
1430 2835 1634 2880 utramque
1659 2830 1820 2869 sormam
1845 2829 2067 2875 discrimen,

1188 2891 1229 2925 ut
1243 2887 1454 2939 adploder
1458 2902 1478 2926 e
1491 2901 1512 2924 v
1517 2888 1712 2925 iderentur
1725 2899 1884 2924 amasse
1898 2886 2067 2924 Romani

1186 2944 1223 2981 in
1240 2945 1402 2995 graviori
1417 2944 1611 2982 adlisione
1625 2943 1712 2981 coll.
1728 2943 1825 2982 Met.
1834 2942 1902 2981 IX.
1917 2956 1953 2994 p.
1972 2946 2067 2983 670.

1187 3005 1324 3040 terrae
1334 3016 1363 3053 ῃ
1374 3015 1395 3039 r
1407 3016 1430 3040 a
1440 3016 1460 3039 z*
1471 3002 1564 3039 iter
1578 3000 1789 3052 applodit,
1803 2999 2067 3051 applaudere

1185 3070 1277 3095 vero
1293 3058 1328 3095 in
1344 3058 1492 3095 leviore
1506 3057 1781 3109 percussione,
1806 3056 2066 3107 palpitatione

1184 3113 1248 3152 vel
1274 3114 1377 3153 laeta
1401 3114 1711 3165 gesticulatione,
1736 3116 1777 3151 ut
1791 3126 1827 3164 p.
1844 3116 1937 3153 436.
1967 3126 2065 3166 qua-

1183 3172 1374 3223 drupede
1387 3185 1508 3212 cursu
1521 3171 1651 3210 solum
1670 3183 1755 3222 rep
1765 3170 1811 3208 Ia
1822 3170 1946 3210 uclen
1957 3184 1986 3215 s,
2001 3170 2065 3207 vix
