2155 3590
633 142 823 183 LIBER
853 143 903 183 ΙΙ.
958 143 1084 184 CAP.
1116 142 1309 183 XXXII.

1788 144 1870 186 149

71 255 221 297 viribus
250 255 470 305 irruentes,
503 255 512 312 Ι
542 269 587 295 ac
619 270 667 296 ne
700 257 923 320 praesentia
954 257 1107 310 quidem
1139 263 1276 297 nostra
1307 255 1502 296 tantillum
1535 256 1762 307 conterriti,
1803 257 1870 297 sed
1898 257 1960 290 170

71 311 196 366 magis
228 326 314 352 cum
351 312 612 352 aemulatione
642 312 786 352 virium
818 313 994 354 crebrius
1025 313 1283 363 insultantes,
1323 319 1365 352 ut
1401 312 1513 352 nobis
1550 325 1596 352 ac
1632 313 1725 352 mihi
1750 313 1870 366 potis-

72 368 214 409 simum
244 382 324 408 non
348 368 545 409 immerito
576 368 752 409 latrones
787 383 874 409 esse
909 377 947 409 et
979 371 1132 423 quidem
1165 368 1387 409 saexissimi
1418 368 1664 409 viderentur.
1727 368 1870 410 Statim

71 424 274 488 denique„
253 424 436 465 ⁰dadium.
455 439 566 478 quem
581 432 692 466 veste
706 439 793 465 mea
808 433 1029 466 contectum
1043 427 1090 466 ad
1105 427 1175 466 hos
1190 439 1283 466 usus
1299 425 1537 474 extuleram,
1560 424 1869 465 sinuliberatum

69 480 231 535 arripio.
290 479 378 522 Nec
405 467 608 522 cunctatus
633 482 781 522 medios
806 482 980 523 latrones
1014 483 1079 523 inv
1083 483 1145 522 olo
1171 496 1216 522 ac
1240 481 1428 535 singulis,
1462 488 1504 521 ut
1532 494 1723 534 quemque
1750 481 1869 521 collu-

69 544 240 578 etantem
265 537 526 587 offenderam,
550 536 556 592 1
578 538 768 578 altissime
794 539 1000 592 demergo,
1030 540 1156 602 quoad
1181 539 1337 578 tandem
1363 544 1454 578 aute
1479 537 1565 592 ipsa
1587 538 1759 591 vestigia
1783 551 1871 578 mea

67 593 191 634 vastis
223 601 262 634 et
292 594 442 634 crebris
473 594 662 648 perforati
692 571 952 635 vulneribusn
953 595 1113 649 spiritus
1139 594 1372 636 efflaverint.
1435 592 1501 634 Sic
1528 593 1763 647 proeliatus,
1790 594 1869 634 iam

66 649 234 691 tumultu
258 664 305 691 eo
330 648 469 690 Fotide
494 651 704 701 suscitata,
738 651 942 705 patefactis
975 652 1136 692 aedibus
1167 651 1356 691 anhelans
1382 657 1422 690 et
1447 650 1589 690 sudore
1615 650 1826 704 perlutus
1815 665 1869 690 ir-

66 720 181 771 rep0‚
208 720 347 760 meque
371 707 501 746 statim
528 714 660 761 utpote
685 708 921 761 pugnae-iuni
947 708 1140 749 latronum
1169 708 1206 748 in
1231 707 1356 749 vicem
1385 705 1622 752 Gem011eae
1650 707 1780 747 caedis
1812 707 1869 746 fa-

66 762 252 818 tigatum,
280 763 381 803 lecto
406 764 521 804 simul
546 771 582 804 et
609 778 747 804 somno
774 764 928 805 tradidi.

1898 538 1957 572 171

63 894 126 922 bus
144 895 195 921 est
213 899 258 920 ελ·
277 893 412 920 summis
432 892 568 921 viribus.
616 894 804 932 magisque,
830 895 911 927 quod
926 895 1073 923 nonnulli
1087 895 1177 923 codd.
1193 898 1221 923 et
1241 895 1311 923 edd.
1326 898 1403 922 vell.
1424 898 1495 928 post
1515 892 1623 931 magis
1636 893 1774 928 addunt.
1806 900 1870 921 non

64 940 228 973 comparet
246 938 281 966 in
298 939 336 966 F.
351 940 380 966 3.
397 940 432 967 G.
451 940 477 968 1.
494 940 522 967 2.
543 940 580 967 D.
596 941 629 967 0.
646 937 674 968 δ.
688 941 725 968 R.
742 940 762 968 f.
777 940 835 967 sed
847 940 1020 976 umgv'sqne
1031 941 1115 968 Iuni.
1128 941 1159 968 2.
1208 947 1254 967 ez·
1267 938 1494 967 cumulatione
1507 940 1543 968 B.
1557 939 1669 967 Heius.
1684 938 1871 966 emendavit

63 991 124 1011 ceu
137 982 376 1012 aemulatione.
424 987 461 1012 nc
481 983 574 1012 nohis
593 993 636 1012 ac
655 984 829 1021 nobispot.
843 986 891 1013 ed.
904 986 1032 1013 vicent.
1045 987 1141 1014 male.
1166 987 1237 1014 Non
1258 989 1323 1013 tam
1341 992 1436 1013 servo
1457 991 1552 1018 quam
1571 984 1634 1018 ipsi
1651 983 1754 1012 Lucio
1776 983 1869 1011 vide-

63 1031 183 1058 bantur
196 1036 270 1057 esse
287 1030 432 1057 latrones
452 1029 485 1058 in
498 1030 640 1058 tenebris
654 1033 864 1065 grassantem
891 1030 968 1064 quia
979 1034 1047 1058 erat
1061 1031 1181 1059 ebrius.
1228 1029 1349 1058 sevissi
1359 1031 1399 1058 D.
1413 1037 1431 1058 a
1446 1038 1486 1058 m.
1501 1037 1529 1064 p.
1568 1027 1740 1057 videretur
1753 1029 1789 1056 P.
1826 1026 1873 1055 ad

60 1068 132 1107 Vtut
146 1081 250 1111 usque
264 1082 294 1108 p.
317 1072 365 1101 ad
375 1072 438 1101 hoc
451 1081 554 1112 usque
567 1076 615 1104 ed.
627 1083 675 1110 pr.
689 1076 817 1104 Yieeni.
830 1076 945 1104 Venet.
960 1076 990 1103 2.
1027 1075 1204 1111 αννίμιιῐρ.
1220 1079 1248 1104 et
1263 1083 1374 1104 omnes
1387 1076 1458 1103 edd.
1472 1079 1549 1103 ven.
1562 1078 1593 1103 et
1607 1073 1719 1103 Colvio
1732 1074 1870 1108 priores.

62 1117 174 1147 mvolo
192 1120 230 1148 F.
243 1120 274 1147 3.
295 1121 330 1148 G.
347 1121 377 1148 1.
389 1121 421 1147 2.
440 1121 479 1148 R.
492 1121 528 1148 P.
543 1121 578 1148 0.
590 1122 630 1149 D.
656 1121 707 1150 (in
719 1121 813 1149 cuius
825 1120 973 1154 margine
986 1121 1174 1149 adnotatum
1188 1125 1251 1149 est:
1278 1119 1342 1147 ulei
1356 1117 1491 1148 ancadn
1495 1120 1513 1155 ]
1538 1122 1574 1148 In
1589 1119 1707 1148 ceteris
1720 1119 1871 1147 omnibus

61 1163 257 1194 estinvado.
306 1163 504 1202 stXngulosG
523 1162 689 1194 1.2.1).δ
708 1167 744 1194 1..
761 1165 781 1193 f.
830 1172 875 1191 au
899 1164 973 1201 sign
956 1163 1040 1191 tr'ulis
1059 1166 1173 1194 V.enet
1188 1167 1218 1194 4.
1267 1167 1374 1202 quoat
1389 1163 1521 1191 tandem
1541 1166 1577 1194 l·.
1592 1166 1623 1193 3.
1671 1165 1824 1201 queatG.
1843 1164 1870 1191 1.

61 1210 138 1246 apsa
151 1207 318 1239 abesiad‘.
358 1209 473 1248 fastis
487 1212 519 1237 et
533 1209 661 1237 crebris
674 1210 781 1239 Paris.
795 1211 843 1238 ed.
886 1209 1072 1247 perforari
1083 1212 1118 1238 G.
1136 1212 1164 1238 1.
1212 1209 1405 1247 spirilusF.
1424 1211 1450 1238 1.
1465 1211 1495 1238 3.
1511 1211 1546 1237 G.
1562 1211 1644 1238 ’2.1).
1659 1206 1688 1237 δ.
1702 1211 1739 1238 R.
1764 1210 1801 1237 In
1815 1216 1872 1237 ce-

59 1255 140 1283 teris
154 1258 242 1284 extat
253 1254 420 1292 spiritum.
446 1250 653 1289 efflaverunt
666 1256 701 1283 F.
711 1254 740 1283 3.
755 1263 797 1283 ex
807 1255 1008 1283 correctione
1021 1258 1050 1283 et
1064 1255 1243 1284 inFlorein.
1253 1256 1321 1284 cod.
1334 1257 1452 1283 Ltesle
1465 1256 1600 1283 noaldo.
1626 1251 1780 1292 afflaret·
1784 1250 1871 1282 med.

59 1300 180 1334 inepte.
225 1300 342 1337 sicque
354 1300 391 1328 F.
408 1301 436 1328 1.
452 1301 486 1328 G.
503 1302 532 1329 1.
546 1301 577 1329 2.
598 1299 670 1334 [sed
685 1308 705 1329 a
718 1308 758 1328 m.
773 1298 817 1334 s.]
836 1300 875 1327 D.
890 1307 919 1333 p.
932 1300 970 1327 L.
1016 1299 1107 1326 sicut
1119 1301 1154 1328 0.
1201 1297 1364 1327 Fotidem.
1389 1299 1593 1327 suscitatam
1608 1301 1646 1328 11.
1662 1299 1683 1328 f.
1697 1300 1778 1327 Oud.
1793 1307 1872 1328 con-

60 1345 139 1373 iecit
156 1344 375 1373 suscitar-am.
423 1344 578 1373 anellans
593 1346 627 1373 G.
644 1347 674 1373 1.
717 1343 865 1381 perlitus
881 1345 916 1372 G.
934 1346 960 1371 1.
982 1346 1019 1372 R.
1040 1344 1061 1373 f.
1081 1347 1164 1373 Mss.
1184 1346 1332 1374 Beroam.
1352 1347 1436 1373 luni.
1454 1346 1481 1373 1.
1497 1346 1526 1373 2.
1546 1346 1622 1373 Ald.
1664 1344 1870 1380 pugnatione

60 1391 97 1419 F.
110 1391 142 1419 3.
161 1398 191 1424 p.
206 1391 241 1419 G.
259 1392 288 1419 1.
302 1393 332 1419 2.
354 1391 390 1418 L.
405 1391 442 1419 D.
485 1398 677 1427 pugnarum
691 1391 727 1419 Β,
747 1390 769 1419 f.
801 1389 1026 1426 pugnantium
1045 1398 1157 1418 omnes
1176 1391 1246 1418 edd.
1269 1394 1347 1418 veti.
1395 1390 1429 1416 in
1443 1389 1542 1416 vitem
1557 1391 1592 1418 G.
1609 1391 1639 1418 ‘.’.
1686 1395 1871 1426 gersoneae

60 1435 97 1465 F.
111 1437 142 1465 3.
157 1436 193 1464 G.
206 1436 238 1464 2.
252 1437 288 1464 L.
339 1432 504 1463 Ger-ionee
517 1437 555 1464 D.
569 1439 598 1464 et
613 1443 724 1465 omnes
739 1436 808 1465 edd.
821 1438 898 1463 ven.
909 1441 1075 1472 gesoneae
1089 1436 1123 1464 P.
1170 1434 1367 1472 gerelenecve
1381 1432 1410 1464 15.
1457 1434 1595 1472 gerione
1608 1436 1643 1464 G.
1661 1436 1690 1465 1.

61 1547 211 1586 sitionis
236 1560 308 1591 ex,
339 1559 439 1598 quae
470 1545 532 1584 hic
561 1561 651 1586 cum
681 1547 841 1585 denotat
887 1545 935 1584 cs.

59 1601 196 1643 Munk.
226 1602 278 1641 ad
308 1601 412 1654 Hyg.
443 1601 521 1642 fab.
545 1601 638 1642 XX.
663 1617 701 1656 p.
729 1607 794 1644 64.
828 1602 937 1642 Stav.

61 1659 111 1699 cs.
136 1672 236 1710 quos
260 1658 394 1698 laudat
416 1657 543 1698 Hand.
571 1657 685 1698 Turs.
710 1658 757 1700 ll.
781 1674 818 1712 p.
842 1663 935 1701 640.

59 1714 181 1755 Plura
209 1716 277 1754 dat
305 1715 409 1755 Oud.
439 1716 488 1755 ad
520 1716 639 1768 Apul.
665 1715 760 1755 Met.
786 1731 827 1769 p.
852 1715 934 1754 Vll.

59 1786 98 1826 p.
123 1776 218 1813 493.
243 1776 283 1811 et
305 1787 342 1825 p.
359 1777 452 1813 517.
477 1773 542 1813 ubi
565 1786 656 1812 mea
679 1773 811 1812 adnot.
835 1772 906 1825 οἱ]

60 1844 179 1925 M.⁷'.²f²
181 1829 933 1938 52²3.‡‡‡.'3.3,‡.⁷¹211<‘35‡333zmil-¹53³.3551:

61 1955 176 1995 quam
210 1942 313 1981 bene
342 1947 514 1988 constat,
549 1944 711 1995 saepius
747 1945 799 1982 ita
830 1943 933 1995 apud

60 1999 228 2051 optimos
253 2012 432 2050 quosque
456 2001 666 2051 scriptores
692 2000 781 2050 legi.
806 1999 855 2039 cf.
869 1999 937 2038 Dr.

61 2055 112 2095 ad
139 2054 226 2094 Liv.
257 2054 363 2096 VIII.
393 2059 458 2096 39.
489 2055 522 2105 ξ.
553 2060 589 2096 5.
622 2055 724 2095 Cort.
761 2057 811 2094 ad
838 2056 935 2094 Sall.

61 2109 143 2150 Cat.
157 2111 206 2149 V.
232 2111 262 2162 §.
279 2116 316 2152 7.
335 2111 463 2151 Doed.
486 2111 582 2163 Syn.
603 2110 714 2150 Tom.
727 2111 792 2152 III.
816 2127 853 2165 p.
871 2116 922 2153 99

59 2166 179 2220 Apul.
204 2167 301 2207 Met.
326 2167 390 2208 III.
414 2183 453 2220 p.
473 2171 562 2208 189.
586 2167 634 2206 V.
660 2172 806 2221 p.363.
831 2167 934 2207 VIII.

59 2237 99 2276 p.
114 2227 206 2266 510.
225 2223 353 2263 Hand.
369 2223 537 2264 Tursell.
551 2223 614 2263 111.
627 2239 665 2276 p.
680 2224 798 2278 564]
827 2224 940 2272 Quae

59 2284 189 2319 tamen
215 2281 343 2320 adiicit
374 2279 500 2327 Oud.,
525 2295 571 2319 se
589 2280 798 2333 aliquando
823 2282 938 2321 scribi

60 2338 258 2388 cogitasse
294 2339 426 2391 mayz's
460 2339 592 2390 mayis
628 2342 669 2376 ut
701 2337 938 2378 Graecorum

58 2395 206 2445 μᾶλλον
236 2395 382 2444 μᾶλλον
413 2393 482 2446 [de
514 2407 590 2444 quo
623 2394 785 2433 adeatur
809 2394 936 2434 Hand.

62 2449 132 2489 l.c.
159 2449 247 2490 Intt.
273 2451 323 2489 ad
347 2451 456 2502 Virg.
483 2450 625 2502 Georg.
652 2449 720 2489 IV.
736 2451 848 2504 311.]
874 2452 936 2490 vel

60 2506 133 2546 sed
166 2509 299 2560 mayis
333 2508 546 2560 mayisque
584 2506 741 2546 laudato
772 2507 937 2547 Hessel.

59 2561 112 2601 ad
131 2561 230 2602 Eun.
243 2562 330 2602 XII.
349 2564 450 2602 Ann.
470 2577 508 2615 p.
525 2567 590 2608 99,
610 2564 750 2602 nemini
768 2578 938 2616 uuquam

46 2618 280 2672 probantur.
331 2619 412 2672 [De
425 2620 500 2659 hac
518 2619 696 2658 eiusdem
709 2621 814 2659 verbi
827 2634 937 2674 repe-

59 2675 193 2714 titione
211 2690 297 2715 cum
315 2678 352 2714 vi
373 2677 539 2728 quadam
560 2675 729 2728 prolata3
767 2677 815 2717 cf.
837 2676 936 2717 Cort.

60 2730 112 2771 ad
133 2730 280 2772 Lucan.
306 2733 357 2772 V.
384 2732 496 2786 741]

116 2788 176 2829 ad
194 2789 268 2829 llos
287 2804 392 2829 usus.
440 2788 602 2829 Frustra
620 2793 683 2828 est
696 2789 832 2829 Heius.
825 2821 847 2838 .,
873 2792 937 2843 qui

61 2834 113 2884 ad
135 2842 250 2888 Ovid.
276 2845 387 2887 Fast.
411 2845 459 2886 ΙΙ.
485 2850 577 2888 793.
611 2846 819 2897 legendum
852 2861 936 2899 pro-

59 2901 191 2952 posuit
213 2902 273 2941 ad
296 2903 376 2943 hoc
400 2917 510 2949 usus3
553 2902 600 2941 cf.
627 2903 744 2942 misc.
768 2902 937 2943 Observ.

60 2955 152 2996 Vol.
177 2956 245 2997 lv,
281 2956 328 2998 P.
352 2958 398 2998 11.
429 2974 466 3011 p.
494 2963 586 3001 303.
620 2959 711 2998 Vol.
740 2959 788 2999 V.
818 2959 865 2999 P.
891 2959 937 3001 ΙΙ.

61 3024 101 3064 p.
118 3016 210 3055 206.
235 3013 319 3053 lntt.
346 3015 397 3055 ad
422 3016 530 3054 Suet.
557 3015 703 3056 Domit.
723 3020 759 3056 7.
785 3017 836 3056 ad
859 3016 938 3057 Lu·

60 3082 146 3109 can.
169 3069 219 3110 V.
247 3074 338 3112 698.

1052 1547 1204 1585 incolo.
1242 1545 1316 1598 [Ita
1330 1558 1379 1584 ex
1392 1545 1742 1599 praestantissimis
1758 1545 1871 1583 codd.

996 1604 1123 1655 recepi
1149 1603 1265 1642 invito
1286 1602 1389 1642 Oud.
1417 1604 1479 1654 qui
1507 1616 1557 1641 ex
1576 1600 1789 1641 Florent.l.
1816 1603 1872 1640 in-

994 1659 1102 1699 vado
1128 1660 1312 1712 praefert.
1370 1658 1587 1712 Utrumque
1612 1672 1681 1711 per
1705 1672 1751 1697 se
1770 1672 1872 1697 com-

993 1717 1189 1768 probatur,
1216 1721 1255 1755 et
1275 1729 1324 1754 ex
1344 1717 1571 1755 auctoritate
1597 1719 1744 1754 tantum
1768 1715 1872 1753 codi-

995 1787 1081 1812 cum
1113 1787 1177 1811 res
1202 1773 1449 1812 diiudicanda
1482 1777 1556 1811 est.
1617 1771 1770 1811 Eadem
1796 1771 1873 1809 lec·

993 1831 1107 1868 tionis
1132 1830 1393 1883 discrepantia
1416 1829 1516 1868 Met.
1535 1828 1602 1869 VI.
1627 1843 1665 1881 p.
1687 1831 1781 1869 398·
1807 1828 1873 1866 de-

992 1887 1257 1938 prehenditur.
1299 1886 1363 1925 De
1383 1887 1566 1926 involare
1581 1900 1612 1925 c,
1626 1886 1724 1924 Ace.
1746 1887 1872 1923 iuncto

993 1943 1041 1982 cf.
1061 1943 1196 1982 Heius.
1219 1944 1268 1982 ad
1287 1941 1402 1982 Ovid.
1423 1942 1519 1981 Met.
1533 1941 1638 1981 XIII.
1656 1946 1749 1984 561.
1771 1939 1873 1980 Cort.

997 1999 1046 2038 ad
1071 1999 1218 2039 Lucan.
1244 1999 1311 2038 Vl.
1339 1999 1450 2052 588]

1053 2080 1235 2130 spiritns.
1294 2078 1534 2117 Necessario
1565 2079 1619 2117 ita
1661 2078 1778 2116 scribi
1809 2077 1873 2116 de-

927 2143 936 2151 ·
994 2135 1113 2173 beliat
1138 2148 1187 2173 ex
1212 2149 1410 2174 consensu
1434 2133 1552 2181 Mssa,
1585 2135 1726 2186 quibus
1751 2133 1874 2180 Oud.,

998 2205 1073 2230 non
1111 2192 1324 2231 obsecutus
1361 2196 1433 2231 est.
1495 2191 1556 2229 Ex
1593 2190 1876 2230 consuetudine

998 2249 1099 2286 enim
1112 2247 1389 2295 Romanorum,
1414 2249 1590 2301 pluribus
1614 2248 1733 2286 rebus
1758 2261 1875 2286 unum

997 2305 1110 2355 quasi
1140 2306 1353 2344 membrum
1376 2305 1586 2351 tribuendi,
1620 2305 1670 2342 de
1696 2317 1773 2354 qua
1797 2304 1874 2343 dic-

996 2365 1076 2400 tum
1100 2366 1163 2399 est
1186 2362 1237 2400 ad
1255 2359 1354 2401 Met.
1370 2361 1396 2400 1.
1412 2375 1448 2414 p.
1467 2364 1572 2407 109..
1597 2361 1661 2400 hic
1685 2363 1875 2414 spiritum

997 2417 1100 2457 male
1125 2418 1314 2470 praetulit.

1052 2498 1095 2536 in
1130 2500 1266 2537 vicem.
1326 2497 1514 2537 Pricaeus
1553 2499 1683 2537 omisit
1711 2509 1858 2550 praepo

995 2554 1193 2601 sitionem,
1224 2555 1406 2594 deditane
1438 2569 1559 2608 opera
1587 2569 1634 2594 an
1654 2553 1876 2606 typotheta-

995 2624 1077 2649 rum
1091 2608 1207 2664 culpa
1220 2611 1406 2651 incertum
1422 2616 1493 2650 est.
1527 2609 1760 2663 [Utrumque
1774 2610 1877 2648 bene

997 2667 1147 2715 dicitur3
1179 2668 1227 2707 cs.
1249 2668 1366 2707 Gron.
1387 2669 1437 2707 ad
1456 2667 1541 2708 Liv.
1562 2667 1588 2706 l.
1610 2670 1646 2708 9.
1665 2671 1726 2708 15.
1747 2665 1874 2706 Hand.

996 2721 1363 2765 Turse11.lll.450
1389 2725 1469 2777 sq.]

1057 2789 1157 2832 Ger
1141 2807 1297 2847 Joneae
1323 2793 1477 2833 caedis.
1537 2792 1704 2844 [locatur
1726 2790 1876 2831 Lucius

996 2849 1061 2900 qui
1094 2849 1218 2888 tribus
1250 2848 1464 2891 latronibus
1495 2863 1517 2886 e
1548 2849 1678 2887 medio
1709 2846 1876 2889 sublatis

995 2917 1043 2943 se
1074 2904 1277 2957 fatigatum
1308 2918 1402 2944 esse
1433 2906 1524 2943 dicit
1548 2907 1668 2944 instar
1692 2904 1876 2945 Herculis

995 2965 1207 3014 postquem
1235 2963 1498 3001 trimembrem
1531 2962 1755 3013 Geryonem
1787 2976 1877 3001 con-

995 3017 1157 3058 seceiat.
1221 3018 1284 3058 De
1317 3018 1502 3070 Geryone
1541 3020 1708 3069 eiusque
1742 3018 1878 3058 sabula

997 3074 1044 3113 cs.
1065 3074 1202 3115 Munk.
1228 3076 1279 3116 ad
1292 3074 1384 3127 Hy„
1362 3076 1436 3114 oin.
1450 3074 1583 3115 XXX.
1609 3090 1646 3129 p.
1662 3079 1727 3117 87.
1748 3075 1875 3127 siau]
