2155 3590
677 137 864 179 LIBER
892 136 965 177 lv,
1024 134 1151 176 CAP.
1181 132 1301 175 XXI.

625 436 1063 485 CAPUT
1154 435 1321 483 XXI.

182 581 269 622 Nec
294 589 424 622 tamen
452 583 577 623 nostri
601 582 795 623 sermonis
827 588 932 622 artes
964 581 1234 622 infelicissimo
1259 579 1494 634 profuerunt
1522 577 1669 617 iuveni.
1717 576 1868 639 Quippe

72 639 225 693 quidam
257 653 493 693 procurrens
527 653 547 679 e
578 640 690 679 domo
716 651 903 692 procerus
929 645 968 678 et
991 638 1144 678 validus
1169 637 1420 677 incontanter
1444 635 1621 675 lanceam
1647 633 1783 672 mediis
1808 647 1868 671 in-

70 695 163 736 iecit
196 708 313 735 ursae
350 696 589 750 praecordiis
627 709 699 736 nec
724 708 838 734 secus
875 694 989 734 alius.
1042 693 1095 734 Et
1124 708 1215 734 ecce
1240 692 1396 747 plurimi
1421 692 1497 731 iam
1524 691 1664 731 timore
1690 689 1867 729 discusso

71 752 250 792 certatim
281 752 431 806 gladios
464 759 502 792 et
526 752 601 792 iam
636 753 681 792 de
715 751 896 805 proximo
923 757 1158 804 congerunt.
1209 749 1426 790 Enimvero
1452 747 1725 802 Thrasyleon,
1754 759 1868 799 egre-

71 808 175 862 gium
201 809 318 849 decus
344 816 504 849 nostrae
531 808 727 858 factionis,
756 807 1231 854 tandemsimmortalitate
1258 806 1376 860 digno
1395 805 1461 845 illo
1480 804 1621 858 spiritu
1639 809 1868 865 expugnato

69 865 195 919 magis
227 879 340 918 quam
372 865 581 918 pauentia,
617 878 742 918 neque
775 861 945 904 clamore
971 877 1016 903 ac
1042 877 1114 904 nec
1139 863 1288 903 ululatu
1314 862 1467 915 quidem
1493 861 1605 901 tidem
1629 865 1869 900 sacramenti

69 921 251 975 prodidit,
280 922 346 961 sed
372 921 448 961 iam
474 921 668 961 morsibus
694 921 890 961 laceratus
919 921 1100 972 ferroque
1127 919 1311 970 laniatus,
1341 918 1488 959 obnixo
1510 917 1662 967 mugitu
1682 923 1721 956 et
1740 915 1867 956 serino

159 1073 187 1100 t’
201 1081 255 1107 pro
272 1075 383 1100 tamen
397 1074 434 1101 D.
462 1073 519 1110 (ex
533 1076 653 1102 mutato
669 1073 856 1107 compendio
873 1073 919 1100 Ιιῖ
931 1068 1049 1110 ortum)
1076 1079 1200 1099 merens
1215 1079 1270 1106 pro
1284 1074 1379 1098 artes
1393 1072 1430 1100 D.
1445 1078 1463 1099 a
1479 1078 1518 1098 m.
1534 1079 1562 1105 p.
1577 1071 1661 1104 quod
1675 1069 1708 1097 in
1722 1069 1869 1103 margine

69 1122 249 1147 correctum
267 1123 326 1147 est.
369 1118 581 1157 profuerunt
599 1120 634 1146 F.
654 1120 684 1146 3.
706 1120 742 1147 G.
764 1121 792 1146 1.
814 1121 843 1147 ¹2.
864 1120 901 1146 D.
923 1120 956 1146 Ο.
978 1127 1007 1152 p.
1030 1118 1049 1146 f.
1065 1114 1093 1145 δ’.
1123 1119 1160 1145 ln
1180 1120 1254 1145 cett.
1274 1119 1354 1144 Mss.
1376 1121 1405 1144 et
1426 1117 1496 1144 edd.
1520 1119 1594 1144 vett.
1609 1114 1786 1152 profuere.
1833 1116 1869 1140 et

66 1167 142 1191 ante
155 1170 241 1197 ecce,
263 1171 346 1197 quae
360 1163 393 1191 in
413 1165 561 1192 omnihus
581 1164 679 1192 codd.
694 1168 722 1191 et
737 1165 806 1192 edd.
822 1166 896 1192 vett.
912 1163 1047 1197 legitur.
1074 1163 1148 1190 inde
1170 1163 1210 1190 ab
1224 1162 1299 1190 edit.
1315 1162 1404 1190 Colv.
1420 1164 1523 1190 abest.
1573 1157 1701 1188 lfflmre.
1727 1159 1869 1188 Ultimae

64 1208 193 1236 litterae
206 1209 302 1236 huius
314 1211 428 1236 vocab.
444 1209 476 1236 in
491 1211 526 1237 G.
545 1210 572 1236 1.
587 1215 704 1237 erasae
717 1212 802 1236 sunt.
851 1211 883 1234 ee
903 1209 970 1234 iam
991 1205 1029 1233 de
1042 1208 1076 1235 κ’.
1097 1209 1122 1235 1.
1138 1208 1167 1234 3.
1189 1208 1224 1235 G.
1246 1208 1270 1234 1.
1288 1209 1317 1235 2'.
1339 1211 1366 1234 et
1386 1214 1497 1235 omnes
1518 1207 1588 1235 edd.
1603 1205 1797 1234 vett.et1’am
1811 1201 1873 1231 αἶα

65 1251 102 1288 (i.
117 1262 144 1281 e.
159 1252 276 1280 anima
288 1253 399 1281 nescio
413 1261 475 1287 quo
489 1251 603 1285 sensu)
616 1254 654 1281 D.
669 1261 689 1281 a
704 1262 732 1287 p.
747 1261 787 1281 m.
814 1255 847 1280 ln
862 1253 1045 1281 remelium
1061 1254 1247 1288 congerunt
1261 1252 1466 1279 desideratur
1487 1252 1519 1279 iu
1534 1253 1570 1279 R.
1585 1255 1613 1279 et
1629 1251 1650 1280 f.
1699 1250 1866 1277 enimvero

63 1299 227 1326 abestaR.
239 1298 259 1326 f.
285 1298 372 1325 em'm
385 1296 429 1325 ηῦ
438 1300 475 1326 D.
491 1297 563 1333 [pro
579 1296 617 1325 rr]
634 1298 665 1326 id
679 1302 725 1326 est
743 1305 820 1325 vern
835 1298 875 1326 cf.
886 1299 939 1326 Dr.
950 1299 989 1325 ad
1000 1298 1165 1325 Lix·.11.31
1176 1319 1182 1324 .
1196 1298 1226 1329 S.
1238 1299 1268 1324 5.
1284 1297 1367 1324 Hinc
1383 1300 1457 1331 puto
1473 1296 1647 1330 profectam
1663 1304 1736 1324 esse
1751 1297 1819 1323 cod.
1830 1297 1866 1324 B.

62 1343 232 1371 lectionem
246 1342 330 1370 em'm
344 1346 461 1370 noster
473 1351 513 1371 ex
526 1347 600 1371 nota
616 1341 685 1377 ἦν.)
717 1342 824 1379 magis
838 1351 938 1379 qnam
947 1342 1133 1378 patientia.
1159 1342 1356 1369 Exciderunt
1373 1344 1453 1369 haec
1469 1344 1568 1370 verba
1583 1349 1637 1375 per
1652 1341 1811 1369 incuriam
1826 1348 1868 1369 ex

63 1388 137 1417 edit.
155 1389 318 1416 Vt'owerii
338 1392 367 1416 et
385 1389 462 1416 hinc
481 1389 621 1417 Pricaei.
669 1386 726 1415 ille
744 1387 868 1424 spirim
888 1389 925 1417 D.
974 1395 1016 1414 ac
1034 1395 1074 1414 ae
1093 1385 1176 1415 ιιΙηΙ.
1199 1395 1229 1423 q.
1250 1388 1284 1415 G.
1310 1387 1336 1414 1.
1359 1388 1388 1415 ·.’.
1408 1387 1446 1415 D.
1467 1383 1495 1414 δ.
1516 1395 1543 1414 0.
1559 1387 1607 1414 ed.
1629 1394 1674 1421 pr.
1689 1390 1717 1414 et
1737 1387 1819 1414 lunt
1835 1387 1866 1415 2.

64 1433 170 1462 Ceteri
189 1434 279 1461 codd.
300 1437 330 1461 et
347 1434 417 1462 edd.
438 1437 513 1462 vett.
533 1435 651 1462 hahent
669 1441 730 1460 mee
749 1434 831 1467 quod
852 1433 1001 1467 equidem
1016 1433 1166 1466 praetuli.
1214 1430 1362 1459 ullulatu
1377 1434 1411 1460 G.
1432 1433 1458 1459 l.
1480 1432 1591 1460 llcinS.
1607 1432 1708 1460 voluit
1724 1430 1865 1461 ee'nlalu.

62 1477 187 1506 obnixu
199 1479 237 1507 D.
252 1478 286 1507 0.
301 1480 337 1507 G.
354 1480 381 1507 1.
396 1486 469 1507 cum
483 1481 596 1514 glossa
609 1479 811 1507 interlineari
822 1477 956 1516 grandi.
982 1477 1126 1505 oblm.r1'v
1139 1479 1222 1506 Ittnt.
1238 1479 1268 1505 2.

61 1611 135 1649 iam
160 1611 369 1662 praecedit.
417 1610 516 1650 Hinc
543 1611 685 1650 factum
705 1616 778 1657 est,
804 1616 845 1650 ut
863 1594 928 1650 de·
989 1610 1074 1649 XII.
1102 1614 1193 1652 632.
1220 1609 1288 1649 XI.
1317 1615 1408 1652 760.
1470 1610 1527 1648 Ita
1552 1614 1614 1648 ost
1639 1611 1674 1648 in
1704 1610 1862 1649 Antliol.

0 2684 1 2697 ¹
56 2684 118 2721 32.

62 1667 217 1706 lendum
259 1668 457 1718 posterius
495 1669 726 1720 interpretes
767 1669 929 1720 saepius

60 1724 366 1776 pronuntiarent,
403 1729 446 1762 ut
475 1724 578 1763 Oud.
610 1724 707 1764 Met.
740 1724 765 1763 I.
799 1739 835 1776 p.
863 1729 927 1766 68.

60 1784 99 1819 et
129 1784 262 1819 nostro
295 1781 381 1818 Ioco
412 1780 543 1820 voluit.
604 1780 717 1828 Quae
754 1782 842 1833 ipse
878 1782 928 1820 ad

58 1837 153 1875 Met.
189 1835 216 1875 I.
254 1850 289 1887 p.
329 1841 392 1878 68.
430 1837 568 1875 adtulit
603 1838 804 1889 exempla,
849 1852 927 1875 om-

59 1893 146 1932 nino
173 1894 431 1932 commiscuit:
456 1898 497 1932 ut
528 1894 635 1932 Suet.
663 1893 778 1932 Caes.
805 1908 835 1932 c,
862 1898 929 1935 32.

0 1978 1 1989 l
59 1950 205 1995 Eatur,
230 1951 382 2003 inquit&
406 1951 516 1989 iacta
542 1951 634 1990 alea
659 1956 741 1990 esto
765 1950 862 1989 Met.
877 1951 927 1990 V.

0 2045 1 2054 ¹
57 2021 93 2058 p.
127 2009 221 2046 369.
252 2007 316 2044 ubi
347 2007 484 2058 inquit
512 2011 552 2044 et
583 2007 720 2046 aiebat
749 2020 794 2045 se
825 2007 927 2045 exci-

0 2060 1 2072 ¹
56 2063 182 2114 piunt,
220 2063 284 2112 qui
323 2062 509 2113 loquendi
541 2077 638 2101 usus
670 2063 784 2114 plane
815 2064 928 2101 aliter

57 2118 313 2169 explicandus
339 2122 410 2156 est.
458 2118 523 2156 De
540 2118 785 2170 pleonasmo,
812 2133 927 2170 quem

57 2175 135 2213 dixi
160 2174 208 2213 cf.
218 2173 392 2212 Lobeck.
407 2174 457 2212 ad
466 2174 653 2225 Sophocl.
664 2176 772 2214 Aiac.
783 2190 821 2228 p.
832 2179 924 2216 340.

56 2231 117 2269 ed.
135 2244 219 2269 nov.
235 2229 320 2268 Intt.
335 2231 385 2268 ad
395 2230 503 2281 Virg.
518 2232 605 2269 Aen
616 2231 672 2270 ‚ll.
689 2236 752 2272 78.
768 2232 816 2270 V.
832 2236 924 2272 551.

55 2287 105 2326 X.
126 2291 191 2327 41.
212 2291 276 2327 42.
304 2287 473 2325 Gronov.
499 2287 549 2325 ad
574 2288 678 2327 Geli.
695 2288 739 2326 Il.
760 2292 819 2329 13.
845 2288 925 2326 Ob-

54 2357 155 2382 serv.
171 2343 340 2382 Miscell.
354 2342 456 2381 Nov.
472 2343 582 2382 Toni.
596 2344 646 2383 X.
661 2358 697 2395 p.
716 2349 778 2385 14.
794 2344 924 2383 Burm.

0 2389 1 2397 ἵ
54 2399 104 2438 ad
123 2399 240 2438 Ovid.
260 2399 358 2438 Met.
378 2398 443 2438 Vl.
460 2403 553 2441 280.
576 2400 708 2440 Eckst.
734 2401 782 2439 ad
802 2401 924 2439 voss.

54 2456 173 2494 Arist.
206 2455 250 2495 T.
279 2455 321 2493 Π.
348 2469 384 2506 p.
411 2460 502 2497 890.
535 2457 598 2494 ubi
631 2457 679 2495 cf.
705 2458 792 2496 W.
826 2471 925 2508 quos

53 2516 256 2564 praeterea
281 2512 347 2549 ille
375 2513 527 2551 excitat.
553 2512 650 2552 Met.
676 2513 738 2551 III.
766 2527 802 2564 p.
829 2517 922 2554 210.

0 2577 1 2587 ’
53 2569 101 2606 V.
114 2582 150 2620 p.
167 2572 259 2609 370.
281 2567 385 2607 Oud.
406 2574 606 2620 comparat
625 2570 736 2609 Serv.
757 2570 921 2609 adAen.

53 2623 115 2664 Ill.
129 2629 222 2666 480.
236 2629 276 2663 et
289 2624 517 2664 Commentt.
544 2626 593 2663 ad
620 2626 729 2666 Suet.
750 2626 779 2664 s*
781 2639 862 2664 aes.
889 2640 919 2665 e.

178 2681 232 2719 lta
277 2682 485 2731 legendum
522 2686 616 2732 puto
654 2683 690 2720 in
725 2683 919 2734 Spartian.

0 2728 1 2777 l
55 2737 118 2776 vit.
143 2737 276 2777 Sever.
309 2752 339 2776 c.
366 2744 404 2778 4.
432 2736 477 2777 Τ.
505 2741 541 2777 ’1.
567 2752 601 2789 p.
630 2742 721 2779 595.
755 2752 803 2776 ex
836 2740 920 2777 cod.

53 2790 176 2832 Putat.
194 2795 412 2847 ‘responde't
430 2795 504 2833 sed
513 2795 750 2846 possidebo,
774 2797 922 2848 inquit.

108 2904 196 2946 Car.
209 2905 318 2945 XXI.
357 2913 473 2946 artes.
524 2907 623 2959 [Ars
647 2908 710 2947 hic
733 2907 922 2957 significat

52 2962 223 3011 fraudes
241 2967 281 3002 et
295 2964 509 3015 fallacias,
535 2964 676 3014 quibus
695 2964 838 3002 auxilio
854 2964 919 3002 ad-

0 3047 1 3051 ,
57 3015 230 3057 volantes
254 3019 349 3058 latro
376 3021 558 3072 decipere
577 3021 741 3058 studuit:
772 3021 822 3058 de
841 3034 918 3072 quo

55 3083 128 3110 usu
149 3077 363 3114 accuratius
382 3076 541 3114 disserit
559 3076 742 3115 Beroald.
763 3077 813 3115 ad
834 3076 867 3115 h.
895 3076 917 3114 I.

53 3126 138 3166 lntt.
162 3130 211 3168 ad
235 3130 349 3183 Prop.
371 3132 414 3171 II.
430 3137 494 3174 25.
514 3137 575 3173 15.
604 3133 714 3171 Serv.
741 3134 789 3172 ad
815 3134 916 3172 Aen.

988 1667 1075 1706 Lat.
1106 1667 1193 1706 Lib.
1227 1666 1270 1706 ll.
1297 1672 1362 1709 40.
1390 1671 1425 1707 3.
1454 1667 1498 1706 Τ.
1526 1667 1553 1706 I.
1578 1681 1615 1719 p.
1643 1671 1755 1712 208.;
1799 1668 1863 1719 qui

987 1738 1128 1762 versus
1159 1725 1327 1776 corrupti
1360 1725 1413 1762 ita
1443 1724 1535 1762 inihi
1568 1724 1743 1762 videntur
1768 1738 1864 1762 esse

987 1781 1233 1819 restituendi:
1274 1781 1575 1820 Luxuritmtcnz
1600 1782 1735 1819 animo
1762 1780 1862 1820 Poe-

986 1852 1081 1877 num
1103 1840 1303 1889 ferroque
1328 1842 1518 1877 ruentem.
1587 1837 1708 1876 Urbis
1734 1839 1775 1876 e'n
1794 1851 1861 1876 em-

988 1894 1153 1939 omium,
1181 1895 1249 1932 rsa·
1270 1894 1404 1945 Imber
1429 1894 1486 1932 ad
1511 1908 1625 1932 arma
1652 1900 1861 1938 vocatus,

987 1950 1185 1989 Patribus
1200 1950 1351 1989 edoma·
1376 1954 1521 1989 cauta
1549 1949 1671 2002 [Mss.
1699 1952 1860 2003 carta]

987 2007 1220 2057 superarier
1245 2011 1334 2044 arte
1359 2006 1408 2044 de
1424 2006 1613 2056 Scipione
1639 2007 1703 2058 qui
1728 2007 1860 2045 admo-

988 2062 1077 2099 dum
1104 2063 1252 2100 iuvenis
1271 2062 1322 2100 ad
1341 2076 1447 2100 arma
1466 2063 1689 2108 vocabatur,
1716 2068 1754 2102 et
1774 2078 1859 2103 cau-

986 2122 1050 2156 tus
1065 2123 1147 2157 erat
1169 2119 1205 2156 in
1225 2119 1386 2170 proeliis
1406 2120 1721 2173 committendis]

1044 2203 1083 2236 et
1112 2211 1203 2236 ecce
1234 2198 1338 2248 quod
1363 2199 1452 2236 inde
1477 2199 1526 2237 ab
1552 2199 1659 2238 editt.
1686 2198 1793 2238 Colv.
1820 2204 1859 2239 et

984 2253 1097 2292 Vulc.
1124 2254 1159 2291 in
1180 2267 1292 2305 seqq.
1314 2255 1494 2293 omnibus
1516 2256 1658 2297 exulat.
1685 2256 1857 2295 benere-

985 2310 1107 2349 stituit
1131 2309 1232 2349 Oud.
1259 2324 1308 2349 ex
1337 2312 1490 2362 ingenio
1516 2312 1704 2363 Apuleio,
1731 2314 1795 2365 qui
1821 2319 1860 2353 et

985 2380 1077 2406 eece
1107 2367 1267 2418 iungere
1298 2368 1427 2406 soleat
1459 2368 1562 2407 conf.
1593 2368 1691 2408 Met.
1723 2369 1790 2408 lv.
1817 2384 1857 2421 p.

985 2427 1078 2463 287.
1111 2423 1176 2461 Vl.
1208 2437 1244 2474 p.
1278 2428 1368 2464 443.
1402 2438 1513 2476 saep.
1547 2429 1586 2462 et
1615 2425 1776 2465 Muson.
1806 2427 1857 2464 ad

983 2479 1141 2518 AenX.
1160 2484 1249 2520 167.
1278 2480 1421 2533 [Hand.
1449 2481 1619 2520 Turseli.
1635 2481 1675 2521 ΙΙ.
1690 2482 1854 2535 p.493.]

1039 2564 1078 2597 et
1105 2560 1197 2598 iam.
1259 2559 1502 2612 [seiunctum
1529 2562 1580 2599 ita
1605 2561 1722 2599 scribi
1749 2559 1855 2607 volo,

982 2628 1098 2665 quum
1124 2616 1299 2654 cominus
1325 2617 1398 2654 iam
1424 2631 1546 2654 ausos
1570 2617 1692 2655 fuisse
1706 2618 1856 2656 vicinos

979 2685 1111 2709 ursum
1132 2673 1294 2723 aggredi
1309 2674 1502 2724 Apuleius
1516 2674 1610 2711 velit
1624 2674 1853 2725 exprimere.

984 2727 1039 2766 Et
1062 2727 1124 2767 hic
1137 2729 1242 2768 valet
1256 2735 1295 2768 et
1308 2731 1467 2782 quidem
1489 2744 1535 2767 ac
1554 2730 1854 2781 trepidationem

980 2784 1162 2834 designat
1185 2786 1506 2836 aggredientium,
1534 2787 1597 2836 qui
1623 2787 1696 2825 nisi
1722 2787 1854 2826 vulne-

980 2844 1087 2878 ratae
1119 2846 1158 2879 et
1188 2842 1262 2879 iam
1294 2841 1480 2880 infractae
1506 2843 1659 2881 bestiae
1684 2857 1760 2882 non
1786 2858 1852 2897 ap-

979 2898 1300 2949 propinquabant.
1344 2898 1400 2936 Ita
1412 2896 1660 2950 Thrasyleon
1676 2900 1852 2952 effugere

981 2967 1054 2991 non
1078 2954 1260 3006 poterat]

1036 3021 1224 3061 laniatus.
1255 3021 1392 3060 Heius.
1408 3022 1581 3062 malebat
1605 3025 1849 3071 lancinatu&

979 3077 1082 3127 quod
1102 3080 1230 3116 tarnen
1245 3079 1442 3117 morsibus
1467 3079 1594 3131 magis
1615 3082 1849 3121 conveniret.

977 3134 1061 3172 Se‘d
1075 3133 1124 3173 cs.
1145 3147 1247 3185 quae
1267 3134 1392 3173 dicam
1412 3135 1462 3174 ad
1474 3133 1571 3176 Met.
1585 3136 1689 3177 vlll.
1704 3152 1740 3190 p.
1754 3143 1850 3180 519.
