2221 3667
301 151 383 193 654
560 150 613 191 L.
637 148 859 190 APULEll
885 145 1289 188 MADAL'RENStS
1313 144 1859 183 METAMORPHOSEON

211 267 275 299 518
300 262 518 302 ardescens
555 262 671 302 dente
708 260 953 316 compullso,
994 271 1107 311 quem
1145 256 1310 310 primum
1342 255 1493 296 insiliat
1522 254 1771 295 contabunda
1801 255 1982 296 rimatur.
2035 253 2111 296 Sed

300 318 406 372 prior
429 318 692 373 Tlepolemus
709 318 902 367 iaculum,
931 315 1031 368 quod
1059 313 1238 367 gerebat,
1271 313 1433 366 insuper
1458 313 1617 352 dorsum
1643 311 1791 351 bestiae
1817 312 2024 352 contorsit.
2060 314 2115 351 At

299 374 540 430 Thrasyllus
567 375 677 415 ferae
696 374 850 428 quidem
873 370 1065 427 pepercit,
1095 370 1164 410 sed
1184 369 1273 423 equi
1295 382 1371 423 quo
1391 368 1610 410 vehebatur
1622 367 1873 422 Tlepolemus
1894 375 2114 422 postremos

300 524 451 554 dentium
473 525 646 563 compulsu
671 527 708 554 B.
736 526 816 552 teste
837 521 1004 557 Scioppio7
1025 522 1106 555 quod
1127 528 1200 550 mea
1218 520 1350 549 collatio
1378 523 1526 549 testatur.
1552 520 1633 547 Oud.
1652 525 1730 546 vero
1751 518 1845 555 dicit,
1871 518 1933 555 ita,
1961 522 2116 552 quantum

300 571 405 608 sciat,
430 575 554 600 tantum
569 571 634 605 legi
648 571 681 599 in
695 569 776 598 Edd.
792 569 880 597 Colv.
895 567 1074 602 prioribus,
1100 567 1212 595 XVow.
1228 566 1335 594 Scriv.
1351 565 1436 594 Prie.
1451 568 1480 593 et
1494 564 1614 593 Florid.
1628 566 1657 592 et
1674 563 1783 591 forsan
1798 563 1831 591 in
1847 571 1876 597 p.
1901 565 1936 592 In
1951 567 2024 592 cett.
2039 572 2117 592 vero

300 616 369 653 legi
384 620 415 644 ut
432 617 463 645 in
479 618 514 645 F.
532 618 561 646 1.
576 618 613 645 R.
628 616 647 645 f.
663 617 698 643 P.
713 612 742 642 δ.
758 614 793 642 0.
809 614 900 641 Colv.
915 613 1011 641 Vulc.
1027 614 1127 640 Mero.
1140 609 1238 638 dente
1252 609 1442 647 compulsu,
1469 611 1552 644 quod
1572 611 1658 638 male
1677 608 1743 636 nisi
1762 608 1859 637 fallor
1879 611 2118 643 typothetarum

300 670 411 691 errore
425 665 583 690 mutatum
597 665 645 690 est
655 682 663 697 7
687 659 829 692 hincque
843 657 936 691 peius
950 660 1115 692 receptum
1130 664 1150 685 a
1163 658 1337 685 Ruhnken.
1363 656 1446 691 Quid
1459 655 1545 684 enim
1559 653 1657 681 dente
1671 652 1841 689 compulsu
1855 654 1919 682 sibi
1934 655 2028 687 velit.
2055 662 2118 682 non

301 708 411 743 capio.
435 708 571 742 Legitur
585 707 618 735 in
633 704 782 734 omnibus
796 703 847 731 his
859 706 894 731 ut
908 703 943 731 in
955 702 992 731 F.
1011 703 1038 731 t.
1052 704 1083 731 3.
1099 704 1135 731 G.
1151 703 1180 730 1.
1195 703 1226 731 2.
1241 704 1279 730 D.
1294 703 1389 731 Vulc.
1403 703 1434 729 2.
1452 699 1553 727 dente
1573 698 1753 736 compulso.

1803 706 1905 735 quam
1921 699 2068 735 primum
2088 708 2118 734 p.

301 754 414 782 Verba
428 751 488 780 sed
499 759 602 785 usque
614 751 656 779 ad
674 748 842 776 contorsit
858 748 891 776 in
905 749 942 776 G.
955 748 983 776 1.
999 750 1135 776 exulare
1150 747 1226 775 dicit
1241 748 1321 776 Oud.
1347 747 1482 775 Minime
1495 753 1588 783 vei-0⁶3
1603 749 1634 773 at
1650 746 1683 774 in
1697 746 1774 773 G.2.
1788 748 1817 772 et
1827 745 1865 772 D.
1881 745 2118 773 desiderantur.

302 806 346 826 ac
365 796 568 834 Thrasyllus
582 796 605 824 f.
647 800 798 831 parcens
811 796 847 822 G.
865 795 893 822 1.
908 794 938 821 2.
952 793 991 821 D.
1005 794 1042 822 L.
1058 793 1080 822 f.
1095 793 1186 822 Colv.
1201 793 1296 821 Vulc.
1311 792 1530 821 Etn1.l‹'1orid.
1562 790 1717 827 pepercit
1735 791 1770 818 F.
1791 789 1821 819 1.
1842 789 1875 818 in
1896 790 2059 824 excerptis
2079 790 2119 818 ad

303 847 408 878 Marg.
429 844 478 871 ed.
500 843 590 870 cotv.
613 848 642 874 p.
663 841 699 868 B.
720 842 749 867 et
770 840 842 868 edd.
862 842 941 867 vett.
973 837 1135 875 peparcit
1148 839 1183 867 F.
1200 838 1598 872 1.inc011.1.tndenbrog.
1614 833 1825 873 pepercisset
1842 835 1920 872 eqni
1933 835 1969 864 F.
1984 837 2015 864 3.

302 893 379 918 ante
398 888 477 925 equi
494 887 605 916 exulat
625 887 697 914 aG.
711 886 739 914 1.
755 886 786 914 2.
807 886 843 913 P.
864 884 899 912 Ο.
921 882 943 912 f.
962 885 1002 913 D.

303 935 384 963 coti.
399 935 495 963 Voss.

361 1056 482 1094 deute
507 1052 732 1105 compulso.
781 1050 883 1090 Oud.
913 1052 977 1102 qui
1004 1051 1103 1090 hanc
1128 1051 1185 1089 le-

303 1112 471 1151 ctionem
496 1122 743 1160 concoquere
763 1122 837 1147 non
858 1111 1028 1159 poterat,
1054 1121 1184 1146 emen-

304 1168 410 1207 davit
423 1167 606 1206 dentium
620 1166 834 1218 complosa
850 1165 911 1203 vel
932 1178 1002 1216 per
1015 1165 1184 1216 graecis-

304 1238 408 1263 mum
434 1237 483 1262 ex
508 1222 667 1275 Apuleii
692 1235 802 1260 more
832 1226 870 1260 el
900 1222 1040 1261 dentes
1071 1236 1185 1262 eom·

298 1282 447 1334 plosa
472 1294 504 1319 s.
531 1280 623 1318 dum
649 1279 790 1318 dentes
812 1278 1027 1330 complodit
1039 1279 1186 1317 s.inter

303 1338 475 1377 dentium
514 1336 828 1387 complosionern
863 1336 929 1373 vel
972 1338 1185 1386 postquam

304 1393 720 1445 comploseritdentes.
737 1391 1054 1443 Quicquidigitur
1063 1395 1186 1438 esset,

305 1450 524 1501 intelligere
550 1453 749 1489 auctorem
774 1450 924 1501 putavit
949 1447 1052 1487 Oud.
1079 1448 1186 1487 colli·

305 1509 458 1546 sionem
489 1507 680 1552 (lentium,
712 1519 828 1556 quam
858 1519 954 1557 prae
985 1506 1040 1543 ira
1070 1509 1109 1543 et
1133 1507 1186 1543 in-

306 1565 528 1615 dignatione
576 1566 712 1614 ageret
752 1575 848 1613 aper
896 1562 1092 1600 diversam
1134 1562 1184 1599 ab

305 1622 478 1659 dentium
517 1619 836 1671 exasperatione,
868 1622 908 1656 ut
944 1622 1186 1658 acuerentur.

307 1677 410 1730 [Sed
436 1678 582 1728 optime
612 1676 715 1714 hunc
754 1674 882 1713 locum
907 1674 1097 1713 Pricaeus
1134 1676 1186 1713 in-

306 1734 460 1773 tellexit
492 1733 542 1771 de
580 1732 755 1770 dentium
796 1733 1100 1784 exasperatione
1137 1744 1187 1769 ex

308 1790 504 1830 nonnullis
544 1789 643 1827 locis
681 1792 853 1827 veterum
891 1789 1186 1834 demonstrans,

308 1860 487 1899 aprorum
514 1846 640 1884 tuisse
663 1846 888 1897 priusquam
916 1858 1088 1896 pugnam
1120 1845 1185 1883 ini-

307 1907 409 1948 rent,
436 1904 577 1941 dentes
597 1915 750 1940 acuere.
790 1900 931 1940 Totam
957 1901 1061 1939 litem
1082 1901 1188 1939 tollit

308 1961 449 1999 Senec.
477 1960 527 1997 de
552 1959 612 1997 lra
636 1958 665 1998 Ι.
683 1964 719 1998 1.
745 1957 776 2008 ᾧ.
792 1963 829 1998 5.
857 1958 1063 2010 Spumant
1074 1959 1189 2009 apris

309 2032 404 2062 ora,
447 2017 589 2055 dentes
624 2020 831 2055 acuuntur
868 2016 1027 2054 attritu.
1087 2014 1190 2052 Nam

306 2078 410 2112 errat
433 2072 537 2111 Oud.
561 2076 706 2124 putans
730 2085 768 2123 p.
794 2075 890 2112 515.
916 2071 1104 2111 dentibus
1128 2076 1192 2110 at-

307 2132 434 2169 tritu
458 2130 602 2168 sonaci.
626 2142 813 2181 spumeus
838 2128 888 2166 de
913 2128 1003 2166 sola
1028 2129 1109 2180 apri
1135 2129 1190 2166 ira

306 2186 483 2236 intelligi.
531 2185 618 2223 Res
648 2185 749 2223 enim
781 2186 815 2222 si
846 2186 1064 2224 accuratius
1094 2197 1188 2235 pen·

309 2243 516 2288 siculatur‚
540 2242 590 2280 ad
610 2255 728 2280 unum
750 2241 932 2293 idemque
945 2242 1071 2280 redire
1087 2241 1191 2279 vide-

308 2314 409 2339 muS.
458 2298 562 2337 Nam
576 2300 676 2350 apri,
703 2298 767 2349 qui
781 2298 952 2336 iracundi
967 2302 1075 2345 sunt,
1101 2302 1194 2337 sunt

308 2357 464 2395 excitati
479 2359 596 2406 atque
611 2352 756 2399 irritati,
768 2359 810 2393 ut
824 2368 981 2407 pugnae
994 2368 1040 2392 se
1054 2367 1193 2407 parare

310 2414 498 2457 (lebeant;
525 2413 678 2463 signum
699 2410 814 2462 igitur
834 2425 909 2449 non
931 2411 1058 2450 solum
1075 2413 1190 2450 animi

308 2470 500 2523 pugnacis
525 2469 598 2507 sed
624 2468 741 2506 etiam
766 2468 987 2507 iracundiae
1012 2472 1075 2506 est
1095 2469 1191 2507 den-

310 2529 410 2566 tium
441 2526 608 2564 attritus
638 2538 671 2563 s,
712 2525 960 2576 compulsus,
1004 2529 1046 2563 ut
1082 2526 1231 2576 Apu-‘

311 2583 412 2622 leius
445 2582 550 2622 dicit.
603 2581 855 2633 Compellere
891 2594 983 2619 vero
1021 2585 1083 2620 est
1125 2595 1190 2621 co-

310 2654 420 2693 ¹qere,
447 2639 716 2690 comprimere
742 2638 901 2684 dentes,
928 2638 992 2687 qui
1018 2638 1189 2689 alioquin

310 2698 360 2734 ab
385 2709 482 2747 apro
506 2695 565 2734 ira
591 2694 768 2732 fervente
800 2695 1077 2734 concutiuntur.
1150 2695 1194 2733 Si

310 2753 404 2803 quid
434 2751 662 2790 mutand-um
693 2755 771 2797 est,
802 2751 936 2790 malim
961 2765 1193 2802 compresso

312 2810 375 2847 vel
402 2822 612 2848 concusso.
646 2808 695 2846 cf.
723 2808 816 2846 Seu.
843 2808 894 2846 de
919 2807 979 2845 Ira
1005 2807 1027 2845 l.
1050 2821 1102 2853 c.,
1126 2807 1193 2846 ubi

312 2865 482 2904 iracundi
515 2866 628 2915 sigua
655 2865 841 2903 describit
865 2864 896 2914 ᾧ.
918 2869 954 2905 4.
991 2865 1195 2917 Flayrant

314 2928 352 2961 et
364 2923 518 2961 micant
531 2922 656 2968 ocul-i,
744 2922 859 2960 labia
886 2922 1194 2974 quatiuntur,

315 2979 345 3016 d
354 2992 373 3015 e
382 2993 404 3016 η
415 2983 457 3016 te
465 2992 482 3016 s
506 2979 846 3030 comprimuntur,
873 2978 1044 3016 horrent
1055 2982 1094 3016 et
1105 2977 1193 3017 sub-

314 3035 512 3085 rifflmtnr
537 3035 695 3086 capilli.
721 3034 785 3073 De
799 3034 972 3072 dentium
987 3034 1194 3072 collisione

316 3088 479 3140 saepius
512 3092 713 3142 frendere
749 3092 938 3131 dentibus
979 3091 1053 3129 dici
1089 3089 1193 3129 Oud.

317 3146 559 3186 demonstrat
582 3161 632 3186 ex
651 3148 739 3187 dict.
755 3148 888 3188 Burm.
901 3148 951 3186 ad
966 3147 1081 3186 Ovid.
1095 3148 1193 3187 Met.

2065 833 2124 863 sed

1056 882 1265 921 Tlepolemus
1278 885 1556 920 antepostremos
1574 890 1640 911 non
1653 885 1814 916 comparet
1829 881 1863 910 in
1878 882 1914 910 P.
1946 883 2120 918 postremo

1245 1049 1347 1089 Vltl.
1359 1054 1451 1091 369.
1468 1050 1670 1089 Dentibus
1683 1049 1754 1088 ille
1763 1050 1893 1099 ferox
1907 1050 1949 1087 in
1965 1062 2122 1101 querno

1242 1109 1381 1159 stipite
1394 1108 1501 1146 tritis
1515 1107 1691 1145 imminet
1702 1106 1804 1145 exiti
1809 1120 1844 1151 0,
1867 1108 1897 1156 f
1898 1119 1920 1143 r
1929 1119 1983 1144 en
1992 1106 2021 1144 tl
2029 1118 2122 1144 ens-

1247 1179 1324 1218 que
1355 1163 1585 1204 recentibus
1621 1164 1756 1201 armis.
1839 1160 1896 1200 lta
1923 1161 2124 1214 frendere

1244 1220 1523 1275 restituendum
1548 1223 1642 1271 puto
1667 1219 1772 1270 apud
1798 1217 2120 1258 luven.X1.107.

1246 1278 1309 1330 qui
1335 1277 1447 1316 locus
1473 1277 1526 1315 ita
1552 1275 1746 1327 legendus
1771 1281 1850 1314 est:

1519 1350 1714 1381 caelataque
1728 1346 1836 1375 cassis

1335 1395 1515 1423 Romuleae
1551 1393 1733 1422 simulacra
1768 1392 1858 1421 ferae
1893 1398 2125 1420 mansuescere

1622 1438 1737 1466 iussae

1336 1484 1467 1519 Imperii
1488 1484 1552 1512 fato
1573 1483 1720 1518 geminos
1740 1483 1800 1511 sub
1821 1490 1900 1516 rupe
1914 1482 2079 1518 Quirinos,

1336 1530 1388 1558 Ac
1424 1530 1545 1558 nudam
1576 1529 1717 1564 effigiem
1748 1530 1865 1563 clypeo
1889 1526 2064 1567 fulgentis
2095 1530 2127 1555 et

1631 1572 1738 1601 hasta

1330 1617 1598 1657 Frendenlisque
1606 1618 1668 1648 Dei
1679 1619 1822 1654 perituro
1831 1619 2013 1647 ostenderet
2029 1617 2124 1646 hosti.

1245 1672 1350 1724 quod
1383 1674 1436 1711 ita
1461 1673 1636 1724 explico,
1666 1677 1708 1711 ut
1741 1671 1958 1710 ostenderit
1982 1671 2125 1709 nudam

1245 1729 1418 1780 effigiem
1432 1729 1572 1768 Martis
1598 1730 1742 1781 clypeo
1758 1728 1945 1780 fulgentis
1959 1731 1999 1766 ct
2011 1727 2128 1766 hasta

1246 1786 1408 1825 furentis
1444 1786 1549 1825 hosti
1585 1788 1768 1837 perituro.
1823 1785 2015 1823 Fortasse
2051 1784 2129 1823 huc

1244 1841 1377 1881 referri
1392 1846 1526 1893 potest
1539 1842 1690 1881 Glossa
1703 1841 1855 1881 Placid.
1869 1855 1906 1893 p.
1923 1845 2016 1882 463.
2031 1841 2127 1880 Mai.

1244 1899 1367 1953 fulsit
1374 1901 1505 1951 periit
1518 1900 1583 1938 rel
1588 1900 1802 1951 percussit.
1829 1899 2011 1951 Fulyere
2025 1899 2127 1936 enim

1246 1957 1377 2008 ferire
1391 1961 1458 2001 est,
1474 1957 1584 1995 mede
1600 1957 1763 2008 queque
1773 1955 1928 2007 fulmen
1943 1954 2128 2006 dictum]

1304 2013 1505 2064 pepercit.
1581 2011 1712 2064 [Hanc
1755 2012 1980 2056 lectionem.
2029 2024 2131 2062 quae

1252 2069 1410 2121 optimis
1425 2068 1540 2107 codd.
1555 2068 1797 2113 defenditur,
1822 2068 1858 2106 in
1879 2071 2027 2106 textum
2043 2081 2127 2106 cum

1248 2125 1547 2176 Oud.e01nagis
1561 2125 1708 2177 recepi,
1719 2125 1824 2176 quod
1838 2125 1915 2162 (1110
1930 2124 2134 2176 participia

1248 2185 1357 2221 iuxta
1392 2195 1439 2220 se
1476 2182 1609 2234 posita
1636 2182 1704 2220 -hic
1736 2181 1965 2219 offensionis
1996 2182 2132 2219 nescio

1251 2239 1344 2290 quid
1379 2238 1562 2277 habeant.
1624 2238 1724 2277 Loci
1747 2238 2017 2291 corruptiones
2042 2238 2133 2276 inde

1252 2299 1414 2334 exortae
1427 2296 1608 2333 videntur
1621 2295 1714 2333 mihi
1728 2308 1842 2341 esse,
1870 2293 1976 2346 quod
1990 2294 2132 2332 librarii

1252 2354 1288 2391 in
1314 2357 1533 2404 temporum
1559 2352 1723 2404 perfecti
1751 2356 1790 2389 et
1807 2351 2031 2403 praesentis
2051 2364 2132 2388 mu—

1248 2410 1394 2448 tatione
1431 2409 1703 2456 ofl'endebant3
1740 2408 1844 2446 unde
1870 2421 2052 2460 parcens
2081 2408 2131 2446 ad

1248 2479 1424 2517 sequens
1437 2465 1682 2517 participium
1695 2464 1861 2503 relatum
1875 2464 2135 2503 emendantes

1249 2524 1323 2563 secl
1346 2521 1598 2575 particulam,
1637 2535 1738 2571 quae
1768 2521 2025 2560 intolerabilis
2057 2525 2132 2567 est,

1249 2580 1315 2618 alii
1342 2579 1537 2629 corrigere
1561 2579 1833 2629 negligebant,
1864 2576 1930 2617 alii
1954 2591 2049 2615 vero
2073 2590 2133 2615 re-

1248 2650 1342 2674 vera
1355 2636 1601 2681 omittebant,
1627 2639 1708 2673 tum
1727 2648 1886 2685 quoque
1905 2635 2137 2687 amputavit

1252 2697 1461 2731 mutantes,
1511 2692 1567 2730 At
1579 2692 1613 2729 si
1628 2692 1716 2742 quis
1732 2691 1940 2729 lectionem
1953 2705 2136 2743 parcens

1251 2750 1352 2788 tueri
1383 2749 1496 2795 velit,
1529 2748 1717 2786 emendet
1743 2760 1898 2785 mecum
1928 2748 2002 2786 sed
2033 2747 2069 2784 in
2097 2751 2136 2785 et

1254 2805 1361 2857 quod
1408 2819 1478 2858 per
1531 2819 1550 2844 s
1596 2805 1764 2843 litteram
1802 2804 2030 2855 praegressi
2066 2816 2134 2840 vo-

1250 2862 1383 2901 cabuli
1431 2860 1586 2900 finalem
1628 2860 1814 2899 facillime
1857 2859 1944 2898 ferri
1984 2863 2133 2911 potest.

1252 2919 1439 2957 Formam
1460 2920 1615 2970 parsit,
1642 2930 1757 2968 quam
1783 2916 1888 2954 Oud.
1915 2915 2006 2955 coll.
2036 2916 2135 2955 Bos.

1251 2976 1301 3014 ad
1317 2975 1463 3027 Nepot.
1480 2974 1717 3026 Thrasybul.
1734 2988 1764 3012 c.
1784 2979 1819 3013 1.
1840 2973 1870 3022 δ.
1887 2977 1925 3012 5.
1950 2974 2135 3020 vindicat,

1252 3037 1293 3071 et
1317 3032 1380 3070 hic
1405 3031 1604 3069 emendari
1635 3043 1758 3081 posse
1789 3036 1945 3075 censet,
1981 3043 2057 3068 non
2084 3042 2132 3067 eo

1253 3088 1527 3139 sp‹¹1·uo,quo(l
1540 3087 1633 3125 alibi
1645 3091 1778 3125 auctor
1791 3099 1951 3137 semper
1957 3087 2136 3139 peperci

1253 3146 1364 3190 dicit.
1395 3145 1467 3183 sed
1496 3144 1602 3195 quod
1625 3156 1677 3181 ex
1703 3142 1817 3182 codd.
1844 3143 2026 3193 vestigiis
2052 3156 2135 3180 erui
