<?xml version="1.0" encoding="UTF-8"?>
<!DOCTYPE html PUBLIC "-//W3C//DTD XHTML 1.0 Transitional//EN"
    "http://www.w3.org/TR/xhtml1/DTD/xhtml1-transitional.dtd">
<html xmlns="http://www.w3.org/1999/xhtml" xml:lang="en" lang="en">
 <head>
  <title>
</title>
<meta http-equiv="Content-Type" content="text/html;charset=utf-8" />
  <meta name='ocr-system' content='tesseract 3.04.00' />
  <meta name='ocr-capabilities' content='ocr_page ocr_carea ocr_par ocr_line ocrx_word'/>
</head>
<body>
  <div class='ocr_page' id='page_1' title='image "./operaomnia01apuluoft/operaomnia01apuluoft_0020.png"; bbox 0 0 2221 3667; ppageno 0'>
   <div class='ocr_carea' id='block_1_1' title="bbox 288 130 1393 172">
    <p class='ocr_par' dir='ltr' id='par_1_1' title="bbox 288 130 1393 172">
     <span class='ocr_line' id='line_1_1' title="bbox 288 130 1393 172; baseline 0 0"><span class='ocrx_word' id='word_1_1' title='bbox 288 145 316 172; x_wconf 84' lang='lat' dir='ltr'><strong>x</strong></span> <span class='ocrx_word' id='word_1_2' title='bbox 975 130 1393 172; x_wconf 83' lang='lat' dir='ltr'><strong>PRAEFATIO.</strong></span> 
     </span>
    </p>
   </div>
   <div class='ocr_carea' id='block_1_2' title="bbox 283 243 2083 1182">
    <p class='ocr_par' dir='ltr' id='par_1_2' title="bbox 283 243 2083 1182">
     <span class='ocr_line' id='line_1_2' title="bbox 289 243 2078 300; baseline 0.002 -16"><span class='ocrx_word' id='word_1_3' title='bbox 289 243 416 297; x_wconf 83' lang='lat' dir='ltr'><strong>Quum</strong></span> <span class='ocrx_word' id='word_1_4' title='bbox 442 257 537 284; x_wconf 83' lang='lat' dir='ltr'><strong>vero</strong></span> <span class='ocrx_word' id='word_1_5' title='bbox 564 243 610 283; x_wconf 88' lang='lat' dir='ltr'><strong>ab</strong></span> <span class='ocrx_word' id='word_1_6' title='bbox 636 244 776 284; x_wconf 86' lang='lat' dir='ltr'><strong>insana</strong></span> <span class='ocrx_word' id='word_1_7' title='bbox 802 244 876 284; x_wconf 89' lang='lat' dir='ltr'><strong>ista</strong></span> <span class='ocrx_word' id='word_1_8' title='bbox 903 244 1146 285; x_wconf 87' lang='lat' dir='ltr'><strong>coniectandi</strong></span> <span class='ocrx_word' id='word_1_9' title='bbox 1179 245 1337 285; x_wconf 81' lang='lat' dir='ltr'><strong>libidine</strong></span> <span class='ocrx_word' id='word_1_10' title='bbox 1361 252 1534 286; x_wconf 89' lang='lat' dir='ltr'><strong>remotus</strong></span> <span class='ocrx_word' id='word_1_11' title='bbox 1561 245 1715 299; x_wconf 91' lang='lat' dir='ltr'><strong>quaudo</strong></span> <span class='ocrx_word' id='word_1_12' title='bbox 1745 245 1894 300; x_wconf 88' lang='lat' dir='ltr'><strong>ingenii</strong></span> <span class='ocrx_word' id='word_1_13' title='bbox 1925 254 1964 287; x_wconf 88' lang='lat' dir='ltr'><strong>et</strong></span> <span class='ocrx_word' id='word_1_14' title='bbox 1988 261 2078 287; x_wconf 90' lang='lat' dir='ltr'><strong>acu-</strong></span> 
     </span>
     <span class='ocr_line' id='line_1_3' title="bbox 288 311 2078 368; baseline 0.002 -16"><span class='ocrx_word' id='word_1_15' title='bbox 288 312 402 352; x_wconf 84' lang='lat' dir='ltr'><strong>minis</strong></span> <span class='ocrx_word' id='word_1_16' title='bbox 428 311 516 352; x_wconf 90' lang='lat' dir='ltr'><strong>lusu</strong></span> <span class='ocrx_word' id='word_1_17' title='bbox 542 311 810 352; x_wconf 80' lang='lat' dir='ltr'>delectabatur</span> <span class='ocrx_word' id='word_1_18' title='bbox 835 319 986 353; x_wconf 90' lang='lat' dir='ltr'><strong>textum</strong></span> <span class='ocrx_word' id='word_1_19' title='bbox 1012 313 1210 367; x_wconf 90' lang='lat' dir='ltr'><strong>inquinari</strong></span> <span class='ocrx_word' id='word_1_20' title='bbox 1238 312 1378 359; x_wconf 88' lang='lat' dir='ltr'><strong>nollet,</strong></span> <span class='ocrx_word' id='word_1_21' title='bbox 1412 314 1479 354; x_wconf 92' lang='lat' dir='ltr'><strong>sed</strong></span> <span class='ocrx_word' id='word_1_22' title='bbox 1505 313 1570 353; x_wconf 92' lang='lat' dir='ltr'><strong>ubi</strong></span> <span class='ocrx_word' id='word_1_23' title='bbox 1595 314 1719 368; x_wconf 90' lang='lat' dir='ltr'><strong>potuit</strong></span> <span class='ocrx_word' id='word_1_24' title='bbox 1743 314 1917 354; x_wconf 88' lang='lat' dir='ltr'><strong>codicum</strong></span> <span class='ocrx_word' id='word_1_25' title='bbox 1943 315 2078 355; x_wconf 88' lang='lat' dir='ltr'><strong>lectio-</strong></span> 
     </span>
     <span class='ocr_line' id='line_1_4' title="bbox 288 379 2081 432; baseline 0.001 -12"><span class='ocrx_word' id='word_1_26' title='bbox 288 394 357 420; x_wconf 86' lang='lat' dir='ltr'><strong>nes</strong></span> <span class='ocrx_word' id='word_1_27' title='bbox 383 379 679 432; x_wconf 85' lang='lat' dir='ltr'><strong>religiosissime</strong></span> <span class='ocrx_word' id='word_1_28' title='bbox 704 387 905 428; x_wconf 84' lang='lat' dir='ltr'><strong>servaret‚</strong></span> <span class='ocrx_word' id='word_1_29' title='bbox 933 381 1219 421; x_wconf 81' lang='lat' dir='ltr'><strong>consectarium</strong></span> <span class='ocrx_word' id='word_1_30' title='bbox 1245 387 1351 430; x_wconf 86' lang='lat' dir='ltr'><strong>erat,</strong></span> <span class='ocrx_word' id='word_1_31' title='bbox 1380 388 1422 420; x_wconf 93' lang='lat' dir='ltr'><strong>ut</strong></span> <span class='ocrx_word' id='word_1_32' title='bbox 1448 388 1598 421; x_wconf 88' lang='lat' dir='ltr'><strong>textum</strong></span> <span class='ocrx_word' id='word_1_33' title='bbox 1623 382 1753 422; x_wconf 91' lang='lat' dir='ltr'><strong>multis</strong></span> <span class='ocrx_word' id='word_1_34' title='bbox 1778 382 1874 422; x_wconf 89' lang='lat' dir='ltr'><strong>locis</strong></span> <span class='ocrx_word' id='word_1_35' title='bbox 1899 383 2081 422; x_wconf 86' lang='lat' dir='ltr'><strong>emenda-</strong></span> 
     </span>
     <span class='ocr_line' id='line_1_5' title="bbox 287 447 2078 503; baseline 0.001 -16"><span class='ocrx_word' id='word_1_36' title='bbox 287 454 368 496; x_wconf 85' lang='lat' dir='ltr'>ret,</span> <span class='ocrx_word' id='word_1_37' title='bbox 396 447 571 501; x_wconf 91' lang='lat' dir='ltr'><strong>pluribus</strong></span> <span class='ocrx_word' id='word_1_38' title='bbox 598 448 866 502; x_wconf 87' lang='lat' dir='ltr'><strong>copiosissima</strong></span> <span class='ocrx_word' id='word_1_39' title='bbox 892 462 963 488; x_wconf 86' lang='lat' dir='ltr'><strong>sua</strong></span> <span class='ocrx_word' id='word_1_40' title='bbox 988 449 1166 489; x_wconf 83' lang='lat' dir='ltr'><strong>doctrina</strong></span> <span class='ocrx_word' id='word_1_41' title='bbox 1192 461 1238 488; x_wconf 91' lang='lat' dir='ltr'><strong>ac</strong></span> <span class='ocrx_word' id='word_1_42' title='bbox 1268 461 1365 488; x_wconf 91' lang='lat' dir='ltr'><strong>sano</strong></span> <span class='ocrx_word' id='word_1_43' title='bbox 1393 448 1533 489; x_wconf 89' lang='lat' dir='ltr'><strong>iudicio</strong></span> <span class='ocrx_word' id='word_1_44' title='bbox 1565 456 1698 503; x_wconf 89' lang='lat' dir='ltr'><strong>aperte</strong></span> <span class='ocrx_word' id='word_1_45' title='bbox 1723 463 1810 490; x_wconf 88' lang='lat' dir='ltr'><strong>eum</strong></span> <span class='ocrx_word' id='word_1_46' title='bbox 1842 450 2078 490; x_wconf 84' lang='lat' dir='ltr'><strong>restitueret.</strong></span> 
     </span>
     <span class='ocr_line' id='line_1_6' title="bbox 286 515 2079 571; baseline 0.002 -16"><span class='ocrx_word' id='word_1_47' title='bbox 286 515 484 568; x_wconf 77' lang='lat' dir='ltr'><strong>Quantum</strong></span> <span class='ocrx_word' id='word_1_48' title='bbox 511 523 639 556; x_wconf 88' lang='lat' dir='ltr'><strong>autem</strong></span> <span class='ocrx_word' id='word_1_49' title='bbox 668 515 771 556; x_wconf 90' lang='lat' dir='ltr'><strong>inter</strong></span> <span class='ocrx_word' id='word_1_50' title='bbox 796 516 972 570; x_wconf 89' lang='lat' dir='ltr'><strong>singulos</strong></span> <span class='ocrx_word' id='word_1_51' title='bbox 999 517 1173 563; x_wconf 88' lang='lat' dir='ltr'><strong>codices,</strong></span> <span class='ocrx_word' id='word_1_52' title='bbox 1213 530 1375 570; x_wconf 90' lang='lat' dir='ltr'><strong>quorum</strong></span> <span class='ocrx_word' id='word_1_53' title='bbox 1414 517 1578 571; x_wconf 86' lang='lat' dir='ltr'><strong>optimos</strong></span> <span class='ocrx_word' id='word_1_54' title='bbox 1605 516 1856 557; x_wconf 90' lang='lat' dir='ltr'><strong>Florentinos</strong></span> <span class='ocrx_word' id='word_1_55' title='bbox 1894 531 1980 558; x_wconf 92' lang='lat' dir='ltr'><strong>esse</strong></span> <span class='ocrx_word' id='word_1_56' title='bbox 2017 518 2079 558; x_wconf 76' lang='lat' dir='ltr'><strong>vel</strong></span> 
     </span>
     <span class='ocr_line' id='line_1_7' title="bbox 285 583 2077 638; baseline 0.001 -15"><span class='ocrx_word' id='word_1_57' title='bbox 285 584 367 637; x_wconf 87' lang='lat' dir='ltr'><strong>ipse</strong></span> <span class='ocrx_word' id='word_1_58' title='bbox 394 583 647 637; x_wconf 79' lang='lat' dir='ltr'><strong>cognovisset</strong></span> <span class='ocrx_word' id='word_1_59' title='bbox 666 583 769 625; x_wconf 88' lang='lat' dir='ltr'><strong>Oud.</strong></span> <span class='ocrx_word' id='word_1_60' title='bbox 800 584 1068 634; x_wconf 85' lang='lat' dir='ltr'><strong>fluctuaverit,</strong></span> <span class='ocrx_word' id='word_1_61' title='bbox 1097 584 1133 624; x_wconf 93' lang='lat' dir='ltr'><strong>id</strong></span> <span class='ocrx_word' id='word_1_62' title='bbox 1161 598 1279 624; x_wconf 89' lang='lat' dir='ltr'><strong>unum</strong></span> <span class='ocrx_word' id='word_1_63' title='bbox 1306 592 1538 638; x_wconf 86' lang='lat' dir='ltr'><strong>argumento</strong></span> <span class='ocrx_word' id='word_1_64' title='bbox 1564 585 1629 632; x_wconf 90' lang='lat' dir='ltr'><strong>sit,</strong></span> <span class='ocrx_word' id='word_1_65' title='bbox 1658 585 1758 638; x_wconf 84' lang='lat' dir='ltr'><strong>quod</strong></span> <span class='ocrx_word' id='word_1_66' title='bbox 1779 584 2077 626; x_wconf 78' lang='lat' dir='ltr'><strong>d&#39;Orvillianum</strong></span> 
     </span>
     <span class='ocr_line' id='line_1_8' title="bbox 285 652 2083 707; baseline 0.001 -15"><span class='ocrx_word' id='word_1_67' title='bbox 285 652 478 698; x_wconf 85' lang='lat' dir='ltr'><strong>codicem,</strong></span> <span class='ocrx_word' id='word_1_68' title='bbox 512 666 587 705; x_wconf 90' lang='lat' dir='ltr'><strong>quo</strong></span> <span class='ocrx_word' id='word_1_69' title='bbox 619 652 846 693; x_wconf 82' lang='lat' dir='ltr'><strong>inferiorem</strong></span> <span class='ocrx_word' id='word_1_70' title='bbox 880 654 962 693; x_wconf 84' lang='lat' dir='ltr'><strong>fere</strong></span> <span class='ocrx_word' id='word_1_71' title='bbox 993 652 1138 692; x_wconf 91' lang='lat' dir='ltr'><strong>nullum</strong></span> <span class='ocrx_word' id='word_1_72' title='bbox 1165 652 1320 706; x_wconf 88' lang='lat' dir='ltr'><strong>Apuleii</strong></span> <span class='ocrx_word' id='word_1_73' title='bbox 1348 653 1456 692; x_wconf 85' lang='lat' dir='ltr'><strong>codd.</strong></span> <span class='ocrx_word' id='word_1_74' title='bbox 1483 667 1571 694; x_wconf 87' lang='lat' dir='ltr'><strong>esse</strong></span> <span class='ocrx_word' id='word_1_75' title='bbox 1596 660 1774 707; x_wconf 90' lang='lat' dir='ltr'><strong>apparet,</strong></span> <span class='ocrx_word' id='word_1_76' title='bbox 1810 653 1964 707; x_wconf 87' lang='lat' dir='ltr'><strong>plurimi</strong></span> <span class='ocrx_word' id='word_1_77' title='bbox 1991 654 2083 693; x_wconf 85' lang='lat' dir='ltr'><strong>fecit</strong></span> 
     </span>
     <span class='ocr_line' id='line_1_9' title="bbox 286 720 2080 773; baseline 0.001 -14"><span class='ocrx_word' id='word_1_78' title='bbox 286 734 356 760; x_wconf 88' lang='lat' dir='ltr'><strong>nec</strong></span> <span class='ocrx_word' id='word_1_79' title='bbox 394 733 486 760; x_wconf 91' lang='lat' dir='ltr'><strong>raro</strong></span> <span class='ocrx_word' id='word_1_80' title='bbox 525 733 571 759; x_wconf 96' lang='lat' dir='ltr'><strong>e0</strong></span> <span class='ocrx_word' id='word_1_81' title='bbox 609 720 705 761; x_wconf 90' lang='lat' dir='ltr'><strong>duce</strong></span> <span class='ocrx_word' id='word_1_82' title='bbox 741 721 946 760; x_wconf 87' lang='lat' dir='ltr'><strong>lectionem</strong></span> <span class='ocrx_word' id='word_1_83' title='bbox 986 721 1236 773; x_wconf 77' lang='lat' dir='ltr'><strong>depravavit3</strong></span> <span class='ocrx_word' id='word_1_84' title='bbox 1277 721 1376 773; x_wconf 90' lang='lat' dir='ltr'><strong>quod</strong></span> <span class='ocrx_word' id='word_1_85' title='bbox 1413 721 1550 761; x_wconf 78' lang='lat' dir='ltr'><strong>vitium</strong></span> <span class='ocrx_word' id='word_1_86' title='bbox 1588 735 1640 761; x_wconf 83' lang='lat' dir='ltr'><strong>ex</strong></span> <span class='ocrx_word' id='word_1_87' title='bbox 1671 721 1790 761; x_wconf 88' lang='lat' dir='ltr'><strong>nimio</strong></span> <span class='ocrx_word' id='word_1_88' title='bbox 1821 728 1969 761; x_wconf 90' lang='lat' dir='ltr'><strong>tantum</strong></span> <span class='ocrx_word' id='word_1_89' title='bbox 1998 722 2080 762; x_wconf 87' lang='lat' dir='ltr'><strong>fere</strong></span> 
     </span>
     <span class='ocr_line' id='line_1_10' title="bbox 284 786 2080 842; baseline 0.001 -15"><span class='ocrx_word' id='word_1_90' title='bbox 284 788 455 827; x_wconf 89' lang='lat' dir='ltr'><strong>omnium</strong></span> <span class='ocrx_word' id='word_1_91' title='bbox 482 786 573 828; x_wconf 90' lang='lat' dir='ltr'><strong>DD.</strong></span> <span class='ocrx_word' id='word_1_92' title='bbox 604 787 695 828; x_wconf 80' lang='lat' dir='ltr'><strong>VV.</strong></span> <span class='ocrx_word' id='word_1_93' title='bbox 731 802 863 828; x_wconf 86' lang='lat' dir='ltr'><strong>amore</strong></span> <span class='ocrx_word' id='word_1_94' title='bbox 895 787 1085 841; x_wconf 86' lang='lat' dir='ltr'><strong>explicari</strong></span> <span class='ocrx_word' id='word_1_95' title='bbox 1119 787 1249 834; x_wconf 86' lang='lat' dir='ltr'><strong>debet,</strong></span> <span class='ocrx_word' id='word_1_96' title='bbox 1283 802 1358 841; x_wconf 88' lang='lat' dir='ltr'><strong>quo</strong></span> <span class='ocrx_word' id='word_1_97' title='bbox 1384 802 1497 841; x_wconf 90' lang='lat' dir='ltr'><strong>quem</strong></span> <span class='ocrx_word' id='word_1_98' title='bbox 1522 789 1636 842; x_wconf 91' lang='lat' dir='ltr'><strong>primi</strong></span> <span class='ocrx_word' id='word_1_99' title='bbox 1662 789 1911 829; x_wconf 87' lang='lat' dir='ltr'><strong>contulerunt</strong></span> <span class='ocrx_word' id='word_1_100' title='bbox 1936 788 2080 828; x_wconf 88' lang='lat' dir='ltr'><strong>codicis</strong></span> 
     </span>
     <span class='ocr_line' id='line_1_11' title="bbox 284 853 2080 910; baseline 0 -14"><span class='ocrx_word' id='word_1_101' title='bbox 284 856 472 896; x_wconf 88' lang='lat' dir='ltr'><strong>lectiones</strong></span> <span class='ocrx_word' id='word_1_102' title='bbox 504 856 666 896; x_wconf 86' lang='lat' dir='ltr'><strong>mirifice</strong></span> <span class='ocrx_word' id='word_1_103' title='bbox 699 856 1000 910; x_wconf 86' lang='lat' dir='ltr'><strong>amplectuntur.</strong></span> <span class='ocrx_word' id='word_1_104' title='bbox 1063 853 1129 894; x_wconf 90' lang='lat' dir='ltr'><strong>Ex</strong></span> <span class='ocrx_word' id='word_1_105' title='bbox 1160 854 1218 895; x_wconf 88' lang='lat' dir='ltr'><strong>his</strong></span> <span class='ocrx_word' id='word_1_106' title='bbox 1244 856 1366 908; x_wconf 83' lang='lat' dir='ltr'><strong>igitur</strong></span> <span class='ocrx_word' id='word_1_107' title='bbox 1390 869 1488 909; x_wconf 86' lang='lat' dir='ltr'><strong>quae</strong></span> <span class='ocrx_word' id='word_1_108' title='bbox 1514 857 1626 896; x_wconf 88' lang='lat' dir='ltr'><strong>modo</strong></span> <span class='ocrx_word' id='word_1_109' title='bbox 1653 857 1817 910; x_wconf 82' lang='lat' dir='ltr'><strong>exposui</strong></span> <span class='ocrx_word' id='word_1_110' title='bbox 1850 857 1946 897; x_wconf 85' lang='lat' dir='ltr'><strong>satis</strong></span> <span class='ocrx_word' id='word_1_111' title='bbox 1972 857 2080 896; x_wconf 84' lang='lat' dir='ltr'><strong>eviu-</strong></span> 
     </span>
     <span class='ocr_line' id='line_1_12' title="bbox 284 922 2080 979; baseline 0.001 -15"><span class='ocrx_word' id='word_1_112' title='bbox 284 924 406 974; x_wconf 83' lang='lat' dir='ltr'><strong>citur,</strong></span> <span class='ocrx_word' id='word_1_113' title='bbox 442 938 527 964; x_wconf 90' lang='lat' dir='ltr'><strong>eum</strong></span> <span class='ocrx_word' id='word_1_114' title='bbox 555 924 617 977; x_wconf 93' lang='lat' dir='ltr'><strong>qui</strong></span> <span class='ocrx_word' id='word_1_115' title='bbox 645 938 786 963; x_wconf 79' lang='lat' dir='ltr'><strong>novam</strong></span> <span class='ocrx_word' id='word_1_116' title='bbox 812 923 926 963; x_wconf 90' lang='lat' dir='ltr'><strong>huius</strong></span> <span class='ocrx_word' id='word_1_117' title='bbox 952 922 1156 976; x_wconf 87' lang='lat' dir='ltr'><strong>scriptoris</strong></span> <span class='ocrx_word' id='word_1_118' title='bbox 1181 923 1388 963; x_wconf 81' lang='lat' dir='ltr'><strong>editionem</strong></span> <span class='ocrx_word' id='word_1_119' title='bbox 1422 937 1561 977; x_wconf 90' lang='lat' dir='ltr'><strong>parare</strong></span> <span class='ocrx_word' id='word_1_120' title='bbox 1585 924 1799 965; x_wconf 89' lang='lat' dir='ltr'><strong>instituerit</strong></span> <span class='ocrx_word' id='word_1_121' title='bbox 1829 925 1867 964; x_wconf 91' lang='lat' dir='ltr'><strong>in</strong></span> <span class='ocrx_word' id='word_1_122' title='bbox 1894 939 1935 965; x_wconf 88' lang='lat' dir='ltr'><strong>re</strong></span> <span class='ocrx_word' id='word_1_123' title='bbox 1962 924 2080 979; x_wconf 88' lang='lat' dir='ltr'><strong>potis-</strong></span> 
     </span>
     <span class='ocr_line' id='line_1_13' title="bbox 283 990 2081 1047; baseline 0.001 -15"><span class='ocrx_word' id='word_1_124' title='bbox 283 992 422 1033; x_wconf 88' lang='lat' dir='ltr'><strong>simum</strong></span> <span class='ocrx_word' id='word_1_125' title='bbox 449 992 586 1032; x_wconf 84' lang='lat' dir='ltr'><strong>critica</strong></span> <span class='ocrx_word' id='word_1_126' title='bbox 610 991 763 1032; x_wconf 76' lang='lat' dir='ltr'><strong>versari</strong></span> <span class='ocrx_word' id='word_1_127' title='bbox 790 990 946 1031; x_wconf 87' lang='lat' dir='ltr'><strong>debere.</strong></span> <span class='ocrx_word' id='word_1_128' title='bbox 1009 990 1096 1031; x_wconf 90' lang='lat' dir='ltr'><strong>Huc</strong></span> <span class='ocrx_word' id='word_1_129' title='bbox 1130 991 1296 1041; x_wconf 87' lang='lat' dir='ltr'><strong>accedit,</strong></span> <span class='ocrx_word' id='word_1_130' title='bbox 1335 991 1435 1045; x_wconf 88' lang='lat' dir='ltr'><strong>quod</strong></span> <span class='ocrx_word' id='word_1_131' title='bbox 1473 1005 1518 1031; x_wconf 89' lang='lat' dir='ltr'><strong>ea</strong></span> <span class='ocrx_word' id='word_1_132' title='bbox 1556 992 1830 1046; x_wconf 82' lang='lat' dir='ltr'><strong>explicationis</strong></span> <span class='ocrx_word' id='word_1_133' title='bbox 1863 1007 1952 1047; x_wconf 87' lang='lat' dir='ltr'><strong>pars</strong></span> <span class='ocrx_word' id='word_1_134' title='bbox 1983 1006 2081 1046; x_wconf 85' lang='lat' dir='ltr'><strong>quae</strong></span> 
     </span>
     <span class='ocr_line' id='line_1_14' title="bbox 284 1058 2082 1114; baseline 0 -14"><span class='ocrx_word' id='word_1_135' title='bbox 284 1061 331 1101; x_wconf 91' lang='lat' dir='ltr'><strong>ad</strong></span> <span class='ocrx_word' id='word_1_136' title='bbox 368 1059 619 1113; x_wconf 88' lang='lat' dir='ltr'><strong>antiquitates</strong></span> <span class='ocrx_word' id='word_1_137' title='bbox 657 1059 843 1114; x_wconf 88' lang='lat' dir='ltr'><strong>pertinet,</strong></span> <span class='ocrx_word' id='word_1_138' title='bbox 884 1059 997 1113; x_wconf 89' lang='lat' dir='ltr'><strong>paulo</strong></span> <span class='ocrx_word' id='word_1_139' title='bbox 1030 1059 1294 1112; x_wconf 82' lang='lat' dir='ltr'><strong>negligentius</strong></span> <span class='ocrx_word' id='word_1_140' title='bbox 1327 1059 1374 1098; x_wconf 86' lang='lat' dir='ltr'><strong>ab</strong></span> <span class='ocrx_word' id='word_1_141' title='bbox 1406 1058 1685 1114; x_wconf 90' lang='lat' dir='ltr'><strong>Oudendorpio</strong></span> <span class='ocrx_word' id='word_1_142' title='bbox 1722 1067 1890 1100; x_wconf 88' lang='lat' dir='ltr'><strong>tractata</strong></span> <span class='ocrx_word' id='word_1_143' title='bbox 1921 1067 2000 1106; x_wconf 86' lang='lat' dir='ltr'><strong>est,</strong></span> <span class='ocrx_word' id='word_1_144' title='bbox 2041 1067 2082 1100; x_wconf 91' lang='lat' dir='ltr'><strong>ut</strong></span> 
     </span>
     <span class='ocr_line' id='line_1_15' title="bbox 283 1127 2081 1182; baseline -0.001 -13"><span class='ocrx_word' id='word_1_145' title='bbox 283 1143 361 1169; x_wconf 88' lang='lat' dir='ltr'><strong>non</strong></span> <span class='ocrx_word' id='word_1_146' title='bbox 388 1142 479 1169; x_wconf 89' lang='lat' dir='ltr'><strong>raro</strong></span> <span class='ocrx_word' id='word_1_147' title='bbox 506 1141 568 1167; x_wconf 90' lang='lat' dir='ltr'><strong>res</strong></span> <span class='ocrx_word' id='word_1_148' title='bbox 595 1127 854 1180; x_wconf 86' lang='lat' dir='ltr'><strong>gravissimae</strong></span> <span class='ocrx_word' id='word_1_149' title='bbox 882 1128 1113 1167; x_wconf 87' lang='lat' dir='ltr'><strong>festinanter</strong></span> <span class='ocrx_word' id='word_1_150' title='bbox 1137 1134 1389 1182; x_wconf 81' lang='lat' dir='ltr'><strong>exponantur</strong></span> <span class='ocrx_word' id='word_1_151' title='bbox 1419 1134 1486 1167; x_wconf 91' lang='lat' dir='ltr'><strong>aut</strong></span> <span class='ocrx_word' id='word_1_152' title='bbox 1516 1128 1674 1168; x_wconf 90' lang='lat' dir='ltr'><strong>omnino</strong></span> <span class='ocrx_word' id='word_1_153' title='bbox 1706 1127 2081 1182; x_wconf 85' lang='lat' dir='ltr'><strong>praetermittantur.</strong></span> 
     </span>
    </p>
   </div>
   <div class='ocr_carea' id='block_1_3' title="bbox 282 1205 2083 2625">
    <p class='ocr_par' dir='ltr' id='par_1_3' title="bbox 282 1205 2083 2625">
     <span class='ocr_line' id='line_1_16' title="bbox 395 1205 2081 1261; baseline -0.001 -13"><span class='ocrx_word' id='word_1_154' title='bbox 395 1208 451 1248; x_wconf 91' lang='lat' dir='ltr'><strong>At</strong></span> <span class='ocrx_word' id='word_1_155' title='bbox 481 1207 629 1247; x_wconf 87' lang='lat' dir='ltr'><strong>utinam</strong></span> <span class='ocrx_word' id='word_1_156' title='bbox 662 1205 941 1261; x_wconf 86' lang='lat' dir='ltr'><strong>Oudendorpio</strong></span> <span class='ocrx_word' id='word_1_157' title='bbox 972 1206 1149 1247; x_wconf 88' lang='lat' dir='ltr'><strong>licuisset</strong></span> <span class='ocrx_word' id='word_1_158' title='bbox 1179 1206 1406 1253; x_wconf 86' lang='lat' dir='ltr'><strong>editionem,</strong></span> <span class='ocrx_word' id='word_1_159' title='bbox 1439 1221 1552 1260; x_wconf 89' lang='lat' dir='ltr'><strong>quam</strong></span> <span class='ocrx_word' id='word_1_160' title='bbox 1584 1221 1734 1247; x_wconf 90' lang='lat' dir='ltr'><strong>summa</strong></span> <span class='ocrx_word' id='word_1_161' title='bbox 1766 1221 1853 1248; x_wconf 90' lang='lat' dir='ltr'><strong>cum</strong></span> <span class='ocrx_word' id='word_1_162' title='bbox 1880 1206 2081 1260; x_wconf 80' lang='lat' dir='ltr'><strong>diligentia</strong></span> 
     </span>
     <span class='ocr_line' id='line_1_17' title="bbox 284 1275 2081 1330; baseline 0 -14"><span class='ocrx_word' id='word_1_163' title='bbox 284 1276 427 1316; x_wconf 90' lang='lat' dir='ltr'><strong>multos</strong></span> <span class='ocrx_word' id='word_1_164' title='bbox 453 1289 578 1315; x_wconf 89' lang='lat' dir='ltr'><strong>annos</strong></span> <span class='ocrx_word' id='word_1_165' title='bbox 604 1282 881 1330; x_wconf 86' lang='lat' dir='ltr'><strong>apparaverat,</strong></span> <span class='ocrx_word' id='word_1_166' title='bbox 908 1275 948 1315; x_wconf 93' lang='lat' dir='ltr'><strong>in</strong></span> <span class='ocrx_word' id='word_1_167' title='bbox 974 1275 1098 1315; x_wconf 87' lang='lat' dir='ltr'><strong>lucem</strong></span> <span class='ocrx_word' id='word_1_168' title='bbox 1120 1275 1315 1324; x_wconf 87' lang='lat' dir='ltr'><strong>emittere,</strong></span> <span class='ocrx_word' id='word_1_169' title='bbox 1345 1289 1420 1315; x_wconf 92' lang='lat' dir='ltr'><strong>neu</strong></span> <span class='ocrx_word' id='word_1_170' title='bbox 1442 1276 1522 1315; x_wconf 84' lang='lat' dir='ltr'><strong>fato</strong></span> <span class='ocrx_word' id='word_1_171' title='bbox 1543 1276 1685 1316; x_wconf 88' lang='lat' dir='ltr'><strong>acerbo</strong></span> <span class='ocrx_word' id='word_1_172' title='bbox 1705 1275 1944 1329; x_wconf 88' lang='lat' dir='ltr'><strong>interceptus</strong></span> <span class='ocrx_word' id='word_1_173' title='bbox 1964 1282 2081 1323; x_wconf 87' lang='lat' dir='ltr'><strong>esset,</strong></span> 
     </span>
     <span class='ocr_line' id='line_1_18' title="bbox 283 1342 2078 1398; baseline -0.001 -14"><span class='ocrx_word' id='word_1_174' title='bbox 283 1359 397 1398; x_wconf 84' lang='lat' dir='ltr'><strong>quum</strong></span> <span class='ocrx_word' id='word_1_175' title='bbox 436 1350 602 1397; x_wconf 90' lang='lat' dir='ltr'><strong>quantas</strong></span> <span class='ocrx_word' id='word_1_176' title='bbox 640 1343 723 1383; x_wconf 88' lang='lat' dir='ltr'><strong>eius</strong></span> <span class='ocrx_word' id='word_1_177' title='bbox 761 1343 878 1383; x_wconf 82' lang='lat' dir='ltr'><strong>editio</strong></span> <span class='ocrx_word' id='word_1_178' title='bbox 916 1357 985 1397; x_wconf 89' lang='lat' dir='ltr'><strong>per</strong></span> <span class='ocrx_word' id='word_1_179' title='bbox 1010 1342 1289 1383; x_wconf 88' lang='lat' dir='ltr'><strong>Ruhnkenium</strong></span> <span class='ocrx_word' id='word_1_180' title='bbox 1329 1343 1467 1383; x_wconf 84' lang='lat' dir='ltr'><strong>fecerit</strong></span> <span class='ocrx_word' id='word_1_181' title='bbox 1498 1344 1670 1383; x_wconf 89' lang='lat' dir='ltr'><strong>iacturas</strong></span> <span class='ocrx_word' id='word_1_182' title='bbox 1700 1343 1770 1383; x_wconf 84' lang='lat' dir='ltr'><strong>vix</strong></span> <span class='ocrx_word' id='word_1_183' title='bbox 1803 1343 1988 1383; x_wconf 88' lang='lat' dir='ltr'><strong>credibile</strong></span> <span class='ocrx_word' id='word_1_184' title='bbox 2013 1343 2078 1392; x_wconf 89' lang='lat' dir='ltr'><strong>sit,</strong></span> 
     </span>
     <span class='ocr_line' id='line_1_19' title="bbox 283 1410 2081 1466; baseline -0.001 -14"><span class='ocrx_word' id='word_1_185' title='bbox 283 1413 421 1466; x_wconf 91' lang='lat' dir='ltr'><strong>quippe</strong></span> <span class='ocrx_word' id='word_1_186' title='bbox 447 1411 512 1465; x_wconf 93' lang='lat' dir='ltr'><strong>qui</strong></span> <span class='ocrx_word' id='word_1_187' title='bbox 538 1418 614 1450; x_wconf 90' lang='lat' dir='ltr'><strong>tam</strong></span> <span class='ocrx_word' id='word_1_188' title='bbox 642 1411 907 1465; x_wconf 84' lang='lat' dir='ltr'><strong>negligentem</strong></span> <span class='ocrx_word' id='word_1_189' title='bbox 934 1412 973 1451; x_wconf 92' lang='lat' dir='ltr'><strong>in</strong></span> <span class='ocrx_word' id='word_1_190' title='bbox 1000 1411 1071 1451; x_wconf 88' lang='lat' dir='ltr'><strong>hoc</strong></span> <span class='ocrx_word' id='word_1_191' title='bbox 1096 1411 1199 1457; x_wconf 57' lang='lat' dir='ltr'><strong>libro„</strong></span> <span class='ocrx_word' id='word_1_192' title='bbox 1221 1411 1370 1451; x_wconf 89' lang='lat' dir='ltr'><strong>edendo</strong></span> <span class='ocrx_word' id='word_1_193' title='bbox 1397 1425 1438 1451; x_wconf 92' lang='lat' dir='ltr'><strong>se</strong></span> <span class='ocrx_word' id='word_1_194' title='bbox 1471 1411 1713 1466; x_wconf 85' lang='lat' dir='ltr'><strong>praebuerit,</strong></span> <span class='ocrx_word' id='word_1_195' title='bbox 1747 1418 1789 1451; x_wconf 93' lang='lat' dir='ltr'><strong>ut</strong></span> <span class='ocrx_word' id='word_1_196' title='bbox 1814 1410 2081 1465; x_wconf 88' lang='lat' dir='ltr'><strong>Oudendorpii</strong></span> 
     </span>
     <span class='ocr_line' id='line_1_20' title="bbox 283 1478 2081 1533; baseline -0.001 -13"><span class='ocrx_word' id='word_1_197' title='bbox 283 1480 556 1520; x_wconf 89' lang='lat' dir='ltr'><strong>adnotationes</strong></span> <span class='ocrx_word' id='word_1_198' title='bbox 583 1479 630 1518; x_wconf 91' lang='lat' dir='ltr'><strong>ab</strong></span> <span class='ocrx_word' id='word_1_199' title='bbox 651 1493 697 1518; x_wconf 88' lang='lat' dir='ltr'><strong>eo</strong></span> <span class='ocrx_word' id='word_1_200' title='bbox 719 1479 911 1533; x_wconf 84' lang='lat' dir='ltr'><strong>perlectas</strong></span> <span class='ocrx_word' id='word_1_201' title='bbox 931 1492 1019 1519; x_wconf 92' lang='lat' dir='ltr'><strong>esse</strong></span> <span class='ocrx_word' id='word_1_202' title='bbox 1039 1479 1110 1519; x_wconf 82' lang='lat' dir='ltr'><strong>vix</strong></span> <span class='ocrx_word' id='word_1_203' title='bbox 1136 1478 1227 1518; x_wconf 90' lang='lat' dir='ltr'><strong>mihi</strong></span> <span class='ocrx_word' id='word_1_204' title='bbox 1243 1480 1480 1533; x_wconf 89' lang='lat' dir='ltr'><strong>persuadere</strong></span> <span class='ocrx_word' id='word_1_205' title='bbox 1500 1480 1660 1533; x_wconf 77' lang='lat' dir='ltr'><strong>possim,</strong></span> <span class='ocrx_word' id='word_1_206' title='bbox 1689 1493 1803 1532; x_wconf 89' lang='lat' dir='ltr'><strong>quum</strong></span> <span class='ocrx_word' id='word_1_207' title='bbox 1832 1485 1940 1518; x_wconf 85' lang='lat' dir='ltr'><strong>tanta</strong></span> <span class='ocrx_word' id='word_1_208' title='bbox 1967 1479 2018 1518; x_wconf 89' lang='lat' dir='ltr'><strong>sit</strong></span> <span class='ocrx_word' id='word_1_209' title='bbox 2042 1479 2081 1518; x_wconf 89' lang='lat' dir='ltr'><strong>in</strong></span> 
     </span>
     <span class='ocr_line' id='line_1_21' title="bbox 284 1545 2081 1602; baseline -0.002 -13"><span class='ocrx_word' id='word_1_210' title='bbox 284 1548 401 1589; x_wconf 89' lang='lat' dir='ltr'><strong>rebus</strong></span> <span class='ocrx_word' id='word_1_211' title='bbox 422 1547 668 1602; x_wconf 77' lang='lat' dir='ltr'><strong>gravissimis</strong></span> <span class='ocrx_word' id='word_1_212' title='bbox 689 1545 915 1587; x_wconf 87' lang='lat' dir='ltr'><strong>Ruhnkenii</strong></span> <span class='ocrx_word' id='word_1_213' title='bbox 936 1547 982 1587; x_wconf 86' lang='lat' dir='ltr'><strong>ab</strong></span> <span class='ocrx_word' id='word_1_214' title='bbox 1003 1545 1282 1601; x_wconf 85' lang='lat' dir='ltr'><strong>Oudendorpio</strong></span> <span class='ocrx_word' id='word_1_215' title='bbox 1304 1547 1517 1598; x_wconf 89' lang='lat' dir='ltr'><strong>dissensi0‚</strong></span> <span class='ocrx_word' id='word_1_216' title='bbox 1545 1555 1587 1587; x_wconf 92' lang='lat' dir='ltr'><strong>ut</strong></span> <span class='ocrx_word' id='word_1_217' title='bbox 1607 1561 1654 1587; x_wconf 92' lang='lat' dir='ltr'><strong>ne</strong></span> <span class='ocrx_word' id='word_1_218' title='bbox 1675 1547 1909 1587; x_wconf 90' lang='lat' dir='ltr'><strong>auctoritate</strong></span> <span class='ocrx_word' id='word_1_219' title='bbox 1929 1547 2081 1600; x_wconf 87' lang='lat' dir='ltr'><strong>quidem</strong></span> 
     </span>
     <span class='ocr_line' id='line_1_22' title="bbox 285 1615 2082 1669; baseline -0.001 -12"><span class='ocrx_word' id='word_1_220' title='bbox 285 1617 358 1658; x_wconf 87' lang='lat' dir='ltr'><strong>viri</strong></span> <span class='ocrx_word' id='word_1_221' title='bbox 384 1615 599 1656; x_wconf 89' lang='lat' dir='ltr'><strong>doctissimi</strong></span> <span class='ocrx_word' id='word_1_222' title='bbox 625 1615 664 1655; x_wconf 90' lang='lat' dir='ltr'><strong>in</strong></span> <span class='ocrx_word' id='word_1_223' title='bbox 692 1615 763 1655; x_wconf 92' lang='lat' dir='ltr'><strong>hoc</strong></span> <span class='ocrx_word' id='word_1_224' title='bbox 789 1615 1006 1655; x_wconf 89' lang='lat' dir='ltr'><strong>litterarum</strong></span> <span class='ocrx_word' id='word_1_225' title='bbox 1036 1628 1181 1669; x_wconf 82' lang='lat' dir='ltr'><strong>genere</strong></span> <span class='ocrx_word' id='word_1_226' title='bbox 1206 1629 1276 1669; x_wconf 90' lang='lat' dir='ltr'><strong>per</strong></span> <span class='ocrx_word' id='word_1_227' title='bbox 1302 1615 1464 1669; x_wconf 86' lang='lat' dir='ltr'><strong>triginta</strong></span> <span class='ocrx_word' id='word_1_228' title='bbox 1484 1616 1661 1668; x_wconf 86' lang='lat' dir='ltr'><strong>integros</strong></span> <span class='ocrx_word' id='word_1_229' title='bbox 1682 1629 1806 1655; x_wconf 90' lang='lat' dir='ltr'><strong>annos</strong></span> <span class='ocrx_word' id='word_1_230' title='bbox 1829 1615 1973 1656; x_wconf 82' lang='lat' dir='ltr'><strong>versati</strong></span> <span class='ocrx_word' id='word_1_231' title='bbox 1995 1615 2082 1656; x_wconf 89' lang='lat' dir='ltr'><strong>duci</strong></span> 
     </span>
     <span class='ocr_line' id='line_1_23' title="bbox 283 1683 2082 1739; baseline -0.001 -14"><span class='ocrx_word' id='word_1_232' title='bbox 283 1699 324 1726; x_wconf 93' lang='lat' dir='ltr'><strong>se</strong></span> <span class='ocrx_word' id='word_1_233' title='bbox 358 1684 529 1739; x_wconf 89' lang='lat' dir='ltr'><strong>patiatur</strong></span> <span class='ocrx_word' id='word_1_234' title='bbox 558 1683 625 1724; x_wconf 88' lang='lat' dir='ltr'><strong>sed</strong></span> <span class='ocrx_word' id='word_1_235' title='bbox 657 1697 767 1723; x_wconf 91' lang='lat' dir='ltr'><strong>suam</strong></span> <span class='ocrx_word' id='word_1_236' title='bbox 798 1683 926 1737; x_wconf 91' lang='lat' dir='ltr'><strong>potius</strong></span> <span class='ocrx_word' id='word_1_237' title='bbox 958 1683 1180 1737; x_wconf 91' lang='lat' dir='ltr'><strong>opinionem</strong></span> <span class='ocrx_word' id='word_1_238' title='bbox 1212 1684 1438 1737; x_wconf 82' lang='lat' dir='ltr'><strong>plerumque</strong></span> <span class='ocrx_word' id='word_1_239' title='bbox 1469 1684 1598 1724; x_wconf 91' lang='lat' dir='ltr'><strong>subito</strong></span> <span class='ocrx_word' id='word_1_240' title='bbox 1624 1691 1804 1724; x_wconf 80' lang='lat' dir='ltr'><strong>exortam</strong></span> <span class='ocrx_word' id='word_1_241' title='bbox 1832 1697 1994 1737; x_wconf 88' lang='lat' dir='ltr'><strong>eamque</strong></span> <span class='ocrx_word' id='word_1_242' title='bbox 2019 1697 2082 1723; x_wconf 88' lang='lat' dir='ltr'><strong>ar-</strong></span> 
     </span>
     <span class='ocr_line' id='line_1_24' title="bbox 282 1750 2083 1806; baseline -0.002 -12"><span class='ocrx_word' id='word_1_243' title='bbox 282 1753 486 1795; x_wconf 85' lang='lat' dir='ltr'><strong>bitrariam</strong></span> <span class='ocrx_word' id='word_1_244' title='bbox 511 1751 771 1806; x_wconf 79' lang='lat' dir='ltr'><strong>amplexetur.</strong></span> <span class='ocrx_word' id='word_1_245' title='bbox 805 1750 871 1791; x_wconf 84' lang='lat' dir='ltr'><strong>Ex</strong></span> <span class='ocrx_word' id='word_1_246' title='bbox 897 1751 967 1791; x_wconf 87' lang='lat' dir='ltr'><strong>hac</strong></span> <span class='ocrx_word' id='word_1_247' title='bbox 993 1766 1088 1792; x_wconf 81' lang='lat' dir='ltr'><strong>vero</strong></span> <span class='ocrx_word' id='word_1_248' title='bbox 1115 1751 1360 1792; x_wconf 87' lang='lat' dir='ltr'><strong>dissensione</strong></span> <span class='ocrx_word' id='word_1_249' title='bbox 1391 1751 1427 1791; x_wconf 95' lang='lat' dir='ltr'><strong>id</strong></span> <span class='ocrx_word' id='word_1_250' title='bbox 1454 1752 1499 1792; x_wconf 91' lang='lat' dir='ltr'><strong>ad</strong></span> <span class='ocrx_word' id='word_1_251' title='bbox 1526 1753 1693 1792; x_wconf 86' lang='lat' dir='ltr'><strong>lectores</strong></span> <span class='ocrx_word' id='word_1_252' title='bbox 1720 1752 1912 1792; x_wconf 88' lang='lat' dir='ltr'><strong>redundat</strong></span> <span class='ocrx_word' id='word_1_253' title='bbox 1937 1751 2083 1791; x_wconf 90' lang='lat' dir='ltr'><strong>incom-</strong></span> 
     </span>
     <span class='ocr_line' id='line_1_25' title="bbox 282 1818 2082 1874; baseline -0.001 -13"><span class='ocrx_word' id='word_1_254' title='bbox 282 1822 403 1868; x_wconf 90' lang='lat' dir='ltr'><strong>modi,</strong></span> <span class='ocrx_word' id='word_1_255' title='bbox 434 1827 476 1861; x_wconf 93' lang='lat' dir='ltr'><strong>ut</strong></span> <span class='ocrx_word' id='word_1_256' title='bbox 507 1833 606 1874; x_wconf 91' lang='lat' dir='ltr'><strong>quae</strong></span> <span class='ocrx_word' id='word_1_257' title='bbox 637 1819 685 1859; x_wconf 89' lang='lat' dir='ltr'><strong>ab</strong></span> <span class='ocrx_word' id='word_1_258' title='bbox 712 1818 991 1874; x_wconf 90' lang='lat' dir='ltr'><strong>Oudendorpio</strong></span> <span class='ocrx_word' id='word_1_259' title='bbox 1023 1833 1121 1873; x_wconf 90' lang='lat' dir='ltr'><strong>quae</strong></span> <span class='ocrx_word' id='word_1_260' title='bbox 1148 1833 1169 1859; x_wconf 90' lang='lat' dir='ltr'><strong>a</strong></span> <span class='ocrx_word' id='word_1_261' title='bbox 1194 1818 1434 1860; x_wconf 89' lang='lat' dir='ltr'><strong>Ruhnkenio</strong></span> <span class='ocrx_word' id='word_1_262' title='bbox 1459 1820 1646 1874; x_wconf 87' lang='lat' dir='ltr'><strong>probatae</strong></span> <span class='ocrx_word' id='word_1_263' title='bbox 1679 1820 1758 1860; x_wconf 92' lang='lat' dir='ltr'><strong>sint</strong></span> <span class='ocrx_word' id='word_1_264' title='bbox 1787 1820 1975 1860; x_wconf 84' lang='lat' dir='ltr'><strong>lectiones</strong></span> <span class='ocrx_word' id='word_1_265' title='bbox 2014 1833 2082 1860; x_wconf 90' lang='lat' dir='ltr'><strong>ne-</strong></span> 
     </span>
     <span class='ocr_line' id='line_1_26' title="bbox 282 1887 2079 1942; baseline -0.002 -12"><span class='ocrx_word' id='word_1_266' title='bbox 282 1890 409 1931; x_wconf 87' lang='lat' dir='ltr'><strong>sciant</strong></span> <span class='ocrx_word' id='word_1_267' title='bbox 445 1896 484 1929; x_wconf 91' lang='lat' dir='ltr'><strong>et</strong></span> <span class='ocrx_word' id='word_1_268' title='bbox 519 1889 566 1928; x_wconf 88' lang='lat' dir='ltr'><strong>ad</strong></span> <span class='ocrx_word' id='word_1_269' title='bbox 604 1894 717 1928; x_wconf 82' lang='lat' dir='ltr'><strong>notas</strong></span> <span class='ocrx_word' id='word_1_270' title='bbox 754 1888 883 1928; x_wconf 89' lang='lat' dir='ltr'><strong>redire</strong></span> <span class='ocrx_word' id='word_1_271' title='bbox 920 1895 1132 1941; x_wconf 77' lang='lat' dir='ltr'><strong>cogantur3</strong></span> <span class='ocrx_word' id='word_1_272' title='bbox 1171 1888 1233 1941; x_wconf 88' lang='lat' dir='ltr'><strong>qui</strong></span> <span class='ocrx_word' id='word_1_273' title='bbox 1272 1888 1383 1928; x_wconf 90' lang='lat' dir='ltr'><strong>labor</strong></span> <span class='ocrx_word' id='word_1_274' title='bbox 1409 1903 1523 1942; x_wconf 91' lang='lat' dir='ltr'><strong>quum</strong></span> <span class='ocrx_word' id='word_1_275' title='bbox 1552 1887 1745 1928; x_wconf 86' lang='lat' dir='ltr'><strong>maximus</strong></span> <span class='ocrx_word' id='word_1_276' title='bbox 1781 1888 1833 1928; x_wconf 89' lang='lat' dir='ltr'><strong>sit</strong></span> <span class='ocrx_word' id='word_1_277' title='bbox 1863 1895 1901 1927; x_wconf 89' lang='lat' dir='ltr'><strong>et</strong></span> <span class='ocrx_word' id='word_1_278' title='bbox 1935 1894 2079 1928; x_wconf 90' lang='lat' dir='ltr'><strong>tantum</strong></span> 
     </span>
     <span class='ocr_line' id='line_1_27' title="bbox 283 1955 2081 2009; baseline -0.002 -11"><span class='ocrx_word' id='word_1_279' title='bbox 283 1958 450 1999; x_wconf 90' lang='lat' dir='ltr'><strong>taedium</strong></span> <span class='ocrx_word' id='word_1_280' title='bbox 483 1956 583 1997; x_wconf 86' lang='lat' dir='ltr'><strong>haud</strong></span> <span class='ocrx_word' id='word_1_281' title='bbox 615 1971 706 1997; x_wconf 90' lang='lat' dir='ltr'><strong>raro</strong></span> <span class='ocrx_word' id='word_1_282' title='bbox 738 1956 898 2006; x_wconf 84' lang='lat' dir='ltr'><strong>afferat,</strong></span> <span class='ocrx_word' id='word_1_283' title='bbox 932 1962 973 1995; x_wconf 92' lang='lat' dir='ltr'><strong>ut</strong></span> <span class='ocrx_word' id='word_1_284' title='bbox 1005 1955 1070 2009; x_wconf 91' lang='lat' dir='ltr'><strong>qui</strong></span> <span class='ocrx_word' id='word_1_285' title='bbox 1100 1955 1187 1995; x_wconf 91' lang='lat' dir='ltr'><strong>aliis</strong></span> <span class='ocrx_word' id='word_1_286' title='bbox 1219 1956 1388 2009; x_wconf 88' lang='lat' dir='ltr'><strong>negotiis</strong></span> <span class='ocrx_word' id='word_1_287' title='bbox 1415 1956 1572 1996; x_wconf 84' lang='lat' dir='ltr'><strong>distenti</strong></span> <span class='ocrx_word' id='word_1_288' title='bbox 1599 1963 1708 2005; x_wconf 85' lang='lat' dir='ltr'><strong>sunt,</strong></span> <span class='ocrx_word' id='word_1_289' title='bbox 1743 1955 1875 1996; x_wconf 90' lang='lat' dir='ltr'><strong>subire</strong></span> <span class='ocrx_word' id='word_1_290' title='bbox 1901 1969 1988 1996; x_wconf 90' lang='lat' dir='ltr'><strong>eum</strong></span> <span class='ocrx_word' id='word_1_291' title='bbox 2015 1970 2081 1996; x_wconf 89' lang='lat' dir='ltr'><strong>ne-</strong></span> 
     </span>
     <span class='ocr_line' id='line_1_28' title="bbox 283 2023 2083 2080; baseline -0.002 -13"><span class='ocrx_word' id='word_1_292' title='bbox 283 2033 449 2080; x_wconf 85' lang='lat' dir='ltr'><strong>queant,</strong></span> <span class='ocrx_word' id='word_1_293' title='bbox 484 2025 640 2079; x_wconf 79' lang='lat' dir='ltr'><strong>saepius</strong></span> <span class='ocrx_word' id='word_1_294' title='bbox 673 2027 817 2065; x_wconf 90' lang='lat' dir='ltr'><strong>factum</strong></span> <span class='ocrx_word' id='word_1_295' title='bbox 849 2031 929 2071; x_wconf 87' lang='lat' dir='ltr'><strong>est,</strong></span> <span class='ocrx_word' id='word_1_296' title='bbox 964 2031 1006 2063; x_wconf 93' lang='lat' dir='ltr'><strong>ut</strong></span> <span class='ocrx_word' id='word_1_297' title='bbox 1036 2023 1248 2071; x_wconf 85' lang='lat' dir='ltr'><strong>vocabula,</strong></span> <span class='ocrx_word' id='word_1_298' title='bbox 1283 2038 1381 2078; x_wconf 88' lang='lat' dir='ltr'><strong>quae</strong></span> <span class='ocrx_word' id='word_1_299' title='bbox 1413 2024 1715 2078; x_wconf 87' lang='lat' dir='ltr'><strong>Oudendorpius</strong></span> <span class='ocrx_word' id='word_1_300' title='bbox 1742 2031 1784 2064; x_wconf 89' lang='lat' dir='ltr'><strong>ut</strong></span> <span class='ocrx_word' id='word_1_301' title='bbox 1809 2024 1935 2064; x_wconf 85' lang='lat' dir='ltr'><strong>minus</strong></span> <span class='ocrx_word' id='word_1_302' title='bbox 1962 2024 2083 2064; x_wconf 89' lang='lat' dir='ltr'><strong>latina</strong></span> 
     </span>
     <span class='ocr_line' id='line_1_29' title="bbox 283 2091 2081 2146; baseline -0.002 -11"><span class='ocrx_word' id='word_1_303' title='bbox 283 2095 502 2135; x_wconf 88' lang='lat' dir='ltr'><strong>iamdudum</strong></span> <span class='ocrx_word' id='word_1_304' title='bbox 530 2094 755 2140; x_wconf 85' lang='lat' dir='ltr'><strong>refutasset,</strong></span> <span class='ocrx_word' id='word_1_305' title='bbox 782 2107 803 2132; x_wconf 89' lang='lat' dir='ltr'><strong>a</strong></span> <span class='ocrx_word' id='word_1_306' title='bbox 829 2091 1122 2146; x_wconf 86' lang='lat' dir='ltr'><strong>lexicographis</strong></span> <span class='ocrx_word' id='word_1_307' title='bbox 1150 2092 1296 2132; x_wconf 85' lang='lat' dir='ltr'><strong>nostris</strong></span> <span class='ocrx_word' id='word_1_308' title='bbox 1322 2093 1420 2132; x_wconf 87' lang='lat' dir='ltr'><strong>hona</strong></span> <span class='ocrx_word' id='word_1_309' title='bbox 1451 2092 1521 2132; x_wconf 81' lang='lat' dir='ltr'><strong>fide</strong></span> <span class='ocrx_word' id='word_1_310' title='bbox 1548 2092 1827 2146; x_wconf 87' lang='lat' dir='ltr'><strong>reciperentur.</strong></span> <span class='ocrx_word' id='word_1_311' title='bbox 1858 2091 1959 2132; x_wconf 93' lang='lat' dir='ltr'><strong>Tum</strong></span> <span class='ocrx_word' id='word_1_312' title='bbox 1987 2106 2081 2133; x_wconf 89' lang='lat' dir='ltr'><strong>vero</strong></span> 
     </span>
     <span class='ocr_line' id='line_1_30' title="bbox 284 2161 2081 2216; baseline -0.002 -12"><span class='ocrx_word' id='word_1_313' title='bbox 284 2161 623 2216; x_wconf 83' lang='lat' dir='ltr'><strong>Oudendorpium,</strong></span> <span class='ocrx_word' id='word_1_314' title='bbox 651 2162 682 2201; x_wconf 89' lang='lat' dir='ltr'><strong>si</strong></span> <span class='ocrx_word' id='word_1_315' title='bbox 709 2174 803 2201; x_wconf 89' lang='lat' dir='ltr'><strong>suae</strong></span> <span class='ocrx_word' id='word_1_316' title='bbox 830 2161 1013 2201; x_wconf 86' lang='lat' dir='ltr'><strong>editionis</strong></span> <span class='ocrx_word' id='word_1_317' title='bbox 1040 2168 1268 2200; x_wconf 81' lang='lat' dir='ltr'><strong>contextum</strong></span> <span class='ocrx_word' id='word_1_318' title='bbox 1295 2161 1375 2215; x_wconf 88' lang='lat' dir='ltr'><strong>ipse</strong></span> <span class='ocrx_word' id='word_1_319' title='bbox 1402 2161 1722 2214; x_wconf 82' lang='lat' dir='ltr'><strong>conscripsisset,</strong></span> <span class='ocrx_word' id='word_1_320' title='bbox 1757 2175 1834 2200; x_wconf 91' lang='lat' dir='ltr'><strong>non</strong></span> <span class='ocrx_word' id='word_1_321' title='bbox 1862 2161 2081 2214; x_wconf 80' lang='lat' dir='ltr'><strong>negandum</strong></span> 
     </span>
     <span class='ocr_line' id='line_1_31' title="bbox 283 2228 2083 2283; baseline -0.002 -11"><span class='ocrx_word' id='word_1_322' title='bbox 283 2238 344 2272; x_wconf 89' lang='lat' dir='ltr'><strong>est</strong></span> <span class='ocrx_word' id='word_1_323' title='bbox 368 2230 488 2270; x_wconf 90' lang='lat' dir='ltr'><strong>multa</strong></span> <span class='ocrx_word' id='word_1_324' title='bbox 514 2229 738 2270; x_wconf 83' lang='lat' dir='ltr'><strong>accuratius</strong></span> <span class='ocrx_word' id='word_1_325' title='bbox 765 2230 1068 2269; x_wconf 88' lang='lat' dir='ltr'><strong>constituturum</strong></span> <span class='ocrx_word' id='word_1_326' title='bbox 1097 2229 1232 2277; x_wconf 83' lang='lat' dir='ltr'><strong>luisse,</strong></span> <span class='ocrx_word' id='word_1_327' title='bbox 1261 2243 1359 2282; x_wconf 85' lang='lat' dir='ltr'><strong>quae</strong></span> <span class='ocrx_word' id='word_1_328' title='bbox 1386 2229 1497 2269; x_wconf 92' lang='lat' dir='ltr'><strong>hodie</strong></span> <span class='ocrx_word' id='word_1_329' title='bbox 1525 2229 1650 2268; x_wconf 90' lang='lat' dir='ltr'><strong>minus</strong></span> <span class='ocrx_word' id='word_1_330' title='bbox 1677 2235 1782 2269; x_wconf 86' lang='lat' dir='ltr'><strong>recte</strong></span> <span class='ocrx_word' id='word_1_331' title='bbox 1809 2228 1856 2268; x_wconf 88' lang='lat' dir='ltr'><strong>ab</strong></span> <span class='ocrx_word' id='word_1_332' title='bbox 1882 2242 1927 2268; x_wconf 92' lang='lat' dir='ltr'><strong>eo</strong></span> <span class='ocrx_word' id='word_1_333' title='bbox 1954 2229 2083 2283; x_wconf 91' lang='lat' dir='ltr'><strong>dispu-</strong></span> 
     </span>
     <span class='ocr_line' id='line_1_32' title="bbox 285 2297 2082 2351; baseline -0.001 -12"><span class='ocrx_word' id='word_1_334' title='bbox 285 2307 364 2340; x_wconf 92' lang='lat' dir='ltr'><strong>tata</strong></span> <span class='ocrx_word' id='word_1_335' title='bbox 390 2305 501 2344; x_wconf 87' lang='lat' dir='ltr'><strong>sunt,</strong></span> <span class='ocrx_word' id='word_1_336' title='bbox 537 2298 718 2351; x_wconf 89' lang='lat' dir='ltr'><strong>quoniam</strong></span> <span class='ocrx_word' id='word_1_337' title='bbox 745 2297 890 2344; x_wconf 90' lang='lat' dir='ltr'><strong>editor,</strong></span> <span class='ocrx_word' id='word_1_338' title='bbox 926 2298 1049 2337; x_wconf 89' lang='lat' dir='ltr'><strong>donec</strong></span> <span class='ocrx_word' id='word_1_339' title='bbox 1075 2311 1169 2351; x_wconf 89' lang='lat' dir='ltr'><strong>opus</strong></span> <span class='ocrx_word' id='word_1_340' title='bbox 1196 2298 1234 2337; x_wconf 91' lang='lat' dir='ltr'><strong>in</strong></span> <span class='ocrx_word' id='word_1_341' title='bbox 1262 2297 1419 2338; x_wconf 90' lang='lat' dir='ltr'><strong>scriniis</strong></span> <span class='ocrx_word' id='word_1_342' title='bbox 1451 2298 1566 2345; x_wconf 87' lang='lat' dir='ltr'><strong>latet,</strong></span> <span class='ocrx_word' id='word_1_343' title='bbox 1612 2297 1657 2336; x_wconf 90' lang='lat' dir='ltr'><strong>de</strong></span> <span class='ocrx_word' id='word_1_344' title='bbox 1682 2297 1848 2337; x_wconf 89' lang='lat' dir='ltr'><strong>iudicum</strong></span> <span class='ocrx_word' id='word_1_345' title='bbox 1876 2297 2082 2337; x_wconf 88' lang='lat' dir='ltr'><strong>sententiis</strong></span> 
     </span>
     <span class='ocr_line' id='line_1_33' title="bbox 285 2364 2080 2419; baseline -0.001 -12"><span class='ocrx_word' id='word_1_346' title='bbox 285 2382 361 2407; x_wconf 90' lang='lat' dir='ltr'><strong>non</strong></span> <span class='ocrx_word' id='word_1_347' title='bbox 389 2366 581 2407; x_wconf 87' lang='lat' dir='ltr'><strong>sollicitus</strong></span> <span class='ocrx_word' id='word_1_348' title='bbox 607 2366 735 2406; x_wconf 88' lang='lat' dir='ltr'><strong>miuus</strong></span> <span class='ocrx_word' id='word_1_349' title='bbox 762 2373 874 2406; x_wconf 90' lang='lat' dir='ltr'><strong>caute</strong></span> <span class='ocrx_word' id='word_1_350' title='bbox 900 2365 982 2419; x_wconf 82' lang='lat' dir='ltr'><strong>agit</strong></span> <span class='ocrx_word' id='word_1_351' title='bbox 1007 2373 1045 2405; x_wconf 90' lang='lat' dir='ltr'><strong>et</strong></span> <span class='ocrx_word' id='word_1_352' title='bbox 1071 2365 1198 2405; x_wconf 85' lang='lat' dir='ltr'><strong>obiter</strong></span> <span class='ocrx_word' id='word_1_353' title='bbox 1222 2365 1260 2405; x_wconf 93' lang='lat' dir='ltr'><strong>in</strong></span> <span class='ocrx_word' id='word_1_354' title='bbox 1290 2366 1409 2405; x_wconf 87' lang='lat' dir='ltr'><strong>multa</strong></span> <span class='ocrx_word' id='word_1_355' title='bbox 1435 2364 1616 2418; x_wconf 90' lang='lat' dir='ltr'><strong>inquirit,</strong></span> <span class='ocrx_word' id='word_1_356' title='bbox 1651 2379 1748 2418; x_wconf 89' lang='lat' dir='ltr'><strong>quae</strong></span> <span class='ocrx_word' id='word_1_357' title='bbox 1780 2365 1812 2404; x_wconf 89' lang='lat' dir='ltr'><strong>si</strong></span> <span class='ocrx_word' id='word_1_358' title='bbox 1828 2364 1968 2418; x_wconf 90' lang='lat' dir='ltr'><strong>publici</strong></span> <span class='ocrx_word' id='word_1_359' title='bbox 1986 2364 2080 2405; x_wconf 88' lang='lat' dir='ltr'><strong>iuris</strong></span> 
     </span>
     <span class='ocr_line' id='line_1_34' title="bbox 284 2432 2081 2487; baseline -0.001 -12"><span class='ocrx_word' id='word_1_360' title='bbox 284 2436 423 2476; x_wconf 91' lang='lat' dir='ltr'><strong>librum</strong></span> <span class='ocrx_word' id='word_1_361' title='bbox 451 2436 583 2474; x_wconf 86' lang='lat' dir='ltr'><strong>faeere</strong></span> <span class='ocrx_word' id='word_1_362' title='bbox 609 2434 722 2482; x_wconf 86' lang='lat' dir='ltr'><strong>velit,</strong></span> <span class='ocrx_word' id='word_1_363' title='bbox 754 2434 1004 2474; x_wconf 83' lang='lat' dir='ltr'><strong>retractanda</strong></span> <span class='ocrx_word' id='word_1_364' title='bbox 1033 2440 1071 2473; x_wconf 87' lang='lat' dir='ltr'><strong>et</strong></span> <span class='ocrx_word' id='word_1_365' title='bbox 1097 2433 1330 2487; x_wconf 85' lang='lat' dir='ltr'><strong>corrigenda</strong></span> <span class='ocrx_word' id='word_1_366' title='bbox 1357 2433 1447 2474; x_wconf 90' lang='lat' dir='ltr'><strong>sint.</strong></span> <span class='ocrx_word' id='word_1_367' title='bbox 1507 2434 1559 2472; x_wconf 81' lang='lat' dir='ltr'><strong>At</strong></span> <span class='ocrx_word' id='word_1_368' title='bbox 1587 2447 1634 2472; x_wconf 91' lang='lat' dir='ltr'><strong>ne</strong></span> <span class='ocrx_word' id='word_1_369' title='bbox 1662 2432 1820 2486; x_wconf 79' lang='lat' dir='ltr'><strong>gravius</strong></span> <span class='ocrx_word' id='word_1_370' title='bbox 1847 2446 1958 2485; x_wconf 85' lang='lat' dir='ltr'><strong>quam</strong></span> <span class='ocrx_word' id='word_1_371' title='bbox 1981 2434 2081 2486; x_wconf 88' lang='lat' dir='ltr'><strong>quod</strong></span> 
     </span>
     <span class='ocr_line' id='line_1_35' title="bbox 285 2499 2079 2555; baseline -0.002 -11"><span class='ocrx_word' id='word_1_372' title='bbox 285 2504 464 2544; x_wconf 87' lang='lat' dir='ltr'><strong>iuvenem</strong></span> <span class='ocrx_word' id='word_1_373' title='bbox 492 2503 629 2543; x_wconf 90' lang='lat' dir='ltr'><strong>deceat</strong></span> <span class='ocrx_word' id='word_1_374' title='bbox 655 2503 700 2542; x_wconf 91' lang='lat' dir='ltr'><strong>de</strong></span> <span class='ocrx_word' id='word_1_375' title='bbox 728 2509 836 2542; x_wconf 90' lang='lat' dir='ltr'><strong>tanto</strong></span> <span class='ocrx_word' id='word_1_376' title='bbox 863 2502 948 2542; x_wconf 85' lang='lat' dir='ltr'><strong>viro</strong></span> <span class='ocrx_word' id='word_1_377' title='bbox 976 2502 1157 2542; x_wconf 88' lang='lat' dir='ltr'><strong>iudicium</strong></span> <span class='ocrx_word' id='word_1_378' title='bbox 1186 2502 1394 2555; x_wconf 81' lang='lat' dir='ltr'><strong>protulisse</strong></span> <span class='ocrx_word' id='word_1_379' title='bbox 1420 2501 1576 2551; x_wconf 80' lang='lat' dir='ltr'><strong>videar,</strong></span> <span class='ocrx_word' id='word_1_380' title='bbox 1607 2507 1756 2540; x_wconf 81' lang='lat' dir='ltr'><strong>textum</strong></span> <span class='ocrx_word' id='word_1_381' title='bbox 1783 2500 1868 2540; x_wconf 89' lang='lat' dir='ltr'><strong>libri</strong></span> <span class='ocrx_word' id='word_1_382' title='bbox 1895 2499 1969 2542; x_wconf 77' lang='lat' dir='ltr'><strong>xl.</strong></span> <span class='ocrx_word' id='word_1_383' title='bbox 1996 2515 2079 2541; x_wconf 89' lang='lat' dir='ltr'><strong>cum</strong></span> 
     </span>
     <span class='ocr_line' id='line_1_36' title="bbox 285 2569 1179 2625; baseline -0.004 -13"><span class='ocrx_word' id='word_1_384' title='bbox 285 2570 602 2613; x_wconf 85' lang='lat' dir='ltr'><strong>adnotationibus</strong></span> <span class='ocrx_word' id='word_1_385' title='bbox 630 2569 903 2625; x_wconf 86' lang='lat' dir='ltr'><strong>Oudendorpii</strong></span> <span class='ocrx_word' id='word_1_386' title='bbox 931 2583 1179 2624; x_wconf 87' lang='lat' dir='ltr'><strong>componam:</strong></span> 
     </span>
    </p>
   </div>
   <div class='ocr_carea' id='block_1_4' title="bbox 396 2647 2080 3180">
    <p class='ocr_par' dir='ltr' id='par_1_4' title="bbox 396 2647 2080 2910">
     <span class='ocr_line' id='line_1_37' title="bbox 396 2647 2077 2705; baseline -0.002 -14"><span class='ocrx_word' id='word_1_387' title='bbox 396 2665 433 2705; x_wconf 90' lang='lat' dir='ltr'><strong>p.</strong></span> <span class='ocrx_word' id='word_1_388' title='bbox 461 2651 558 2693; x_wconf 84' lang='lat'><strong>673.</strong></span> <span class='ocrx_word' id='word_1_389' title='bbox 594 2651 652 2691; x_wconf 88' lang='lat' dir='ltr'><strong>ed.</strong></span> <span class='ocrx_word' id='word_1_390' title='bbox 680 2649 839 2690; x_wconf 82' lang='lat' dir='ltr'><strong>Ruhuk.</strong></span> <span class='ocrx_word' id='word_1_391' title='bbox 874 2664 959 2690; x_wconf 84' lang='lat' dir='ltr'><strong>cum</strong></span> <span class='ocrx_word' id='word_1_392' title='bbox 992 2649 1145 2704; x_wconf 89' lang='lat' dir='ltr'><strong>optimis</strong></span> <span class='ocrx_word' id='word_1_393' title='bbox 1183 2649 1294 2689; x_wconf 88' lang='lat' dir='ltr'><strong>codd.</strong></span> <span class='ocrx_word' id='word_1_394' title='bbox 1336 2647 1434 2690; x_wconf 83' lang='lat' dir='ltr'><strong>Oud.</strong></span> <span class='ocrx_word' id='word_1_395' title='bbox 1473 2648 1569 2701; x_wconf 77' lang='lat' dir='ltr'><strong>legit</strong></span> <span class='ocrx_word' id='word_1_396' title='bbox 1603 2662 1680 2687; x_wconf 72' lang='lat' dir='ltr'><strong>uec</strong></span> <span class='ocrx_word' id='word_1_397' title='bbox 1714 2647 1867 2688; x_wconf 63' lang='lat' dir='ltr'><strong>vidisse</strong></span> <span class='ocrx_word' id='word_1_398' title='bbox 1899 2648 2077 2703; x_wconf 75' lang='lat' dir='ltr'><strong>quidem,</strong></span> 
     </span>
     <span class='ocr_line' id='line_1_38' title="bbox 624 2715 2078 2770; baseline -0.001 -12"><span class='ocrx_word' id='word_1_399' title='bbox 624 2717 832 2759; x_wconf 89' lang='lat' dir='ltr'><strong>Ruhnken.</strong></span> <span class='ocrx_word' id='word_1_400' title='bbox 865 2732 914 2758; x_wconf 85' lang='lat' dir='ltr'><strong>ex</strong></span> <span class='ocrx_word' id='word_1_401' title='bbox 946 2717 1062 2759; x_wconf 86' lang='lat' dir='ltr'><strong>Vulc.</strong></span> <span class='ocrx_word' id='word_1_402' title='bbox 1095 2719 1136 2760; x_wconf 79' lang='grc'><strong>2.</strong></span> <span class='ocrx_word' id='word_1_403' title='bbox 1172 2717 1335 2758; x_wconf 89' lang='lat' dir='ltr'><strong>retinuit</strong></span> <span class='ocrx_word' id='word_1_404' title='bbox 1364 2731 1445 2756; x_wconf 76' lang='lat' dir='ltr'><strong>non</strong></span> <span class='ocrx_word' id='word_1_405' title='bbox 1479 2716 1633 2756; x_wconf 71' lang='lat' dir='ltr'><strong>vidisse</strong></span> <span class='ocrx_word' id='word_1_406' title='bbox 1670 2716 1761 2756; x_wconf 86' lang='lat' dir='ltr'><strong>licet</strong></span> <span class='ocrx_word' id='word_1_407' title='bbox 1784 2730 1832 2756; x_wconf 90' lang='lat' dir='ltr'><strong>ex</strong></span> <span class='ocrx_word' id='word_1_408' title='bbox 1857 2716 1948 2770; x_wconf 89' lang='lat' dir='ltr'><strong>ipsis</strong></span> <span class='ocrx_word' id='word_1_409' title='bbox 1975 2715 2078 2757; x_wconf 86' lang='lat' dir='ltr'><strong>Oud.</strong></span> 
     </span>
     <span class='ocr_line' id='line_1_39' title="bbox 624 2784 2080 2840; baseline -0.002 -13"><span class='ocrx_word' id='word_1_410' title='bbox 624 2787 778 2827; x_wconf 89' lang='lat' dir='ltr'><strong>dictatis</strong></span> <span class='ocrx_word' id='word_1_411' title='bbox 793 2787 838 2826; x_wconf 90' lang='lat' dir='ltr'><strong>ad</strong></span> <span class='ocrx_word' id='word_1_412' title='bbox 853 2784 1027 2827; x_wconf 62' lang='lat' dir='ltr'><strong>Metlv.</strong></span> <span class='ocrx_word' id='word_1_413' title='bbox 1045 2801 1081 2840; x_wconf 92' lang='lat' dir='ltr'><strong>p.</strong></span> <span class='ocrx_word' id='word_1_414' title='bbox 1093 2787 1185 2828; x_wconf 80' lang='lat'><strong>258.</strong></span> <span class='ocrx_word' id='word_1_415' title='bbox 1201 2786 1353 2839; x_wconf 89' lang='lat' dir='ltr'><strong>quoties</strong></span> <span class='ocrx_word' id='word_1_416' title='bbox 1368 2784 1555 2839; x_wconf 87' lang='lat' dir='ltr'><strong>Apuleius</strong></span> <span class='ocrx_word' id='word_1_417' title='bbox 1571 2799 1654 2824; x_wconf 81' lang='lat' dir='ltr'><strong>cum</strong></span> <span class='ocrx_word' id='word_1_418' title='bbox 1672 2784 1812 2824; x_wconf 83' lang='lat' dir='ltr'><strong>ceteris</strong></span> <span class='ocrx_word' id='word_1_419' title='bbox 1827 2799 1903 2824; x_wconf 74' lang='lat' dir='ltr'><strong>nec</strong></span> <span class='ocrx_word' id='word_1_420' title='bbox 1918 2784 2080 2839; x_wconf 73' lang='lat' dir='ltr'><strong>quidem</strong></span> 
     </span>
     <span class='ocr_line' id='line_1_40' title="bbox 625 2852 2079 2910; baseline -0.001 -15"><span class='ocrx_word' id='word_1_421' title='bbox 625 2869 694 2909; x_wconf 90' lang='lat' dir='ltr'><strong>pro</strong></span> <span class='ocrx_word' id='word_1_422' title='bbox 723 2870 776 2895; x_wconf 73' lang='lat' dir='ltr'><strong>ne</strong></span> <span class='ocrx_word' id='word_1_423' title='bbox 808 2855 970 2910; x_wconf 73' lang='lat' dir='ltr'><strong>quidem</strong></span> <span class='ocrx_word' id='word_1_424' title='bbox 1004 2855 1067 2895; x_wconf 88' lang='lat' dir='ltr'><strong>vel</strong></span> <span class='ocrx_word' id='word_1_425' title='bbox 1092 2855 1130 2894; x_wconf 90' lang='lat' dir='ltr'><strong>in</strong></span> <span class='ocrx_word' id='word_1_426' title='bbox 1158 2854 1293 2893; x_wconf 88' lang='lat' dir='ltr'><strong>mediis</strong></span> <span class='ocrx_word' id='word_1_427' title='bbox 1319 2852 1651 2894; x_wconf 86' lang='lat' dir='ltr'><strong>enuntiationibus</strong></span> <span class='ocrx_word' id='word_1_428' title='bbox 1679 2852 1851 2907; x_wconf 89' lang='lat' dir='ltr'><strong>posuerit</strong></span> <span class='ocrx_word' id='word_1_429' title='bbox 1876 2853 2079 2893; x_wconf 82' lang='lat' dir='ltr'><strong>efficiatur.</strong></span> 
     </span>
    </p>

    <p class='ocr_par' dir='ltr' id='par_1_5' title="bbox 402 2919 2080 3045">
     <span class='ocr_line' id='line_1_41' title="bbox 402 2919 2080 2977; baseline 0 -16"><span class='ocrx_word' id='word_1_430' title='bbox 402 2938 436 2977; x_wconf 91' lang='lat' dir='ltr'><strong>p.</strong></span> <span class='ocrx_word' id='word_1_431' title='bbox 466 2923 562 2965; x_wconf 78' lang='lat'><strong>876.</strong></span> <span class='ocrx_word' id='word_1_432' title='bbox 603 2924 662 2963; x_wconf 86' lang='lat' dir='ltr'><strong>ed.</strong></span> <span class='ocrx_word' id='word_1_433' title='bbox 700 2937 809 2963; x_wconf 86' lang='lat' dir='ltr'><strong>meae</strong></span> <span class='ocrx_word' id='word_1_434' title='bbox 847 2939 930 2963; x_wconf 81' lang='lat' dir='ltr'><strong>voc.</strong></span> <span class='ocrx_word' id='word_1_435' title='bbox 969 2923 1045 2963; x_wconf 83' lang='lat' dir='ltr'><strong>deo</strong></span> <span class='ocrx_word' id='word_1_436' title='bbox 1080 2922 1306 2977; x_wconf 82' lang='lat' dir='ltr'><strong>particulam</strong></span> <span class='ocrx_word' id='word_1_437' title='bbox 1339 2924 1419 2962; x_wconf 75' lang='lat' dir='ltr'><strong>iam</strong></span> <span class='ocrx_word' id='word_1_438' title='bbox 1454 2921 1637 2975; x_wconf 89' lang='lat' dir='ltr'><strong>praeponi</strong></span> <span class='ocrx_word' id='word_1_439' title='bbox 1669 2920 1768 2961; x_wconf 89' lang='lat' dir='ltr'><strong>Oud.</strong></span> <span class='ocrx_word' id='word_1_440' title='bbox 1801 2935 1885 2960; x_wconf 92' lang='lat' dir='ltr'><strong>cum</strong></span> <span class='ocrx_word' id='word_1_441' title='bbox 1916 2919 2080 2961; x_wconf 86' lang='lat' dir='ltr'><strong>Pricaeo</strong></span> 
     </span>
     <span class='ocr_line' id='line_1_42' title="bbox 625 2991 1392 3045; baseline 0 -15"><span class='ocrx_word' id='word_1_442' title='bbox 625 2992 779 3039; x_wconf 81' lang='lat' dir='ltr'><strong>maluit,</strong></span> <span class='ocrx_word' id='word_1_443' title='bbox 807 2991 1022 3032; x_wconf 86' lang='lat' dir='ltr'><strong>Ruhnken.</strong></span> <span class='ocrx_word' id='word_1_444' title='bbox 1051 3006 1134 3031; x_wconf 89' lang='lat' dir='ltr'><strong>eam</strong></span> <span class='ocrx_word' id='word_1_445' title='bbox 1163 2991 1392 3045; x_wconf 88' lang='lat' dir='ltr'><strong>postposuit.</strong></span> 
     </span>
    </p>

    <p class='ocr_par' dir='ltr' id='par_1_6' title="bbox 401 3056 1937 3113">
     <span class='ocr_line' id='line_1_43' title="bbox 401 3056 1937 3113; baseline -0.004 -12"><span class='ocrx_word' id='word_1_446' title='bbox 401 3073 437 3111; x_wconf 84' lang='lat' dir='ltr'><strong>p·</strong></span> <span class='ocrx_word' id='word_1_447' title='bbox 466 3059 562 3101; x_wconf 77' lang='lat'><strong>894.</strong></span> <span class='ocrx_word' id='word_1_448' title='bbox 592 3058 690 3099; x_wconf 87' lang='lat' dir='ltr'><strong>Oud.</strong></span> <span class='ocrx_word' id='word_1_449' title='bbox 718 3060 897 3113; x_wconf 85' lang='lat' dir='ltr'><strong>probavit</strong></span> <span class='ocrx_word' id='word_1_450' title='bbox 922 3060 1205 3109; x_wconf 70' lang='lat' dir='ltr'><strong>tumulaverit,</strong></span> <span class='ocrx_word' id='word_1_451' title='bbox 1234 3058 1445 3098; x_wconf 81' lang='lat' dir='ltr'><strong>Ruhnken.</strong></span> <span class='ocrx_word' id='word_1_452' title='bbox 1475 3058 1620 3112; x_wconf 85' lang='lat' dir='ltr'><strong>recepit</strong></span> <span class='ocrx_word' id='word_1_453' title='bbox 1645 3056 1937 3096; x_wconf 75' lang='lat' dir='ltr'><strong>mandaverat.</strong></span> 
     </span>
    </p>

    <p class='ocr_par' dir='ltr' id='par_1_7' title="bbox 403 3125 1990 3180">
     <span class='ocr_line' id='line_1_44' title="bbox 403 3125 1990 3180; baseline -0.001 -15"><span class='ocrx_word' id='word_1_454' title='bbox 403 3141 439 3180; x_wconf 92' lang='lat' dir='ltr'><strong>p.</strong></span> <span class='ocrx_word' id='word_1_455' title='bbox 469 3127 565 3169; x_wconf 83' lang='grc'><strong>894.</strong></span> <span class='ocrx_word' id='word_1_456' title='bbox 596 3126 697 3167; x_wconf 88' lang='lat' dir='ltr'><strong>Oud.</strong></span> <span class='ocrx_word' id='word_1_457' title='bbox 728 3128 862 3167; x_wconf 89' lang='lat' dir='ltr'><strong>maluit</strong></span> <span class='ocrx_word' id='word_1_458' title='bbox 886 3143 948 3168; x_wconf 82' lang='lat' dir='ltr'><strong>me</strong></span> <span class='ocrx_word' id='word_1_459' title='bbox 974 3142 1056 3167; x_wconf 78' lang='lat' dir='ltr'><strong>mm</strong></span> <span class='ocrx_word' id='word_1_460' title='bbox 1084 3128 1204 3178; x_wconf 76' lang='lat' dir='ltr'><strong>olim,</strong></span> <span class='ocrx_word' id='word_1_461' title='bbox 1234 3126 1391 3167; x_wconf 84' lang='lat' dir='ltr'><strong>Ruhnk.</strong></span> <span class='ocrx_word' id='word_1_462' title='bbox 1418 3126 1565 3180; x_wconf 86' lang='lat' dir='ltr'><strong>recepit</strong></span> <span class='ocrx_word' id='word_1_463' title='bbox 1589 3139 1742 3165; x_wconf 74' lang='lat' dir='ltr'><strong>meeum</strong></span> <span class='ocrx_word' id='word_1_464' title='bbox 1770 3139 1850 3164; x_wconf 79' lang='lat' dir='ltr'><strong>non</strong></span> <span class='ocrx_word' id='word_1_465' title='bbox 1879 3125 1990 3164; x_wconf 76' lang='lat' dir='ltr'><strong>olim.</strong></span> 
     </span>
    </p>
   </div>
  </div>
 </body>
</html>
