2221 3667
315 122 398 165 744
578 121 625 160 1..
657 119 875 160 APL‘LEll
905 117 1306 159 MADAURENSIS
1335 117 1876 162 METAMORPHOSEON

316 233 388 273 ctis
415 230 640 272 stramentis
671 245 732 271 me
762 230 995 271 renudatum
1027 244 1073 270 ao
1098 229 1144 270 de
1176 230 1341 283 quadam
1367 243 1514 284 quercu
1538 231 1773 273 destinatum
1796 234 1920 287 flagro
1946 232 2012 273 illo
2039 246 2103 287 pe-

317 289 441 328 cuinis
467 287 621 328 ossibus
647 294 828 327 catenato
853 287 1133 337 verberantes,
1167 299 1290 340 paene
1320 286 1368 326 ad
1399 293 1618 327 extremam
1644 289 1897 329 confecerant
1921 296 2101 329 mortem.

196 345 292 390 [2¹0]
318 344 409 384 Fuit
426 358 549 393 unus,
578 342 640 396 qui
656 343 818 397 poplites
832 357 940 383 meos
954 355 1147 383 enervare
1163 340 1170 398 Ι
1185 356 1324 383 secure
1342 356 1414 382 sua
1429 343 1756 394 comminaretur,
1784 346 1884 397 quod
1900 346 1945 386 de
1959 347 2106 400 pudore

230 403 292 435 58⁴)
317 402 383 441 illo
409 400 572 440 candido
598 399 749 439 scilicet
773 414 843 439 suo
865 398 871 454 Ι
892 406 970 438 tam
1001 398 1230 438 deformiter
1261 398 1574 452 triumphassem.
1625 398 1703 439 Sed
1734 401 1856 440 ceteri
1886 415 1964 441 non
1995 415 2106 442 meae

318 456 457 498 salutis
482 456 551 497 sed
575 455 777 502 simulacri
806 456 972 497 iacentis
1005 454 1332 510 contemplatione
1362 454 1405 495 in
1428 454 1510 496 vita
1541 469 1603 496 me
1626 455 1874 497 retinendum
1898 470 2105 499 censuere.

261 798 270 805 ⁵
321 790 356 818 Ο.
371 798 400 824 p.
416 791 452 818 1).
466 790 502 818 L.
527 795 649 816 secura
663 786 685 815 f.
709 788 746 815 In
761 791 833 815 cett.
847 786 970 815 securi.

322 837 359 863 ln
380 837 455 864 cett.
473 840 548 861 sna.
595 830 817 860 comminaret
835 833 872 862 Β,
919 831 978 859 illo
998 839 1062 860 non
1081 834 1131 859 est
1148 831 1183 860 in
1201 832 1272 860 edd.
1291 835 1367 860 ante
1386 832 1477 860 Colv.

319 607 519 637 strumentis
536 608 573 636 L.
594 608 682 637 Colv.
705 608 873 641 probatum
898 605 994 635 etiam
1014 605 1160 634 Brantio.
1208 603 1434 634 remandatum
1451 606 1488 635 F.
1508 606 1539 635 3.

1586 603 1790 634 denudatum
1811 607 1846 635 G.
1863 608 1892 636 1.
1906 614 1927 635 a
1939 614 1980 635 m.
1993 614 2024 642 p.
2071 605 2111 634 de

321 652 463 691 quadam
477 655 513 682 P.
549 651 588 680 cle
601 650 747 690 quadam
762 659 887 688 quercu
901 649 1109 678 destinatum
1122 658 1186 680 non
1201 655 1387 685 comparem
1401 651 1435 680 in
1449 651 1485 680 Ο.
1527 650 1701 687 pecc-uinis
1716 652 1752 680 P.
1774 651 1965 688 peccarim}
1979 653 2015 680 G.
2028 653 2060 681 2.
2072 653 2112 681 D.

314 698 471 736 pecuniis
487 700 522 728 G.
537 699 551 726 1
560 721 566 726 .

614 695 661 725 ad
672 698 846 724 extremas
859 696 952 736 cons.
966 698 1090 723 mortes
1104 704 1134 730 p.
1150 699 1178 724 et
1193 697 1264 726 edd.
1276 699 1353 725 vett.
1368 704 1471 731 usque
1484 696 1525 726 ad
1539 696 1629 726 eolv.

1677 696 1875 735 confecerat
1890 698 1964 726 And.
1983 698 2068 726 lunt.
2083 696 2114 726 1.

322 744 427 773 Paris.
453 742 637 782 conferant
649 739 678 769 δ’.
726 748 815 769 meos
829 750 891 770 non
906 744 1066 777 comparet
1081 740 1114 769 in
1127 737 1156 769 ὃ.
1192 748 1392 768 enumerare
1405 749 1461 776 pro
1475 748 1639 768 enervare
1651 742 1688 770 L.
1703 741 1723 770 f.
1761 749 1877 769 secure
1889 743 1924 770 F.
1939 743 1971 770 3.
1987 743 2023 771 G.
2039 743 2067 771 1.
2081 743 2114 770 2.

1017 793 1123 814 saera
1142 786 1178 814 F.
1202 788 1230 814 1.
1251 787 1287 814 G.
1312 787 1340 814 1.
1359 788 1391 815 2.
1411 789 1447 815 L.
1468 794 1497 821 p.
1511 787 1547 814 P.
1566 787 1606 814 D.
1621 789 1651 815 et
1687 788 1746 815 Ed.
1762 788 1851 816 Colv.
1871 795 2006 821 eamque
2025 794 2116 821 seqq.

1525 829 1666 858 candido
1688 831 1818 859 scilicet
1843 835 1961 861 ausum
1986 834 2025 861 ab
2045 832 2116 861 edd.

322 880 436 907 u‘ow.
452 883 480 907 et
495 879 579 907 Pric.
605 879 693 906 Male
707 877 857 905 Metilius
870 877 1046 908 iudicabat,
1065 883 1178 904 vocem
1191 875 1322 903 scilicet
1339 883 1486 912 arguere,
1500 878 1580 905 haec
1594 885 1611 905 e
1624 878 1737 913 glossa
1750 877 1783 906 in
1799 881 1917 906 textum
1934 877 2117 912 irrepsisse.

325 922 465 951 candida
485 931 548 952 non
567 925 663 953 hahet
684 922 735 954 P..
763 923 902 951 testibus
920 922 1082 956 excerptis
1101 922 1142 949 ad
1162 922 1236 950 edit.
1251 921 1341 950 eolv.

1391 924 1459 950 tam
1474 919 1677 960 deformiter
1695 923 1898 958 negligenter
1909 924 2063 951 exsulant
2076 923 2118 950 ab

322 971 382 998 Ed.
406 969 540 998 Floridi.
589 965 690 999 t‘aluz
708 962 911 1007 e‘rzphussem
929 969 1023 996 habet
1038 968 1077 995 D.
1124 968 1159 993 et
1170 970 1245 995 ante
1259 966 1366 995 cetere·
1376 968 1460 1002 quod
1473 969 1571 1002 plane
1583 974 1715 996 sensum
1733 968 1786 996 hic
1799 970 1923 1005 turbat,
1949 973 2119 1003 perperam

325 1042 534 1078 addiderunt,
559 1041 672 1071 Colvio
693 1041 790 1071 nimis
811 1041 909 1071 facile
927 1040 1075 1069 obsecuti
1094 1039 1210 1074 reliqui
1229 1039 1378 1069 editores.
1403 1041 1521 1069 Carent
1534 1048 1573 1069 ea
1585 1041 1705 1075 copula
1719 1041 1756 1069 R.
1773 1040 1794 1069 f.
1809 1047 1839 1074 p.
1852 1037 1881 1070 δ.
1895 1042 1931 1069 0.
1943 1047 2119 1075 omnesque

326 1096 406 1121 quos
425 1087 574 1120 equidem
593 1091 762 1121 praeterea
781 1086 928 1115 conferre
947 1090 1089 1121 poteram
1109 1086 1252 1114 codices.
1298 1093 1349 1112 me
1368 1093 1425 1120 pro
1438 1093 1531 1113 meae
1545 1088 1580 1115 G.
1594 1087 1626 1114 2.
1639 1086 1677 1113 D.
1693 1087 1728 1114 P.
1775 1083 1924 1115 salucia.
1973 1084 2120 1113 tacentis·

326 1140 437 1161 omnes
451 1132 540 1160 codd.
556 1136 683 1166 praeter
700 1132 736 1160 F.
754 1133 782 1161 1.
801 1133 837 1160 B.
858 1140 905 1169 p.‚
931 1136 960 1160 et
979 1132 1049 1159 edd.
1069 1134 1145 1159 vett.
1167 1138 1269 1164 usque
1286 1131 1327 1159 ad
1341 1131 1507 1167 Onlrium,
1533 1131 1589 1166 qui
1601 1130 1752 1170 jacentis
1767 1131 1918 1160 restituit.

1967 1133 2121 1159 tacentes

326 1180 362 1206 (ὶ-
380 1179 407 1206 1.
454 1176 823 1214 coulemplaeiom'snem
835 1178 875 1206 D.
900 1174 1215 1213 contemplationem
1229 1178 1265 1205 G.
1278 1176 1310 1205 2.

328 1302 351 1342 Ι.
378 1317 409 1342 c.
434 1302 467 1353 ἕ.
493 1307 559 1345 28.
589 1303 710 1343 dicat:
741 1303 1005 1345 Iumentum
1031 1317 1195 1357 qnoque

329 1375 412 1400 uon
436 1361 484 1399 id
512 1360 639 1399 solum
674 1362 898 1413 siqnificat,
938 1362 1054 1414 quod
1087 1375 1196 1400 mmo

331 1418 496 1462 dicitur,
522 1417 594 1455 sed
608 1416 908 1456 vectabulum
928 1418 1059 1464 etiam,
1083 1417 1197 1469 qaod

332 1488 357 1513 a
381 1474 526 1512 iunctis
547 1473 770 1524 pecorz'bns
793 1473 1042 1513 trahebatur.
1081 1473 1197 1514 Velei-

333 1529 428 1569 cnlo
457 1533 587 1567 autem
617 1542 703 1567 meo
735 1528 774 1569 h.
805 1529 829 1567 l.
866 1529 1008 1568 dictum
1040 1533 1121 1575 est,
1156 1532 1199 1567 ut

333 1585 554 1624 honoribus
589 1586 729 1624 asino
764 1599 861 1625 meo
897 1586 1061 1626 tributis
1100 1585 1197 1625 Met.

334 1656 371 1693 p.
396 1645 493 1680 474.
521 1642 584 1679 ubi
611 1641 680 1694 cf.]

389 1699 626 1736 stramentis,
674 1696 805 1749 [Colv.
842 1698 1072 1738 strumentis
1107 1697 1202 1749 legit

334 1757 439 1792 ratus
471 1755 700 1792 stramentis
730 1754 898 1804 positum
930 1767 1024 1792 esse
1048 1767 1118 1806 pro
1144 1756 1203 1793 in-

334 1811 562 1850 strumentis
587 1809 674 1848 coll.
702 1808 806 1848 Tert.
832 1810 883 1849 ad
910 1810 1025 1849 Uxor.
1051 1810 1079 1851 I.
1105 1824 1137 1849 c.
1164 1815 1203 1851 7.

336 1867 468 1906 Nobis
505 1867 758 1905 continentia
794 1867 852 1905 acl
887 1872 1205 1908 strumentum

337 1923 588 1962 aeternitatis
607 1922 886 1962 demonstrata
911 1938 936 1962 a
956 1924 1125 1962 clonu'no
1144 1939 1205 1963 sa-

339 1980 433 2019 lacis
464 1978 561 2023 deo,
592 1978 658 2016 ubi
686 1982 814 2017 tamen
842 1979 959 2018 hodie
983 1980 1118 2030 legunt
1147 1982 1204 2018 in-

338 2035 574 2074 scr-maenas.
616 2034 681 2073 De
704 2035 850 2074 talibus
875 2037 1038 2075 somniis
1064 2036 1209 2075 diutius

340 2091 585 2141 cogitandum
619 2106 696 2131 non
732 2097 806 2131 est.
844 2093 1077 2133 Stramenta
1118 2096 1210 2132 sunt

339 2153 467 2187 strata
482 2161 515 2186 S.
530 2146 750 2200 στρώματα,
767 2162 867 2200 quae
879 2163 1022 2200 graece
1036 2150 1210 2189 dicuntur

340 2204 445 2255 apud
468 2203 628 2243 Lucian.
656 2205 692 2243 h.
718 2205 761 2251 l.‚
788 2206 838 2244 de
862 2206 1004 2257 quibus
1035 2205 1081 2244 cf.
1108 2219 1210 2256 quae

342 2261 442 2299 dicta
457 2264 547 2299 sunt
560 2261 611 2300 ad
629 2260 726 2302 Met.
740 2260 824 2300 Vll.
847 2275 883 2313 p.
898 2266 991 2303 486.
1018 2262 1211 2302 Scheffer.

342 2316 392 2355 de
406 2316 468 2354 Re
481 2316 617 2355 Vehic.
633 2316 656 2356 l.
672 2332 700 2356 c.
717 2331 755 2369 p.
773 2322 892 2361 1246.
917 2319 1052 2359 Munk.
1065 2319 1211 2371 Hygin.

343 2373 420 2412 sab.
447 2372 700 2413 CCLXXIV.
725 2388 761 2425 p.
788 2375 900 2428 386]

402 2430 460 2469 ad
474 2435 692 2470 esctremam
712 2433 822 2482 conf.
841 2437 1017 2472 mortem.
1055 2433 1212 2475 Mortes

347 2486 461 2523 lectio
488 2499 537 2524 ne
561 2500 630 2538 per
662 2489 895 2529 sententiam
931 2489 1087 2540 quidem
1124 2489 1214 2533 ferri

347 2546 497 2594 potest,
531 2556 646 2594 quum
678 2558 832 2583 summa
855 2545 1120 2584 tautummodo
1145 2560 1215 2598 pe·

348 2598 467 2637 ricula
481 2598 542 2637 vel
558 2600 661 2638 varia
680 2601 814 2639 mortis
828 2614 973 2652 genera
986 2602 1214 2653 significent,

348 2655 422 2693 nisi
447 2655 496 2693 de
520 2655 693 2707 pluribus
719 2662 927 2696 sumantur.
955 2658 1001 2696 cf.
1029 2659 1140 2702 Serv.
1165 2659 1217 2697 ad

348 2710 449 2750 Aen.
474 2711 525 2750 X.
558 2717 651 2753 854.
700 2713 928 2764 Zinzerling.
958 2713 1090 2755 Prom.
1121 2712 1215 2755 Crit.

350 2782 382 2806 e.
392 2768 774 2809 47.Burm.a‹lOvid.
785 2769 1052 2812 Met.X{.538.
1068 2771 1216 2824 [ibique

353 2824 474 2863 Bach.
501 2825 688 2865 Buenem.
713 2827 763 2865 ad
782 2826 892 2866 Lact.
914 2827 962 2866 de
975 2825 1091 2867 Mort.
1106 2826 1217 2870 Pers.

353 2895 382 2919 c.
413 2887 446 2921 1.
473 2881 502 2931 ᾧ.
529 2886 565 2922 2.
592 2896 627 2933 p.
646 2887 765 2924 1367.
789 2883 991 2924 Foertsch.
1018 2884 1068 2922 ad
1091 2884 1219 2925 Voss.

353 2936 472 2976 Arist.
499 2937 545 2976 Τ.
571 2938 600 2978 Ι.
624 2952 662 2990 p.
678 2943 772 2980 460.
799 2940 846 2980 cf.
860 2940 957 2979 Met.
971 2940 1058 2980 Vll.
1072 2954 1107 2992 p.
1123 2946 1217 2982 448.

355 2993 411 3031 ad
426 3009 450 3033 ι(
460 2994 476 3031 Ι
481 2999 494 3033 t
503 2995 516 3032 ἰ
523 3009 557 3033 m
567 3010 591 3034 a
600 3010 635 3034 m
648 3011 683 3035 m
694 3011 717 3035 o
725 3002 840 3035 rtem
853 2997 1217 3051 excarnificatum]

413 3063 546 3089 secare
568 3065 652 3091 saa.
701 3052 931 3104 [Commode
954 3052 1140 3093 Pricaeus
1165 3054 1217 3093 le-

357 3105 523 3144 ctionem
546 3107 693 3161 aliquot
718 3110 830 3148 codd.
855 3113 986 3151 secari
1009 3125 1128 3152 saeva
1152 3111 1217 3152 de-

1253 1301 1375 1342 fendit
1411 1315 1461 1341 ex
1495 1302 1604 1354 Virg.
1634 1302 1734 1341 Aen.
1754 1301 1820 1342 Vl.
1857 1306 1949 1344 819.
1986 1316 2123 1342 saetas

1253 1373 1428 1406 secares,
1444 1359 1584 1410 Script.
1599 1359 1647 1398 de
1658 1358 1996 1398 Excid.Hier0s01.
2009 1364 2045 1404 5,
2057 1364 2123 1399 22.

1253 1430 1375 1467 saper
1389 1416 1498 1456 eolla
1513 1417 1739 1469 piynoram
1763 1430 1947 1456 saevam
1974 1416 2123 1455 libran-

1255 1473 1307 1512 tis
1330 1473 1554 1517 securim,
1591 1473 1732 1524 quibus
1763 1472 1860 1511 locis
1884 1471 1985 1510 Oud.
2017 1471 2126 1510 addit

1257 1527 1328 1567 Sil.
1363 1527 1468 1567 Xlll.
1507 1529 1599 1569 721.
1648 1529 1731 1567 Sed
1766 1529 2012 1567 verisimilius
2050 1532 2126 1574 est,

1257 1599 1342 1631 sua,
1370 1584 1475 1635 quod
1488 1584 1602 1623 valde
1623 1586 1789 1623 ieiunum
1809 1585 2011 1625 videbatur
2031 1597 2126 1623 esse

1258 1641 1549 1693 interpretibus,
1581 1642 1630 1680 ab
1655 1642 1702 1679 iis
1728 1645 2002 1680 commutatum
2033 1653 2128 1680 esse

1258 1698 1295 1735 in
1320 1711 1451 1742 saeva,
1478 1698 1582 1748 quod
1606 1698 1825 1737 sententiae
1849 1699 1978 1750 aptius
2004 1701 2128 1744 esset,

1262 1767 1376 1805 quam
1389 1753 1475 1792 vice
1487 1767 1615 1793 versa.
1652 1754 1716 1793 De
1735 1767 1841 1792 more
1855 1753 2129 1805 enimApuleii

1262 1810 1339 1848 iam
1363 1809 1506 1855 dictum
1531 1815 1612 1856 est,
1642 1812 1866 1862 pronomina
1896 1810 2130 1862 possessiva.

1261 1866 1516 1905 substantivis
1552 1868 1804 1919 apponentis,
1840 1868 1904 1907 ubi
1941 1881 1991 1906 ex
2028 1880 2131 1905 nexu

1262 1923 1540 1962 sententiarum
1570 1938 1642 1962 nos
1672 1924 1721 1963 iis
1745 1924 2008 1976 supersedere
2039 1937 2131 1974 pos-

1262 1979 1387 2018 simus
1424 1979 1471 2019 cf.
1503 1979 1554 2018 ad
1577 1980 1674 2020 Met.
1700 1979 1727 2020 Ι.
1758 1994 1798 2032 p.
1823 1985 1889 2021 20.
1927 1994 2004 2031 quo
2044 1981 2131 2018 loco

1267 2036 1498 2088 interpretes
1516 2050 1603 2078 mea
1615 2037 1718 2089 qula
1738 2038 1772 2075 in
1788 2038 1868 2077 ima
1880 2038 1981 2090 qula
1997 2041 2133 2088 argute

1267 2093 1483 2134 emendant.
1531 2092 1687 2133 Deinde
1717 2093 1878 2132 sormam
1909 2107 2047 2134 secure
2077 2107 2134 2131 re-

1266 2150 1378 2195 tinui,
1416 2150 1561 2201 quippe
1591 2163 1693 2202 quae
1725 2151 1773 2189 ab
1804 2164 1880 2190 usu
1911 2150 2132 2201 quotidiano

1266 2207 1422 2245 nimium
1447 2206 1617 2246 recedat.
1647 2206 1694 2245 cf.
1720 2207 1842 2246 voss.
1868 2207 1989 2246 Arist.
2016 2206 2061 2245 T.
2086 2204 2134 2244 li..

1269 2277 1307 2315 p.
1334 2267 1425 2305 605.
1453 2262 1608 2308 Eckst.‚
1638 2264 1702 2302 ubi
1735 2264 2026 2303 terminationes
2050 2264 2134 2308 site,

1270 2319 1470 2365 cannabe,
1501 2320 1629 2359 Baete
1651 2320 1754 2358 aliae
1779 2319 2076 2372 enumerantur-‚J
2103 2351 2107 2356 ,

1325 2376 1534 2416 simulacri
1545 2377 1726 2416 iacenti&
1754 2376 1915 2429 [Contra
1928 2377 2041 2416 codd.
2057 2376 2137 2414 sere

1269 2446 1406 2471 omnes
1443 2432 1684 2484 eosdemque
1720 2434 1886 2484 optimos
1923 2435 1958 2472 in
1989 2437 2139 2472 textum

1271 2490 1409 2528 admisi
1421 2491 1778 2535 iacentis,tacentae's
1791 2490 2007 2541 corruptela
2023 2489 2139 2539 longe

1271 2546 1548 2599 praestantius.
1597 2545 1684 2592 Quo
1705 2546 1805 2584 enim
1828 2548 1998 2586 tacentis
2017 2545 2137 2597 expli-

1274 2603 1350 2645 cari
1365 2604 1511 2653 possit.
1525 2603 1589 2640 vix
1604 2603 1688 2654 capi
1702 2607 1850 2654 potest,
1878 2604 1948 2641 nisi
1968 2603 2139 2642 moleste

1275 2663 1316 2698 et
1338 2659 1465 2698 minus
1491 2659 1692 2710 eleganter
1717 2659 1765 2697 de
1791 2659 1884 2706 dea,
1917 2673 2017 2711 quae
2042 2660 2139 2697 iuter

1273 2716 1346 2757 has
1365 2729 1516 2768 poenas
1536 2715 1634 2754 asini
1658 2715 1781 2767 geruli
1807 2729 1854 2753 ne
1875 2717 2033 2755 verbum
2059 2716 2138 2767 qui-

1274 2772 1362 2810 dem
1389 2772 1538 2811 emittit.
1563 2772 1738 2812 lucentis
1761 2785 1853 2810 vero
1873 2772 1923 2810 de
1943 2772 2019 2811 dea
2036 2772 2139 2810 bene

1274 2829 1426 2874 dicitur,
1459 2842 1560 2879 quae
1589 2829 1685 2868 asini
1715 2829 1832 2867 dorso
1857 2828 2014 2868 sublata
2037 2828 2141 2867 humi

1274 2886 1444 2937 reposita
1471 2889 1550 2933 est3
1575 2889 1614 2923 et
1638 2886 1727 2935 quia
1745 2885 1793 2923 ab
1813 2885 1910 2936 ipsis
1928 2885 2139 2924 sacerdoti-

1275 2942 1350 2980 bus
1375 2942 1517 2993 gestari
1541 2941 1787 2980 simulacrum
1805 2943 1914 2980 asino
1935 2955 2054 2981 caeso
2075 2941 2140 2980 de-

1276 2999 1412 3045 bobat,
1442 2998 1543 3038 hanc
1573 2999 1622 3036 ob
1653 2996 1872 3036 molestiam
1906 2998 2009 3038 Galli
2038 3011 2139 3037 com-

1277 3056 1367 3094 moti
1398 3059 1504 3100 sunt,
1536 3059 1577 3093 ut
1607 3055 1643 3092 in
1673 3054 1751 3092 vita
1779 3055 2020 3094 retinendum
2044 3067 2139 3093 esse

1276 3112 1485 3151 iumentum
1499 3115 1699 3155 censerent
1710 3126 1721 3160 3
1734 3110 1893 3152 Luciau.
1909 3112 1998 3152 dicit
2009 3109 2032 3163 ἡ
2045 3107 2140 3157 θεὸς
