2155 3590
665 148 852 195 LIBER
874 155 924 196 V.
983 154 1111 196 CAP.
1134 153 1276 194 XXII.
1779 154 1859 198 363

84 268 258 308 intuetur
270 267 592 321 pulchritudinem
603 299 613 318 ,
640 276 844 309 recreatur
855 267 989 309 animi.
1016 267 1136 310 Videt
1148 266 1284 322 capitis
1299 267 1406 307 aurei
1423 266 1612 321 genialem
1627 267 1856 319 caesariem,

85 323 280 364 ambrosia
293 324 566 374 temulentam,
596 323 770 364 cervices
784 325 952 375 lacteas,
982 331 1407 379 genasque'purpureas
1423 330 1670 377 pererrantes
1693 324 1858 364 crinium

84 380 233 433 globos,
243 380 437 420 decoriter
448 380 667 435 impeditos,
679 380 774 420 alios
790 381 1084 434 antependulos‚
1096 381 1192 420 alios
1206 379 1517 432 retropend11108‚
1534 393 1697 432 quorum
1712 378 1720 435 Ι
1734 380 1858 433 splen-

84 436 301 476 dorenimio
316 436 539 490 fulgurante
552 436 627 476 iam
643 443 683 476 et
694 436 818 490 ipsum
832 437 961 477 lumen
975 435 1387 478 lucernaevacillahat.
1404 435 1485 475 Per
1498 435 1679 475 humeros
1689 435 1858 476 volatilis

83 491 143 531 dei
156 492 296 545 pinnae
310 493 487 533 roscidae
506 492 664 532 micanti
679 492 773 532 flore
794 493 1013 543 candicant,
1032 500 1070 533 et
1091 492 1268 546 quamvis
1282 491 1353 531 alis
1368 491 1670 544 quiescentibus,
1688 492 1858 532 extimae

81 548 274 602 plumulae
294 548 458 589 tenellae
478 562 523 588 ac
543 548 730 589 delicatae
752 549 915 589 tremule
943 549 1179 590 resultantes
1204 547 1378 602 inquieta
1397 547 1620 588 lasciviunt.
1673 545 1859 589 Ceterum

79 665 522 694 recreanturG.1.2.D.o.f.
546 667 737 693 recreatum
752 674 780 701 p.
805 668 985 693 recreatur
997 674 1069 694 cum
1077 674 1133 701 pro
1141 664 1474 694 recreaturam'mz'R.
1499 666 1680 692 recreatur
1691 660 1860 702 animique

79 707 873 749 seseangebatfactipoem'tens'eglossahabet15.
896 710 1045 748 genalem
1054 713 1093 740 D.
1103 714 1139 740 G.
1147 713 1177 739 2.
1189 713 1217 740 1.
1226 719 1297 740 cum
1307 713 1417 746 glossa
1423 710 1643 739 interlineari:
1656 708 1859 737 naturalem.

80 755 256 782 rra-sarim:
271 756 306 783 G.
323 756 352 783 1.
389 755 600 783 «ambrosiam
621 757 656 784 G.
672 756 700 785 1.
714 758 744 784 2.
764 757 803 784 D.
852 755 1069 783 tumulentam
1083 756 1104 785 f.
1141 755 1349 784 temulentem
1362 756 1506 790 Vicent.‚
1530 762 1589 783 nec
1612 753 1808 782 temulenter
1826 759 1860 783 ut

79 799 157 828 Oud.
172 800 290 828 vitiose
303 801 456 829 enotavit.
505 800 707 828 ambrosiam
722 800 947 828 temulentiam
967 803 1075 830 Bocat.
1090 803 1127 830 de
1142 803 1274 830 Geneal.
1287 799 1382 829 Deor.
1395 801 1450 828 lX.
1464 808 1490 828 c.
1507 802 1536 828 4.
1579 802 1764 835 pereranle
1778 801 1812 828 G.
1829 802 1842 828 1
1852 822 1859 829 .

78 851 98 872 a
111 852 149 873 m.
163 852 194 879 p.
240 842 385 873 dae'm'num
400 854 456 880 pro
470 845 610 873 cm'm'um
623 848 658 874 G.
676 848 704 874 1.
752 844 942 874 decor-diter
953 854 990 874 π.
1027 845 1266 885 fulgurantem
1281 854 1311 881 p.
1327 843 1534 885 fulgurante
1547 846 1582 874 G.
1598 846 1628 873 2.
1642 846 1680 874 D.
1727 843 1860 882 aliquos

76 890 243 924 utrobique
258 891 294 919 P.
342 891 410 917 iam
423 895 452 919 et
466 890 570 927 ipsum
583 892 619 920 F.
636 893 662 919 1.
678 892 708 920 3.
724 892 759 919 G.
776 893 804 920 1.
818 893 849 920 2.
863 893 901 919 D.
916 892 952 919 P.
967 892 1001 919 0.
1027 894 1061 918 et
1072 891 1139 918 iam
1154 891 1260 927 ipsum
1275 894 1307 918 ut
1321 898 1338 918 e
1351 891 1386 919 F.
1398 891 1424 918 1.
1439 890 1568 925 protulit
1583 891 1665 919 Elm.
1679 898 1743 919 non
1755 891 1802 918 ita
1814 891 1860 919 ibi

75 935 202 967 legitur.
226 935 292 962 iam
306 937 397 964 abest
410 942 430 964 a
441 937 477 964 B.
492 936 617 965 Vicent.
653 935 825 964 bacilahut
838 938 873 965 G.
890 938 918 965 1.
954 935 1160 964 baccillabat
1173 938 1209 964 G.
1223 938 1253 965 2.
1267 937 1303 964 P.
1318 935 1339 964 f.
1363 933 1567 962 baccalabat
1580 936 1618 964 D.
1654 933 1859 964 humerasD.

70 987 202 1015 pennae
221 981 255 1009 G.
271 982 300 1009 1.
314 981 348 1009 0.
396 979 530 1008 rosidae
543 982 577 1010 O.
623 979 771 1009 mz'cande'
781 990 810 1016 p.
834 981 978 1008 micante
993 981 1012 1009 f.
1038 981 1200 1009 micantes
1213 982 1248 1009 F.
1264 982 1292 1008 1.
1341 978 1524 1007 candidan!
1539 981 1574 1008 G.
1592 981 1619 1008 1.
1633 981 1666 1009 0.
1680 982 1719 1009 D.
1733 981 1766 1009 in
1780 980 1860 1009 reli·

76 1024 149 1058 quis
168 1023 366 1054 candicant.
409 1024 488 1053 aliis
506 1034 537 1061 p.
560 1026 581 1054 f.
601 1027 829 1059 Vicentdunt.
847 1028 879 1055 2.
905 1034 959 1060 pro
973 1025 1059 1053 alls.-
1085 1025 1174 1053 allas
1194 1026 1228 1053 G.
1246 1027 1275 1053 ἱ).
1294 1026 1332 1053 D.
1347 1026 1383 1053 P.
1432 1028 1607 1052 extremae
1627 1027 1662 1054 G,
1675 1027 1706 1054 2,
1720 1026 1756 1054 Ρ,
1769 1026 1807 1054 Β,
1821 1027 1858 1055 Β,

74 1069 221 1097 ι’.)’ίηιτήε
233 1071 268 1099 G.
283 1067 313 1099 1.
327 1071 360 1099 in
372 1071 534 1103 margine:
559 1069 795 1100 alt‘z'exstime:
820 1071 954 1098 esimae
970 1072 1052 1099 Elm.
1066 1072 1114 1099 ed.
1132 1071 1259 1099 vitiose.
1302 1068 1482 1105 plumellae
1496 1072 1531 1099 G.
1548 1072 1575 1098 1.
1590 1071 1624 1099 Ο.
1641 1069 1807 1108 plutm’lae
1819 1070 1860 1100 Ι).

77 1117 197 1141 temere
215 1123 269 1150 pro
292 1114 455 1143 tremulae
477 1117 512 1144 G.
534 1117 562 1144 1.
585 1117 621 1145 0.
658 1115 822 1143 tremulae
841 1117 990 1145 Beroald.
1010 1116 1112 1144 Colin.
1130 1117 1207 1144 Bas.
1222 1116 1249 1143 1.
1274 1116 1384 1142 Bocat.
1410 1113 1472 1150 [cf.
1492 1115 1583 1150 Virg.
1594 1116 1678 1144 Aen.
1695 1116 1751 1144 IV.
1769 1115 1859 1152 121]

75 1157 260 1188 resa-antes
283 1168 341 1196 pro
359 1159 566 1189 resultantes
579 1161 619 1190 D.
666 1161 820 1198 inquieta
837 1162 873 1189 F.
893 1163 923 1189 3.
944 1161 980 1188 G.
998 1161 1029 1189 2.
1048 1161 1084 1188 P.
1103 1161 1141 1188 D.
1157 1168 1185 1195 p.
1200 1159 1222 1188 f.
1268 1158 1434 1196 inquieto.
1460 1161 1543 1193 quod
1557 1160 1635 1188 Oud.
1649 1168 1689 1189 ex
1703 1162 1738 1190 G.
1752 1162 1782 1190 2.
1803 1169 1861 1189 ex-

73 1205 193 1239 rei-ptis
206 1206 368 1242 enotavit,
379 1213 442 1234 non
455 1206 574 1234 inveni.
599 1206 633 1233 in
647 1205 761 1242 qm’etu
776 1207 810 1234 G.
821 1207 849 1234 1.
865 1213 884 1233 a
896 1213 937 1234 m.
952 1213 982 1239 p.
992 1227 999 1238 .
1026 1206 1108 1238 quod
1121 1212 1142 1232 a
1154 1212 1193 1232 m.
1207 1212 1234 1233 s.
1250 1207 1426 1232 correctum
1439 1208 1487 1232 est
1501 1204 1534 1232 in
1546 1204 1703 1241 inquiete,
1719 1210 1752 1234 ut
1764 1208 1861 1234 habet

73 1249 109 1277 Γ.
128 1251 154 1278 1.
169 1251 216 1278 ed.
231 1258 276 1284 pr.
290 1251 417 1279 Vicent.
430 1250 601 1287 inquietae
613 1252 727 1279 Venet.
742 1253 772 1279 4.
786 1251 889 1278 Basil.
906 1251 933 1278 1.
946 1251 1058 1277 Bocat.
1073 1250 1111 1277 de
1125 1250 1256 1277 Geneal.
1271 1250 1362 1277 Deor.
1370 1250 1422 1277 IX.
1437 1256 1463 1278 c.
1480 1250 1509 1277 4.
1535 1249 1644 1285 quiete
1656 1251 1691 1278 Β.
1705 1251 1859 1280 Venet.2.

71 1295 147 1324 ΑΜ.
164 1296 247 1323 tunt.
263 1296 292 1323 1.
306 1296 386 1330 quod
399 1295 496 1324 etiam
510 1296 542 1323 in
556 1296 591 1324 F.
607 1297 636 1324 1.
649 1295 713 1330 legi
727 1296 840 1324 docent
853 1298 1007 1329 excerpta
1018 1294 1052 1321 in
1065 1301 1166 1329 marg.
1181 1295 1230 1322 ed.
1245 1294 1334 1322 Colv.

74 1391 119 1431 Τ.
145 1391 208 1431 ΙΠ.
233 1406 270 1444 p.
297 1393 414 1445 961]
462 1392 593 1433 Lassa
617 1406 708 1431 vero
736 1393 845 1431 salas
875 1397 936 1430 est
994 1391 1161 1430 adiicere
1198 1393 1321 1443 potuit
1356 1393 1612 1445 anqebatqne
1652 1407 1715 1438 se,
1749 1396 1860 1446 facti

75 1449 298 1501 Ιτιηφιίιῖα,
330 1449 468 1500 quales
498 1462 593 1488 esse
617 1449 747 1488 solent
771 1449 934 1500 fatigati,

74 1518 173 1555 quae
192 1504 293 1544 Oud.
319 1509 381 1544 est
403 1507 604 1544 sententia.
642 1505 744 1558 [Sed
770 1506 935 1557 ingenue

75 1561 328 1600 confitendum
338 1568 409 1608 est,
420 1562 523 1602 lassa
537 1563 706 1608 satus,ut
720 1562 933 1614 lanquicla,

72 1617 164 1656 mihi
189 1632 262 1656 non
287 1619 534 1665 satisfacere,
565 1632 680 1670 quum
705 1618 862 1657 arbitrer
886 1618 934 1656 ad

74 1687 205 1726 spem,
235 1675 403 1713 salutem
434 1675 511 1714 alia
538 1675 670 1713 referri
700 1688 774 1713 non
798 1687 933 1727 posse.

73 1730 174 1769 Hinc
191 1731 282 1769 mihi
300 1733 427 1783 magis
446 1732 627 1783 probatur
651 1731 764 1770 lectio
790 1735 934 1770 cetero-

73 1800 155 1825 rum
180 1787 291 1826 codd.
323 1788 439 1841 lapsa
470 1788 616 1835 salute,
652 1791 694 1826 ut
731 1788 850 1840 lapsa
886 1788 935 1825 sit

74 1844 326 1883 nominativus
361 1858 395 1882 v.
422 1858 452 1883 c.
491 1843 606 1884 Caes.
636 1843 682 1882 B.
721 1844 767 1882 G.
788 1844 835 1882 V.
869 1848 933 1884 53.

74 1900 212 1952 lapsus
234 1914 321 1952 spe,
347 1901 396 1939 de
420 1913 486 1946 eo,
517 1902 581 1951 qui
604 1900 749 1939 nullam
773 1913 935 1951 prorsus

73 1968 185 2008 spem
197 1955 333 2003 habet,
348 1957 410 2008 qui
425 1957 625 2009 desperat,
641 1955 716 1995 Cic.
731 1955 831 1995 Phil.
846 1955 930 1994 Vll.

75 2016 110 2053 6.
148 2013 286 2064 lapsus
322 2014 511 2060 consilio,
553 2014 617 2064 qui
647 2013 795 2051 consilii
820 2013 932 2063 inops

75 2072 154 2114 est,
189 2071 232 2106 ut
267 2069 387 2121 lapsa
423 2070 553 2109 salute
583 2068 744 2120 Psyche
775 2069 934 2114 dicatur,

76 2124 134 2163 cui
148 2122 254 2163 nulla
267 2125 375 2164 salus
389 2129 522 2172 restat,
531 2124 657 2163 salute
671 2126 934 2163 exterminata.

75 2179 187 2219 Hanc
216 2178 421 2220 lectionem
453 2185 542 2220 ante
570 2195 634 2219 me
665 2181 739 2219 iam
764 2180 935 2219 Orellins

73 2237 260 2289 probavit.
308 2237 471 2284 Quoties
503 2238 641 2289 lapsus
671 2241 709 2276 et
740 2237 866 2276 lassus
900 2237 935 2274 in

74 2292 175 2331 Mss.
190 2292 478 2340 confundantur,
493 2294 606 2332 docet
619 2292 718 2332 Cort.
732 2293 782 2331 ad
791 2293 936 2332 Lucan.

74 2348 102 2388 l.
128 2353 220 2390 695.
246 2348 308 2389 ΙΙΙ.
337 2354 427 2391 6⁴23.
453 2350 501 2388 al.
528 2349 613 2389 Hoc
635 2351 818 2402 probato,
849 2363 936 2387 sen-

74 2406 276 2444 tentiarum
301 2419 425 2445 nexus
450 2406 601 2445 facilius
625 2406 808 2458 procedit.
834 2405 935 2444 Oud.

76 2463 331 2501 coniecturam
351 2463 510 2502 deserta
531 2476 598 2514 pro
619 2463 783 2515 defecta
797 2463 935 2500 nemini

75 2531 241 2570 unquam
254 2519 479 2571 placituram
500 2532 592 2557 esse
605 2532 830 2570 persuasum
845 2518 934 2570 est]

131 2580 338 2615 recreatus
369 2577 502 2615 animi.
549 2575 702 2614 Nimius
737 2579 801 2612 est
835 2574 935 2613 Oud.

76 2632 113 2670 in
139 2630 387 2670 defendenda
411 2631 523 2670 codd.
554 2630 726 2670 d’Orviss.
754 2630 938 2670 lectione:

77 2692 286 2728 recreatur
310 2689 516 2741 animique
544 2701 584 2727 se
608 2687 801 2740 anyebat,
829 2688 938 2740 facti

73 2744 306 2796 poenitens,
330 2745 490 2796 primum
521 2743 808 2788 demonstrans,
839 2744 941 2796 anyz'

77 2801 206 2839 animi
214 2814 341 2852 aeque
355 2801 428 2840 dici
441 2805 556 2852 atque
570 2800 725 2839 animo:
749 2803 828 2838 tum
844 2813 942 2852 poe·

76 2856 208 2896 nitens
232 2860 272 2895 et
285 2855 510 2895 Ciceronem
525 2857 674 2895 dixisse
687 2861 727 2894 et
750 2855 848 2894 alios
875 2854 940 2907 [cf.

78 2910 212 2952 Eckst.
243 2912 293 2952 ad
318 2913 438 2952 Voss.
469 2913 588 2952 Arist.
621 2911 665 2950 T.
691 2911 754 2950 ΙΙΙ.
784 2925 821 2963 p.
848 2915 939 2953 959.

80 2967 163 3007 Sed
176 2969 308 3007 mirum
323 2974 401 3015 est,
428 2971 490 3020 qui
505 2969 693 3007 insulsum
712 2968 788 3006 hoc
802 2967 941 3007 librarii

81 3023 280 3063 cuiusdam
311 3026 611 3064 additamentum
642 3025 807 3076 probare
835 3023 940 3063 Oud.

81 3081 257 3132 potuerit.
294 3080 369 3128 Qui
384 3083 483 3120 enim
497 3086 610 3120 antea
623 3081 772 3119 dixerat
782 3086 938 3120 recrea-

81 3140 149 3176 tur
183 3137 324 3182 animi.
360 3138 554 3189 quomodo
590 3137 624 3176 is
660 3149 756 3176 sana
791 3138 939 3176 ratione

989 1450 1212 1501 poem‘tens.
1233 1448 1374 1500 Lapsa
1388 1449 1488 1486 enim
1501 1450 1631 1488 salute
1643 1453 1683 1487 et
1696 1450 1860 1502 defecta,

993 1504 1122 1543 referri
1147 1504 1292 1543 debent
1321 1504 1370 1543 ad
1393 1504 1611 1555 Psychem,
1643 1519 1742 1556 quae
1772 1519 1858 1545 cum

994 1565 1216 1612 serpentem
1242 1574 1334 1598 esse
1359 1562 1532 1600 maritum
1558 1563 1713 1612 opinata
1737 1567 1859 1609 esset,

996 1618 1045 1656 de
1060 1631 1133 1656 sua
1146 1617 1274 1656 salute
1287 1630 1445 1668 prorsus
1462 1618 1859 1669 desperaverat,nune

995 1687 1085 1712 vero
1123 1673 1444 1713 formosissimum
1481 1674 1595 1712 deum
1635 1675 1858 1725 adspiciens

994 1732 1124 1782 itaque
1137 1744 1159 1769 a
1173 1730 1307 1768 timore
1322 1729 1860 1775 liberata,animiexhilaratur

995 1800 1186 1838 spemque
1211 1800 1348 1825 novam
1373 1787 1557 1838 concipit,
1583 1791 1623 1826 ut
1646 1788 1766 1826 mariti
1792 1789 1856 1827 ad-

994 1847 1134 1895 spectu
1159 1843 1289 1881 satiari
1315 1857 1389 1881 non
1417 1845 1552 1894 possit.
1595 1843 1705 1881 Haec
1728 1846 1762 1882 si
1792 1858 1854 1883 ac-

994 1899 1161 1938 curatius
1171 1899 1488 1944 consideraveris,
1497 1912 1609 1950 quam
1618 1901 1857 1939 temerarium

991 1956 1128 1994 sithoc
1141 1956 1352 2005 glossema,
1363 1954 1478 1994 facile
1491 1956 1556 1994 tibi
1569 1956 1856 2010 persuadebis]

1049 2012 1250 2051 ambrosia
1281 2012 1544 2051 temulentam.
1593 2013 1857 2059 Temulentus,

993 2071 1035 2106 ut
1059 2068 1207 2113 ebrias,
1239 2072 1279 2107 et
1302 2068 1494 2108 madidus
1530 2068 1600 2118 (cf.
1626 2068 1856 2107 Martial.v.

994 2127 1061 2166 23.
1075 2123 1125 2161 de
1138 2125 1315 2163 omnibus
1328 2124 1445 2162 rebus
1461 2124 1605 2170 dicitur,
1615 2137 1715 2176 quae
1728 2125 1859 2177 aliqua

994 2194 1037 2219 re
1060 2182 1212 2218 nimium
1237 2185 1328 2219 sunt
1350 2180 1542 2231 repletae,
1568 2194 1668 2231 quae
1687 2194 1734 2219 ea
1747 2183 1859 2232 quasi

995 2237 1182 2286 madent.)
1213 2238 1451 2276 Ambrosias
1475 2251 1609 2277 comas
1633 2239 1736 2276 aiunt
1748 2237 1856 2289 Virg.

995 2293 1094 2332 Aen.
1120 2291 1146 2331 Ι.
1172 2297 1266 2334 403.
1293 2292 1362 2331 Sil.
1387 2292 1473 2332 ΧΙΙ.
1500 2297 1592 2334 245.
1617 2291 1708 2332 XV.
1736 2298 1802 2335 ⁴24.

1051 2349 1241 2389 volatilis.
1303 2349 1389 2402 [De
1425 2348 1630 2401 Cupidine,
1668 2352 1732 2401 qui
1766 2355 1859 2402 post

993 2405 1204 2445 Homerum
1229 2406 1387 2445 volucer
1410 2405 1654 2452 describitur,
1679 2406 1726 2445 cf.
1736 2406 1856 2445 Voss.

992 2461 1154 2514 mythol.
1179 2463 1243 2502 ΒΓ.
1268 2461 1311 2501 ll.
1338 2466 1404 2503 42.
1428 2461 1512 2501 Intt.
1538 2463 1589 2502 ad
1611 2462 1787 2515 Propert.
1812 2462 1858 2502 ΙΙ.

1050 2519 1235 2628 indlnieta
1262 2575 1487 2615 [amiciunt.
1537 2575 1617 2628 [De
1632 2576 1805 2615 lascivus
1819 2579 1859 2614 et

998 2633 1183 2672 lascivire
1208 2631 1255 2670 cf.
1282 2631 1402 2670 Salm.
1428 2633 1479 2670 ad
1505 2632 1630 2684 Spart.
1656 2631 1858 2684 Eadm-14.

999 2687 1043 2727 T.
1069 2687 1097 2727 Ι.
1121 2702 1160 2741 p.
1189 2691 1278 2729 146.
1317 2688 1543 2734 Lascivire,
1577 2688 1681 2739 quod
1704 2688 1859 2740 proprie

999 2745 1048 2783 de
1061 2744 1307 2796 gaudibundo
1322 2744 1458 2783 dicitur
1481 2744 1531 2783 cf.
1544 2743 1666 2782 Buen.
1682 2743 1732 2783 ad
1746 2743 1856 2793 Lact.

998 2800 1027 2840 Ι.
1043 2805 1108 2841 21.
1123 2804 1188 2842 49.
1203 2815 1240 2852 p.
1256 2800 1336 2841 148
1361 2813 1422 2851 sq.
1447 2804 1486 2838 et
1510 2801 1545 2838 in
1572 2800 1683 2839 indic.
1703 2798 1859 2840 Latinit.

1002 2857 1147 2896 Select.
1174 2857 1223 2895 ad
1248 2856 1497 2896 Castellionis
1510 2856 1743 2895 Versionem
1763 2855 1859 2897 Cod.

1000 2913 1041 2952 S.
1065 2927 1102 2965 p.
1131 2916 1239 2959 119„
1264 2917 1307 2950 ut
1330 2912 1447 2964 Apol.
1472 2927 1510 2964 p.
1537 2916 1630 2953 413.
1662 2914 1768 2952 serio
1792 2927 1859 2966 op-

997 2971 1166 3021 positum
1180 2970 1242 3015 sit,
1255 2969 1318 3006 hic
1330 2969 1518 3020 significat
1534 2969 1702 3020 inquiete
1714 2971 1859 3008 moveri

996 3030 1038 3064 et
1059 3039 1153 3078 prae
1178 3025 1369 3063 desiderio
1396 3025 1505 3076 quasi
1531 3029 1571 3063 et
1599 3025 1756 3064 libidine
1785 3029 1859 3077 tre-

994 3083 1139 3134 pidare.
1188 3081 1246 3120 lta
1263 3081 1401 3132 legitur
1419 3080 1514 3119 Met.
1529 3081 1578 3120 V.
1603 3095 1640 3133 p.
1662 3085 1756 3123 367.
1786 3082 1859 3122 Ca-

990 3138 1131 3191 pellae
1145 3138 1642 3192 lascive'untcomamfluvit'
1649 3139 1857 3178 tondentes
