<?xml version="1.0" encoding="UTF-8"?>
<!DOCTYPE html PUBLIC "-//W3C//DTD XHTML 1.0 Transitional//EN"
    "http://www.w3.org/TR/xhtml1/DTD/xhtml1-transitional.dtd">
<html xmlns="http://www.w3.org/1999/xhtml" xml:lang="en" lang="en">
 <head>
  <title>
</title>
<meta http-equiv="Content-Type" content="text/html;charset=utf-8" />
  <meta name='ocr-system' content='tesseract 3.04.00' />
  <meta name='ocr-capabilities' content='ocr_page ocr_carea ocr_par ocr_line ocrx_word'/>
</head>
<body>
  <div class='ocr_page' id='page_1' title='image "./operaomnia01apuluoft/operaomnia01apuluoft_0869.png"; bbox 0 0 2155 3590; ppageno 0'>
   <div class='ocr_carea' id='block_1_1' title="bbox 651 143 1888 186">
    <p class='ocr_par' dir='ltr' id='par_1_1' title="bbox 651 143 1888 186">
     <span class='ocr_line' id='line_1_1' title="bbox 651 143 1888 186; baseline -0.002 0"><span class='ocrx_word' id='word_1_1' title='bbox 651 147 839 186; x_wconf 81' lang='lat' dir='ltr'>LIBER</span> <span class='ocrx_word' id='word_1_2' title='bbox 868 147 989 185; x_wconf 77' lang='lat' dir='ltr'>vul.</span> <span class='ocrx_word' id='word_1_3' title='bbox 1052 146 1181 186; x_wconf 79' lang='lat' dir='ltr'>CAP.</span> <span class='ocrx_word' id='word_1_4' title='bbox 1213 144 1308 184; x_wconf 81' lang='lat' dir='ltr'>Vll.</span> <span class='ocrx_word' id='word_1_5' title='bbox 1806 143 1888 184; x_wconf 79' lang='lat'>663</span> 
     </span>
    </p>
   </div>
   <div class='ocr_carea' id='block_1_2' title="bbox 87 255 1977 368">
    <p class='ocr_par' dir='ltr' id='par_1_2' title="bbox 87 255 1977 368">
     <span class='ocr_line' id='line_1_2' title="bbox 87 255 1977 312; baseline -0.004 -12"><span class='ocrx_word' id='word_1_6' title='bbox 87 260 223 300; x_wconf 86' lang='lat' dir='ltr'>officiis</span> <span class='ocrx_word' id='word_1_7' title='bbox 259 258 506 299; x_wconf 83' lang='lat' dir='ltr'>inferialibus</span> <span class='ocrx_word' id='word_1_8' title='bbox 544 259 676 298; x_wconf 77' lang='lat' dir='ltr'>statim</span> <span class='ocrx_word' id='word_1_9' title='bbox 715 259 851 309; x_wconf 81' lang='lat' dir='ltr'>sactis,</span> <span class='ocrx_word' id='word_1_10' title='bbox 892 258 1019 312; x_wconf 86' lang='lat' dir='ltr'>puella</span> <span class='ocrx_word' id='word_1_11' title='bbox 1056 255 1257 312; x_wconf 66' lang='lat' dir='ltr'>protilnus</span> <span class='ocrx_word' id='word_1_12' title='bbox 1289 255 1451 295; x_wconf 81' lang='lat' dir='ltr'>festinat</span> <span class='ocrx_word' id='word_1_13' title='bbox 1481 257 1529 295; x_wconf 88' lang='lat' dir='ltr'>ad</span> <span class='ocrx_word' id='word_1_14' title='bbox 1559 256 1742 294; x_wconf 84' lang='lat' dir='ltr'>maritum</span> <span class='ocrx_word' id='word_1_15' title='bbox 1775 269 1887 294; x_wconf 86' lang='lat' dir='ltr'>suum</span> <span class='ocrx_word' id='word_1_16' title='bbox 1915 262 1977 293; x_wconf 75' lang='lat'>526</span> 
     </span>
     <span class='ocr_line' id='line_1_3' title="bbox 88 311 1888 368; baseline -0.003 -13"><span class='ocrx_word' id='word_1_17' title='bbox 88 317 290 364; x_wconf 82' lang='lat' dir='ltr'><strong>demeare,</strong></span> <span class='ocrx_word' id='word_1_18' title='bbox 320 321 558 367; x_wconf 80' lang='lat' dir='ltr'>cunctasque</span> <span class='ocrx_word' id='word_1_19' title='bbox 584 329 745 368; x_wconf 82' lang='lat' dir='ltr'>prorsus</span> <span class='ocrx_word' id='word_1_20' title='bbox 772 322 970 368; x_wconf 80' lang='lat' dir='ltr'>pertentat</span> <span class='ocrx_word' id='word_1_21' title='bbox 995 314 1100 364; x_wconf 86' lang='lat' dir='ltr'>vias,</span> <span class='ocrx_word' id='word_1_22' title='bbox 1129 320 1235 354; x_wconf 82' lang='lat' dir='ltr'>certe</span> <span class='ocrx_word' id='word_1_23' title='bbox 1259 311 1367 352; x_wconf 86' lang='lat' dir='ltr'>illam</span> <span class='ocrx_word' id='word_1_24' title='bbox 1392 311 1519 351; x_wconf 87' lang='lat' dir='ltr'>lenem</span> <span class='ocrx_word' id='word_1_25' title='bbox 1545 311 1790 365; x_wconf 77' lang='lat' dir='ltr'>otiosamque</span> <span class='ocrx_word' id='word_1_26' title='bbox 1816 325 1888 351; x_wconf 85' lang='lat' dir='ltr'>nec</span> 
     </span>
    </p>
   </div>
   <div class='ocr_carea' id='block_1_3' title="bbox 74 451 1888 986">
    <p class='ocr_par' dir='ltr' id='par_1_3' title="bbox 74 451 1888 986">
     <span class='ocr_line' id='line_1_4' title="bbox 84 451 1886 493; baseline -0.002 -12"><span class='ocrx_word' id='word_1_27' title='bbox 84 453 291 493; x_wconf 71' lang='lat' dir='ltr'>inferalz&#39;bus</span> <span class='ocrx_word' id='word_1_28' title='bbox 315 455 351 483; x_wconf 89' lang='lat' dir='ltr'>F.</span> <span class='ocrx_word' id='word_1_29' title='bbox 380 455 408 483; x_wconf 90' lang='lat'>1.</span> <span class='ocrx_word' id='word_1_30' title='bbox 433 454 468 482; x_wconf 84' lang='lat' dir='ltr'>in</span> <span class='ocrx_word' id='word_1_31' title='bbox 492 454 655 488; x_wconf 74' lang='lat' dir='ltr'>excerptis</span> <span class='ocrx_word' id='word_1_32' title='bbox 686 455 727 482; x_wconf 84' lang='lat' dir='ltr'>ad</span> <span class='ocrx_word' id='word_1_33' title='bbox 756 461 857 490; x_wconf 81' lang='lat' dir='ltr'>marg.</span> <span class='ocrx_word' id='word_1_34' title='bbox 881 455 931 482; x_wconf 86' lang='lat' dir='ltr'>ed.</span> <span class='ocrx_word' id='word_1_35' title='bbox 957 455 1048 482; x_wconf 83' lang='lat' dir='ltr'>Colv.</span> <span class='ocrx_word' id='word_1_36' title='bbox 1074 454 1144 482; x_wconf 80' lang='lat' dir='ltr'>edd.</span> <span class='ocrx_word' id='word_1_37' title='bbox 1171 455 1249 481; x_wconf 73' lang='lat' dir='ltr'>vett.</span> <span class='ocrx_word' id='word_1_38' title='bbox 1279 454 1407 486; x_wconf 85' lang='lat' dir='ltr'>praeter</span> <span class='ocrx_word' id='word_1_39' title='bbox 1430 452 1514 478; x_wconf 88' lang='lat' dir='ltr'>lunt.</span> <span class='ocrx_word' id='word_1_40' title='bbox 1541 452 1572 477; x_wconf 86' lang='lat'>2.</span> <span class='ocrx_word' id='word_1_41' title='bbox 1597 458 1701 484; x_wconf 76' lang='lat' dir='ltr'>usque</span> <span class='ocrx_word' id='word_1_42' title='bbox 1732 452 1772 478; x_wconf 85' lang='lat' dir='ltr'>ad</span> <span class='ocrx_word' id='word_1_43' title='bbox 1798 451 1886 478; x_wconf 72' lang='lat' dir='ltr'>Colv.</span> 
     </span>
     <span class='ocr_line' id='line_1_5' title="bbox 83 493 1887 537; baseline -0.003 -10"><span class='ocrx_word' id='word_1_44' title='bbox 83 498 314 535; x_wconf 70' lang='lat' dir='ltr'>imperialibus</span> <span class='ocrx_word' id='word_1_45' title='bbox 334 501 369 527; x_wconf 86' lang='lat' dir='ltr'>G.</span> <span class='ocrx_word' id='word_1_46' title='bbox 390 500 419 527; x_wconf 85' lang='lat'>1.</span> <span class='ocrx_word' id='word_1_47' title='bbox 438 506 459 527; x_wconf 90' lang='lat' dir='ltr'>a</span> <span class='ocrx_word' id='word_1_48' title='bbox 476 507 518 527; x_wconf 91' lang='lat' dir='ltr'>m.</span> <span class='ocrx_word' id='word_1_49' title='bbox 538 507 565 526; x_wconf 83' lang='lat' dir='ltr'>s.</span> <span class='ocrx_word' id='word_1_50' title='bbox 592 500 626 527; x_wconf 90' lang='grc' dir='ltr'><strong>Ο.</strong></span> <span class='ocrx_word' id='word_1_51' title='bbox 676 497 802 536; x_wconf 60' lang='lat' dir='ltr'>officiis</span> <span class='ocrx_word' id='word_1_52' title='bbox 825 498 860 526; x_wconf 79' lang='lat' dir='ltr'>in</span> <span class='ocrx_word' id='word_1_53' title='bbox 879 497 1096 537; x_wconf 64' lang='lat' dir='ltr'>safer-inlibati</span> <span class='ocrx_word' id='word_1_54' title='bbox 1114 500 1152 527; x_wconf 89' lang='lat' dir='ltr'>D.</span> <span class='ocrx_word' id='word_1_55' title='bbox 1190 500 1227 526; x_wconf 89' lang='lat' dir='ltr'>In</span> <span class='ocrx_word' id='word_1_56' title='bbox 1245 500 1317 525; x_wconf 89' lang='lat' dir='ltr'>cett.</span> <span class='ocrx_word' id='word_1_57' title='bbox 1342 494 1467 531; x_wconf 73' lang='lat' dir='ltr'>officiis</span> <span class='ocrx_word' id='word_1_58' title='bbox 1490 493 1719 534; x_wconf 65' lang='lat' dir='ltr'>inferialibus.</span> <span class='ocrx_word' id='word_1_59' title='bbox 1768 496 1887 522; x_wconf 78' lang='lat' dir='ltr'>statim</span> 
     </span>
     <span class='ocr_line' id='line_1_6' title="bbox 74 539 1887 584; baseline -0.002 -12"><span class='ocrx_word' id='word_1_60' title='bbox 74 543 193 584; x_wconf 77' lang='lat' dir='ltr'>factis</span> <span class='ocrx_word' id='word_1_61' title='bbox 211 543 247 572; x_wconf 93' lang='lat' dir='ltr'>F.</span> <span class='ocrx_word' id='word_1_62' title='bbox 268 545 299 573; x_wconf 83' lang='grc'><strong>3.</strong></span> <span class='ocrx_word' id='word_1_63' title='bbox 318 545 354 573; x_wconf 89' lang='grc' dir='ltr'><strong>Ο.</strong></span> <span class='ocrx_word' id='word_1_64' title='bbox 374 544 410 573; x_wconf 88' lang='lat' dir='ltr'>P.</span> <span class='ocrx_word' id='word_1_65' title='bbox 429 545 468 572; x_wconf 90' lang='lat' dir='ltr'>D.</span> <span class='ocrx_word' id='word_1_66' title='bbox 490 544 580 572; x_wconf 88' lang='lat' dir='ltr'>Colv.</span> <span class='ocrx_word' id='word_1_67' title='bbox 599 545 694 573; x_wconf 80' lang='lat' dir='ltr'>Vulc.</span> <span class='ocrx_word' id='word_1_68' title='bbox 714 546 745 572; x_wconf 84' lang='lat'>2.</span> <span class='ocrx_word' id='word_1_69' title='bbox 771 547 872 573; x_wconf 79' lang='lat' dir='ltr'>Merc-</span> <span class='ocrx_word' id='word_1_70' title='bbox 897 543 954 578; x_wconf 82' lang='lat' dir='ltr'>[In</span> <span class='ocrx_word' id='word_1_71' title='bbox 979 545 1014 572; x_wconf 88' lang='lat' dir='ltr'>G.</span> <span class='ocrx_word' id='word_1_72' title='bbox 1033 546 1066 572; x_wconf 83' lang='lat'>2.</span> <span class='ocrx_word' id='word_1_73' title='bbox 1091 547 1141 572; x_wconf 80' lang='lat' dir='ltr'>est</span> <span class='ocrx_word' id='word_1_74' title='bbox 1166 542 1274 571; x_wconf 77' lang='lat' dir='ltr'>sactis</span> <span class='ocrx_word' id='word_1_75' title='bbox 1299 549 1355 575; x_wconf 90' lang='lat' dir='ltr'>pro</span> <span class='ocrx_word' id='word_1_76' title='bbox 1371 539 1506 580; x_wconf 77' lang='lat' dir='ltr'>factis,</span> <span class='ocrx_word' id='word_1_77' title='bbox 1537 540 1621 574; x_wconf 84' lang='lat' dir='ltr'>quod</span> <span class='ocrx_word' id='word_1_78' title='bbox 1651 541 1731 568; x_wconf 86' lang='lat' dir='ltr'>Oud.</span> <span class='ocrx_word' id='word_1_79' title='bbox 1761 548 1803 568; x_wconf 84' lang='lat' dir='ltr'>ex</span> <span class='ocrx_word' id='word_1_80' title='bbox 1827 543 1887 569; x_wconf 84' lang='lat' dir='ltr'>hoc</span> 
     </span>
     <span class='ocr_line' id='line_1_7' title="bbox 83 584 1888 625; baseline -0.003 -7"><span class='ocrx_word' id='word_1_81' title='bbox 83 590 195 618; x_wconf 86' lang='lat' dir='ltr'>codice</span> <span class='ocrx_word' id='word_1_82' title='bbox 219 588 400 625; x_wconf 81' lang='lat' dir='ltr'>enotavit.)</span> <span class='ocrx_word' id='word_1_83' title='bbox 436 586 556 616; x_wconf 72' lang='lat' dir='ltr'>Factis</span> <span class='ocrx_word' id='word_1_84' title='bbox 575 589 696 624; x_wconf 88' lang='lat' dir='ltr'>legitur</span> <span class='ocrx_word' id='word_1_85' title='bbox 715 590 813 618; x_wconf 84' lang='lat' dir='ltr'>etiam</span> <span class='ocrx_word' id='word_1_86' title='bbox 831 589 865 617; x_wconf 90' lang='lat' dir='ltr'>in</span> <span class='ocrx_word' id='word_1_87' title='bbox 882 590 920 617; x_wconf 88' lang='lat' dir='ltr'>L.</span> <span class='ocrx_word' id='word_1_88' title='bbox 946 587 995 623; x_wconf 83' lang='lat' dir='ltr'>(et</span> <span class='ocrx_word' id='word_1_89' title='bbox 1015 590 1049 617; x_wconf 89' lang='lat' dir='ltr'>in</span> <span class='ocrx_word' id='word_1_90' title='bbox 1067 597 1168 625; x_wconf 83' lang='lat' dir='ltr'>marg.</span> <span class='ocrx_word' id='word_1_91' title='bbox 1183 590 1226 617; x_wconf 83' lang='lat' dir='ltr'>al.</span> <span class='ocrx_word' id='word_1_92' title='bbox 1245 586 1366 616; x_wconf 73' lang='lat' dir='ltr'>statim</span> <span class='ocrx_word' id='word_1_93' title='bbox 1379 584 1532 620; x_wconf 82' lang='lat' dir='ltr'>erectis.)</span> <span class='ocrx_word' id='word_1_94' title='bbox 1559 584 1696 611; x_wconf 66' lang='lat' dir='ltr'>exactis</span> <span class='ocrx_word' id='word_1_95' title='bbox 1709 585 1744 613; x_wconf 86' lang='lat' dir='ltr'>F.</span> <span class='ocrx_word' id='word_1_96' title='bbox 1763 586 1790 613; x_wconf 92' lang='lat'>1.</span> <span class='ocrx_word' id='word_1_97' title='bbox 1806 588 1888 613; x_wconf 79' lang='lat' dir='ltr'>testo</span> 
     </span>
     <span class='ocr_line' id='line_1_8' title="bbox 81 630 1887 670; baseline -0.002 -7"><span class='ocrx_word' id='word_1_98' title='bbox 81 635 166 663; x_wconf 83' lang='lat' dir='ltr'>Elm.</span> <span class='ocrx_word' id='word_1_99' title='bbox 187 636 218 662; x_wconf 90' lang='lat' dir='ltr'>et</span> <span class='ocrx_word' id='word_1_100' title='bbox 235 634 283 663; x_wconf 89' lang='lat' dir='ltr'>ita</span> <span class='ocrx_word' id='word_1_101' title='bbox 301 634 471 662; x_wconf 80' lang='lat' dir='ltr'>ediderunt</span> <span class='ocrx_word' id='word_1_102' title='bbox 488 635 572 662; x_wconf 86' lang='lat' dir='ltr'>Elm.</span> <span class='ocrx_word' id='word_1_103' title='bbox 593 635 698 663; x_wconf 79' lang='lat' dir='ltr'>scriv.</span> <span class='ocrx_word' id='word_1_104' title='bbox 717 633 856 670; x_wconf 83' lang='lat' dir='ltr'>Florid.,</span> <span class='ocrx_word' id='word_1_105' title='bbox 882 635 940 662; x_wconf 86' lang='lat' dir='ltr'>sed</span> <span class='ocrx_word' id='word_1_106' title='bbox 959 638 1089 662; x_wconf 85' lang='lat' dir='ltr'>auctore</span> <span class='ocrx_word' id='word_1_107' title='bbox 1108 635 1186 662; x_wconf 84' lang='lat' dir='ltr'>Oud.</span> <span class='ocrx_word' id='word_1_108' title='bbox 1206 633 1240 662; x_wconf 87' lang='lat' dir='ltr'>in</span> <span class='ocrx_word' id='word_1_109' title='bbox 1261 640 1298 661; x_wconf 88' lang='lat' dir='ltr'>eo</span> <span class='ocrx_word' id='word_1_110' title='bbox 1318 631 1437 666; x_wconf 85' lang='lat' dir='ltr'>legitur</span> <span class='ocrx_word' id='word_1_111' title='bbox 1456 630 1600 667; x_wconf 74' lang='lat' dir='ltr'>erecte&#39;S,</span> <span class='ocrx_word' id='word_1_112' title='bbox 1628 634 1660 657; x_wconf 89' lang='lat' dir='ltr'>ut</span> <span class='ocrx_word' id='word_1_113' title='bbox 1679 630 1712 657; x_wconf 90' lang='lat' dir='ltr'>in</span> <span class='ocrx_word' id='word_1_114' title='bbox 1725 631 1762 657; x_wconf 84' lang='lat' dir='ltr'>R.</span> <span class='ocrx_word' id='word_1_115' title='bbox 1777 630 1799 658; x_wconf 83' lang='lat' dir='ltr'>f.</span> <span class='ocrx_word' id='word_1_116' title='bbox 1824 631 1887 659; x_wconf 81' lang='lat' dir='ltr'>Sed</span> 
     </span>
     <span class='ocr_line' id='line_1_9' title="bbox 82 674 1884 715; baseline -0.003 -8"><span class='ocrx_word' id='word_1_117' title='bbox 82 683 217 713; x_wconf 82' lang='lat' dir='ltr'>uterque</span> <span class='ocrx_word' id='word_1_118' title='bbox 237 679 381 715; x_wconf 83' lang='lat' dir='ltr'>fallitur,</span> <span class='ocrx_word' id='word_1_119' title='bbox 406 679 473 708; x_wconf 89' lang='lat' dir='ltr'>nisi</span> <span class='ocrx_word' id='word_1_120' title='bbox 490 681 575 707; x_wconf 85' lang='lat' dir='ltr'>Elm.</span> <span class='ocrx_word' id='word_1_121' title='bbox 594 680 634 707; x_wconf 84' lang='lat' dir='ltr'>ad</span> <span class='ocrx_word' id='word_1_122' title='bbox 649 680 752 708; x_wconf 88' lang='lat' dir='ltr'>alium</span> <span class='ocrx_word' id='word_1_123' title='bbox 771 680 915 708; x_wconf 81' lang='lat' dir='ltr'>codicem</span> <span class='ocrx_word' id='word_1_124' title='bbox 933 679 1075 707; x_wconf 83' lang='lat' dir='ltr'>Florent.</span> <span class='ocrx_word' id='word_1_125' title='bbox 1095 679 1286 713; x_wconf 77' lang='lat' dir='ltr'>respexerit.</span> <span class='ocrx_word' id='word_1_126' title='bbox 1317 678 1398 705; x_wconf 76' lang='lat' dir='ltr'>Nam</span> <span class='ocrx_word' id='word_1_127' title='bbox 1417 676 1452 704; x_wconf 88' lang='lat' dir='ltr'>in</span> <span class='ocrx_word' id='word_1_128' title='bbox 1471 675 1648 704; x_wconf 85' lang='lat' dir='ltr'>collatione</span> <span class='ocrx_word' id='word_1_129' title='bbox 1666 674 1884 710; x_wconf 84' lang='lat' dir='ltr'>Lindenbrog.</span> 
     </span>
     <span class='ocr_line' id='line_1_10' title="bbox 82 719 1885 760; baseline -0.004 -7"><span class='ocrx_word' id='word_1_130' title='bbox 82 728 248 753; x_wconf 85' lang='lat' dir='ltr'>enotatum</span> <span class='ocrx_word' id='word_1_131' title='bbox 260 727 309 752; x_wconf 86' lang='lat' dir='ltr'>est</span> <span class='ocrx_word' id='word_1_132' title='bbox 323 724 462 751; x_wconf 73' lang='lat' dir='ltr'>emetis.</span> <span class='ocrx_word' id='word_1_133' title='bbox 510 723 636 760; x_wconf 71' lang='lat' dir='ltr'>ereptis</span> <span class='ocrx_word' id='word_1_134' title='bbox 650 732 680 759; x_wconf 81' lang='lat' dir='ltr'>p.</span> <span class='ocrx_word' id='word_1_135' title='bbox 694 728 723 753; x_wconf 82' lang='lat' dir='ltr'>et</span> <span class='ocrx_word' id='word_1_136' title='bbox 737 726 807 753; x_wconf 84' lang='lat' dir='ltr'>edd.</span> <span class='ocrx_word' id='word_1_137' title='bbox 821 728 898 752; x_wconf 76' lang='lat' dir='ltr'>vett.</span> <span class='ocrx_word' id='word_1_138' title='bbox 912 725 989 752; x_wconf 90' lang='lat' dir='ltr'>Bas.</span> <span class='ocrx_word' id='word_1_139' title='bbox 1007 725 1035 752; x_wconf 82' lang='lat'>1.</span> <span class='ocrx_word' id='word_1_140' title='bbox 1051 728 1079 752; x_wconf 83' lang='lat' dir='ltr'>et</span> <span class='ocrx_word' id='word_1_141' title='bbox 1095 725 1130 752; x_wconf 89' lang='lat' dir='ltr'>B.</span> <span class='ocrx_word' id='word_1_142' title='bbox 1147 728 1227 752; x_wconf 79' lang='lat' dir='ltr'>teste</span> <span class='ocrx_word' id='word_1_143' title='bbox 1240 722 1394 756; x_wconf 83' lang='lat' dir='ltr'>Scioppio</span> <span class='ocrx_word' id='word_1_144' title='bbox 1408 721 1464 749; x_wconf 86' lang='lat' dir='ltr'>sed</span> <span class='ocrx_word' id='word_1_145' title='bbox 1483 721 1518 749; x_wconf 90' lang='lat' dir='ltr'>in</span> <span class='ocrx_word' id='word_1_146' title='bbox 1537 719 1703 753; x_wconf 72' lang='lat' dir='ltr'>excerptis</span> <span class='ocrx_word' id='word_1_147' title='bbox 1717 720 1789 747; x_wconf 85' lang='lat' dir='ltr'>suis</span> <span class='ocrx_word' id='word_1_148' title='bbox 1802 721 1885 747; x_wconf 75' lang='lat' dir='ltr'>Elui.</span> 
     </span>
     <span class='ocr_line' id='line_1_11' title="bbox 80 765 1886 805; baseline -0.003 -8"><span class='ocrx_word' id='word_1_149' title='bbox 80 771 208 804; x_wconf 81' lang='lat' dir='ltr'>legebat</span> <span class='ocrx_word' id='word_1_150' title='bbox 228 767 391 805; x_wconf 65' lang='lat' dir='ltr'>expletis,</span> <span class='ocrx_word' id='word_1_151' title='bbox 418 770 502 803; x_wconf 81' lang='lat' dir='ltr'>quod</span> <span class='ocrx_word' id='word_1_152' title='bbox 521 769 619 798; x_wconf 83' lang='lat' dir='ltr'>etiam</span> <span class='ocrx_word' id='word_1_153' title='bbox 638 771 757 798; x_wconf 78' lang='lat' dir='ltr'>liabent</span> <span class='ocrx_word' id='word_1_154' title='bbox 771 769 885 798; x_wconf 79' lang='lat' dir='ltr'>Ursini</span> <span class='ocrx_word' id='word_1_155' title='bbox 904 770 973 798; x_wconf 91' lang='lat' dir='ltr'>cod.</span> <span class='ocrx_word' id='word_1_156' title='bbox 993 773 1023 798; x_wconf 90' lang='lat' dir='ltr'>et</span> <span class='ocrx_word' id='word_1_157' title='bbox 1043 770 1133 797; x_wconf 82' lang='lat' dir='ltr'>codd.</span> <span class='ocrx_word' id='word_1_158' title='bbox 1152 769 1302 797; x_wconf 79' lang='lat' dir='ltr'>Beroald.</span> <span class='ocrx_word' id='word_1_159' title='bbox 1317 767 1421 795; x_wconf 84' lang='lat' dir='ltr'>colin.</span> <span class='ocrx_word' id='word_1_160' title='bbox 1441 769 1471 794; x_wconf 90' lang='lat' dir='ltr'>et</span> <span class='ocrx_word' id='word_1_161' title='bbox 1490 765 1612 799; x_wconf 89' lang='lat' dir='ltr'>recepit</span> <span class='ocrx_word' id='word_1_162' title='bbox 1622 765 1799 792; x_wconf 76' lang='lat' dir='ltr'>Ruhnken.</span> <span class='ocrx_word' id='word_1_163' title='bbox 1824 766 1886 792; x_wconf 82' lang='lat' dir='ltr'>Sed</span> 
     </span>
     <span class='ocr_line' id='line_1_12' title="bbox 78 808 1885 851; baseline -0.003 -9"><span class='ocrx_word' id='word_1_164' title='bbox 78 814 256 848; x_wconf 80' lang='lat' dir='ltr'>Scioppius</span> <span class='ocrx_word' id='word_1_165' title='bbox 276 822 389 842; x_wconf 72' lang='lat' dir='ltr'>verum</span> <span class='ocrx_word' id='word_1_166' title='bbox 409 815 557 849; x_wconf 80' lang='lat' dir='ltr'>protulit;</span> <span class='ocrx_word' id='word_1_167' title='bbox 581 814 708 851; x_wconf 73' lang='lat' dir='ltr'>ereptis</span> <span class='ocrx_word' id='word_1_168' title='bbox 728 815 813 843; x_wconf 89' lang='lat' dir='ltr'>enim</span> <span class='ocrx_word' id='word_1_169' title='bbox 832 815 990 842; x_wconf 76' lang='lat' dir='ltr'>Modiana</span> <span class='ocrx_word' id='word_1_170' title='bbox 1009 816 1082 842; x_wconf 87' lang='lat' dir='ltr'>coll.</span> <span class='ocrx_word' id='word_1_171' title='bbox 1102 816 1208 842; x_wconf 79' lang='lat' dir='ltr'>habet.</span> <span class='ocrx_word' id='word_1_172' title='bbox 1245 810 1407 848; x_wconf 64' lang='lat' dir='ltr'>explains</span> <span class='ocrx_word' id='word_1_173' title='bbox 1426 808 1455 839; x_wconf 81' lang='grc' dir='ltr'><strong>ὃ.</strong></span> <span class='ocrx_word' id='word_1_174' title='bbox 1493 808 1648 847; x_wconf 78' lang='lat' dir='ltr'>peractis</span> <span class='ocrx_word' id='word_1_175' title='bbox 1666 810 1778 837; x_wconf 51' lang='lat' dir='ltr'>XVow.</span> <span class='ocrx_word' id='word_1_176' title='bbox 1800 809 1885 836; x_wconf 84' lang='lat' dir='ltr'>Prie.</span> 
     </span>
     <span class='ocr_line' id='line_1_13' title="bbox 78 853 1887 899; baseline -0.002 -13"><span class='ocrx_word' id='word_1_177' title='bbox 78 859 192 886; x_wconf 76' lang='lat' dir='ltr'>sacris</span> <span class='ocrx_word' id='word_1_178' title='bbox 205 858 384 897; x_wconf 71' lang='lat' dir='ltr'>profectis</span> <span class='ocrx_word' id='word_1_179' title='bbox 398 861 434 888; x_wconf 87' lang='lat' dir='ltr'>G.</span> <span class='ocrx_word' id='word_1_180' title='bbox 452 861 479 888; x_wconf 88' lang='lat' dir='ltr'>l.</span> <span class='ocrx_word' id='word_1_181' title='bbox 494 867 515 888; x_wconf 87' lang='lat' dir='ltr'>a</span> <span class='ocrx_word' id='word_1_182' title='bbox 527 867 567 887; x_wconf 92' lang='lat' dir='ltr'>m.</span> <span class='ocrx_word' id='word_1_183' title='bbox 581 868 608 888; x_wconf 87' lang='lat' dir='ltr'>s.</span> <span class='ocrx_word' id='word_1_184' title='bbox 648 859 789 899; x_wconf 77' lang='lat' dir='ltr'>festina</span> <span class='ocrx_word' id='word_1_185' title='bbox 802 856 831 887; x_wconf 79' lang='grc' dir='ltr'>ὃ.</span> <span class='ocrx_word' id='word_1_186' title='bbox 880 859 1070 896; x_wconf 67' lang='lat' dir='ltr'>civitasque</span> <span class='ocrx_word' id='word_1_187' title='bbox 1084 866 1139 892; x_wconf 87' lang='lat' dir='ltr'>pro</span> <span class='ocrx_word' id='word_1_188' title='bbox 1155 860 1363 895; x_wconf 74' lang='lat' dir='ltr'>cum-easque</span> <span class='ocrx_word' id='word_1_189' title='bbox 1377 859 1413 885; x_wconf 85' lang='lat' dir='ltr'>G.</span> <span class='ocrx_word' id='word_1_190' title='bbox 1424 858 1469 893; x_wconf 65' lang='lat'>1..</span> <span class='ocrx_word' id='word_1_191' title='bbox 1495 855 1551 890; x_wconf 82' lang='lat' dir='ltr'>qui</span> <span class='ocrx_word' id='word_1_192' title='bbox 1565 862 1653 883; x_wconf 80' lang='lat' dir='ltr'>error</span> <span class='ocrx_word' id='word_1_193' title='bbox 1665 862 1708 883; x_wconf 87' lang='lat' dir='ltr'>ex</span> <span class='ocrx_word' id='word_1_194' title='bbox 1719 853 1887 882; x_wconf 81' lang='lat' dir='ltr'>scribendi</span> 
     </span>
     <span class='ocr_line' id='line_1_14' title="bbox 80 899 1887 941; baseline -0.003 -9"><span class='ocrx_word' id='word_1_195' title='bbox 80 904 204 932; x_wconf 83' lang='lat' dir='ltr'>ratione</span> <span class='ocrx_word' id='word_1_196' title='bbox 229 907 418 941; x_wconf 73' lang='lat' dir='ltr'>cautasque</span> <span class='ocrx_word' id='word_1_197' title='bbox 442 908 575 933; x_wconf 77' lang='lat' dir='ltr'>exortus</span> <span class='ocrx_word' id='word_1_198' title='bbox 594 909 653 933; x_wconf 84' lang='lat' dir='ltr'>est.</span> <span class='ocrx_word' id='word_1_199' title='bbox 696 906 861 941; x_wconf 78' lang='lat' dir='ltr'>pertenta</span> <span class='ocrx_word' id='word_1_200' title='bbox 879 901 909 933; x_wconf 81' lang='grc' dir='ltr'><strong>ὃ.</strong></span> <span class='ocrx_word' id='word_1_201' title='bbox 933 905 1112 933; x_wconf 82' lang='lat' dir='ltr'>Burmann.</span> <span class='ocrx_word' id='word_1_202' title='bbox 1132 903 1273 937; x_wconf 69' lang='lat' dir='ltr'>margini</span> <span class='ocrx_word' id='word_1_203' title='bbox 1292 902 1417 931; x_wconf 79' lang='lat' dir='ltr'>adlevit</span> <span class='ocrx_word' id='word_1_204' title='bbox 1431 901 1626 937; x_wconf 80' lang='lat' dir='ltr'>protentat.</span> <span class='ocrx_word' id='word_1_205' title='bbox 1674 899 1760 928; x_wconf 76' lang='lat' dir='ltr'>vias.</span> <span class='ocrx_word' id='word_1_206' title='bbox 1797 900 1887 927; x_wconf 83' lang='lat' dir='ltr'>Male</span> 
     </span>
     <span class='ocr_line' id='line_1_15' title="bbox 78 943 1885 986; baseline -0.003 -10"><span class='ocrx_word' id='word_1_207' title='bbox 78 951 178 984; x_wconf 79' lang='lat' dir='ltr'>vulgo</span> <span class='ocrx_word' id='word_1_208' title='bbox 207 949 414 985; x_wconf 83' lang='lat' dir='ltr'>distinguunt</span> <span class='ocrx_word' id='word_1_209' title='bbox 435 951 540 984; x_wconf 84' lang='lat' dir='ltr'>posito</span> <span class='ocrx_word' id='word_1_210' title='bbox 560 952 655 984; x_wconf 88' lang='lat' dir='ltr'>pleno</span> <span class='ocrx_word' id='word_1_211' title='bbox 675 954 794 984; x_wconf 88' lang='lat' dir='ltr'>puncto</span> <span class='ocrx_word' id='word_1_212' title='bbox 813 954 883 984; x_wconf 90' lang='lat' dir='ltr'>post</span> <span class='ocrx_word' id='word_1_213' title='bbox 901 949 993 986; x_wconf 73' lang='lat' dir='ltr'>vias,</span> <span class='ocrx_word' id='word_1_214' title='bbox 1020 954 1050 978; x_wconf 89' lang='lat' dir='ltr'>et</span> <span class='ocrx_word' id='word_1_215' title='bbox 1069 952 1226 977; x_wconf 80' lang='lat' dir='ltr'>commate</span> <span class='ocrx_word' id='word_1_216' title='bbox 1245 949 1315 976; x_wconf 85' lang='lat' dir='ltr'>solo</span> <span class='ocrx_word' id='word_1_217' title='bbox 1337 951 1409 982; x_wconf 86' lang='lat' dir='ltr'>post</span> <span class='ocrx_word' id='word_1_218' title='bbox 1422 943 1636 975; x_wconf 75' lang='lat' dir='ltr'>consimilem.</span> <span class='ocrx_word' id='word_1_219' title='bbox 1661 946 1710 973; x_wconf 79' lang='lat' dir='ltr'>Eo</span> <span class='ocrx_word' id='word_1_220' title='bbox 1729 944 1814 973; x_wconf 87' lang='lat' dir='ltr'>enim</span> <span class='ocrx_word' id='word_1_221' title='bbox 1830 951 1885 972; x_wconf 86' lang='lat' dir='ltr'>us-</span> 
     </span>
    </p>
   </div>
   <div class='ocr_carea' id='block_1_4' title="bbox 77 992 1319 1032">
    <p class='ocr_par' dir='ltr' id='par_1_4' title="bbox 77 992 1319 1032">
     <span class='ocr_line' id='line_1_16' title="bbox 77 992 1319 1032; baseline -0.001 -10"><span class='ocrx_word' id='word_1_222' title='bbox 77 1001 139 1027; x_wconf 83' lang='lat' dir='ltr'>que</span> <span class='ocrx_word' id='word_1_223' title='bbox 158 994 319 1029; x_wconf 86' lang='lat' dir='ltr'>pertinent</span> <span class='ocrx_word' id='word_1_224' title='bbox 338 996 379 1023; x_wconf 85' lang='lat' dir='ltr'>ad</span> <span class='ocrx_word' id='word_1_225' title='bbox 392 997 584 1032; x_wconf 78' lang='lat' dir='ltr'>perteneat.</span> <span class='ocrx_word' id='word_1_226' title='bbox 616 995 794 1028; x_wconf 82' lang='lat' dir='ltr'>Sequentia</span> <span class='ocrx_word' id='word_1_227' title='bbox 806 992 928 1022; x_wconf 71' lang='lat' dir='ltr'>Inedia</span> <span class='ocrx_word' id='word_1_228' title='bbox 947 998 1005 1023; x_wconf 87' lang='lat' dir='ltr'>etc.</span> <span class='ocrx_word' id='word_1_229' title='bbox 1025 996 1067 1023; x_wconf 79' lang='lat' dir='ltr'>ad</span> <span class='ocrx_word' id='word_1_230' title='bbox 1089 995 1319 1030; x_wconf 75' lang='lat' dir='ltr'>transegerat.</span> 
     </span>
    </p>
   </div>
   <div class='ocr_carea' id='block_1_5' title="bbox 13 1102 951 3181">
    <p class='ocr_par' dir='ltr' id='par_1_5' title="bbox 13 1102 951 3181">
     <span class='ocr_line' id='line_1_17' title="bbox 76 1102 951 1155; baseline 0.002 -15"><span class='ocrx_word' id='word_1_231' title='bbox 76 1116 223 1155; x_wconf 81' lang='lat' dir='ltr'>ponere</span> <span class='ocrx_word' id='word_1_232' title='bbox 247 1102 416 1154; x_wconf 85' lang='lat' dir='ltr'>simplex</span> <span class='ocrx_word' id='word_1_233' title='bbox 441 1105 657 1151; x_wconf 78' lang='lat' dir='ltr'>lactando,</span> <span class='ocrx_word' id='word_1_234' title='bbox 684 1104 860 1154; x_wconf 86' lang='lat' dir='ltr'>quamvis</span> <span class='ocrx_word' id='word_1_235' title='bbox 885 1104 951 1142; x_wconf 84' lang='lat' dir='ltr'>de-</span> 
     </span>
     <span class='ocr_line' id='line_1_18' title="bbox 76 1159 951 1199; baseline -0.002 -1"><span class='ocrx_word' id='word_1_236' title='bbox 76 1160 230 1199; x_wconf 87' lang='lat' dir='ltr'>lectare</span> <span class='ocrx_word' id='word_1_237' title='bbox 265 1159 342 1198; x_wconf 86' lang='lat' dir='ltr'>hoc</span> <span class='ocrx_word' id='word_1_238' title='bbox 376 1173 500 1199; x_wconf 86' lang='lat' dir='ltr'>sensu</span> <span class='ocrx_word' id='word_1_239' title='bbox 535 1160 627 1199; x_wconf 89' lang='lat' dir='ltr'>alibi</span> <span class='ocrx_word' id='word_1_240' title='bbox 658 1161 693 1198; x_wconf 90' lang='lat' dir='ltr'>in</span> <span class='ocrx_word' id='word_1_241' title='bbox 725 1173 800 1198; x_wconf 85' lang='lat' dir='ltr'>usu</span> <span class='ocrx_word' id='word_1_242' title='bbox 825 1159 951 1197; x_wconf 87' lang='lat' dir='ltr'>fuisse</span> 
     </span>
     <span class='ocr_line' id='line_1_19' title="bbox 76 1215 950 1267; baseline 0 -14"><span class='ocrx_word' id='word_1_243' title='bbox 76 1219 204 1266; x_wconf 86' lang='lat' dir='ltr'>neget.</span> <span class='ocrx_word' id='word_1_244' title='bbox 254 1215 356 1267; x_wconf 85' lang='lat' dir='ltr'>[Sed</span> <span class='ocrx_word' id='word_1_245' title='bbox 380 1216 541 1255; x_wconf 88' lang='lat' dir='ltr'>conferri</span> <span class='ocrx_word' id='word_1_246' title='bbox 560 1220 728 1267; x_wconf 82' lang='lat' dir='ltr'>possunt</span> <span class='ocrx_word' id='word_1_247' title='bbox 747 1228 847 1266; x_wconf 82' lang='lat' dir='ltr'>quae</span> <span class='ocrx_word' id='word_1_248' title='bbox 866 1230 950 1266; x_wconf 92' lang='lat' dir='ltr'>pro-</span> 
     </span>
     <span class='ocr_line' id='line_1_20' title="bbox 75 1270 950 1323; baseline 0 -14"><span class='ocrx_word' id='word_1_249' title='bbox 75 1271 161 1310; x_wconf 85' lang='lat' dir='ltr'>tulit</span> <span class='ocrx_word' id='word_1_250' title='bbox 185 1271 289 1310; x_wconf 79' lang='lat' dir='ltr'>Non.</span> <span class='ocrx_word' id='word_1_251' title='bbox 316 1285 353 1322; x_wconf 88' lang='lat' dir='ltr'>p.</span> <span class='ocrx_word' id='word_1_252' title='bbox 380 1277 446 1312; x_wconf 84' lang='lat'>97.</span> <span class='ocrx_word' id='word_1_253' title='bbox 471 1286 507 1310; x_wconf 83' lang='lat' dir='ltr'>s.</span> <span class='ocrx_word' id='word_1_254' title='bbox 524 1286 562 1311; x_wconf 85' lang='lat' dir='ltr'>v.</span> <span class='ocrx_word' id='word_1_255' title='bbox 593 1270 786 1323; x_wconf 87' lang='lat' dir='ltr'>exempla.</span> <span class='ocrx_word' id='word_1_256' title='bbox 823 1272 950 1310; x_wconf 86' lang='lat' dir='ltr'>Aliter</span> 
     </span>
     <span class='ocr_line' id='line_1_21' title="bbox 73 1326 949 1378; baseline -0.001 -12"><span class='ocrx_word' id='word_1_257' title='bbox 73 1328 245 1378; x_wconf 80' lang='lat' dir='ltr'>explicat</span> <span class='ocrx_word' id='word_1_258' title='bbox 258 1327 460 1374; x_wconf 76' lang='lat' dir='ltr'>Flmidus,</span> <span class='ocrx_word' id='word_1_259' title='bbox 488 1329 600 1378; x_wconf 88' lang='lat' dir='ltr'>quiin</span> <span class='ocrx_word' id='word_1_260' title='bbox 620 1326 853 1378; x_wconf 76' lang='lat' dir='ltr'>paraphrasi</span> <span class='ocrx_word' id='word_1_261' title='bbox 867 1341 949 1365; x_wconf 81' lang='lat' dir='ltr'>ver-</span> 
     </span>
     <span class='ocr_line' id='line_1_22' title="bbox 72 1383 948 1431; baseline 0.001 -10"><span class='ocrx_word' id='word_1_262' title='bbox 72 1385 133 1421; x_wconf 83' lang='lat' dir='ltr'>tit:</span> <span class='ocrx_word' id='word_1_263' title='bbox 147 1397 233 1423; x_wconf 83' lang='lat' dir='ltr'>eum</span> <span class='ocrx_word' id='word_1_264' title='bbox 247 1384 506 1431; x_wconf 80' lang='lat' dir='ltr'>oblectando,</span> <span class='ocrx_word' id='word_1_265' title='bbox 520 1388 563 1422; x_wconf 91' lang='lat' dir='ltr'>ut</span> <span class='ocrx_word' id='word_1_266' title='bbox 574 1383 757 1422; x_wconf 89' lang='lat' dir='ltr'>retulisse</span> <span class='ocrx_word' id='word_1_267' title='bbox 770 1384 948 1422; x_wconf 82' lang='lat' dir='ltr'>videatur</span> 
     </span>
     <span class='ocr_line' id='line_1_23' title="bbox 72 1439 947 1490; baseline -0.001 -12"><span class='ocrx_word' id='word_1_268' title='bbox 72 1440 320 1479; x_wconf 82' lang='lat' dir='ltr'>delectando</span> <span class='ocrx_word' id='word_1_269' title='bbox 333 1439 382 1477; x_wconf 91' lang='lat' dir='ltr'>ad</span> <span class='ocrx_word' id='word_1_270' title='bbox 397 1454 581 1479; x_wconf 89' lang='lat' dir='ltr'>amorem.</span> <span class='ocrx_word' id='word_1_271' title='bbox 627 1439 824 1490; x_wconf 86' lang='lat' dir='ltr'>Interpres</span> <span class='ocrx_word' id='word_1_272' title='bbox 844 1439 947 1477; x_wconf 85' lang='lat' dir='ltr'>sran-</span> 
     </span>
     <span class='ocr_line' id='line_1_24' title="bbox 70 1494 947 1547; baseline 0 -13"><span class='ocrx_word' id='word_1_273' title='bbox 70 1494 250 1547; x_wconf 86' lang='lat' dir='ltr'>cogallus</span> <span class='ocrx_word' id='word_1_274' title='bbox 268 1496 476 1535; x_wconf 80' lang='lat' dir='ltr'>transtulit:</span> <span class='ocrx_word' id='word_1_275' title='bbox 503 1496 631 1535; x_wconf 89' lang='lat' dir='ltr'>Carite</span> <span class='ocrx_word' id='word_1_276' title='bbox 657 1495 746 1547; x_wconf 76' lang='lat' dir='ltr'>qu&#39;il</span> <span class='ocrx_word' id='word_1_277' title='bbox 772 1495 947 1534; x_wconf 88' lang='lat' dir='ltr'>touchoit</span> 
     </span>
     <span class='ocr_line' id='line_1_25' title="bbox 71 1552 944 1604; baseline -0.001 -13"><span class='ocrx_word' id='word_1_278' title='bbox 71 1566 168 1591; x_wconf 84' lang='lat' dir='ltr'>avec</span> <span class='ocrx_word' id='word_1_279' title='bbox 180 1566 230 1590; x_wconf 90' lang='lat' dir='ltr'>un</span> <span class='ocrx_word' id='word_1_280' title='bbox 244 1552 394 1603; x_wconf 82' lang='lat' dir='ltr'>plaisir,</span> <span class='ocrx_word' id='word_1_281' title='bbox 421 1554 485 1604; x_wconf 89' lang='lat' dir='ltr'>qui</span> <span class='ocrx_word' id='word_1_282' title='bbox 500 1554 703 1591; x_wconf 88' lang='lat' dir='ltr'>nourrisoit</span> <span class='ocrx_word' id='word_1_283' title='bbox 717 1565 859 1590; x_wconf 87' lang='lat' dir='ltr'>encore</span> <span class='ocrx_word' id='word_1_284' title='bbox 873 1566 944 1590; x_wconf 88' lang='lat' dir='ltr'>son</span> 
     </span>
     <span class='ocr_line' id='line_1_26' title="bbox 68 1608 946 1654; baseline 0 -7"><span class='ocrx_word' id='word_1_285' title='bbox 68 1608 290 1647; x_wconf 74' lang='lat' dir='ltr'>detestable</span> <span class='ocrx_word' id='word_1_286' title='bbox 303 1622 452 1654; x_wconf 88' lang='lat' dir='ltr'>amour,</span> <span class='ocrx_word' id='word_1_287' title='bbox 467 1613 507 1647; x_wconf 92' lang='lat' dir='ltr'>et</span> <span class='ocrx_word' id='word_1_288' title='bbox 519 1609 690 1648; x_wconf 85' lang='lat' dir='ltr'>Rodius:</span> <span class='ocrx_word' id='word_1_289' title='bbox 717 1609 806 1648; x_wconf 64' lang='lat' dir='ltr'>zmil</span> <span class='ocrx_word' id='word_1_290' title='bbox 817 1610 946 1647; x_wconf 81' lang='lat' dir='ltr'>seiner</span> 
     </span>
     <span class='ocr_line' id='line_1_27' title="bbox 70 1665 945 1716; baseline -0.002 -12"><span class='ocrx_word' id='word_1_291' title='bbox 70 1665 299 1705; x_wconf 69' lang='lat' dir='ltr'>hiisslichen</span> <span class='ocrx_word' id='word_1_292' title='bbox 330 1665 628 1716; x_wconf 81' lang='lat' dir='ltr'>Leidensckafl</span> <span class='ocrx_word' id='word_1_293' title='bbox 666 1665 800 1705; x_wconf 75' lang='lat' dir='ltr'>durch.</span> <span class='ocrx_word' id='word_1_294' title='bbox 836 1666 945 1704; x_wconf 82' lang='lat' dir='ltr'>diese</span> 
     </span>
     <span class='ocr_line' id='line_1_28' title="bbox 69 1721 944 1774; baseline -0.001 -13"><span class='ocrx_word' id='word_1_295' title='bbox 69 1721 395 1774; x_wconf 69' lang='lat' dir='ltr'>anyebiilirliclze</span> <span class='ocrx_word' id='word_1_296' title='bbox 408 1722 513 1762; x_wconf 79' lang='lat' dir='ltr'>Lust</span> <span class='ocrx_word' id='word_1_297' title='bbox 525 1722 731 1774; x_wconf 72' lang='lat' dir='ltr'>Nalzruny</span> <span class='ocrx_word' id='word_1_298' title='bbox 745 1736 791 1760; x_wconf 80' lang='lat' dir='ltr'>zu</span> <span class='ocrx_word' id='word_1_299' title='bbox 801 1721 944 1774; x_wconf 68' lang='lat' dir='ltr'>ychen.</span> 
     </span>
     <span class='ocr_line' id='line_1_29' title="bbox 68 1777 943 1830; baseline -0.001 -13"><span class='ocrx_word' id='word_1_300' title='bbox 68 1778 143 1817; x_wconf 86' lang='lat' dir='ltr'>Hie</span> <span class='ocrx_word' id='word_1_301' title='bbox 180 1778 326 1830; x_wconf 90' lang='lat' dir='ltr'>optime</span> <span class='ocrx_word' id='word_1_302' title='bbox 362 1780 595 1816; x_wconf 87' lang='lat' dir='ltr'>sententiam</span> <span class='ocrx_word' id='word_1_303' title='bbox 625 1777 701 1816; x_wconf 90' lang='lat' dir='ltr'>loci</span> <span class='ocrx_word' id='word_1_304' title='bbox 729 1778 943 1828; x_wconf 85' lang='lat' dir='ltr'>perspexit.</span> 
     </span>
     <span class='ocr_line' id='line_1_30' title="bbox 68 1833 944 1874; baseline -0.002 -1"><span class='ocrx_word' id='word_1_305' title='bbox 68 1833 237 1873; x_wconf 80' lang='lat' dir='ltr'>Passive</span> <span class='ocrx_word' id='word_1_306' title='bbox 257 1835 359 1872; x_wconf 89' lang='lat' dir='ltr'>enim</span> <span class='ocrx_word' id='word_1_307' title='bbox 378 1834 626 1874; x_wconf 83' lang='lat' dir='ltr'>delectando</span> <span class='ocrx_word' id='word_1_308' title='bbox 646 1834 709 1872; x_wconf 88' lang='lat' dir='ltr'>hic</span> <span class='ocrx_word' id='word_1_309' title='bbox 723 1834 866 1872; x_wconf 89' lang='lat' dir='ltr'>dictum</span> <span class='ocrx_word' id='word_1_310' title='bbox 881 1837 944 1872; x_wconf 90' lang='lat' dir='ltr'>est</span> 
     </span>
     <span class='ocr_line' id='line_1_31' title="bbox 68 1888 941 1942; baseline -0.002 -13"><span class='ocrx_word' id='word_1_311' title='bbox 68 1891 119 1929; x_wconf 90' lang='lat' dir='ltr'>de</span> <span class='ocrx_word' id='word_1_312' title='bbox 156 1889 391 1941; x_wconf 84' lang='lat' dir='ltr'>Thrasyllo,</span> <span class='ocrx_word' id='word_1_313' title='bbox 427 1891 491 1942; x_wconf 78' lang='lat' dir='ltr'>qui</span> <span class='ocrx_word' id='word_1_314' title='bbox 527 1905 593 1935; x_wconf 84' lang='lat' dir='ltr'>eo,</span> <span class='ocrx_word' id='word_1_315' title='bbox 631 1890 734 1941; x_wconf 90' lang='lat' dir='ltr'>quod</span> <span class='ocrx_word' id='word_1_316' title='bbox 761 1888 941 1928; x_wconf 84' lang='lat' dir='ltr'>Chariten</span> 
     </span>
     <span class='ocr_line' id='line_1_32' title="bbox 13 1947 945 1999; baseline -0.004 -11"><span class='ocrx_word' id='word_1_317' title='bbox 13 1986 17 1988; x_wconf 73' lang='grc'>,</span> <span class='ocrx_word' id='word_1_318' title='bbox 68 1950 294 1994; x_wconf 84' lang='lat' dir='ltr'>contrectat,</span> <span class='ocrx_word' id='word_1_319' title='bbox 320 1961 526 1999; x_wconf 85' lang='lat' dir='ltr'>perperam</span> <span class='ocrx_word' id='word_1_320' title='bbox 549 1947 765 1985; x_wconf 83' lang='lat' dir='ltr'>delectatur</span> <span class='ocrx_word' id='word_1_321' title='bbox 790 1950 830 1984; x_wconf 84' lang='lat' dir='ltr'>et</span> <span class='ocrx_word' id='word_1_322' title='bbox 854 1960 945 1998; x_wconf 87' lang='lat' dir='ltr'>pau-</span> 
     </span>
     <span class='ocr_line' id='line_1_33' title="bbox 71 2002 944 2052; baseline -0.001 -11"><span class='ocrx_word' id='word_1_323' title='bbox 71 2003 176 2041; x_wconf 77' lang='lat' dir='ltr'>latim</span> <span class='ocrx_word' id='word_1_324' title='bbox 188 2004 336 2041; x_wconf 88' lang='lat' dir='ltr'>maiore</span> <span class='ocrx_word' id='word_1_325' title='bbox 348 2004 503 2042; x_wconf 84' lang='lat' dir='ltr'>flamma</span> <span class='ocrx_word' id='word_1_326' title='bbox 515 2003 747 2048; x_wconf 84' lang='lat' dir='ltr'>incenditur,</span> <span class='ocrx_word' id='word_1_327' title='bbox 772 2003 863 2052; x_wconf 88' lang='lat' dir='ltr'>quia</span> <span class='ocrx_word' id='word_1_328' title='bbox 881 2002 944 2040; x_wconf 90' lang='lat' dir='ltr'>his</span> 
     </span>
     <span class='ocr_line' id='line_1_34' title="bbox 68 2057 943 2110; baseline 0 -14"><span class='ocrx_word' id='word_1_329' title='bbox 68 2059 168 2110; x_wconf 83' lang='lat' dir='ltr'>ipsis</span> <span class='ocrx_word' id='word_1_330' title='bbox 198 2059 348 2098; x_wconf 85' lang='lat' dir='ltr'>deliciis</span> <span class='ocrx_word' id='word_1_331' title='bbox 380 2073 488 2098; x_wconf 89' lang='lat' dir='ltr'>amor</span> <span class='ocrx_word' id='word_1_332' title='bbox 519 2059 757 2098; x_wconf 88' lang='lat' dir='ltr'>nutriebatur</span> <span class='ocrx_word' id='word_1_333' title='bbox 782 2060 817 2096; x_wconf 86' lang='lat' dir='ltr'>in</span> <span class='ocrx_word' id='word_1_334' title='bbox 845 2057 943 2096; x_wconf 85' lang='lat' dir='ltr'>Cha-</span> 
     </span>
     <span class='ocr_line' id='line_1_35' title="bbox 68 2113 942 2154; baseline -0.001 -1"><span class='ocrx_word' id='word_1_335' title='bbox 68 2116 176 2153; x_wconf 88' lang='lat' dir='ltr'>riten.</span> <span class='ocrx_word' id='word_1_336' title='bbox 213 2115 260 2154; x_wconf 85' lang='lat' dir='ltr'>cf.</span> <span class='ocrx_word' id='word_1_337' title='bbox 288 2115 423 2154; x_wconf 88' lang='lat' dir='ltr'>Eckst.</span> <span class='ocrx_word' id='word_1_338' title='bbox 454 2116 505 2153; x_wconf 83' lang='lat' dir='ltr'>ad</span> <span class='ocrx_word' id='word_1_339' title='bbox 530 2116 652 2154; x_wconf 75' lang='lat' dir='ltr'>Voss.</span> <span class='ocrx_word' id='word_1_340' title='bbox 680 2115 799 2153; x_wconf 86' lang='lat' dir='ltr'>Arist.</span> <span class='ocrx_word' id='word_1_341' title='bbox 826 2113 870 2153; x_wconf 87' lang='lat' dir='ltr'>T.</span> <span class='ocrx_word' id='word_1_342' title='bbox 897 2113 942 2153; x_wconf 87' lang='lat' dir='ltr'>ll.</span> 
     </span>
     <span class='ocr_line' id='line_1_36' title="bbox 68 2170 944 2222; baseline -0.001 -12"><span class='ocrx_word' id='word_1_343' title='bbox 68 2185 105 2222; x_wconf 86' lang='lat' dir='ltr'>p.</span> <span class='ocrx_word' id='word_1_344' title='bbox 133 2175 228 2212; x_wconf 91' lang='lat'>782.</span> <span class='ocrx_word' id='word_1_345' title='bbox 264 2171 328 2210; x_wconf 89' lang='lat' dir='ltr'>De</span> <span class='ocrx_word' id='word_1_346' title='bbox 352 2185 436 2210; x_wconf 87' lang='lat' dir='ltr'>voc.</span> <span class='ocrx_word' id='word_1_347' title='bbox 462 2172 614 2212; x_wconf 83' lang='lat' dir='ltr'>lecture</span> <span class='ocrx_word' id='word_1_348' title='bbox 660 2171 708 2210; x_wconf 82' lang='lat' dir='ltr'>cf.</span> <span class='ocrx_word' id='word_1_349' title='bbox 733 2170 871 2210; x_wconf 81' lang='lat' dir='ltr'>Heius,</span> <span class='ocrx_word' id='word_1_350' title='bbox 903 2174 944 2209; x_wconf 89' lang='lat' dir='ltr'>et</span> 
     </span>
     <span class='ocr_line' id='line_1_37' title="bbox 69 2226 816 2279; baseline -0.001 -13"><span class='ocrx_word' id='word_1_351' title='bbox 69 2227 201 2267; x_wconf 80' lang='lat' dir='ltr'>Burni.</span> <span class='ocrx_word' id='word_1_352' title='bbox 225 2228 276 2267; x_wconf 87' lang='lat' dir='ltr'>ad</span> <span class='ocrx_word' id='word_1_353' title='bbox 300 2227 418 2266; x_wconf 79' lang='lat' dir='ltr'>ovid.</span> <span class='ocrx_word' id='word_1_354' title='bbox 442 2227 541 2266; x_wconf 87' lang='lat' dir='ltr'>Met.</span> <span class='ocrx_word' id='word_1_355' title='bbox 567 2226 677 2267; x_wconf 90' lang='lat' dir='ltr'>XIV.</span> <span class='ocrx_word' id='word_1_356' title='bbox 703 2227 816 2279; x_wconf 67' lang='lat'><strong>633]</strong></span> 
     </span>
     <span class='ocr_line' id='line_1_38' title="bbox 127 2283 944 2338; baseline -0.001 -15"><span class='ocrx_word' id='word_1_357' title='bbox 127 2286 283 2337; x_wconf 80' lang='lat' dir='ltr'>officiis</span> <span class='ocrx_word' id='word_1_358' title='bbox 328 2283 590 2338; x_wconf 62' lang='lat' dir='ltr'>inferialibus</span> <span class='ocrx_word' id='word_1_359' title='bbox 636 2285 770 2324; x_wconf 79' lang='lat' dir='ltr'>statim</span> <span class='ocrx_word' id='word_1_360' title='bbox 803 2284 944 2335; x_wconf 82' lang='lat' dir='ltr'>factis.</span> 
     </span>
     <span class='ocr_line' id='line_1_39' title="bbox 67 2339 945 2380; baseline 0 -1"><span class='ocrx_word' id='word_1_361' title='bbox 67 2340 171 2379; x_wconf 89' lang='lat' dir='ltr'>Oud.</span> <span class='ocrx_word' id='word_1_362' title='bbox 197 2354 285 2380; x_wconf 87' lang='lat' dir='ltr'>cum</span> <span class='ocrx_word' id='word_1_363' title='bbox 310 2340 446 2379; x_wconf 80' lang='lat' dir='ltr'>Heius.</span> <span class='ocrx_word' id='word_1_364' title='bbox 467 2341 518 2378; x_wconf 86' lang='lat' dir='ltr'>ad</span> <span class='ocrx_word' id='word_1_365' title='bbox 533 2340 628 2378; x_wconf 75' lang='lat' dir='ltr'>Met.</span> <span class='ocrx_word' id='word_1_366' title='bbox 642 2339 711 2378; x_wconf 85' lang='lat' dir='ltr'>XI.</span> <span class='ocrx_word' id='word_1_367' title='bbox 725 2344 819 2380; x_wconf 79' lang='lat'>412.</span> <span class='ocrx_word' id='word_1_368' title='bbox 844 2340 945 2379; x_wconf 86' lang='lat' dir='ltr'>haec</span> 
     </span>
     <span class='ocr_line' id='line_1_40' title="bbox 67 2396 943 2448; baseline 0 -14"><span class='ocrx_word' id='word_1_369' title='bbox 67 2397 188 2435; x_wconf 86' lang='lat' dir='ltr'>verba</span> <span class='ocrx_word' id='word_1_370' title='bbox 223 2397 416 2436; x_wconf 86' lang='lat' dir='ltr'>mendosa</span> <span class='ocrx_word' id='word_1_371' title='bbox 445 2409 540 2435; x_wconf 84' lang='lat' dir='ltr'>esse</span> <span class='ocrx_word' id='word_1_372' title='bbox 571 2400 682 2448; x_wconf 81' lang='lat' dir='ltr'>putat</span> <span class='ocrx_word' id='word_1_373' title='bbox 712 2397 764 2434; x_wconf 81' lang='lat' dir='ltr'>ita</span> <span class='ocrx_word' id='word_1_374' title='bbox 794 2396 943 2434; x_wconf 85' lang='lat' dir='ltr'>ratioci-</span> 
     </span>
     <span class='ocr_line' id='line_1_41' title="bbox 69 2452 944 2492; baseline -0.001 0"><span class='ocrx_word' id='word_1_375' title='bbox 69 2467 183 2492; x_wconf 79' lang='lat' dir='ltr'>nans:</span> <span class='ocrx_word' id='word_1_376' title='bbox 220 2453 372 2492; x_wconf 85' lang='lat' dir='ltr'>Omnes</span> <span class='ocrx_word' id='word_1_377' title='bbox 404 2453 497 2491; x_wconf 87' lang='lat' dir='ltr'>illae</span> <span class='ocrx_word' id='word_1_378' title='bbox 528 2452 718 2492; x_wconf 88' lang='lat' dir='ltr'>lectiones</span> <span class='ocrx_word' id='word_1_379' title='bbox 747 2452 944 2491; x_wconf 80' lang='lat' dir='ltr'>variantes</span> 
     </span>
     <span class='ocr_line' id='line_1_42' title="bbox 68 2509 943 2557; baseline -0.002 -8"><span class='ocrx_word' id='word_1_380' title='bbox 68 2524 131 2549; x_wconf 86' lang='lat' dir='ltr'>me</span> <span class='ocrx_word' id='word_1_381' title='bbox 155 2515 332 2557; x_wconf 84' lang='lat' dir='ltr'>movent,</span> <span class='ocrx_word' id='word_1_382' title='bbox 363 2514 404 2548; x_wconf 93' lang='lat' dir='ltr'>ut</span> <span class='ocrx_word' id='word_1_383' title='bbox 435 2509 591 2548; x_wconf 89' lang='lat' dir='ltr'>credam</span> <span class='ocrx_word' id='word_1_384' title='bbox 622 2509 773 2548; x_wconf 88' lang='lat' dir='ltr'>illarum</span> <span class='ocrx_word' id='word_1_385' title='bbox 797 2509 943 2547; x_wconf 88' lang='lat' dir='ltr'>nullam</span> 
     </span>
     <span class='ocr_line' id='line_1_43' title="bbox 68 2565 942 2616; baseline -0.002 -11"><span class='ocrx_word' id='word_1_386' title='bbox 68 2580 163 2605; x_wconf 86' lang='lat' dir='ltr'>esse</span> <span class='ocrx_word' id='word_1_387' title='bbox 187 2567 238 2605; x_wconf 87' lang='lat' dir='ltr'>ab</span> <span class='ocrx_word' id='word_1_388' title='bbox 262 2567 431 2605; x_wconf 86' lang='lat' dir='ltr'>auctoris</span> <span class='ocrx_word' id='word_1_389' title='bbox 455 2579 590 2611; x_wconf 84' lang='lat' dir='ltr'>manu,</span> <span class='ocrx_word' id='word_1_390' title='bbox 621 2570 661 2604; x_wconf 89' lang='lat' dir='ltr'>et</span> <span class='ocrx_word' id='word_1_391' title='bbox 685 2565 841 2616; x_wconf 82' lang='lat' dir='ltr'>quidem</span> <span class='ocrx_word' id='word_1_392' title='bbox 864 2579 942 2603; x_wconf 89' lang='lat' dir='ltr'>ma·</span> 
     </span>
     <span class='ocr_line' id='line_1_44' title="bbox 66 2622 944 2671; baseline -0.003 -9"><span class='ocrx_word' id='word_1_393' title='bbox 66 2626 169 2662; x_wconf 89' lang='lat' dir='ltr'>xime</span> <span class='ocrx_word' id='word_1_394' title='bbox 194 2636 257 2661; x_wconf 91' lang='lat' dir='ltr'>me</span> <span class='ocrx_word' id='word_1_395' title='bbox 281 2622 445 2661; x_wconf 84' lang='lat' dir='ltr'>offendit</span> <span class='ocrx_word' id='word_1_396' title='bbox 468 2635 546 2660; x_wconf 83' lang='lat' dir='ltr'>vox</span> <span class='ocrx_word' id='word_1_397' title='bbox 568 2623 720 2668; x_wconf 84' lang='lat' dir='ltr'>statim,</span> <span class='ocrx_word' id='word_1_398' title='bbox 750 2625 944 2671; x_wconf 87' lang='lat' dir='ltr'>sequente</span> 
     </span>
     <span class='ocr_line' id='line_1_45' title="bbox 62 2677 944 2731; baseline -0.002 -13"><span class='ocrx_word' id='word_1_399' title='bbox 62 2681 269 2731; x_wconf 78' lang='lat' dir='ltr'>protinus.</span> <span class='ocrx_word' id='word_1_400' title='bbox 317 2679 462 2730; x_wconf 88' lang='lat' dir='ltr'>Neque</span> <span class='ocrx_word' id='word_1_401' title='bbox 500 2679 601 2718; x_wconf 89' lang='lat' dir='ltr'>enim</span> <span class='ocrx_word' id='word_1_402' title='bbox 631 2677 842 2716; x_wconf 84' lang='lat' dir='ltr'>verisimile</span> <span class='ocrx_word' id='word_1_403' title='bbox 868 2682 944 2724; x_wconf 87' lang='lat' dir='ltr'>est,</span> 
     </span>
     <span class='ocr_line' id='line_1_46' title="bbox 67 2734 948 2786; baseline -0.001 -13"><span class='ocrx_word' id='word_1_404' title='bbox 67 2735 174 2774; x_wconf 88' lang='lat' dir='ltr'>illam</span> <span class='ocrx_word' id='word_1_405' title='bbox 210 2735 338 2775; x_wconf 82' lang='lat' dir='ltr'>officia</span> <span class='ocrx_word' id='word_1_406' title='bbox 373 2735 563 2774; x_wconf 83' lang='lat' dir='ltr'>inferialia</span> <span class='ocrx_word' id='word_1_407' title='bbox 597 2734 827 2786; x_wconf 85' lang='lat' dir='ltr'>explevisse</span> <span class='ocrx_word' id='word_1_408' title='bbox 858 2738 948 2772; x_wconf 89' lang='lat' dir='ltr'>ante</span> 
     </span>
     <span class='ocr_line' id='line_1_47' title="bbox 67 2791 947 2843; baseline -0.003 -12"><span class='ocrx_word' id='word_1_409' title='bbox 67 2791 226 2831; x_wconf 82' lang='lat' dir='ltr'>solitum</span> <span class='ocrx_word' id='word_1_410' title='bbox 250 2806 283 2831; x_wconf 82' lang='lat' dir='ltr'>s,</span> <span class='ocrx_word' id='word_1_411' title='bbox 308 2797 457 2832; x_wconf 85' lang='lat' dir='ltr'>statum</span> <span class='ocrx_word' id='word_1_412' title='bbox 480 2804 514 2830; x_wconf 89' lang='lat' dir='ltr'>s.</span> <span class='ocrx_word' id='word_1_413' title='bbox 538 2805 690 2830; x_wconf 82' lang='lat' dir='ltr'>nonum</span> <span class='ocrx_word' id='word_1_414' title='bbox 707 2793 802 2843; x_wconf 85' lang='lat' dir='ltr'>post</span> <span class='ocrx_word' id='word_1_415' title='bbox 814 2791 947 2841; x_wconf 88' lang='lat' dir='ltr'>sepul-</span> 
     </span>
     <span class='ocr_line' id='line_1_48' title="bbox 66 2847 948 2899; baseline 0 -14"><span class='ocrx_word' id='word_1_416' title='bbox 66 2852 210 2895; x_wconf 87' lang='lat' dir='ltr'>turam,</span> <span class='ocrx_word' id='word_1_417' title='bbox 245 2861 362 2899; x_wconf 88' lang='lat' dir='ltr'>quam</span> <span class='ocrx_word' id='word_1_418' title='bbox 386 2848 618 2886; x_wconf 85' lang='lat' dir='ltr'>memoravit</span> <span class='ocrx_word' id='word_1_419' title='bbox 639 2847 755 2886; x_wconf 88' lang='lat' dir='ltr'>huius</span> <span class='ocrx_word' id='word_1_420' title='bbox 780 2847 948 2898; x_wconf 86' lang='lat' dir='ltr'>paginae</span> 
     </span>
     <span class='ocr_line' id='line_1_49' title="bbox 67 2904 948 2951; baseline 0 -9"><span class='ocrx_word' id='word_1_421' title='bbox 67 2905 195 2951; x_wconf 85' lang='lat' dir='ltr'>initio,</span> <span class='ocrx_word' id='word_1_422' title='bbox 219 2904 342 2951; x_wconf 88' lang='lat' dir='ltr'>diem,</span> <span class='ocrx_word' id='word_1_423' title='bbox 365 2905 469 2944; x_wconf 87' lang='lat' dir='ltr'>unde</span> <span class='ocrx_word' id='word_1_424' title='bbox 492 2904 699 2943; x_wconf 87' lang='lat' dir='ltr'>notissima</span> <span class='ocrx_word' id='word_1_425' title='bbox 716 2907 807 2941; x_wconf 88' lang='lat' dir='ltr'>sunt</span> <span class='ocrx_word' id='word_1_426' title='bbox 825 2917 948 2943; x_wconf 88' lang='lat' dir='ltr'>sacra</span> 
     </span>
     <span class='ocr_line' id='line_1_50' title="bbox 67 2958 944 3010; baseline -0.001 -11"><span class='ocrx_word' id='word_1_427' title='bbox 67 2961 353 3001; x_wconf 76' lang='lat' dir='ltr'>novemdialia.</span> <span class='ocrx_word' id='word_1_428' title='bbox 403 2958 451 3000; x_wconf 86' lang='lat' dir='ltr'>cf.</span> <span class='ocrx_word' id='word_1_429' title='bbox 483 2961 534 3000; x_wconf 88' lang='lat' dir='ltr'>ad</span> <span class='ocrx_word' id='word_1_430' title='bbox 558 2960 656 2998; x_wconf 80' lang='lat' dir='ltr'>Met.</span> <span class='ocrx_word' id='word_1_431' title='bbox 681 2959 750 2998; x_wconf 84' lang='grc' dir='ltr'><strong>ΙΧ.</strong></span> <span class='ocrx_word' id='word_1_432' title='bbox 782 2973 820 3010; x_wconf 90' lang='lat' dir='ltr'>p.</span> <span class='ocrx_word' id='word_1_433' title='bbox 847 2964 944 3001; x_wconf 81' lang='grc'><strong>652.</strong></span> 
     </span>
     <span class='ocr_line' id='line_1_51' title="bbox 68 3015 946 3068; baseline -0.001 -13"><span class='ocrx_word' id='word_1_434' title='bbox 68 3015 201 3062; x_wconf 80' lang='lat' dir='ltr'>Quare</span> <span class='ocrx_word' id='word_1_435' title='bbox 215 3018 382 3068; x_wconf 86' lang='lat' dir='ltr'>cogitavi</span> <span class='ocrx_word' id='word_1_436' title='bbox 394 3017 688 3056; x_wconf 86' lang='lat' dir='ltr'>rescribendum</span> <span class='ocrx_word' id='word_1_437' title='bbox 702 3029 813 3054; x_wconf 86' lang='lat' dir='ltr'>esse:</span> <span class='ocrx_word' id='word_1_438' title='bbox 839 3020 946 3055; x_wconf 80' lang='lat' dir='ltr'>stato</span> 
     </span>
     <span class='ocr_line' id='line_1_52' title="bbox 68 3071 946 3125; baseline 0 -14"><span class='ocrx_word' id='word_1_439' title='bbox 68 3085 178 3111; x_wconf 82' lang='lat' dir='ltr'>more</span> <span class='ocrx_word' id='word_1_440' title='bbox 201 3074 416 3125; x_wconf 76' lang='lat' dir='ltr'>explicitis</span> <span class='ocrx_word' id='word_1_441' title='bbox 444 3073 510 3111; x_wconf 83' lang='lat' dir='ltr'>vel</span> <span class='ocrx_word' id='word_1_442' title='bbox 539 3073 763 3124; x_wconf 71' lang='lat' dir='ltr'>explicatis</span> <span class='ocrx_word' id='word_1_443' title='bbox 788 3071 852 3110; x_wconf 86' lang='lat' dir='ltr'>vel</span> <span class='ocrx_word' id='word_1_444' title='bbox 877 3086 946 3111; x_wconf 77' lang='lat' dir='ltr'>ex-</span> 
     </span>
     <span class='ocr_line' id='line_1_53' title="bbox 66 3127 947 3181; baseline 0 -14"><span class='ocrx_word' id='word_1_445' title='bbox 66 3128 200 3179; x_wconf 79' lang='lat' dir='ltr'>pletis.</span> <span class='ocrx_word' id='word_1_446' title='bbox 240 3128 287 3168; x_wconf 85' lang='lat' dir='ltr'>cs.</span> <span class='ocrx_word' id='word_1_447' title='bbox 311 3127 410 3169; x_wconf 85' lang='lat' dir='ltr'>Met.</span> <span class='ocrx_word' id='word_1_448' title='bbox 436 3130 462 3168; x_wconf 91' lang='lat' dir='ltr'>l.</span> <span class='ocrx_word' id='word_1_449' title='bbox 489 3144 526 3181; x_wconf 89' lang='lat' dir='ltr'>p.</span> <span class='ocrx_word' id='word_1_450' title='bbox 553 3133 617 3170; x_wconf 82' lang='grc'><strong>29.</strong></span> <span class='ocrx_word' id='word_1_451' title='bbox 640 3128 865 3181; x_wconf 76' lang='lat' dir='ltr'>persolutis</span> <span class='ocrx_word' id='word_1_452' title='bbox 886 3129 947 3178; x_wconf 83' lang='lat' dir='ltr'>fe-</span> 
     </span>
    </p>
   </div>
   <div class='ocr_carea' id='block_1_6' title="bbox 1001 1098 1885 3177">
    <p class='ocr_par' dir='ltr' id='par_1_6' title="bbox 1001 1098 1885 3177">
     <span class='ocr_line' id='line_1_54' title="bbox 1010 1098 1883 1154; baseline -0.007 -12"><span class='ocrx_word' id='word_1_453' title='bbox 1010 1104 1166 1142; x_wconf 79' lang='lat' dir='ltr'>ralibus</span> <span class='ocrx_word' id='word_1_454' title='bbox 1209 1103 1361 1154; x_wconf 79' lang='lat' dir='ltr'>officiis</span> <span class='ocrx_word' id='word_1_455' title='bbox 1404 1105 1444 1139; x_wconf 86' lang='lat' dir='ltr'>et</span> <span class='ocrx_word' id='word_1_456' title='bbox 1486 1100 1584 1138; x_wconf 82' lang='lat' dir='ltr'>Met.</span> <span class='ocrx_word' id='word_1_457' title='bbox 1630 1098 1679 1137; x_wconf 88' lang='lat' dir='ltr'>X.</span> <span class='ocrx_word' id='word_1_458' title='bbox 1719 1113 1755 1149; x_wconf 85' lang='lat' dir='ltr'>p.</span> <span class='ocrx_word' id='word_1_459' title='bbox 1792 1102 1883 1139; x_wconf 78' lang='lat'>690.</span> 
     </span>
     <span class='ocr_line' id='line_1_55' title="bbox 1010 1154 1885 1209; baseline -0.005 -12"><span class='ocrx_word' id='word_1_460' title='bbox 1010 1161 1082 1198; x_wconf 68' lang='lat' dir='ltr'>via·</span> <span class='ocrx_word' id='word_1_461' title='bbox 1107 1160 1202 1198; x_wconf 80' lang='lat' dir='ltr'>dum</span> <span class='ocrx_word' id='word_1_462' title='bbox 1218 1171 1400 1209; x_wconf 77' lang='lat' dir='ltr'>pompae</span> <span class='ocrx_word' id='word_1_463' title='bbox 1416 1157 1604 1207; x_wconf 84' lang='lat' dir='ltr'>funebris</span> <span class='ocrx_word' id='word_1_464' title='bbox 1623 1160 1663 1194; x_wconf 83' lang='lat' dir='ltr'>et</span> <span class='ocrx_word' id='word_1_465' title='bbox 1673 1154 1885 1207; x_wconf 74' lang='lat' dir='ltr'>sepultura</span> 
     </span>
     <span class='ocr_line' id='line_1_56' title="bbox 1004 1209 1884 1267; baseline -0.005 -15"><span class='ocrx_word' id='word_1_466' title='bbox 1004 1216 1086 1267; x_wconf 84' lang='lat' dir='ltr'>filii</span> <span class='ocrx_word' id='word_1_467' title='bbox 1095 1218 1240 1266; x_wconf 81' lang='lat' dir='ltr'>fuerat</span> <span class='ocrx_word' id='word_1_468' title='bbox 1252 1214 1477 1264; x_wconf 69' lang='lat' dir='ltr'>explicata.</span> <span class='ocrx_word' id='word_1_469' title='bbox 1505 1212 1552 1250; x_wconf 81' lang='lat' dir='ltr'>cf.</span> <span class='ocrx_word' id='word_1_470' title='bbox 1569 1211 1772 1250; x_wconf 85' lang='lat' dir='ltr'>Duk.adF</span> <span class='ocrx_word' id='word_1_471' title='bbox 1777 1211 1845 1249; x_wconf 86' lang='lat' dir='ltr'>lor.</span> <span class='ocrx_word' id='word_1_472' title='bbox 1856 1209 1884 1249; x_wconf 88' lang='lat' dir='ltr'>l.</span> 
     </span>
     <span class='ocr_line' id='line_1_57' title="bbox 1012 1266 1881 1310; baseline -0.008 0"><span class='ocrx_word' id='word_1_473' title='bbox 1012 1275 1075 1310; x_wconf 91' lang='grc'><strong>17.</strong></span> <span class='ocrx_word' id='word_1_474' title='bbox 1107 1270 1209 1308; x_wconf 88' lang='lat' dir='ltr'>Oud.</span> <span class='ocrx_word' id='word_1_475' title='bbox 1235 1270 1271 1307; x_wconf 91' lang='lat' dir='ltr'>in</span> <span class='ocrx_word' id='word_1_476' title='bbox 1304 1268 1475 1307; x_wconf 87' lang='lat' dir='ltr'>Miscell.</span> <span class='ocrx_word' id='word_1_477' title='bbox 1508 1267 1676 1306; x_wconf 84' lang='lat' dir='ltr'>Observ.</span> <span class='ocrx_word' id='word_1_478' title='bbox 1703 1267 1794 1306; x_wconf 75' lang='lat' dir='ltr'>Vol.</span> <span class='ocrx_word' id='word_1_479' title='bbox 1820 1266 1881 1304; x_wconf 85' lang='grc' dir='ltr'><strong>ΙΙΙ.</strong></span> 
     </span>
     <span class='ocr_line' id='line_1_58' title="bbox 1010 1322 1883 1377; baseline -0.003 -13"><span class='ocrx_word' id='word_1_480' title='bbox 1010 1325 1054 1364; x_wconf 88' lang='lat' dir='ltr'>T.</span> <span class='ocrx_word' id='word_1_481' title='bbox 1093 1326 1119 1365; x_wconf 89' lang='lat' dir='ltr'>l.</span> <span class='ocrx_word' id='word_1_482' title='bbox 1157 1340 1194 1376; x_wconf 89' lang='lat' dir='ltr'>p.</span> <span class='ocrx_word' id='word_1_483' title='bbox 1237 1329 1328 1365; x_wconf 85' lang='lat'>131.</span> <span class='ocrx_word' id='word_1_484' title='bbox 1377 1324 1488 1377; x_wconf 85' lang='lat' dir='ltr'>[Alio</span> <span class='ocrx_word' id='word_1_485' title='bbox 1522 1324 1608 1362; x_wconf 86' lang='lat' dir='ltr'>loco</span> <span class='ocrx_word' id='word_1_486' title='bbox 1635 1323 1727 1361; x_wconf 88' lang='lat' dir='ltr'>dicit</span> <span class='ocrx_word' id='word_1_487' title='bbox 1763 1322 1883 1374; x_wconf 83' lang='lat' dir='ltr'>Apul.</span> 
     </span>
     <span class='ocr_line' id='line_1_59' title="bbox 1005 1380 1882 1433; baseline -0.006 -12"><span class='ocrx_word' id='word_1_488' title='bbox 1005 1382 1074 1421; x_wconf 85' lang='lat' dir='ltr'>lX.</span> <span class='ocrx_word' id='word_1_489' title='bbox 1101 1396 1137 1433; x_wconf 89' lang='lat' dir='ltr'>p.</span> <span class='ocrx_word' id='word_1_490' title='bbox 1165 1386 1258 1423; x_wconf 82' lang='lat'>652.</span> <span class='ocrx_word' id='word_1_491' title='bbox 1281 1383 1467 1432; x_wconf 73' lang='lat' dir='ltr'>peractis</span> <span class='ocrx_word' id='word_1_492' title='bbox 1487 1380 1692 1432; x_wconf 77' lang='lat' dir='ltr'>feralibus</span> <span class='ocrx_word' id='word_1_493' title='bbox 1720 1380 1882 1431; x_wconf 78' lang='lat' dir='ltr'>officiis,</span> 
     </span>
     <span class='ocr_line' id='line_1_60' title="bbox 1007 1435 1883 1490; baseline -0.006 -13"><span class='ocrx_word' id='word_1_494' title='bbox 1007 1440 1069 1490; x_wconf 90' lang='lat' dir='ltr'>qui</span> <span class='ocrx_word' id='word_1_495' title='bbox 1096 1442 1322 1488; x_wconf 78' lang='lat' dir='ltr'>argumento</span> <span class='ocrx_word' id='word_1_496' title='bbox 1347 1440 1427 1483; x_wconf 86' lang='lat' dir='ltr'>est,</span> <span class='ocrx_word' id='word_1_497' title='bbox 1453 1440 1693 1487; x_wconf 85' lang='lat' dir='ltr'>quantopere</span> <span class='ocrx_word' id='word_1_498' title='bbox 1711 1435 1812 1473; x_wconf 83' lang='lat' dir='ltr'>hanc</span> <span class='ocrx_word' id='word_1_499' title='bbox 1831 1435 1883 1472; x_wconf 90' lang='lat' dir='ltr'>di-</span> 
     </span>
     <span class='ocr_line' id='line_1_61' title="bbox 1007 1491 1883 1545; baseline -0.007 -11"><span class='ocrx_word' id='word_1_500' title='bbox 1007 1497 1173 1534; x_wconf 85' lang='lat' dir='ltr'>ctionem</span> <span class='ocrx_word' id='word_1_501' title='bbox 1210 1495 1298 1545; x_wconf 86' lang='lat' dir='ltr'>ipse</span> <span class='ocrx_word' id='word_1_502' title='bbox 1332 1494 1547 1531; x_wconf 76' lang='lat' dir='ltr'>variaverit.</span> <span class='ocrx_word' id='word_1_503' title='bbox 1595 1491 1658 1529; x_wconf 84' lang='lat' dir='ltr'>Ex</span> <span class='ocrx_word' id='word_1_504' title='bbox 1687 1491 1761 1529; x_wconf 85' lang='lat' dir='ltr'>hae</span> <span class='ocrx_word' id='word_1_505' title='bbox 1791 1504 1883 1528; x_wconf 76' lang='lat' dir='ltr'>vero</span> 
     </span>
     <span class='ocr_line' id='line_1_62' title="bbox 1005 1548 1883 1590; baseline -0.008 0"><span class='ocrx_word' id='word_1_506' title='bbox 1005 1552 1220 1590; x_wconf 86' lang='lat' dir='ltr'>mutatione</span> <span class='ocrx_word' id='word_1_507' title='bbox 1249 1549 1430 1588; x_wconf 77' lang='lat' dir='ltr'>confusio</span> <span class='ocrx_word' id='word_1_508' title='bbox 1462 1548 1574 1587; x_wconf 88' lang='lat' dir='ltr'>codd.</span> <span class='ocrx_word' id='word_1_509' title='bbox 1606 1548 1756 1585; x_wconf 77' lang='lat' dir='ltr'>videtur</span> <span class='ocrx_word' id='word_1_510' title='bbox 1788 1560 1883 1584; x_wconf 84' lang='lat' dir='ltr'>esse</span> 
     </span>
     <span class='ocr_line' id='line_1_63' title="bbox 1003 1604 1883 1654; baseline -0.005 -8"><span class='ocrx_word' id='word_1_511' title='bbox 1003 1613 1154 1647; x_wconf 76' lang='lat' dir='ltr'>exorta.</span> <span class='ocrx_word' id='word_1_512' title='bbox 1204 1606 1361 1645; x_wconf 85' lang='lat' dir='ltr'>Plurimi</span> <span class='ocrx_word' id='word_1_513' title='bbox 1382 1619 1475 1644; x_wconf 87' lang='lat' dir='ltr'>vero</span> <span class='ocrx_word' id='word_1_514' title='bbox 1495 1604 1610 1644; x_wconf 89' lang='lat' dir='ltr'>codd.</span> <span class='ocrx_word' id='word_1_515' title='bbox 1626 1617 1743 1654; x_wconf 88' lang='lat' dir='ltr'>quum</span> <span class='ocrx_word' id='word_1_516' title='bbox 1754 1605 1883 1653; x_wconf 75' lang='lat' dir='ltr'>factis</span> 
     </span>
     <span class='ocr_line' id='line_1_64' title="bbox 1004 1660 1883 1709; baseline -0.007 -6"><span class='ocrx_word' id='word_1_517' title='bbox 1004 1666 1187 1709; x_wconf 84' lang='lat' dir='ltr'>scribant,</span> <span class='ocrx_word' id='word_1_518' title='bbox 1201 1664 1300 1702; x_wconf 85' lang='lat' dir='ltr'>hanc</span> <span class='ocrx_word' id='word_1_519' title='bbox 1313 1662 1521 1701; x_wconf 86' lang='lat' dir='ltr'>lectionem</span> <span class='ocrx_word' id='word_1_520' title='bbox 1533 1660 1774 1699; x_wconf 84' lang='lat' dir='ltr'>retinendam</span> <span class='ocrx_word' id='word_1_521' title='bbox 1788 1673 1883 1698; x_wconf 85' lang='lat' dir='ltr'>esse</span> 
     </span>
     <span class='ocr_line' id='line_1_65' title="bbox 1004 1716 1882 1772; baseline -0.006 -14"><span class='ocrx_word' id='word_1_522' title='bbox 1004 1721 1209 1772; x_wconf 87' lang='lat' dir='ltr'>putabam,</span> <span class='ocrx_word' id='word_1_523' title='bbox 1234 1733 1337 1770; x_wconf 87' lang='lat' dir='ltr'>quae</span> <span class='ocrx_word' id='word_1_524' title='bbox 1367 1720 1530 1770; x_wconf 86' lang='lat' dir='ltr'>primum</span> <span class='ocrx_word' id='word_1_525' title='bbox 1560 1730 1611 1755; x_wconf 85' lang='lat' dir='ltr'>ex</span> <span class='ocrx_word' id='word_1_526' title='bbox 1637 1716 1882 1767; x_wconf 81' lang='lat' dir='ltr'>glossemate</span> 
     </span>
     <span class='ocr_line' id='line_1_66' title="bbox 1002 1773 1881 1830; baseline -0.006 -16"><span class='ocrx_word' id='word_1_527' title='bbox 1002 1778 1039 1815; x_wconf 91' lang='lat' dir='ltr'>in</span> <span class='ocrx_word' id='word_1_528' title='bbox 1066 1778 1215 1830; x_wconf 78' lang='lat' dir='ltr'>effecte&#39;s</span> <span class='ocrx_word' id='word_1_529' title='bbox 1239 1779 1384 1814; x_wconf 71' lang='lat' dir='ltr'>mutata</span> <span class='ocrx_word' id='word_1_530' title='bbox 1410 1779 1489 1813; x_wconf 90' lang='lat' dir='ltr'>tum</span> <span class='ocrx_word' id='word_1_531' title='bbox 1513 1773 1784 1813; x_wconf 85' lang='lat' dir='ltr'>diversissime</span> <span class='ocrx_word' id='word_1_532' title='bbox 1802 1787 1881 1810; x_wconf 83' lang='lat' dir='ltr'>cor-</span> 
     </span>
     <span class='ocr_line' id='line_1_67' title="bbox 1001 1828 1880 1885; baseline -0.007 -13"><span class='ocrx_word' id='word_1_533' title='bbox 1001 1838 1115 1884; x_wconf 84' lang='lat' dir='ltr'>rupta</span> <span class='ocrx_word' id='word_1_534' title='bbox 1128 1837 1201 1871; x_wconf 77' lang='lat' dir='ltr'>est.</span> <span class='ocrx_word' id='word_1_535' title='bbox 1240 1832 1436 1885; x_wconf 83' lang='lat' dir='ltr'>Officium</span> <span class='ocrx_word' id='word_1_536' title='bbox 1447 1832 1592 1881; x_wconf 71' lang='lat' dir='ltr'>facere</span> <span class='ocrx_word' id='word_1_537' title='bbox 1604 1830 1700 1868; x_wconf 84' lang='lat' dir='ltr'>dixit</span> <span class='ocrx_word' id='word_1_538' title='bbox 1724 1828 1880 1867; x_wconf 76' lang='lat' dir='ltr'>Terent.</span> 
     </span>
     <span class='ocr_line' id='line_1_68' title="bbox 1001 1884 1878 1940; baseline -0.003 -12"><span class='ocrx_word' id='word_1_539' title='bbox 1001 1889 1174 1940; x_wconf 87' lang='lat' dir='ltr'>Adelph.</span> <span class='ocrx_word' id='word_1_540' title='bbox 1202 1889 1229 1928; x_wconf 91' lang='lat' dir='ltr'>l.</span> <span class='ocrx_word' id='word_1_541' title='bbox 1260 1894 1292 1928; x_wconf 84' lang='lat'>1.</span> <span class='ocrx_word' id='word_1_542' title='bbox 1319 1892 1384 1928; x_wconf 89' lang='lat'>44.</span> <span class='ocrx_word' id='word_1_543' title='bbox 1422 1889 1476 1926; x_wconf 78' lang='lat' dir='ltr'>At</span> <span class='ocrx_word' id='word_1_544' title='bbox 1505 1888 1608 1925; x_wconf 89' lang='lat' dir='ltr'>bene</span> <span class='ocrx_word' id='word_1_545' title='bbox 1638 1886 1733 1923; x_wconf 71' lang='lat' dir='ltr'>vidit</span> <span class='ocrx_word' id='word_1_546' title='bbox 1757 1884 1878 1926; x_wconf 84' lang='lat' dir='ltr'>Oud..</span> 
     </span>
     <span class='ocr_line' id='line_1_69' title="bbox 1005 1940 1879 1995; baseline -0.007 -10"><span class='ocrx_word' id='word_1_547' title='bbox 1005 1947 1142 1986; x_wconf 78' lang='lat' dir='ltr'>statim</span> <span class='ocrx_word' id='word_1_548' title='bbox 1167 1945 1230 1983; x_wconf 81' lang='lat' dir='ltr'>hic</span> <span class='ocrx_word' id='word_1_549' title='bbox 1252 1943 1472 1995; x_wconf 82' lang='lat' dir='ltr'>significare</span> <span class='ocrx_word' id='word_1_550' title='bbox 1496 1957 1572 1981; x_wconf 88' lang='lat' dir='ltr'>non</span> <span class='ocrx_word' id='word_1_551' title='bbox 1597 1955 1721 1994; x_wconf 89' lang='lat' dir='ltr'>posse</span> <span class='ocrx_word' id='word_1_552' title='bbox 1751 1940 1879 1987; x_wconf 80' lang='lat' dir='ltr'>illico,</span> 
     </span>
     <span class='ocr_line' id='line_1_70' title="bbox 1005 1998 1879 2053; baseline -0.007 -12"><span class='ocrx_word' id='word_1_553' title='bbox 1005 2017 1026 2041; x_wconf 86' lang='lat' dir='ltr'>e</span> <span class='ocrx_word' id='word_1_554' title='bbox 1053 2003 1239 2053; x_wconf 75' lang='lat' dir='ltr'>cestiyio,</span> <span class='ocrx_word' id='word_1_555' title='bbox 1268 2014 1357 2039; x_wconf 89' lang='lat' dir='ltr'>cum</span> <span class='ocrx_word' id='word_1_556' title='bbox 1382 2000 1447 2037; x_wconf 84' lang='lat' dir='ltr'>vix</span> <span class='ocrx_word' id='word_1_557' title='bbox 1470 2003 1621 2050; x_wconf 77' lang='lat' dir='ltr'>putem,</span> <span class='ocrx_word' id='word_1_558' title='bbox 1653 1998 1879 2048; x_wconf 81' lang='lat' dir='ltr'>religionem</span> 
     </span>
     <span class='ocr_line' id='line_1_71' title="bbox 1002 2055 1880 2107; baseline -0.007 -10"><span class='ocrx_word' id='word_1_559' title='bbox 1002 2062 1081 2097; x_wconf 84' lang='lat' dir='ltr'>tam</span> <span class='ocrx_word' id='word_1_560' title='bbox 1107 2058 1273 2107; x_wconf 71' lang='lat' dir='ltr'>graviter</span> <span class='ocrx_word' id='word_1_561' title='bbox 1298 2055 1478 2095; x_wconf 88' lang='lat' dir='ltr'>Chariten</span> <span class='ocrx_word' id='word_1_562' title='bbox 1512 2056 1658 2094; x_wconf 83' lang='lat' dir='ltr'>violare</span> <span class='ocrx_word' id='word_1_563' title='bbox 1687 2055 1880 2106; x_wconf 83' lang='lat' dir='ltr'>potuisse,</span> 
     </span>
     <span class='ocr_line' id='line_1_72' title="bbox 1003 2109 1881 2153; baseline -0.006 -1"><span class='ocrx_word' id='word_1_564' title='bbox 1003 2119 1045 2153; x_wconf 88' lang='lat' dir='ltr'>ut</span> <span class='ocrx_word' id='word_1_565' title='bbox 1069 2115 1155 2152; x_wconf 86' lang='lat' dir='ltr'>dies</span> <span class='ocrx_word' id='word_1_566' title='bbox 1181 2114 1413 2152; x_wconf 88' lang='lat' dir='ltr'>constitutos</span> <span class='ocrx_word' id='word_1_567' title='bbox 1438 2127 1513 2151; x_wconf 90' lang='lat' dir='ltr'>non</span> <span class='ocrx_word' id='word_1_568' title='bbox 1545 2115 1732 2150; x_wconf 81' lang='lat' dir='ltr'>servaret.</span> <span class='ocrx_word' id='word_1_569' title='bbox 1779 2109 1881 2149; x_wconf 86' lang='lat' dir='ltr'>Hinc</span> 
     </span>
     <span class='ocr_line' id='line_1_73' title="bbox 1002 2167 1877 2220; baseline -0.007 -11"><span class='ocrx_word' id='word_1_570' title='bbox 1002 2172 1272 2209; x_wconf 78' lang='lat' dir='ltr'>necessarium</span> <span class='ocrx_word' id='word_1_571' title='bbox 1286 2173 1366 2215; x_wconf 80' lang='lat' dir='ltr'>est,</span> <span class='ocrx_word' id='word_1_572' title='bbox 1392 2170 1527 2209; x_wconf 81' lang='lat' dir='ltr'>statim</span> <span class='ocrx_word' id='word_1_573' title='bbox 1540 2168 1658 2220; x_wconf 85' lang='lat' dir='ltr'>plane</span> <span class='ocrx_word' id='word_1_574' title='bbox 1671 2167 1748 2206; x_wconf 85' lang='lat' dir='ltr'>alia</span> <span class='ocrx_word' id='word_1_575' title='bbox 1762 2167 1877 2218; x_wconf 82' lang='lat' dir='ltr'>signi-</span> 
     </span>
     <span class='ocr_line' id='line_1_74' title="bbox 1003 2225 1879 2275; baseline -0.002 -11"><span class='ocrx_word' id='word_1_576' title='bbox 1003 2227 1183 2266; x_wconf 86' lang='lat' dir='ltr'>ficatione</span> <span class='ocrx_word' id='word_1_577' title='bbox 1214 2226 1276 2265; x_wconf 87' lang='lat' dir='ltr'>hic</span> <span class='ocrx_word' id='word_1_578' title='bbox 1307 2225 1449 2265; x_wconf 90' lang='lat' dir='ltr'>dictum</span> <span class='ocrx_word' id='word_1_579' title='bbox 1479 2237 1591 2271; x_wconf 88' lang='lat' dir='ltr'>esse,</span> <span class='ocrx_word' id='word_1_580' title='bbox 1623 2237 1694 2275; x_wconf 88' lang='lat' dir='ltr'>pro</span> <span class='ocrx_word' id='word_1_581' title='bbox 1718 2228 1879 2268; x_wconf 81' lang='lat' dir='ltr'>statute,</span> 
     </span>
     <span class='ocr_line' id='line_1_75' title="bbox 1006 2279 1878 2334; baseline -0.005 -12"><span class='ocrx_word' id='word_1_582' title='bbox 1006 2284 1208 2328; x_wconf 71' lang='lat' dir='ltr'>ordinate,</span> <span class='ocrx_word' id='word_1_583' title='bbox 1231 2287 1275 2322; x_wconf 93' lang='lat' dir='ltr'>ut</span> <span class='ocrx_word' id='word_1_584' title='bbox 1298 2282 1469 2334; x_wconf 86' lang='lat' dir='ltr'>explicat</span> <span class='ocrx_word' id='word_1_585' title='bbox 1498 2280 1648 2320; x_wconf 85' lang='lat' dir='ltr'>Charis.</span> <span class='ocrx_word' id='word_1_586' title='bbox 1661 2279 1708 2319; x_wconf 85' lang='lat' dir='ltr'>ll.</span> <span class='ocrx_word' id='word_1_587' title='bbox 1732 2293 1770 2331; x_wconf 93' lang='lat' dir='ltr'>p.</span> <span class='ocrx_word' id='word_1_588' title='bbox 1788 2282 1878 2320; x_wconf 83' lang='lat'>195.</span> 
     </span>
     <span class='ocr_line' id='line_1_76' title="bbox 1003 2338 1883 2391; baseline -0.005 -13"><span class='ocrx_word' id='word_1_589' title='bbox 1003 2340 1040 2378; x_wconf 88' lang='lat' dir='ltr'>in</span> <span class='ocrx_word' id='word_1_590' title='bbox 1067 2340 1250 2391; x_wconf 85' lang='lat' dir='ltr'>exemplo</span> <span class='ocrx_word' id='word_1_591' title='bbox 1275 2339 1403 2377; x_wconf 90' lang='lat' dir='ltr'>Accii:</span> <span class='ocrx_word' id='word_1_592' title='bbox 1437 2338 1671 2390; x_wconf 65' lang='lat' dir='ltr'>Vectigalia</span> <span class='ocrx_word' id='word_1_593' title='bbox 1693 2338 1883 2389; x_wconf 73' lang='lat' dir='ltr'>leyerant</span> 
     </span>
     <span class='ocr_line' id='line_1_77' title="bbox 1003 2392 1880 2442; baseline -0.008 -7"><span class='ocrx_word' id='word_1_594' title='bbox 1003 2401 1154 2442; x_wconf 76' lang='lat' dir='ltr'>vestra,</span> <span class='ocrx_word' id='word_1_595' title='bbox 1168 2401 1208 2435; x_wconf 81' lang='lat' dir='ltr'>et</span> <span class='ocrx_word' id='word_1_596' title='bbox 1218 2400 1431 2436; x_wconf 74' lang='lat' dir='ltr'>servantur</span> <span class='ocrx_word' id='word_1_597' title='bbox 1449 2395 1623 2433; x_wconf 84' lang='lat' dir='ltr'>statim.</span> <span class='ocrx_word' id='word_1_598' title='bbox 1649 2392 1737 2431; x_wconf 89' lang='lat' dir='ltr'>Huc</span> <span class='ocrx_word' id='word_1_599' title='bbox 1751 2392 1880 2430; x_wconf 80' lang='lat' dir='ltr'>facere</span> 
     </span>
     <span class='ocr_line' id='line_1_78' title="bbox 1004 2449 1878 2491; baseline -0.005 -1"><span class='ocrx_word' id='word_1_600' title='bbox 1004 2453 1156 2491; x_wconf 82' lang='lat' dir='ltr'>videtur</span> <span class='ocrx_word' id='word_1_601' title='bbox 1184 2452 1298 2490; x_wconf 87' lang='lat' dir='ltr'>locus</span> <span class='ocrx_word' id='word_1_602' title='bbox 1334 2451 1492 2491; x_wconf 84' lang='lat' dir='ltr'>Terent.</span> <span class='ocrx_word' id='word_1_603' title='bbox 1519 2449 1681 2489; x_wconf 85' lang='lat' dir='ltr'>Phorm.</span> <span class='ocrx_word' id='word_1_604' title='bbox 1701 2449 1745 2487; x_wconf 85' lang='lat' dir='ltr'>V.</span> <span class='ocrx_word' id='word_1_605' title='bbox 1777 2452 1814 2488; x_wconf 87' lang='lat'>3.</span> <span class='ocrx_word' id='word_1_606' title='bbox 1842 2452 1878 2487; x_wconf 81' lang='lat'>6.</span> 
     </span>
     <span class='ocr_line' id='line_1_79' title="bbox 1002 2505 1880 2560; baseline -0.009 -11"><span class='ocrx_word' id='word_1_607' title='bbox 1002 2523 1096 2549; x_wconf 74' lang='lat' dir='ltr'>nam</span> <span class='ocrx_word' id='word_1_608' title='bbox 1128 2522 1184 2548; x_wconf 70' lang='lat' dir='ltr'>ex</span> <span class='ocrx_word' id='word_1_609' title='bbox 1220 2509 1283 2547; x_wconf 77' lang='grc' dir='ltr'>Ιιίε</span> <span class='ocrx_word' id='word_1_610' title='bbox 1312 2508 1504 2560; x_wconf 79' lang='lat' dir='ltr'>praediis</span> <span class='ocrx_word' id='word_1_611' title='bbox 1529 2507 1684 2546; x_wconf 77' lang='lat' dir='ltr'>talenta</span> <span class='ocrx_word' id='word_1_612' title='bbox 1714 2505 1880 2556; x_wconf 61' lang='lat' dir='ltr'>argenti</span> 
     </span>
     <span class='ocr_line' id='line_1_80' title="bbox 1004 2559 1880 2616; baseline -0.009 -12"><span class='ocrx_word' id='word_1_613' title='bbox 1004 2566 1101 2604; x_wconf 78' lang='lat' dir='ltr'>bina</span> <span class='ocrx_word' id='word_1_614' title='bbox 1124 2566 1261 2604; x_wconf 86' lang='lat' dir='ltr'>statim</span> <span class='ocrx_word' id='word_1_615' title='bbox 1284 2564 1489 2616; x_wconf 81' lang='lat' dir='ltr'>capiebat,</span> <span class='ocrx_word' id='word_1_616' title='bbox 1514 2563 1580 2601; x_wconf 85' lang='lat' dir='ltr'>ubi</span> <span class='ocrx_word' id='word_1_617' title='bbox 1604 2562 1750 2600; x_wconf 77' lang='lat' dir='ltr'>Donat.</span> <span class='ocrx_word' id='word_1_618' title='bbox 1776 2559 1880 2598; x_wconf 84' lang='lat' dir='ltr'>male</span> 
     </span>
     <span class='ocr_line' id='line_1_81' title="bbox 1004 2616 1878 2673; baseline -0.008 -14"><span class='ocrx_word' id='word_1_619' title='bbox 1004 2622 1176 2672; x_wconf 89' lang='lat' dir='ltr'>explicat</span> <span class='ocrx_word' id='word_1_620' title='bbox 1199 2625 1405 2673; x_wconf 73' lang='lat' dir='ltr'>perpetuo,</span> <span class='ocrx_word' id='word_1_621' title='bbox 1432 2618 1665 2670; x_wconf 84' lang='lat' dir='ltr'>aequaliter,</span> <span class='ocrx_word' id='word_1_622' title='bbox 1698 2620 1736 2654; x_wconf 90' lang='lat' dir='ltr'>et</span> <span class='ocrx_word' id='word_1_623' title='bbox 1767 2616 1878 2666; x_wconf 86' lang='lat' dir='ltr'>quasi</span> 
     </span>
     <span class='ocr_line' id='line_1_82' title="bbox 1003 2677 1879 2727; baseline -0.008 -11"><span class='ocrx_word' id='word_1_624' title='bbox 1003 2692 1079 2716; x_wconf 87' lang='lat' dir='ltr'>uno</span> <span class='ocrx_word' id='word_1_625' title='bbox 1104 2681 1231 2723; x_wconf 87' lang='lat' dir='ltr'>statu,</span> <span class='ocrx_word' id='word_1_626' title='bbox 1256 2677 1330 2716; x_wconf 85' lang='lat' dir='ltr'>sed</span> <span class='ocrx_word' id='word_1_627' title='bbox 1356 2690 1424 2727; x_wconf 84' lang='lat' dir='ltr'>pro</span> <span class='ocrx_word' id='word_1_628' title='bbox 1449 2680 1555 2714; x_wconf 87' lang='lat' dir='ltr'>certa</span> <span class='ocrx_word' id='word_1_629' title='bbox 1579 2678 1805 2722; x_wconf 81' lang='lat' dir='ltr'>statutaque</span> <span class='ocrx_word' id='word_1_630' title='bbox 1824 2686 1879 2710; x_wconf 87' lang='lat' dir='ltr'>ra-</span> 
     </span>
     <span class='ocr_line' id='line_1_83' title="bbox 1007 2729 1880 2776; baseline -0.009 -4"><span class='ocrx_word' id='word_1_631' title='bbox 1007 2735 1113 2772; x_wconf 88' lang='lat' dir='ltr'>tione</span> <span class='ocrx_word' id='word_1_632' title='bbox 1147 2733 1381 2772; x_wconf 87' lang='lat' dir='ltr'>sumendum</span> <span class='ocrx_word' id='word_1_633' title='bbox 1412 2736 1492 2776; x_wconf 87' lang='lat' dir='ltr'>est,</span> <span class='ocrx_word' id='word_1_634' title='bbox 1523 2736 1566 2770; x_wconf 93' lang='lat' dir='ltr'>ut</span> <span class='ocrx_word' id='word_1_635' title='bbox 1595 2744 1668 2769; x_wconf 88' lang='lat' dir='ltr'>nos</span> <span class='ocrx_word' id='word_1_636' title='bbox 1700 2729 1880 2767; x_wconf 86' lang='lat' dir='ltr'>dicimus:</span> 
     </span>
     <span class='ocr_line' id='line_1_84' title="bbox 1003 2784 1882 2843; baseline -0.008 -14"><span class='ocrx_word' id='word_1_637' title='bbox 1003 2794 1081 2842; x_wconf 78' lang='lat' dir='ltr'>fiir</span> <span class='ocrx_word' id='word_1_638' title='bbox 1103 2789 1380 2843; x_wconf 71' lang='lat' dir='ltr'>yewo’lmlicli.</span> <span class='ocrx_word' id='word_1_639' title='bbox 1428 2787 1607 2826; x_wconf 86' lang='lat' dir='ltr'>Ceterum</span> <span class='ocrx_word' id='word_1_640' title='bbox 1634 2786 1807 2823; x_wconf 72' lang='lat' dir='ltr'>VVower.</span> <span class='ocrx_word' id='word_1_641' title='bbox 1831 2784 1882 2822; x_wconf 86' lang='lat' dir='ltr'>ad</span> 
     </span>
     <span class='ocr_line' id='line_1_85' title="bbox 1006 2841 1882 2896; baseline -0.008 -12"><span class='ocrx_word' id='word_1_642' title='bbox 1006 2845 1165 2884; x_wconf 88' lang='lat' dir='ltr'>Petron.</span> <span class='ocrx_word' id='word_1_643' title='bbox 1181 2860 1212 2884; x_wconf 86' lang='lat' dir='ltr'>c.</span> <span class='ocrx_word' id='word_1_644' title='bbox 1231 2851 1244 2886; x_wconf 85' lang='lat'><strong>1</strong></span> <span class='ocrx_word' id='word_1_645' title='bbox 1260 2849 1320 2886; x_wconf 89' lang='lat'>12.</span> <span class='ocrx_word' id='word_1_646' title='bbox 1336 2860 1372 2896; x_wconf 89' lang='lat' dir='ltr'>p.</span> <span class='ocrx_word' id='word_1_647' title='bbox 1388 2848 1482 2885; x_wconf 84' lang='lat'>674.</span> <span class='ocrx_word' id='word_1_648' title='bbox 1504 2842 1709 2896; x_wconf 75' lang='lat' dir='ltr'>feralibus</span> <span class='ocrx_word' id='word_1_649' title='bbox 1729 2841 1882 2893; x_wconf 75' lang='lat' dir='ltr'>officiis</span> 
     </span>
     <span class='ocr_line' id='line_1_86' title="bbox 1007 2895 1882 2953; baseline -0.007 -13"><span class='ocrx_word' id='word_1_650' title='bbox 1007 2902 1084 2953; x_wconf 84' lang='lat' dir='ltr'>legi</span> <span class='ocrx_word' id='word_1_651' title='bbox 1099 2906 1232 2941; x_wconf 86' lang='lat' dir='ltr'>nostro</span> <span class='ocrx_word' id='word_1_652' title='bbox 1248 2901 1334 2939; x_wconf 88' lang='lat' dir='ltr'>loco</span> <span class='ocrx_word' id='word_1_653' title='bbox 1350 2901 1460 2946; x_wconf 85' lang='lat' dir='ltr'>citat,</span> <span class='ocrx_word' id='word_1_654' title='bbox 1487 2899 1537 2938; x_wconf 88' lang='lat' dir='ltr'>ad</span> <span class='ocrx_word' id='word_1_655' title='bbox 1552 2912 1667 2950; x_wconf 88' lang='lat' dir='ltr'>quem</span> <span class='ocrx_word' id='word_1_656' title='bbox 1682 2898 1809 2936; x_wconf 86' lang='lat' dir='ltr'>locum</span> <span class='ocrx_word' id='word_1_657' title='bbox 1835 2895 1882 2934; x_wconf 78' lang='lat' dir='ltr'>ct&#39;.</span> 
     </span>
     <span class='ocr_line' id='line_1_87' title="bbox 1004 2953 1882 3009; baseline -0.009 -12"><span class='ocrx_word' id='word_1_658' title='bbox 1004 2959 1053 2996; x_wconf 83' lang='lat' dir='ltr'>de</span> <span class='ocrx_word' id='word_1_659' title='bbox 1068 2959 1142 2997; x_wconf 78' lang='lat' dir='ltr'>liae</span> <span class='ocrx_word' id='word_1_660' title='bbox 1155 2958 1322 2997; x_wconf 86' lang='lat' dir='ltr'>dictione</span> <span class='ocrx_word' id='word_1_661' title='bbox 1338 2956 1448 3009; x_wconf 49' lang='lat' dir='ltr'>lnttj„</span> <span class='ocrx_word' id='word_1_662' title='bbox 1461 2955 1571 2994; x_wconf 83' lang='lat' dir='ltr'>Male</span> <span class='ocrx_word' id='word_1_663' title='bbox 1584 2955 1672 2992; x_wconf 87' lang='lat' dir='ltr'>edd.</span> <span class='ocrx_word' id='word_1_664' title='bbox 1685 2958 1779 2991; x_wconf 89' lang='lat' dir='ltr'>vett.</span> <span class='ocrx_word' id='word_1_665' title='bbox 1792 2953 1882 2990; x_wconf 84' lang='lat' dir='ltr'>scri·</span> 
     </span>
     <span class='ocr_line' id='line_1_88' title="bbox 1006 3008 1885 3067; baseline -0.005 -15"><span class='ocrx_word' id='word_1_666' title='bbox 1006 3016 1098 3052; x_wconf 84' lang='lat' dir='ltr'>bunt</span> <span class='ocrx_word' id='word_1_667' title='bbox 1122 3014 1378 3067; x_wconf 65' lang='lat' dir='ltr'>inser-alionis,</span> <span class='ocrx_word' id='word_1_668' title='bbox 1415 3012 1520 3063; x_wconf 86' lang='lat' dir='ltr'>quod</span> <span class='ocrx_word' id='word_1_669' title='bbox 1556 3011 1711 3062; x_wconf 85' lang='lat' dir='ltr'>probari</span> <span class='ocrx_word' id='word_1_670' title='bbox 1740 3008 1885 3060; x_wconf 87' lang='lat' dir='ltr'>nequit.</span> 
     </span>
     <span class='ocr_line' id='line_1_89' title="bbox 1008 3067 1884 3120; baseline -0.008 -11"><span class='ocrx_word' id='word_1_671' title='bbox 1008 3071 1220 3120; x_wconf 74' lang='lat' dir='ltr'>Inferialc&#39;s</span> <span class='ocrx_word' id='word_1_672' title='bbox 1256 3071 1357 3107; x_wconf 86' lang='lat' dir='ltr'>enim</span> <span class='ocrx_word' id='word_1_673' title='bbox 1395 3067 1615 3107; x_wconf 88' lang='lat' dir='ltr'>ducendum</span> <span class='ocrx_word' id='word_1_674' title='bbox 1652 3070 1715 3104; x_wconf 88' lang='lat' dir='ltr'>est</span> <span class='ocrx_word' id='word_1_675' title='bbox 1738 3079 1763 3104; x_wconf 86' lang='lat' dir='ltr'>a</span> <span class='ocrx_word' id='word_1_676' title='bbox 1787 3077 1884 3103; x_wconf 80' lang='lat' dir='ltr'>voco</span> 
     </span>
     <span class='ocr_line' id='line_1_90' title="bbox 1008 3120 1882 3177; baseline -0.007 -12"><span class='ocrx_word' id='word_1_677' title='bbox 1008 3127 1206 3177; x_wconf 76' lang='lat' dir='ltr'>inferiae,</span> <span class='ocrx_word' id='word_1_678' title='bbox 1231 3127 1252 3164; x_wconf 92' lang='lat' dir='ltr'>i.</span> <span class='ocrx_word' id='word_1_679' title='bbox 1269 3140 1302 3164; x_wconf 88' lang='lat' dir='ltr'>e.</span> <span class='ocrx_word' id='word_1_680' title='bbox 1327 3125 1534 3170; x_wconf 82' lang='lat' dir='ltr'>sacrificia,</span> <span class='ocrx_word' id='word_1_681' title='bbox 1560 3136 1663 3175; x_wconf 86' lang='lat' dir='ltr'>quae</span> <span class='ocrx_word' id='word_1_682' title='bbox 1688 3122 1776 3161; x_wconf 76' lang='lat' dir='ltr'>Diis</span> <span class='ocrx_word' id='word_1_683' title='bbox 1799 3120 1882 3160; x_wconf 85' lang='lat' dir='ltr'>Ma-</span> 
     </span>
    </p>
   </div>
  </div>
 </body>
</html>
