2155 3590
668 119 856 163 LIBER
880 119 953 163 IX.
1010 119 1139 163 CAP.
1168 119 1220 162 X.

1752 118 1834 164 773

63 233 215 279 vinctos
238 233 278 276 in
301 232 526 276 Tullianum
546 235 813 291 compinguntz
838 233 1102 290 cantharoque
1121 240 1161 276 et
1176 233 1260 290 ipso
1279 231 1503 286 simulacro,
1525 231 1625 289 quod
1651 231 1834 288 gerebam

62 361 232 392 adducunt
243 365 279 394 G.
294 365 324 393 1.
370 364 476 393 victos
490 365 525 393 G.
542 365 571 394 1.
584 363 678 394 Vulc.
693 365 721 395 1.
767 363 952 403 impingunt
963 365 1000 396 P.
1047 371 1110 404 quo
1127 362 1281 402 gerebam
1300 363 1336 394 G.
1358 363 1387 393 1.
1431 360 1587 401 gerebam
1606 358 1698 400 apud
1707 360 1835 392 deside-

61 412 173 439 rantur
184 410 217 439 in
230 406 261 439 δ.

63 532 170 565 reus,
200 519 443 558 describitur:
482 524 577 560 tanc
603 521 732 572 pedes
759 522 924 561 incertis

65 576 401 615 alternationibus
416 590 669 622 commovere,
684 578 805 616 modo
817 579 923 617 hanc

61 631 184 670 modo
214 632 327 671 illam
357 638 516 683 partem
545 634 728 684 scalpere
763 635 922 684 capitis,

63 692 103 726 et
144 701 213 726 ore
253 688 490 728 semiclauso
527 689 752 729 balbutiens
787 691 922 729 nescio

66 757 165 796 qaas
184 758 208 782 a
214 745 352 795 ffanz’
360 758 410 783 as
428 746 604 798 effutire3
627 745 730 783 unde
748 750 921 798 apparet,

63 799 112 838 de
140 812 206 837 reo
231 812 450 838 sermonem
480 814 590 848 esse,
622 802 684 853 qui
710 802 921 853 praetextis

65 855 295 906 quibusdam
326 860 366 894 et
393 870 463 908 pro
493 861 666 909 tempore
695 858 792 897 fictis
819 871 921 896 men-

63 911 183 950 daciis
204 912 369 950 criminis
390 912 554 951 liberare
573 928 618 952 se
641 914 779 953 studet.
812 914 921 966 Opti-

63 981 149 1006 mos
168 981 346 1019 quosque
364 969 520 1007 codices
534 971 568 1008 in
584 970 749 1009 lectione
768 985 921 1010 asanaa

63 1037 332 1074 perseverare,
352 1026 612 1076 cognoscitur,
630 1027 733 1064 uude
746 1029 926 1077 afannae

65 1079 128 1118 vel
164 1082 316 1130 afanae
351 1081 414 1118 vel
449 1083 616 1132 afaniae
651 1082 715 1120 vel
749 1084 925 1135 affanz'ae

65 1136 209 1175 formas
234 1136 283 1174 de
307 1137 426 1176 nihilo
451 1151 543 1175 esse
567 1139 757 1185 duxerim,
790 1152 925 1189 quam-

65 1206 178 1244 quam
202 1193 304 1238 scio,
334 1207 403 1244 per
427 1193 584 1244 glossas
610 1198 648 1232 et
671 1195 831 1232 virorum
857 1195 924 1232 do-

64 1252 207 1287 ctorum
266 1249 529 1288 auctoritatem
583 1263 653 1288 eas
700 1250 922 1288 confirmari.

62 1304 222 1355 Optime
250 1316 298 1342 ea
327 1305 378 1343 de
403 1318 498 1343 voce
521 1305 703 1344 disseruit
728 1307 847 1345 Salm.
873 1306 924 1344 ad

63 1359 234 1399 Trebell.
254 1359 420 1400 Pollion.
442 1361 543 1400 Gall.
565 1375 596 1400 c.
615 1366 653 1401 8.
675 1361 718 1400 Τ.
734 1362 778 1401 H.
793 1376 827 1413 p.
844 1366 923 1402 206

62 1417 194 1468 sq.qui
204 1418 354 1470 apinae
362 1417 552 1456 Graecum
561 1411 703 1469 o'c'qaraz
718 1418 807 1457 dicit
820 1432 924 1462 esse,

62 1476 103 1512 ut
126 1489 154 1525 φ
178 1474 214 1512 in
237 1487 268 1525 p
292 1476 476 1512 mutatum
494 1474 562 1520 sit,
586 1474 706 1512 veluti
730 1472 927 1525 πορφύρα.-

58 1543 270 1581 purpura,·
312 1545 337 1568 α
368 1529 402 1567 ἰη
434 1530 471 1575 ἱ,
512 1535 554 1568 ut
587 1528 730 1582 κατάνη
770 1531 928 1576 Catina,

62 1583 247 1636 λεπαστή,
281 1586 445 1637 ῖερίεΐω
474 1588 604 1636 asana
629 1600 722 1625 vero
753 1587 921 1638 explicat

63 1655 113 1680 ex
138 1641 282 1680 Suidae
307 1642 442 1692 glossa
466 1640 673 1694 σκινδαψὸς
703 1640 852 1694 &actvm-
884 1648 922 1681 et

62 1695 377 1749 oxcvdsupb-vesse
394 1711 474 1736 rem
492 1698 596 1736 nihili
617 1703 656 1737 et
674 1700 921 1751 nugatoriam.

63 1753 111 1793 cf.
138 1754 249 1792 eund.
267 1754 314 1792 ad
332 1753 493 1805 Capitol.
509 1756 650 1794 Anton.
664 1754 790 1795 Pium.
809 1769 839 1793 c.
858 1759 921 1796 10.

63 1810 109 1849 Τ.
134 1809 162 1850 l.
199 1824 236 1862 p.
263 1814 374 1856 273„
410 1811 475 1849 ubi
511 1810 592 1849 fere
622 1811 724 1850 idem
755 1812 922 1863 exponit.

64 1866 198 1906 Gloss.
228 1865 382 1905 Philox.
412 1881 451 1919 p.
485 1871 545 1908 18.
585 1869 736 1920 apinae
771 1866 924 1918 φάννας,

62 1923 168 1974 quod
189 1921 253 1960 vel
277 1924 312 1961 in
336 1921 466 1963 σά-νναι
492 1922 553 1961 vel
578 1924 707 1974 potius
728 1925 764 1962 in
783 1922 927 1975 ἀᾳάναι

64 1978 254 2018 emendat.
266 1978 380 2018 Vulc.
394 1979 444 2017 ad
459 1979 591 2018 Gloss.
607 1993 642 2030 p.
661 1984 722 2020 12.
738 1980 926 2031 Scaliger.

64 2034 114 2073 ad
128 2034 237 2074 Fest.
251 2048 282 2072 s.
296 2048 331 2072 v.
347 2035 574 2075 buttubatta
589 2050 624 2088 p.
641 2039 733 2076 351.
747 2035 924 2075 Lindem.

64 2090 121 2128 lta
144 2094 226 2128 tota
252 2091 298 2128 lis
321 2090 503 2129 absoluta
527 2092 645 2129 videri
668 2097 826 2144 posset,
852 2093 924 2131 nisi

64 2146 140 2184 alia
175 2147 375 2185 obstarent
408 2147 693 2198 impedimenta.
756 2147 926 2187 Primum

64 2203 165 2241 enim
188 2216 308 2254 nego,
334 2202 543 2253 Apuleium
568 2204 796 2243 vocabulum
820 2218 926 2243 mere

63 2272 244 2309 graecum
274 2259 437 2297 necdum
469 2272 492 2296 a
523 2260 640 2298 latino
666 2273 846 2299 sermone
870 2274 925 2299 re-

64 2318 218 2366 ceptum
252 2328 483 2366 usurpasse,
519 2329 633 2366 quum
663 2318 815 2368 apinae
845 2317 926 2356 lati-

61 2384 152 2410 num
181 2371 357 2410 eiusdem
385 2375 564 2410 monetae
599 2372 713 2411 adsit.
759 2373 925 2425 fiDeinde

62 2427 424 2474 codd..auctoritas,
462 2430 523 2478 qui
560 2429 595 2466 in
631 2442 649 2467 s
680 2429 759 2467 fere
789 2443 924 2468 omnes

62 2485 320 2530 consentiunt,
344 2484 495 2535 plurimi
519 2484 700 2524 habenda
723 2490 796 2524 est.
826 2486 925 2525 Hinc

63 2539 167 2578 aliud
203 2544 391 2592 exspecto
427 2540 655 2579 vocabulum
692 2541 923 2589 Romanum,

61 2599 105 2634 ut
126 2596 335 2636 adsumme
359 2610 391 2635 s,
416 2611 629 2642 assumtae,
655 2598 757 2647 quod
772 2612 927 2650 compo-

63 2652 178 2690 situm
215 2656 278 2690 est
313 2665 362 2690 ex
397 2667 525 2692 sanna
561 2655 714 2705 proprie
749 2654 924 2694 distortio

62 2707 204 2746 vultus.
251 2708 371 2747 Sanni
397 2709 496 2747 enim
521 2714 639 2756 erant,
665 2710 728 2760 qni
751 2709 923 2751 ridiculis

63 2776 142 2814 qua
165 2764 275 2803 dictis
300 2778 376 2815 qua
400 2765 576 2816 gestibus
600 2767 636 2804 in
661 2779 782 2806 scena
808 2768 922 2806 risum

63 2821 288 2867 movebant,
318 2825 553 2872 nugatoresn
598 2822 819 2862 Adsannae
849 2823 921 2862 for·

63 2879 207 2914 matum
221 2879 293 2922 est,
300 2881 342 2916 ut
354 2878 662 2924 admiraculum,
677 2879 927 2931 adiaryiam,

64 2943 296 2982 quamquam
330 2934 431 2980 scio,
470 2934 639 2985 simplex
668 2934 802 2973 homm
828 2949 928 2974 com-

64 2987 278 3039 positorum
302 2994 452 3036 extare,
483 2991 587 3040 quod
617 2991 701 3029 voci
733 3004 928 3033 assumtae

65 3042 190 3083 deest.
237 3041 323 3083 Hoc
346 3049 472 3085 tamen
500 3061 574 3085 non
600 3051 730 3085 movet
752 3048 788 3085 in
814 3061 925 3085 voca-

63 3097 158 3137 bulo
170 3099 318 3139 noviter
332 3100 503 3142 formato.
536 3103 715 3155 Denique
729 3117 926 3143 assumtae

978 521 1191 574 lespondet
1219 520 1481 572 significationi
1511 518 1603 564 loci,
1641 529 1755 568 quum
1787 515 1836 554 de

980 591 1062 616 voc.
1099 579 1270 628 afaniae
1306 576 1370 614 vel
1403 577 1584 626 afannae
1627 574 1674 611 lis
1710 573 1838 610 adhuc

979 635 1075 672 inter
1098 635 1202 672 viros
1227 633 1365 672 doctos
1388 632 1456 677 sit,
1481 631 1629 680 aliquot
1652 642 1736 668 cum
1759 628 1836 666 He-

979 690 1115 741 sychio
1146 690 1195 727 de
1219 690 1333 727 rebus
1357 687 1645 731 remotissimis,
1675 684 1763 722 aliis
1788 685 1838 722 de

979 747 1124 785 iocosis
1143 750 1182 784 et
1200 745 1408 795 nugatoriis
1422 742 1712 796 explicantibus.
1739 740 1838 778 Hinc

978 807 1089 853 puto,
1115 802 1219 853 apud
1237 800 1438 840 Philoxen.
1461 800 1594 839 Gloss
1615 799 1673 837 cit.
1699 796 1837 835 melius

979 857 1109 897 σάνναι
1139 871 1252 908 quam
1282 856 1418 908 mirram
1447 869 1533 895 eum
1565 853 1684 893 Salm.
1710 866 1838 891 emen-

979 915 1069 953 dari.
1128 914 1223 953 Utut
1257 927 1321 951 res
1357 918 1436 958 est,
1472 912 1509 951 id
1541 915 1643 949 certo
1674 913 1837 955 constat,

978 971 1223 1022 interpretum
1248 971 1489 1021 virorumque
1508 969 1706 1007 doctorum
1726 979 1839 1004 voca-

981 1026 1112 1066 bulum
1137 1028 1313 1081 offaniae
1337 1026 1476 1064 diutius
1499 1023 1740 1063 retinendum
1765 1035 1837 1060 non

983 1096 1094 1127 esse,
1124 1083 1197 1121 sed
1227 1096 1332 1120 mere
1361 1095 1454 1120 esse
1478 1081 1663 1119 ficticium.
1724 1079 1839 1117 Aste-

980 1140 1082 1177 risco
1107 1152 1243 1177 vocem
1267 1142 1308 1177 ut
1331 1139 1512 1177 incertam
1539 1135 1748 1188 insignivi]

1039 1195 1352 1235 adblatera‘ntes.
1401 1193 1512 1232 Hanc
1544 1192 1723 1244 equidem
1755 1205 1839 1230 cum

983 1250 1175 1289 Stewech.
1204 1250 1301 1289 Elm.
1322 1256 1359 1289 et
1378 1250 1498 1288 Scriv.
1523 1250 1657 1288 retinui
1681 1248 1840 1298 scriptu-

981 1321 1060 1345 ram
1096 1306 1158 1344 vel
1194 1308 1324 1357 potius
1359 1305 1683 1350 emendationem,
1726 1316 1841 1354 quum

983 1374 1117 1402 omnes
1131 1363 1243 1401 codd.
1257 1364 1353 1400 inter
1368 1363 1554 1401 lectiones
1575 1362 1844 1400 ablaterantes

983 1418 1046 1456 vel
1061 1419 1380 1458 abblatterantes
1389 1418 1654 1462 varient,unde
1662 1416 1842 1454 Brantius

987 1475 1251 1514 obblateratis
1265 1474 1562 1519 coniecit,W0w
1572 1472 1683 1513 .Pric.
1697 1471 1842 1510 Florid.

988 1532 1296 1582 comprobatum,
1331 1543 1404 1570 nec
1439 1544 1513 1568 non
1550 1528 1651 1568 Oud.
1687 1529 1843 1566 demon-

979 1588 1133 1634 stranti,
1167 1588 1215 1627 ob
1247 1588 1282 1626 in
1313 1587 1463 1625 deliciis
1493 1599 1588 1624 esse
1611 1585 1781 1637 Apuleio
1807 1586 1842 1623 in

980 1644 1227 1696 compositiS‚
1261 1648 1303 1682 ut
1332 1643 1447 1696 paulo
1478 1647 1568 1682 ante
1599 1642 1844 1686 obverberat,

979 1713 1144 1751 eamque
1159 1701 1482 1752 praepositionem
1496 1700 1532 1737 in
1552 1698 1664 1738 codd.
1685 1698 1844 1749 saepius

980 1757 1016 1795 in
1043 1757 1092 1796 ab
1120 1757 1278 1795 abiisse.
1305 1756 1370 1808 [cf.
1388 1755 1472 1795 lntt.
1498 1755 1549 1794 ad
1567 1754 1682 1793 Ovid.
1701 1754 1799 1793 Met.
1817 1753 1843 1791 Ι.

982 1817 1075 1854 350.
1100 1812 1167 1851 Dr.
1189 1813 1238 1851 ad
1258 1812 1343 1852 Liv.
1363 1812 1407 1851 Il.
1429 1816 1492 1853 37.
1513 1811 1543 1861 ξ.
1564 1815 1601 1852 9.
1626 1810 1713 1850 Nec
1731 1823 1843 1860 nego,

984 1869 1058 1907 hoc
1081 1870 1335 1919 compositum
1360 1883 1383 1907 a
1407 1882 1470 1906 me
1493 1872 1689 1920 receptum
1711 1867 1844 1913 fuisse,

983 1925 1055 1963 nisi
1076 1938 1293 1963 consensus
1313 1926 1423 1964 codd.
1448 1925 1484 1963 in
1506 1923 1633 1963 vocali
1652 1939 1675 1963 a
1695 1924 1845 1962 dissua-

984 1983 1116 2026 sisset,
1130 1982 1192 2033 qui
1207 1983 1357 2032 gravior
1371 1981 1519 2020 videtur
1531 1994 1634 2019 esse.
1657 1980 1845 2020 Abblate-

983 2042 1129 2083 rantes,
1155 2037 1256 2088 quod
1279 2038 1362 2076 cod.
1377 2037 1483 2076 multi
1503 2037 1664 2083 habent,
1690 2036 1845 2075 defendi

984 2106 1117 2145 posse,
1132 2108 1206 2132 non
1221 2094 1485 2133 affirmaverim
1499 2093 1572 2133 sed
1586 2093 1844 2133 adblateran-

985 2155 1053 2189 tes.
1070 2148 1122 2188 lta
1131 2151 1334 2190 abducere
1343 2155 1380 2189 et
1392 2151 1600 2190 adducere
1614 2153 1844 2188 commutan-

983 2210 1061 2252 tur;
1077 2205 1125 2246 cf.
1134 2206 1201 2245 Dr.
1210 2207 1259 2245 ad
1268 2206 1337 2245 Sil.
1349 2206 1422 2247 X.1
1432 2211 1467 2247 8.
1476 2207 1632 2246 addere
1645 2211 1684 2244 et
1696 2206 1846 2245 abdere

984 2262 1117 2300 Heins.
1144 2262 1194 2302 ad
1219 2263 1331 2302 eund.
1345 2262 1411 2301 Vl.
1443 2266 1535 2304 394.
1567 2263 1618 2302 al.
1663 2263 1728 2301 Ad
1760 2275 1845 2301 sen-

983 2319 1140 2357 tentiam
1164 2319 1467 2359 adblaterantes
1490 2319 1633 2370 optime
1659 2320 1845 2363 convenit,

982 2374 1220 2426 significanS‚
1251 2376 1303 2414 ad
1338 2377 1444 2427 prius
1475 2376 1714 2414 mendacium
1738 2375 1847 2426 plura

983 2444 1083 2469 vana
1105 2444 1290 2482 mereque
1321 2433 1457 2471 ficticia
1487 2432 1716 2470 sacerdotes
1742 2431 1845 2469 adic-

983 2488 1098 2526 cisse.
1146 2487 1325 2527 Forsitan
1352 2489 1464 2528 etiam
1493 2489 1734 2529 blaterantes
1756 2487 1845 2525 sim-

981 2543 1077 2594 plex
1112 2545 1198 2595 quis
1233 2546 1329 2586 tueri
1370 2545 1517 2596 possit,
1560 2545 1649 2594 quia
1686 2545 1846 2594 frastra

983 2601 1201 2651 praecedit,
1232 2601 1284 2640 ita
1313 2605 1355 2639 ut
1380 2601 1506 2639 littera
1527 2600 1707 2640 vocabuli
1733 2613 1845 2650 prae-

983 2657 1110 2706 gressi
1151 2656 1276 2696 finalis
1315 2657 1364 2696 ad
1407 2670 1582 2707 sequens
1624 2655 1846 2695 transducta

980 2712 1105 2751 suerit.
1137 2713 1312 2753 Blatere
1329 2727 1400 2752 nec
1413 2714 1588 2753 blattea-o
1601 2712 1843 2753 scribendum

980 2781 1073 2807 esse
1084 2800 1093 2815 ,
1118 2769 1190 2808 iam
1206 2769 1509 2808 demonstratum
1523 2773 1586 2807 est
1604 2768 1652 2806 ad
1666 2768 1760 2807 Met.
1776 2767 1842 2806 IV.

978 2837 1018 2878 p.
1043 2828 1135 2866 289.
1162 2825 1222 2864 la's
1246 2830 1285 2864 et
1306 2826 1367 2865 his
1389 2825 1582 2864 similibus
1606 2823 1842 2876 blateratis]

1040 2883 1083 2920 in
1102 2881 1336 2929 Tullianam
1359 2882 1637 2932 compinyunt.
1664 2880 1842 2932 Calpurn.

984 2937 1116 2976 Flacc.
1145 2933 1322 2976 Deciani.
1352 2942 1389 2977 4.
1420 2950 1458 2988 p.
1489 2940 1582 2978 386.
1614 2937 1732 2976 video
1757 2951 1843 2976 ear-

984 3007 1110 3033 cerem
1132 2993 1343 3044 publicum
1367 2994 1477 3032 saxis
1495 2992 1724 3044 inycntibus
1741 2997 1842 3032 stra-

985 3054 1108 3095 ctam,
1155 3051 1337 3100 anyastIS
1377 3049 1649 3099 foraminibus
1688 3053 1843 3088 tenuem

984 3105 1087 3146 lacis
1123 3104 1300 3146 umbram
1333 3106 1603 3157 recipientem.
1654 3105 1701 3145 In
1736 3105 1843 3146 hunc
