2221 3667
355 140 480 167 Lxxvi
688 128 762 167 DE
789 127 1075 167 CODICIBL'S
1102 128 1170 168 ET
1198 127 1549 169 EDlTIONJBUS
1574 128 1808 169 APULEH.

463 243 530 289 31)
562 241 685 281 MSS.
717 241 1177 282 CARNOTENSES
1209 244 1304 287 duo,
1336 243 1514 283 eumdem
1545 245 1628 294 περὶ
1654 242 1841 295 ἑρμηνείας
1871 243 2004 282 librum
2030 242 2148 282 conti·

351 302 505 344 nentes,
531 312 554 336 a
579 297 735 336 Florido
763 300 940 344 citantur,
966 300 1030 351 qui
1055 313 1187 338 eorum
1212 301 1372 338 alterum
1400 300 1447 338 ad
1474 314 1579 340 saec.
1607 299 1671 338 xl.
1698 300 1860 338 alterum
1892 300 1941 338 ad
1965 314 2071 338 saec.
2098 300 2148 338 X.

348 354 476 393 refert.
536 353 746 393 Plurimum
778 355 815 393 bi
846 355 967 396 MSS.
1001 357 1260 402 contulerunt,
1299 358 1349 396 ad
1381 358 1708 409 corruptissinuim
1740 357 1834 395 illud
1864 356 2019 408 Apuleii
2058 370 2148 408 opu-

347 411 499 449 sculum
524 412 819 451 emendandum.

462 483 532 528 32)
564 479 652 518 MS.
680 478 1088 519 PETAleNUS
1126 481 1300 519 eiusdem
1338 481 1441 520 Libri
1479 480 1560 532 περῖ
1597 481 1674 532 ἑρμ.
1713 495 1762 519 cx
1799 480 1901 519 Bibl.
1935 480 2148 527 Bosheidii,

349 539 490 586 postea
515 537 638 588 ipsius
665 536 949 588 Oudendorpii,
982 538 1016 575 in
1045 542 1121 577 4to.
1155 542 1245 588 post
1272 537 1426 576 Boethii
1459 539 1604 590 scripta
1629 538 1830 589 quaedam.
1892 538 2026 575 Codex
2052 539 2148 588 opti-

349 606 433 630 mus
461 598 540 638 est,
566 594 628 644 qui
654 607 778 645 saepe
804 608 888 632 cuin
917 594 1220 632 carnotensibus
1246 596 1451 645 conspirat.

461 665 532 707 33)
564 661 652 699 MS.
680 660 1124 706 BONONlENSls,
1158 675 1179 698 e
1206 676 1281 712 quo
1314 663 1456 700 variam
1486 662 1688 700 lectionem
1721 664 1755 701 in
1783 662 1877 701 Met.
1904 661 1948 700 L.
1976 661 2043 701 lv.
2074 661 2149 701 Ed.

347 716 447 756 Oud.
474 732 511 770 p.
538 723 630 758 244.
658 719 748 756 citat
774 718 817 755 B.
845 717 939 755 Pius
965 718 999 755 in
1027 717 1148 756 Thes,
1176 718 1263 756 vrit.
1292 717 1336 757 Τ.
1366 718 1390 756 l.
1418 733 1453 770 p.
1481 723 1573 759 368.

461 790 529 830 34)
576 785 822 823 SCHEDA
862 784 1348 824 (TANNEGIETERL
1421 786 1497 824 Diu
1541 787 1717 837 quaesivi
1759 801 1950 838 quaenam
1993 787 2148 825 tandem

348 847 458 881 esset
495 843 590 882 Sele.
634 842 811 893 (s'anney.
851 843 958 879 cuius
995 842 1128 879 variae
1167 842 1355 880 lectiones
1393 842 1599 894 aliquoties
1631 844 1791 881 citantur
1821 845 1869 882 ab
1895 844 2074 882 Oudend.
2101 844 2148 881 ad

348 899 491 938 Florid.
518 900 566 937 N.
594 905 617 938 8
645 905 681 936 et
707 902 742 938 9.
805 897 980 935 Tandem
1008 899 1132 936 inveni
1152 899 1338 937 schedam
1365 901 1713 945 membranaceam,
1739 905 1901 950 quatuor
1927 902 2149 951 paginarum

347 956 451 994 MSti
477 955 703 1006 Apuleiani,
731 968 829 1005 quae
856 955 945 992 olim
973 956 1254 1005 compingcndo
1282 956 1376 993 libro
1403 957 1551 994 cuidam
1578 956 1786 994 inservivit.
1830 956 1868 994 ln
1896 971 1943 996 ea
1968 958 2151 995 distincta

346 1026 459 1051 manu
486 1013 626 1063 scripta
658 1011 796 1060 legitur
823 1012 909 1063 ipsa
936 1012 1001 1049 illa
1026 1011 1267 1050 Floridorum
1293 1026 1401 1063 pars,
1428 1013 1474 1050 ad
1503 1027 1615 1064 quain
1643 1014 1772 1050 variae
1799 1013 1986 1051 lectiones
2013 1028 2034 1051 e
2056 1014 2150 1052 Sclz.

349 1070 527 1121 Canney.
553 1069 602 1106 ab
628 1068 810 1106 Oudend.
837 1073 927 1106 sunt
952 1073 1151 1113 enotatae,
1177 1069 1266 1106 inde
1293 1084 1315 1107 a
1340 1084 1427 1121 pag.
1444 1070 1545 1108 Oud.
1571 1069 1643 1108 Ed.
1670 1075 1733 1110 27.
1762 1074 1855 1109 extr.
1875 1076 1911 1109 el
1936 1071 2074 1109 adhuc
2098 1084 2151 1109 ex

345 1127 459 1164 bonis
488 1127 634 1177 paucis
668 1125 764 1170 (sic)
799 1126 968 1169 eruditi,
1001 1139 1127 1175 usque
1158 1126 1205 1163 ad
1240 1140 1325 1177 pag.
1354 1130 1417 1166 38.
1452 1132 1627 1165 nostram
1664 1125 1878 1165 Camenam
1907 1128 2018 1177 frm':
2054 1141 2147 1165 non.

344 1181 586 1220 Floridorum
620 1181 707 1220 Lib.
736 1181 779 1219 11.
811 1182 942 1234 incipit
974 1183 1029 1221 Et
1056 1184 1241 1235 Hippias
1273 1188 1346 1221 etc.
1382 1183 1491 1222 litera
1521 1183 1652 1221 initiali
1680 1197 1770 1221 auro
1797 1188 1835 1221 et
1861 1183 2055 1221 coloribus
2082 1183 2148 1221 de-

343 1241 459 1292 picta.
524 1239 713 1290 Suspicor
750 1239 879 1289 igitur,
917 1239 1017 1277 hanc
1052 1239 1240 1278 schedam
1277 1254 1299 1277 a
1331 1239 1611 1289 Carmegietero
1649 1241 1854 1292 accepisse
1879 1240 2058 1278 Oudend.
2086 1241 2149 1291 qui

343 1300 550 1348 propterea
587 1309 671 1333 eam
705 1297 900 1333 vocaverit
933 1296 1135 1336 Selzedam
1171 1296 1468 1348 Cannafieteri.
1530 1296 1678 1335 Eadem
1709 1298 1876 1341 scheda,
1909 1298 2017 1335 cuius
2049 1297 2149 1335 duae

342 1357 566 1405 postremae
591 1354 758 1405 paginae
785 1352 923 1390 dictam
952 1352 1193 1391 Floridorum
1220 1358 1367 1404 partem
1395 1354 1606 1399 continent,
1638 1354 1790 1392 duabus
1816 1355 2004 1405 prioribus
2030 1353 2150 1391 habet

342 1409 603 1460 Metamorph.
630 1414 778 1460 partem
806 1409 850 1447 L.
878 1409 945 1447 Xl.
979 1423 1065 1462 pag.
1092 1410 1163 1448 Ed.
1191 1410 1294 1449 Oud.
1322 1415 1414 1450 770.
1447 1411 1574 1449 solam
1610 1412 1840 1450 sternebant
1862 1411 2062 1464 flosculis,
2100 1410 2147 1448 ad

341 1481 431 1519 pag.
458 1471 550 1507 780.
574 1466 740 1517 felicius
765 1468 1006 1517 auspicarer·
1033 1468 1190 1519 quibus.
1251 1467 1413 1505 Videtur
1432 1467 1610 1506 Oudend.
1639 1481 1753 1518 quum
1775 1466 2148 1517 Metamorphoseon

342 1524 462 1562 libros
487 1527 731 1563 recenseret.
756 1523 943 1561 schedam
971 1523 1074 1561 illam
1103 1524 1270 1562 nondum
1295 1524 1550 1575 possedisse;
1577 1529 1679 1561 certe
1705 1539 1777 1561 non
1804 1523 2032 1563 contulisse.
2074 1523 2149 1561 lta-

343 1595 418 1633 que
444 1594 518 1631 ego
545 1579 704 1618 contuli:
738 1593 864 1631 neque
896 1584 1025 1618 tamen
1060 1581 1252 1619 variantes
1278 1596 1301 1620 a
1325 1581 1483 1631 reliquis
1516 1581 1636 1619 MSS.
1671 1581 1877 1619 admodum
1910 1581 2088 1619 diversas
2113 1581 2147 1617 in

342 1652 389 1677 ea
414 1638 558 1683 inveni,
590 1638 661 1675 nisi
693 1637 794 1688 quod
828 1650 862 1688 p.
891 1641 982 1677 771.
1016 1637 1160 1676 babeat
1191 1651 1347 1689 quoque
1373 1640 1463 1691 ficti
1495 1639 1670 1682 lantinis,
1702 1642 1741 1676 et
1771 1651 1858 1690 pag.
1892 1642 1983 1677 774.
2018 1637 2148 1676 addita

341 1697 392 1734 sit
421 1695 680 1746 praepositio,
717 1695 759 1732 ‘in
791 1695 930 1733 medio
961 1696 1023 1734 sni
1043 1699 1214 1746 pectore
1239 1695 1352 1746 (sic),
1384 1695 1447 1733 ubi
1473 1694 1653 1733 Oudend.
1679 1696 1731 1733 ait
1756 1696 1790 1732 in
1817 1694 1938 1732 MSS.
1970 1695 2148 1732 omnibus

341 1754 488 1790 deesse
519 1752 860 1803 praepositionem.
923 1750 1078 1796 Codex,
1117 1752 1225 1790 cuius
1256 1765 1347 1803 pars
1379 1752 1448 1790 suit
1480 1752 1576 1790 haec
1600 1751 1771 1801 scheda,
1810 1751 1962 1789 videtur
1994 1750 2148 1789 minime

340 1808 658 1848 contemnendus.

455 1866 621 1904 Codices
647 1870 774 1904 autem
802 1867 864 1915 qni
890 1879 974 1903 cum
1001 1865 1159 1916 vulgata
1184 1866 1373 1918 scriptura
1392 1866 1577 1911 nondum,
1605 1866 1708 1917 quod
1730 1867 1870 1911 sciam,
1896 1865 2025 1903 collati
2045 1869 2147 1911 sunt,

340 1924 376 1961 in
404 1922 661 1961 Bibliothecis
687 1923 837 1975 passim
866 1922 995 1961 latent.
1056 1922 1093 1960 ln
1122 1922 1182 1960 bis

454 1995 521 2036 35)
557 1990 595 2029 ln
629 1990 875 2029 Bibliotheca
906 1990 1034 2041 Regia
1066 1990 1153 2028 MS.
1187 2006 1221 2029 n.
1256 1995 1374 2031 6634.
1409 1992 1748 2037 membranaceus,
1774 1992 1933 2042 primum
1962 1990 2146 2028 Coenobii

341 2049 472 2087 Sancti
489 2048 657 2086 Victoris
674 2047 927 2092 Paris-tensis,
955 2052 1095 2099 postea
1117 2047 1271 2086 Hem-ici
1290 2048 1478 2093 Memmii,
1505 2063 1579 2098 quo
1608 2049 1847 2086 continentur
1875 2047 1957 2085 Lib.
1985 2048 2034 2085 ‹le
2063 2047 2147 2084 Deo

341 2106 450 2143 Socr.
478 2105 609 2143 Herm.
639 2103 833 2155 Trimueg.
861 2105 1094 2157 AsclepiuS,
1127 2104 1240 2143 Libb.
1268 2105 1316 2142 de
1344 2105 1485 2153 Donni.
1515 2104 1614 2143 Plat.
1643 2104 1669 2143 l.
1695 2109 1733 2143 et
1759 2104 1821 2147 ΙΙ.,
1847 2109 1883 2141 et
1911 2104 1960 2141 de
1985 2104 2146 2142 Mundo.

340 2162 536 2200 Exaratus
563 2162 711 2199 videtur
735 2176 841 2200 saec.
869 2161 954 2199 Xll.
982 2161 1057 2200 vid.
1085 2160 1206 2199 fatal.
1234 2162 1357 2200 MSS.
1384 2162 1485 2200 Bibl.
1511 2162 1610 2213 Reg.
1638 2161 1683 2200 T.
1710 2161 1776 2200 lv.
1805 2175 1838 2215 p.
1867 2164 1958 2201 ⁶264.

453 2234 524 2274 36)
570 2230 607 2268 ln
647 2230 784 2268 eadem
822 2230 922 2268 Bibl.
961 2229 1037 2267 duo
1074 2229 1195 2268 MSS.
1235 2229 1620 2269 COLb‘ER'l'lNl
1659 2233 1808 2275 extant,
1853 2243 2011 2279 quorum
2050 2227 2146 2266 alter

340 2302 374 2326 n.
412 2291 533 2329 8624.
573 2287 712 2325 Libros
751 2287 799 2325 de
841 2287 925 2325 Deo
959 2287 1068 2325 Socr.
1102 2291 1139 2324 et
1164 2286 1213 2323 (lc
1241 2286 1381 2336 Ungui.
1409 2286 1603 2333 Platonis,
1641 2287 1738 2324 alter
1771 2301 1803 2324 n.
1838 2290 1957 2326 6288.
1986 2285 2145 2323 Librum

340 2342 423 2396 περὶ.
449 2343 525 2395 “01¹¹-
553 2345 732 2382 continet.
796 2344 1012 2394 Catalogus
1038 2343 1139 2382 hunc
1164 2344 1212 2381 ad
1240 2358 1346 2382 saec.
1372 2343 1421 2382 Χ.
1449 2344 1554 2381 ἱΙΙιιιιι
1581 2344 1628 2382 ad
1657 2343 1899 2382 XllLrefert.
1928 2343 1999 2380 vid.
2016 2341 2061 2380 T.
2080 2341 2143 2380 lv.

339 2415 375 2452 p.
403 2403 482 2442 425
515 2406 554 2439 et
587 2406 676 2442 477.
740 2401 814 2438 Alii
843 2400 964 2439 (fodd.
991 2401 1147 2451 Apuleii
1180 2402 1213 2438 in
1246 2400 1384 2439 eadem
1411 2401 1658 2439 Bibliotheca
1681 2404 1770 2438 sunt
1802 2414 1835 2437 n.
1864 2403 1988 2444 6366.
2024 2402 2145 2443 6369,

342 2462 468 2505 6398,
496 2461 621 2503 6638,
649 2458 711 2508 qui
740 2458 830 2494 olim
859 2457 1093 2495 l’etavianus
1122 2458 1189 2495 suit·
1215 2462 1254 2495 et
1279 2458 1450 2495 continet
1476 2458 1560 2496 Lib.
1588 2457 1612 2495 1.
1647 2458 1694 2494 de
1722 2457 1862 2507 Dogm.
1892 2455 1990 2495 Plat.
2025 2457 2146 2507 probe

340 2515 638 2566 distinguendus
664 2529 686 2552 a
712 2513 924 2552 Pctaviano
950 2528 1069 2564 supra
1095 2518 1318 2552 meumrato.
1380 2513 1500 2553 Porro
1529 2529 1563 2552 n.
1593 2518 1712 2555 7730.

454 2576 524 2622 37)
557 2572 646 2611 MS.
671 2570 881 2609 NEAPO
896 2570 1186 2611 Ll'l'ANUs.
1214 2572 1422 2610 membran.
1447 2573 1481 2609 in
1511 2571 1607 2610 ssibl.
1633 2571 1681 2609 Ι).
1710 2570 1909 2615 Valettae,
1943 2570 2145 2608 continens

341 2628 600 2681 Metamorph.
634 2628 808 2673 Florida,
841 2628 1097 2679 Apologiani,
1131 2628 1192 2666 De
1226 2626 1310 2664 Deo
1338 2629 1510 2666 Socratis
1538 2633 1576 2666 et
1603 2628 1663 2665 De
1689 2627 1829 2677 Ungui.
1856 2627 1956 2665 l'lat.
1989 2627 2144 2672 Libros,

342 2685 686 2737 Cosmographiam
723 2686 761 2731 (i.
789 2699 821 2723 e.
857 2684 1011 2722 Librum
1043 2685 1092 2722 de
1124 2683 1289 2731 Mundo)
1328 2689 1366 2722 et
1393 2684 1635 2735 'l'rismegisti
1665 2681 1764 2724 Dial.
1793 2697 1826 2722 ι’.
1858 2683 2071 2722 Montsauc.
2109 2684 2143 2721 in

341 2740 445 2781 Diar.
472 2742 553 2780 ltal.
580 2756 615 2793 p.
643 2746 734 2782 304.
761 2746 799 2779 et
824 2741 923 2779 Bibl.
950 2741 1071 2779 MSS.
1100 2754 1136 2791 p.
1165 2744 1256 2781 230.

455 2803 522 2845 38)
558 2797 646 2838 MS.
673 2797 989 2841 TRlYlslNl,
1016 2811 1065 2836 ex
1091 2797 1233 2835 Museo
1261 2797 1411 2837 Nicolai
1434 2798 1626 2843 Trivisini,
1653 2799 1687 2836 in
1709 2797 1808 2836 Bibl.
1832 2796 2030 2843 Patavina,
2056 2811 2141 2837 con-

341 2856 469 2893 tinens
495 2856 651 2907 Apuleii
682 2854 1051 2907 (fosmoyraplziam
1078 2868 1112 2892 v.
1140 2855 1351 2893 Montsauc.
1381 2855 1480 2894 Bibl.
1508 2870 1542 2906 p.
1571 2860 1663 2895 488.

456 2916 526 2962 39)
558 2912 647 2951 MS.
673 2910 1054 2958 YATlCANUS,
1092 2912 1291 2949 continens
1325 2912 1492 2951 florida.
1521 2913 1593 2951 vid.
1619 2913 1707 2951 ibid.
1738 2926 1772 2963 p.
1800 2913 1864 2952 54.
1896 2912 1993 2951 Cod.
2023 2916 2142 2952 1834.

342 2969 404 3007 De
428 2968 504 3006 alio
531 2969 718 3008 Vaticano
746 2968 839 3006 sod.
865 2983 900 3007 v.
926 2982 1059 3020 supra,
1084 2969 1146 3006 ubi
1172 2968 1222 3005 de
1247 2968 1458 3007 Fulvianis.

453 3029 522 3069 40)
554 3023 642 3064 MS.
680 3024 1072 3063 MONASTERH
1109 3024 1153 3063 Β.
1193 3025 1248 3063 M.
1289 3025 1364 3063 DE
1403 3026 1619 3072 BEN‘O,
1657 3026 1923 3076 complectens
1959 3026 2019 3064 De
2050 3025 2140 3063 Deo

342 3083 543 3127 Socratis.
569 3084 621 3121 dc
647 3083 923 3127 Habilmline,
954 3083 1158 3121 Doctrina
1185 3087 1221 3120 el
1246 3084 1456 3122 nativitate
1481 3081 1724 3136 Philosophi
1751 3081 1951 3129 Platonis,
1978 3087 2015 3120 et
2036 3082 2139 3121 Her-

341 3144 474 3178 metem
502 3140 808 3191 Trismeffl'stam.
838 3139 912 3176 vid.
939 3138 1030 3176 ibid.
1061 3153 1098 3191 p.
1128 3143 1245 3179 1251.
