2155 3590
606 161 795 201 LIBER
823 161 895 200 lv,

951 159 1076 200 CAP.
1107 158 1181 197 111.
1208 157 1281 196 IV.

1765 153 1848 195 219

44 277 197 324 saucia,
227 275 314 316 fimo
341 275 540 316 fistulatim
567 287 761 325 excusso,
789 273 978 327 quosdam
1006 270 1177 314 extremi
1200 268 1366 322 liquoris
1391 266 1622 322 aspergine,
1653 266 1751 305 alios
1779 279 1847 319 pu-

47 341 131 374 tore
155 333 304 373 nidoris
331 331 467 372 foetidi
491 345 515 371 a
539 330 638 371 meis
662 330 739 370 iam
767 330 925 384 quassis
951 328 1120 383 scapulis
1146 326 1382 380 abegissem.

159 693 246 735 Nec
265 706 398 743 mora,
426 705 512 732 cum
533 691 610 731 iam
631 690 671 730 in
692 689 894 730 meridiem
914 703 1038 744 prono
1060 687 1220 744 iuibare
1241 700 1398 728 rursum
1414 699 1486 726 nos
1506 699 1552 725 ac
1566 684 1774 740 praecipue
1796 697 1855 724 mc
1884 710 1898 718 ·
1912 687 1932 717 a:

50 856 146 884 satia
157 865 190 891 φ.
214 847 311 883 satia
322 856 362 884 D.
400 850 562 891 fistulam
576 855 613 882 G.
627 854 662 882 P.
679 849 810 889 fistula
821 853 861 881 D.
882 853 966 886 quod
980 851 1013 880 in
1026 851 1175 886 margine
1188 851 1375 885 suppletum
1395 852 1445 877 est
1460 850 1594 882 syllaba
1614 847 1684 874 tim.

1177 532 1277 580 IV.

1729 843 1859 882 pudure

51 903 85 931 P.
105 899 135 930 δ.
182 899 306 928 nitoris
324 901 361 929 P.
382 899 404 928 f.
452 897 630 937 quassatis
648 905 741 934 scup.
760 900 795 926 0.
843 896 996 934 abegisse
1016 905 1045 931 p.
1071 896 1240 933 abegisset
1256 892 1284 924 ὸ“.
1333 894 1432 923 ceteri
1450 894 1540 922 codd.
1563 896 1593 922 et
1612 893 1681 921 edd.
1696 899 1778 926 quae
1791 891 1859 919 vidi

50 945 244 984 abegissent,
257 946 323 975 nisi
336 946 419 980 quod
432 945 467 973 in
479 945 546 973 cod.
561 946 598 973 D.
612 946 726 979 glossa
738 943 931 977 marginalis
941 942 1077 977 legitur:
1101 942 1162 970 alii
1173 940 1351 978 abegisset.

143 1012 280 1041 meridie
304 1014 342 1041 R.
357 1014 392 1041 0.
407 1009 436 1041 ὃ.
479 1010 579 1048 pleno
592 1010 712 1040 iubare
724 1012 762 1040 B.
776 1011 811 1040 0.
824 1012 862 1040 R.
877 1006 908 1039 ὃ.
956 1018 998 1038 ac
1013 1009 1198 1046 praecipue
1216 1009 1253 1037 F.
1267 1009 1297 1037 3.
1319 1009 1354 1037 G.
1369 1007 1406 1036 D.
1420 1008 1457 1036 L.
1474 1008 1508 1035 0.
1523 1014 1550 1041 p.
1566 1005 1587 1035 f.
1602 1002 1632 1035 ὃ.
1652 1008 1681 1034 εί
1696 1005 1767 1034 edd.
1780 1006 1858 1033 velt.

52 1060 158 1088 Ceteri
172 1061 291 1088 habent
304 1061 339 1085 et
347 1057 540 1095 praecipue.

109 1196 260 1244 putore
284 1190 455 1230 nidoris.
504 1189 646 1228 Nidor
669 1189 830 1240 saepius
857 1187 930 1226 dici

53 1249 105 1287 de
129 1248 248 1287 odore
272 1246 406 1298 putido
424 1250 466 1283 et
482 1245 627 1284 foetido
648 1245 814 1283 illustrat
826 1243 928 1282 Oud.

55 1318 106 1343 ex
130 1304 219 1343 dict.
244 1303 313 1342 Dr.
338 1302 391 1341 ad
414 1301 502 1341 Liv.
526 1299 754 1340 XXlen.
770 1305 806 1341 7.
833 1300 928 1352 [Ni-

54 1363 138 1401 dor
168 1360 388 1411 quicunque
418 1358 554 1396 dicitur
578 1358 693 1404 odor,
720 1357 782 1408 qui
809 1370 925 1395 nares

56 1418 212 1469 gravius
235 1416 354 1455 afficit
376 1415 620 1466 potissimum
646 1414 837 1452 derebus
863 1428 925 1451 co·

55 1475 149 1520 ctis,
173 1476 214 1511 et
235 1473 341 1511 assis
366 1471 416 1511 cf.
441 1470 596 1510 Lucret.
611 1470 678 1509 Vl.
705 1474 798 1512 988.
823 1469 930 1508 Doe-

57 1530 155 1570 derl.
181 1529 396 1581 Synonym.
423 1526 469 1567 T.
494 1527 559 1566 III.
588 1540 625 1579 p.
655 1531 733 1568 133
758 1526 844 1579 sq.]

116 1609 284 1662 quassis.
321 1607 403 1660 [De
426 1606 542 1645 huius
568 1605 756 1658 participii
782 1619 856 1645 usu
882 1605 931 1644 cf.

59 1666 108 1704 V.
134 1665 205 1711 D.‚
231 1677 331 1716 quos
355 1666 557 1703 enumerat
581 1661 716 1701 Eckst.
743 1662 794 1701 ad
807 1661 932 1701 Voss.

61 1723 181 1761 Arist.
209 1721 256 1761 T.
280 1720 326 1760 II.
351 1735 390 1773 p.
418 1725 511 1762 861.
537 1718 636 1759 Met.
661 1718 729 1758 lx.
755 1732 792 1770 p.
819 1719 931 1771 603]

117 1800 345 1851 abegissent.
369 1798 547 1838 Offendit
564 1798 663 1837 haec
683 1798 796 1836 lectio
821 1798 935 1836 inter-

63 1861 215 1908 pretes,
251 1856 318 1907 qui
349 1869 435 1895 cum
465 1855 552 1895 cod.
581 1857 614 1894 ὃ.
647 1854 711 1893 vel
735 1854 937 1907 abegyz’sset

61 1913 342 1958 emendabant,
380 1912 443 1950 vel
479 1913 636 1951 diversa
669 1911 818 1950 ratione
849 1911 936 1949 loco

63 1970 210 2008 mederi
232 1969 455 2009 studebant.
491 1967 550 2006 lta
573 1967 675 2007 Oud.
701 1967 828 2006 locum
850 1981 938 2006 con-

61 2027 203 2064 stituit:
226 2027 363 2079 simam
385 2026 626 2065 excussisset
637 2029 675 2063 et
693 2024 936 2075 abeyissem:

66 2096 143 2133 qua
166 2082 362 2121 sententia
391 2095 481 2120 eum
510 2081 723 2126 confirmat,
757 2080 938 2130 quoniam

61 2142 180 2192 fimus
214 2138 254 2177 h.
291 2138 316 2177 l.
346 2137 562 2178 masculino
592 2149 738 2187 genere
768 2138 939 2187 positum

64 2195 137 2241 sit,
182 2194 287 2245 quod
317 2194 438 2240 alias,
480 2198 525 2232 ut
546 2193 651 2244 apud
687 2192 806 2244 Apul.
841 2189 940 2231 Met.

67 2251 153 2289 vll.
178 2265 216 2303 p.
242 2254 335 2291 502.
361 2250 542 2291 feminino
569 2250 730 2299 legatur.
761 2248 814 2287 Et
836 2252 943 2287 recte

39 2358 42 2361 -
67 2308 226 2358 quidem
249 2308 300 2346 ibi
323 2307 400 2345 hoc
418 2319 543 2358 genus
561 2305 848 2344 defendendum
868 2308 943 2350 est,

70 2365 144 2403 sed
168 2364 269 2403 haec
293 2377 438 2403 caussa
462 2377 536 2402 non
563 2376 611 2402 ea
634 2366 713 2409 est,
746 2375 847 2412 quae
870 2374 944 2400 nos

71 2424 334 2466 commoveat,
363 2424 405 2459 ut
435 2424 512 2459 tam
544 2419 662 2470 longe
693 2432 716 2456 a
744 2415 849 2457 Mss.
879 2431 944 2455 ve-

71 2478 198 2528 stigiis
222 2477 468 2516 recedamus.
502 2475 649 2514 Melius
668 2477 755 2526 ipse
780 2475 831 2513 ad
855 2488 944 2514 ana-

73 2533 258 2573 coluthon
272 2533 459 2584 confugit,
484 2546 561 2584 quo
574 2533 659 2570 sive
673 2531 806 2570 dedita
824 2545 946 2583 opera

71 2592 159 2628 sive
184 2603 280 2630 casu
303 2589 457 2628 fortuito
483 2602 609 2640 saepe
631 2589 690 2627 usi
717 2589 794 2626 sint
818 2588 945 2639 quivis

73 2648 304 2699 scriptore&
335 2646 423 2686 coll.
449 2645 580 2684 Sanct.
606 2649 646 2683 et
665 2644 790 2682 Periz.
815 2645 851 2682 in
872 2644 945 2683 Mi-

75 2717 179 2743 nerv.
208 2716 250 2754 p.
274 2707 368 2744 725.
400 2702 541 2742 Graev.
567 2702 618 2741 ad
644 2700 720 2739 Cic.
746 2700 858 2739 Verr.
883 2699 947 2740 III.

77 2765 145 2800 71.
182 2760 351 2799 Gronov.
390 2759 441 2798 ad
472 2758 575 2797 Geli.
608 2757 654 2796 II.
687 2761 754 2798 22.
790 2756 860 2795 Dr.
895 2757 948 2795 ad

76 2817 147 2854 Sil.
161 2815 230 2854 XI.
245 2820 337 2857 472.
362 2815 494 2854 Burm.
509 2815 559 2853 ad
573 2814 682 2852 Serv.
696 2813 797 2852 Aen.
810 2812 839 2851 I.
856 2816 947 2854 119.

77 2873 178 2912 Dav.
205 2877 245 2911 et
268 2873 353 2912 suis
377 2872 507 2911 dictat.
534 2871 584 2910 ad
599 2870 713 2910 Caes.
726 2870 772 2909 B.
789 2869 869 2908 Civ.
883 2869 946 2908 III.

82 2933 145 2970 19.
193 2928 297 2976 Quia
326 2942 418 2967 vero
450 2928 621 2979 inprimis
652 2940 740 2965 eam
764 2926 951 2978 loquendi

79 2986 240 3037 liguram
284 2985 615 3036 frequentaverint
656 2983 816 3027 Graeci,
862 2983 953 3022 hinc

80 3042 185 3080 haud
211 3055 340 3082 aveto
359 3042 527 3081 alienum
545 3040 683 3085 videri,
709 3040 952 3089 graecissan-

82 3102 161 3137 tem
191 3098 404 3151 Apuleium
434 3112 484 3137 ea
513 3110 672 3149 quoque
697 3096 823 3135 fuisse
847 3094 954 3134 dele-

82 3158 236 3194 ctatum.
285 3155 333 3194 cf.
363 3154 463 3194 Met.
488 3153 556 3194 Vl.
592 3167 629 3205 p.
663 3157 755 3195 417.
788 3152 877 3194 Nec
901 3166 954 3193 se-

990 1188 1077 1226 cius
1100 1186 1176 1225 tibi
1273 1185 1536 1225 transmeanii
1560 1185 1603 1222 in
1627 1195 1770 1222 manus
1789 1181 1861 1220 acl-

988 1244 1136 1282 tollens
1172 1242 1320 1281 orabit.
1357 1241 1454 1279 Met.
1481 1240 1568 1279 Vll.
1606 1253 1646 1291 p.
1670 1242 1763 1280 486.
1796 1238 1862 1276 ubi

988 1299 1122 1351 optimi
1148 1298 1260 1336 codd.
1285 1298 1476 1350 praebent
1501 1310 1584 1335 sese
1609 1326 1618 1335 .
1634 1326 1642 1334 .
1659 1326 1669 1335 .
1685 1325 1694 1334 .
1716 1298 1863 1348 furens

985 1356 1172 1395 inem-rit.
1196 1354 1293 1393 Met.
1319 1352 1388 1393 IX.
1413 1367 1451 1405 p.
1479 1356 1573 1393 608.
1605 1353 1638 1390 si
1658 1351 1864 1403 proellum

985 1413 1262 1465 capessiturus
1294 1411 1356 1450 vel
1395 1410 1604 1449 latronum
1636 1408 1864 1460 factionem

987 1472 1275 1522 persecuturus
1311 1497 1319 1506 .
1339 1496 1349 1506 .
1370 1496 1380 1506 .
1401 1497 1409 1505 .
1440 1469 1544 1518 iuyo
1580 1463 1792 1504 subacturi
1828 1466 1867 1500 et

986 1525 1198 1578 praedam
1227 1554 1236 1562 .
1258 1554 1266 1562 .
1307 1523 1476 1575 capturi
1517 1520 1568 1560 X.
1606 1534 1643 1572 p.
1676 1523 1771 1561 722.
1810 1517 1868 1557 At

989 1582 1066 1621 illa
1086 1594 1167 1633 per
1191 1580 1415 1620 absentiam
1437 1578 1577 1617 mariti
1595 1582 1734 1616 natam
1748 1574 1866 1627 puel-

992 1639 1074 1678 lam
1191 1637 1362 1676 descivit
1379 1636 1430 1674 ab
1456 1635 1658 1687 obsequio.
1685 1629 1868 1671 Florial.

992 1710 1026 1734 n.
1054 1699 1090 1734 7.
1114 1707 1153 1745 p.
1180 1696 1245 1734 22.
1272 1692 1520 1732 Aleoeamlro
1544 1690 1608 1729 illi
1708 1719 1717 1728 .
1760 1687 1868 1727 Nam

992 1750 1103 1791 solus
1133 1765 1159 1789 a
1190 1750 1360 1789 condito
1389 1762 1501 1793 aero,
1539 1746 1683 1785 Florid.
1708 1744 1775 1783 IV.
1802 1747 1868 1785 22.

993 1823 1032 1861 p.
1066 1811 1158 1847 101.
1199 1806 1443 1846 Οταΐεεη..
1492 1803 1623 1843 Nulla
1661 1803 1803 1841 (lomus
1833 1800 1870 1839 ei

995 1865 1046 1903 de
1070 1861 1207 1903 Mund.
1233 1875 1272 1913 p.
1297 1865 1392 1902 365.
1420 1861 1506 1899 Eos
1529 1889 1538 1898 .
1553 1890 1561 1898 .
1577 1890 1586 1898 .
1614 1859 1768 1898 ambire
1789 1870 1870 1896 ma-

998 1922 1170 1960 luerunt.
1198 1918 1328 1970 [Haec
1352 1917 1516 1956 consilio
1536 1915 1750 1955 affectasse
1762 1913 1870 1965 Apu·

998 1978 1135 2021 leium,
1156 1977 1191 2014 in
1207 1976 1253 2013 iis
1268 1974 1375 2012 libris
1397 1973 1632 2025 putaverim,
1653 1984 1752 2022 quos
1767 1982 1868 2008 sum-

997 2048 1060 2073 mo
1086 2045 1172 2071 cum
1196 2030 1326 2070 studio
1352 2030 1577 2069 elaboravit.
1615 2028 1742 2067 Aliter
1765 2025 1870 2063 vide-

997 2095 1059 2129 tur
1088 2102 1154 2127 res
1185 2100 1280 2126 esse
1311 2088 1346 2125 in
1377 2085 1567 2131 Floridis,
1599 2098 1699 2137 quae
1734 2083 1871 2121 oratio-

999 2159 1089 2184 num
1121 2149 1213 2183 sunt
1243 2143 1476 2194 fragmenta,
1508 2143 1557 2181 ab
1584 2155 1631 2179 eo
1656 2140 1874 2179 habitarum

1000 2203 1142 2247 subito,
1158 2201 1298 2252 quibus
1311 2199 1413 2238 tales
1435 2197 1706 2239 anacoluthiae
1721 2194 1875 2235 facilius

1001 2259 1184 2297 excidere
1208 2260 1377 2309 possunt
1402 2255 1587 2308 loquenti.
1615 2253 1769 2292 Sichoc
1783 2265 1874 2302 quo-

1003 2329 1080 2367 que
1111 2315 1198 2353 loco
1229 2313 1449 2366 abeyissem
1480 2326 1565 2351 cum
1591 2310 1748 2362 optimis
1772 2308 1878 2347 Mss.

1002 2372 1171 2417 retineo,
1208 2371 1316 2409 cuius
1347 2370 1526 2421 glossam
1562 2368 1731 2408 continet
1765 2366 1876 2403 inter-

1003 2428 1160 2481 polatus
1185 2427 1251 2466 iile
1276 2425 1363 2466 cod.
1388 2426 1444 2479 ἃ]

1062 2529 1161 2569 Cn».
1193 2528 1262 2569 IV.
1315 2542 1468 2581 prono.
1531 2526 1641 2565 Male
1665 2527 1801 2575 agunt,
1837 2526 1879 2561 ut

1005 2587 1167 2639 Sciopp.
1194 2586 1313 2637 Susp.
1338 2585 1467 2624 Lectt.
1480 2582 1543 2622 III.
1559 2587 1644 2624 22..
1671 2581 1735 2631 qui
1750 2580 1878 2632 pleno

1006 2657 1057 2682 ex
1094 2643 1179 2683 cod.
1212 2642 1401 2681 inferioris
1440 2644 1553 2679 notae
1585 2638 1695 2676 alteri
1724 2635 1879 2674 lectioni

1003 2714 1143 2754 prono
1173 2698 1411 2751 praeferant,
1444 2696 1549 2748 quod
1574 2695 1676 2734 Oud.
1707 2691 1883 2730 defendit

1007 2758 1081 2796 dici
1111 2756 1162 2794 de
1193 2756 1280 2794 sole
1306 2759 1346 2793 et
1369 2754 1581 2798 sideribus,
1613 2763 1714 2802 quae
1738 2748 1882 2788 cadere

1007 2814 1207 2864 incipiant3
1244 2811 1334 2851 coll.
1364 2809 1540 2850 Broukh.
1566 2807 1617 2847 ad
1647 2806 1822 2858 Propert.
1853 2803 1881 2842 I.

1011 2874 1075 2912 16.
1101 2873 1166 2910 23.
1203 2867 1346 2907 Achill.
1380 2867 1478 2906 Stat.
1503 2863 1548 2903 II.
1577 2868 1641 2905 15.
1673 2862 1756 2914 [cui
1780 2860 1884 2900 adde

1009 2927 1158 2966 Lucan.
1180 2925 1244 2965 III.
1269 2929 1334 2965 40.
1359 2923 1490 2962 Burm.
1505 2920 1555 2960 ad
1568 2920 1657 2959 Val.
1672 2919 1804 2958 Flacc.
1817 2916 1883 2955 III.

1012 2986 1077 3025 33.
1103 2982 1189 3021 Intt.
1216 2981 1267 3019 ad
1291 2980 1384 3020 Hor.
1410 2978 1486 3017 Od.
1501 2975 1565 3016 111.
1580 2981 1644 3018 27.
1671 2980 1732 3017 18.
1758 2973 1885 3014 Bach.

1012 3040 1064 3079 ad
1089 3038 1206 3078 Ovid.
1230 3037 1328 3076 Met.
1354 3035 1423 3075 XI.
1455 3049 1494 3087 p.
1521 3033 1639 3086 257.]
1687 3031 1728 3070 In
1755 3045 1804 3070 eo
1829 3034 1884 3069 ta-

1012 3109 1102 3136 men
1140 3094 1301 3134 offendit
1336 3091 1460 3142 Qud,
1503 3090 1609 3142 quod
1639 3102 1801 3142 pronus
1835 3087 1886 3124 sit

1016 3154 1081 3205 qui
1117 3155 1253 3203 vergat
1287 3151 1323 3190 in
1360 3149 1579 3188 inferiorem
1614 3149 1785 3199 partem,
1823 3141 1885 3182 sol

1880 688 1899 706 ι)
