2221 3667
297 119 379 161 472

547 118 595 158 L.
626 117 843 160 APULEII
873 118 1269 160 MADAL'RENSIS
1300 119 1836 161 METAMORPHOSEON

297 230 549 270 sobrietatem
570 232 871 285 pertimescens,
900 235 946 271 ad
970 231 1177 271 armillum
1200 232 1320 282 redit,
1349 232 1497 286 alisque
1519 234 1738 287 pernicibus
1758 235 1853 274 coeli
1876 240 2077 288 penetrato

298 346 512 374 severitatem
526 356 580 382 pro
595 348 811 377 sobrietatem
830 351 865 378 F.
886 352 910 377 1.
925 350 1006 376 Elm.
1020 349 1114 375 Vulc.
1125 349 1154 375 2.
1169 348 1307 376 Srriwr.
1326 350 1362 376 In
1377 351 1412 377 G.
1428 350 1545 383 legitur
1563 349 1769 386 repentinam
1784 350 1839 377 ,τὸυ
1853 350 2080 383 sobrirtatem,

298 392 420 427 sedita,
429 397 459 421 ut
475 393 538 422 iam
548 401 566 422 a
579 402 674 423 manu
685 395 786 429 prima
795 394 850 422 scm
861 393 957 422 minio
967 393 1103 421 deletum
1112 393 1164 420 sit.
1177 394 1255 420 Oud.
1266 393 1296 420 in
1306 394 1376 421 suis
1386 399 1514 428 excerpt
1522 395 1548 422 is
1556 395 1633 422 inire
1647 395 1721 427 legit
1738 394 2082 431 sbodrlsobrieeatrm,

298 444 381 471 quae
395 439 489 466 lectio
503 447 608 468 errore
622 439 683 468 viri
698 440 804 474 magni
820 443 929 467 exorta
945 441 1001 465 est.
1017 439 1096 465 Nam
1111 438 1329 471 adscripserint
1345 439 1472 467 Curtius
1482 439 1656 467 sinedublo
1666 441 1820 473 niarg.ed.
1831 440 1919 469 Colv.
1933 439 1988 467 sbn
2003 439 2064 468 del.
2075 463 2082 472 ,

299 489 363 516 qua
375 487 449 511 nola
464 485 601 512 deletam
615 493 688 513 essu·
704 486 736 512 in
750 485 857 511 codice
872 490 980 510 vocem
995 481 1050 509 sbo
1065 483 1235 516 indicavit,
1257 484 1339 511 unde
1354 484 1432 512 Oud.
1448 483 1618 511 fabricavit
1634 484 1718 512 istud
1733 488 1907 513 monstrum
1922 486 2083 513 vocabuli.

298 526 451 555 armicem
466 530 501 557 F.
513 531 526 557 1
536 548 542 553 .
553 530 583 558 3.
600 531 634 558 G.
651 531 730 557 RD.
741 529 761 556 t.
771 526 843 556 ὁζΟ.
869 525 1038 554 armiliam
1053 527 1151 555 edidit
1162 527 1300 556 scriver.
1315 529 1352 556 In
1363 527 1573 557 cett.ar7m'le.
1599 526 1817 563 reddilD.pro
1831 537 1926 557 more.
1952 529 2040 557 coelo
2051 532 2085 558 0.

354 627 617 665 sobrietatem.
650 626 909 677 [Allucinatur
923 624 1025 664 Oud.
1041 627 1075 664 in
1091 626 1164 665 bac

298 681 465 721 lectione
481 682 694 720 reiicienda.
726 680 842 719 Putat
856 682 968 727 enim,
983 683 1016 720 si
1032 682 1164 732 plures

299 739 381 777 libri
402 739 633 782 addicerent,
655 737 859 787 legendum
874 751 967 776 esse
981 740 1165 777 soz-erita-

300 795 737 845 t2111‚quiasol›rietaten1
753 797 793 831 ut
807 794 1165 833 inimicamVeneris

301 851 488 889 induxerit
516 850 559 886 V.
575 863 612 900 p.
628 853 719 889 376.
747 850 942 889 Ι)ι’ΐαηιηε
967 851 1168 890 auxilium

300 908 351 946 ab
377 907 540 944 ‘inimica
565 920 651 944 mea
679 906 919 945 Sobrietate.
969 905 1022 944 Ut
1057 907 1169 958 igitur

298 963 399 1001 hanc
424 961 647 1006 lectionem,
675 976 774 1013 quae
800 962 1028 1013 optimorum
1054 963 1166 1001 codd.

299 1019 525 1058 auctoritate
561 1018 769 1065 stabilitur,
817 1020 984 1057 retinere
1026 1020 1166 1071 possit,

299 1073 495 1112 emendat:
522 1076 774 1125 repentinam
799 1089 953 1114 serram
977 1077 1167 1115 sobrIeta-

298 1136 373 1169 tem
410 1130 472 1167 vel
509 1131 707 1170 serrulam
730 1132 997 1178 sobrietatem,
1035 1134 1167 1170 miram

298 1188 424 1231 istam,
451 1187 500 1224 de
516 1187 640 1237 quain
657 1191 748 1226 nota
762 1189 889 1226 critica
904 1188 993 1235 dixi,
1007 1193 1167 1227 secutus

300 1240 430 1280 Guels.
445 1243 530 1281 cod.
547 1244 815 1294 corruptelam.
829 1243 899 1282 Ille
917 1258 1027 1290 vero,
1054 1259 1170 1296 quan-

296 1304 377 1337 tum
391 1299 518 1344 video,
534 1313 619 1337 cum
635 1301 813 1338 omnibus
828 1299 910 1338 lntt.
927 1301 1027 1339 bunc
1045 1302 1171 1340 locum

299 1355 403 1393 male
429 1355 628 1393 intellexit.
673 1355 853 1394 Floridus
881 1357 915 1395 in
942 1358 1172 1409 paraphrasi

301 1411 402 1450 hunc
416 1412 541 1450 locum
551 1413 881 1464 itainterpretatus
890 1418 967 1452 est:
983 1415 1171 1452 morbido

299 1468 430 1512 cultu,
456 1473 630 1508 meamus
656 1470 924 1509 Sobrietatem
948 1471 1080 1509 sabito
1106 1485 1171 1509 ac-

301 1526 485 1563 cersitam
510 1539 533 1563 α
562 1531 699 1569 matre,
727 1539 840 1576 quam
868 1526 1173 1578 explicationem

299 1584 460 1618 secutus
499 1584 560 1618 est
595 1581 765 1620 Rodius:
806 1596 879 1620 con
912 1583 986 1621 der
1018 1583 1173 1621 Furclet

298 1642 474 1689 yenayt,
499 1638 607 1675 seiae
631 1638 786 1677 lllutter
817 1645 938 1690 niiiye
968 1639 1038 1677 ilm
1064 1639 1174 1678 doch

299 1694 407 1732 nacla
443 1692 514 1732 der
539 1691 793 1746 Massi-qma
829 1695 1075 1746 iiberyebem
1114 1695 1171 1733 cla

298 1750 366 1788 iln-
380 1750 510 1788 Blick
530 1750 635 1788 noch
656 1752 792 1789 imnwr
814 1757 952 1796 ziirne,
978 1752 1014 1789 in
1030 1765 1076 1789 eo
1091 1755 1170 1789 tan·

298 1810 377 1843 tum
410 1806 619 1852 recedens,
658 1807 761 1856 quod
800 1821 929 1860 aeyro
961 1807 1071 1847 vultu
1096 1821 1171 1845 non

298 1862 348 1900 ad
363 1862 612 1913 Cupidinem,
638 1863 711 1900 sed
736 1863 785 1901 ad
801 1863 997 1901 Venerem
1017 1864 1170 1902 referat.

298 1917 385 1956 Nec
399 1918 539 1956 melius
554 1919 667 1957 vertit
680 1919 868 1970 interpres
891 1920 1172 1971 srancogallus:

300 1973 530 2026 Cependant
556 1974 732 2026 Cupidon
760 1975 911 2015 brulant
937 1976 1116 2014 d’amour
1135 1980 1174 2014 et

300 2031 510 2081 eraignant,
525 2045 601 2081 que
619 2045 665 2070 sa
680 2034 782 2069 mere
797 2032 885 2070 nele
901 2032 1013 2071 livrat
1027 2032 1175 2070 bientot

301 2089 323 2125 ὲ
346 2087 383 2126 la
398 2088 593 2133 Sobriete,
620 2088 712 2126 dont
733 2088 810 2126 elle
842 2088 978 2128 l'avait
1004 2092 1174 2127 menace.

298 2143 492 2182 Referunt
505 2145 605 2182 enim
624 2144 723 2182 llaec
738 2146 857 2185 verba
872 2159 1008 2183 omnes
1023 2145 1072 2184 ad
1088 2159 1176 2184 con-

300 2200 428 2238 silium
445 2200 611 2239 veneris
627 2201 835 2240 Sobrietati
855 2202 971 2240 tilium
986 2202 1175 2248 tradendi,

301 2258 448 2308 quippe
470 2269 585 2306 quen}
601 2257 706 2295 nulla
720 2259 797 2296 alia
821 2259 969 2296 ratione
990 2259 1176 2297 domitum

300 2313 342 2351 iri
358 2314 583 2363 speraverit.
611 2314 725 2359 Quod
742 2315 923 2364 equidem
941 2329 1051 2366 nego.
1075 2314 1178 2354 Oud.

300 2371 402 2407 enim
423 2370 643 2408 coniectura
657 2384 704 2407 eo
721 2386 794 2409 non
810 2376 943 2422 potest
957 2371 1057 2416 ferri,
1073 2371 1176 2422 quod

301 2425 443 2464 ancilla
458 2426 626 2464 Veneris
647 2426 850 2465 Sobrietas
875 2442 948 2466 non
977 2432 1078 2472 erat,
1104 2428 1178 2466 sed

300 2482 377 2521 dea
415 2483 629 2532 quaedam,
669 2497 768 2533 quae
800 2498 823 2522 a
856 2484 1002 2523 lasciva
1034 2485 1179 2522 femina

301 2551 416 2589 quam
430 2540 597 2577 maxime
617 2541 882 2589 spernebatur.
910 2541 1065 2579 Deinde
1086 2541 1178 2592 quid

298 2595 375 2633 eibi
400 2596 537 2634 volunt
566 2596 686 2634 verba
724 2599 940 2648 repentina
966 2598 1175 2643 sobrietas,

300 2652 333 2690 si
367 2651 416 2690 de
447 2652 548 2691 deae
585 2666 755 2703 persona
793 2653 993 2692 dicuntur?
1042 2654 1176 2692 Locus

299 2710 352 2747 ita
367 2708 647 2760 intelligendus
662 2713 739 2748 est:
767 2724 898 2761 aeyra
909 2712 1035 2762 facie,
1059 2724 1176 2762 quum

299 2764 428 2804 adhuc
459 2778 579 2816 aeger
611 2770 723 2804 esset
748 2765 898 2818 Cupido
924 2767 1092 2805 necdum
1117 2781 1177 2805 re-

301 2821 584 2869 convaluisset,
610 2823 810 2862 metuebat
836 2835 859 2860 a
879 2823 1013 2862 matris
1040 2837 1176 2875 repen-

300 2879 379 2915 tina
414 2879 647 2925 sobrietate,
674 2892 751 2929 qua
787 2883 903 2918 antea
940 2880 1109 2918 nondum
1141 2882 1176 2918 in

302 2947 388 2970 eum
409 2935 668 2974 consuluerat.
694 2936 931 2988 Repentt'na
951 2937 1176 2981 nominatur,

302 3002 402 3039 quae
433 2995 564 3030 contra
593 3005 706 3043 spem
739 2996 950 3044 votumque
975 2992 1176 3044 Cupidinis

301 3050 378 3083 tam
393 3047 466 3084 cito
485 3061 571 3086 eam
586 3053 855 3100 occupaverat,
870 3050 1070 3088 sobrietas
1083 3063 1173 3087 vero

303 3106 365 3139 est
380 3102 546 3142 Veneris
572 3119 649 3143 non
664 3119 741 3157 qua
755 3105 843 3157 ipsa
856 3108 1084 3152 continetur,
1099 3106 1174 3145 sed

1222 640 1298 677 qua
1322 627 1439 665 tilium
1464 627 1620 666 domare
1645 627 1809 671 studuit,
1835 640 1950 677 quum
1973 632 2088 666 antea

1223 685 1306 721 eius
1333 683 1504 721 luxuriae
1528 688 1567 721 et
1591 684 1813 729 lasciritati,
1840 683 1889 721 de
1909 697 1984 734 qua
2003 697 2088 722 cum

1224 754 1270 778 eo
1297 744 1419 778 mater
1449 741 1535 791 ipsa
1561 739 1801 792 expostulat,
1834 739 1881 778 V.
1913 752 1952 790 p.
1977 743 2088 787 375.‚

1223 796 1482 848 pepercisset.
1527 796 1638 834 Hanc
1664 800 1793 834 contra
1818 796 2003 833 Amorem
2028 809 2090 834 so-

1224 853 1428 891 brietatem
1464 853 1624 904 primum
1669 867 1715 889 eo
1760 856 1840 890 erat
1876 852 2092 897 testificata,

1228 909 1332 960 quod
1364 909 1399 946 in
1432 909 1607 947 cubic-ulo
1642 909 1757 957 longe
1789 909 1980 946 artissimo
2006 921 2093 947 eum

1226 965 1449 1003 incluserat.
1505 964 1642 1016 :leyra
1677 966 1792 1017 facie
1823 964 1871 1003 ad
1898 964 2093 1002 Venerem

1227 1035 1311 1060 cum
1331 1021 1460 1059 Rodio
1486 1021 1617 1059 referri
1645 1021 1788 1071 nequit,
1815 1034 1930 1072 quum
1949 1035 2093 1074 aeyer:

1225 1078 1442 1124 sollicitas,
1473 1078 1678 1117 morbosus
1709 1091 1779 1115 nec
1803 1090 1896 1114 vero
1927 1091 2094 1128 unquam

1224 1136 1354 1173 iratas
1378 1133 1599 1186 significet]

1283 1191 1341 1229 ad
1365 1191 1568 1230 armillum
1592 1191 1712 1229 redit.
1746 1190 1820 1241 [lta
1845 1190 1945 1228 hunc
1971 1189 2095 1228 locum

1229 1260 1313 1285 cum
1340 1246 1481 1285 Dousa
1505 1247 1551 1285 ad
1580 1246 1703 1284 Lucil.
1726 1246 1947 1284 LXXVIH.
1968 1260 2096 1285 emen-

1230 1303 1336 1348 davi,
1381 1303 1443 1353 qui
1481 1303 1566 1341 sine
1610 1303 1725 1340 dubio
1769 1303 1982 1341 mendosus
2024 1308 2098 1349 est,

1232 1373 1347 1409 quum
1386 1359 1565 1398 armilem
1598 1359 1728 1410 optimi
1761 1359 1918 1397 codices
1956 1359 2098 1410 legant.

1230 1416 1411 1465 idemque
1437 1415 1666 1454 vocabulum
1698 1414 1765 1453 lX.
1791 1429 1828 1466 p.
1856 1419 1947 1456 638.
1975 1420 2098 1454 extet:

1232 1472 1287 1512 At
1311 1472 1403 1517 illa,
1434 1476 1600 1522 praeter
1624 1473 1841 1523 gyenninam
1866 1473 2100 1524 nequitiam,

1232 1528 1476 1568 contumelia
1492 1529 1622 1569 etiam.
1647 1529 1823 1580 quarm-fs
1838 1529 1954 1574 iusta,
1970 1533 2100 1567 tamen

1231 1585 1355 1624 altius
1381 1589 1577 1623 conznmca
1603 1589 1726 1636 alque
1751 1590 2017 1635 eaeasperata.
2044 1586 2102 1624 ad

1233 1641 1476 1680 armillum
1502 1642 1717 1679 revertit.
1746 1646 1782 1678 et
1807 1641 2103 1693 adfarm'liares

1226 1698 1470 1750 feminarum
1486 1701 1593 1735 artes
1606 1698 1858 1736 accenditur.
1880 1697 1998 1735 Aliud
2012 1711 2102 1735 vero

1227 1753 1460 1792 vocabulum
1474 1754 1710 1791 substituere
1726 1753 1973 1803 impedimur,
2000 1754 2103 1805 quod

1230 1809 1472 1861 proverbium
1503 1814 1565 1847 est
1589 1810 1647 1848 acl
1672 1810 1874 1849 armillam
1903 1810 2041 1850 redire
2071 1824 2103 1849 s·

1230 1867 1288 1905 ad
1306 1865 1508 1905 armillam
1527 1868 1690 1912 reverti,
1718 1867 1752 1904 in
1774 1880 1850 1916 quo
1873 1866 1964 1904 nibil
1986 1867 2105 1905 debet

1231 1923 1381 1960 mutari.
1407 1921 1507 1960 Hinc
1532 1922 1607 1960 iam
1632 1926 1764 1974 potest
1783 1922 1963 1973 intelligi,
1990 1936 2102 1974 qnam

1236 1991 1424 2029 perverse
1442 1977 1622 2017 Beroald.
1642 1979 1786 2017 armile
1804 1979 1866 2017 hic
1880 1981 2100 2031 exposuerit

1234 2035 1284 2073 de
1298 2036 1592 2073 armamentario
1609 2034 1798 2073 fraudium
1813 2040 1852 2073 et
1864 2037 2012 2074 artium:
2028 2050 2103 2086 quo

1234 2090 1397 2135 accedit,
1424 2091 1530 2140 quod
1554 2092 1695 2130 armile
1719 2090 1795 2130 hoc
1819 2105 1867 2129 ne
1891 2092 2108 2141 significare

1235 2147 1389 2198 quidem
1416 2151 1560 2199 potest.
1609 2146 1713 2185 ldern
1741 2148 1841 2186 cadit
1865 2148 1901 2186 in
1927 2148 2108 2187 Scriverii

1235 2204 1546 2242 emendationem
1573 2204 1793 2250 armiliam,
1820 2204 2108 2255 quodGlossae

1236 2260 1339 2298 Phil.
1366 2273 1402 2311 p.
1419 2264 1483 2301 25.
1506 2265 1640 2306 σκεῦος
1655 2260 1862 2312 explicant.
1893 2261 2107 2301 Aracillum

1237 2321 1365 2355 autem
1379 2318 1534 2369 proprie
1554 2321 1615 2355 est
1634 2317 1793 2356 urceoli
1804 2330 1935 2369 yemis
1948 2319 2107 2363 vinarii,

1236 2381 1278 2411 ut
1302 2372 1572 2424 interpretatur
1591 2373 1692 2412 Non.
1707 2387 1744 2424 p.
1760 2378 1854 2414 547.
1881 2373 1982 2412 cons.
1997 2374 2107 2413 Varr.

1237 2430 1286 2467 de
1300 2431 1361 2468 vit.
1378 2444 1466 2481 pop.
1483 2430 1597 2468 Rom.
1612 2429 1639 2468 l.
1666 2430 1802 2468 Etiam
1821 2431 2107 2482 mma-pocula,

1238 2500 1342 2539 qaae
1363 2491 1509 2525 cocant
1527 2486 1699 2538 capulus
1717 2501 1767 2525 ac
1782 2487 1970 2538 capides,
1997 2488 2110 2540 qaod

1237 2549 1295 2582 est
1315 2544 1463 2594 poculi
1474 2557 1622 2595 fsenus,
1649 2543 1968 2589 itenzarmillum,
1995 2544 2109 2596 quod

1237 2604 1293 2639 est
1319 2600 1475 2639 urceoli
1497 2613 1627 2650 ,oenus
1654 2599 1802 2638 νίηιινίἰ
1826 2603 1865 2637 et
1889 2613 1926 2650 p.
1954 2604 2018 2640 74.
2045 2614 2107 2638 ar—

1235 2656 1390 2694 millum.
1403 2655 1531 2694 Lucil.
1545 2654 1730 2693 XXvnl.
1748 2656 1861 2695 Hinc
1876 2661 1999 2707 atque
2012 2656 2108 2694 hinc

1237 2713 1332 2751 licet
1344 2727 1447 2752 anas
1465 2725 1623 2751 rursum
1645 2712 1703 2750 ad
1717 2712 1930 2757 armillum,
1957 2725 2005 2750 ex
2031 2725 2107 2763 quo

1236 2768 1323 2806 loco
1362 2769 1508 2820 optime
1544 2769 1737 2807 sententia
1769 2772 1807 2805 et
1833 2768 1890 2804 vis
1917 2769 2107 2819 proverbii

1236 2825 1398 2876 intelligi
1425 2828 1569 2878 potest.
1604 2823 1838 2875 Metapbora
1852 2824 1953 2862 enim
1969 2826 2017 2863 ab
2033 2839 2109 2864 anu

1237 2882 1404 2933 eiusque
1443 2883 1648 2920 bibacitate
1685 2880 1864 2918 desumta
1899 2884 1976 2928 est,
2013 2895 2109 2933 prae

1234 2939 1310 2976 vini
1329 2938 1539 2989 cupiditate
1558 2937 1722 2975 subinde
1747 2937 1944 2976 redeuntis
1969 2938 2020 2976 ad
2039 2951 2109 2990 po-

1235 2994 1333 3033 cula.
1359 2995 1569 3034 Dicebatur
1593 3007 1703 3039 vero,
1728 2994 1792 3031 ubi
1817 2994 1903 3044 quis
1928 2995 1978 3033 ad
2003 2995 2108 3046 inge-

1234 3052 1334 3089 nium
1349 3065 1475 3097 suum.
1496 3052 1545 3090 ad
1560 3051 1710 3090 nativos
1725 3063 1853 3089 mores
1869 3054 1906 3088 et
1919 3055 2106 3098 naturam,

1239 3121 1355 3159 quam
1370 3112 1531 3148 exuerat
1544 3107 1780 3153 condicione,
1794 3108 2021 3159 regreditur,
2035 3121 2109 3148 nec
