2155 3590
624 135 814 177 LIBER
837 138 912 179 IV.
970 138 1096 179 CAP.
1122 139 1196 180 XI.
1772 146 1852 189 241

63 243 244 295 vulnere,
277 258 327 285 ne
356 245 484 286 stillae
513 247 718 301 sanguinis
748 250 958 305 vestigium
983 253 1214 308 proderent,
1248 259 1421 304 CCQ'JAEJD
1445 252 1687 296 Lamachum
1711 259 1853 312 raptim

59 308 318 354 reportamus.
358 301 419 342 Ac
444 309 524 344 tum
549 304 690 358 trepidi
715 306 920 361 religionis
945 323 1134 363 urgemur
1158 309 1272 363 gravi
1298 309 1485 361 tumultu,
1513 317 1553 350 et
1576 312 1761 354 instantis
1786 329 1853 368 pe-

58 355 171 396 riculi
194 364 299 403 metu
324 364 520 400 terremur
544 360 590 400 ad
617 362 771 415 sugam,
800 377 872 404 nec
896 365 960 405 vel
979 366 1089 419 sequi
1109 379 1274 420 propere
1292 366 1356 407 vel
1375 380 1581 408 remanere
1603 376 1687 409 tuto
1706 377 1849 424 potest,

56 412 119 453 vir
142 413 315 454 sublimis
341 415 460 463 animi
483 416 717 473 virtutisque
741 420 972 473 praecipuus
997 422 1128 463 multis
1148 436 1220 463 nos
1239 422 1420 463 affatibus
1441 423 1648 478 multisque
1670 427 1850 479 precibus

56 482 224 522 querens
250 470 496 513 adhortatur:
521 472 602 514 Per
619 474 824 515 dexteram
844 475 1011 529 Martis,
1041 493 1110 533 per
1130 479 1241 520 fidem
1265 480 1523 531 sacramenti,
1551 481 1695 521 bonum
1717 481 1724 538 Ι
1745 497 1849 523 com-

52 595 180 624 {scillae
192 599 230 626 D.
245 605 265 627 a
278 607 319 628 m.
336 608 364 633 p.
397 599 590 636 proderent.
612 601 767 632 Celerum
781 606 816 633 G.
830 607 861 634 2.
875 609 903 634 el
917 607 955 634 D.
965 614 1021 641 ap.
1034 615 1074 636 m.
1089 608 1145 636 sed
1159 615 1179 637 a
1191 616 1231 637 m.
1245 611 1421 638 correctum
1433 608 1678 646 estprmt'erent
1690 614 1847 642 ceteram.

52 639 257 670 Lamachum
271 645 306 672 F.
321 646 350 673 3.
366 646 402 673 G.
417 648 447 674 2.
460 648 499 674 D.
514 648 548 675 B.
563 652 591 676 et
605 656 716 678 omnes
728 653 804 678 vett.
819 652 888 679 edd.
905 649 1089 679 Eumaeum
1103 654 1139 681 G.
1155 655 1184 682 1.
1232 655 1482 690 reportavimus
1497 657 1532 684 G.
1549 657 1577 684 1.
1593 657 1622 684 2.
1637 657 1676 684 D.
1690 657 1726 685 P.
1777 660 1847 685 tre-

48 686 125 723 pido
138 690 176 717 R.
191 688 212 716 f.
250 688 421 726 religionis
434 692 468 720 F.
478 693 508 720 3.
523 694 558 720 G.
577 694 604 722 l.
619 695 649 722 2.
666 694 704 721 D.
719 696 754 723 P.
764 696 798 724 Ο.
813 697 848 724 L.
863 698 900 724 R.
915 696 937 724 f.
953 705 980 731 ι).
995 704 1031 725 π.
1047 695 1075 726 δ.
1091 699 1138 727 ed.
1153 699 1318 733 pr.Venet.
1331 701 1362 728 2.
1377 701 1407 728 4.
1422 700 1529 729 Paris.
1552 703 1589 729 ln
1603 705 1675 729 cett.
1690 702 1847 739 regionis.

51 740 231 770 urguemur
244 735 279 763 G.
291 734 390 769 l(nec
402 745 633 775 argueremur,
649 743 682 768 ut
694 744 846 774 excerpta
859 742 938 769 Oud.
953 743 1090 778 habent]
1106 744 1154 771 ed.
1170 752 1216 777 pr.
1230 745 1357 773 Vicent.
1372 748 1403 773 et
1416 743 1455 774 D.
1471 752 1492 774 a
1504 753 1543 774 m.
1560 754 1588 780 p.
1607 754 1806 783 urgeremur
1819 745 1848 778 ὃ.

50 785 121 805 cnm
137 777 280 806 tumultu
295 781 328 808 Ο.
357 784 564 809 terreremur
571 780 600 812 δ.
617 783 753 822 fugam.
780 783 849 813 Nec
857 787 932 815 G.2.
945 788 982 815 D.
1009 787 1064 814 vir
1076 787 1235 817 sublimis.
1250 788 1331 824 (Hic
1345 790 1379 818 in
1390 791 1493 818 veteri
1507 791 1626 825 scripto
1635 793 1725 821 Colv.
1739 801 1849 822 exem-

51 823 133 857 plari
147 825 318 858 sequentia
331 827 438 855 omnia
452 830 511 856 hoc
525 828 606 856 libro
619 831 690 859 Lib.
704 831 744 859 V.
758 831 828 859 Lib.
842 832 896 860 VI.
911 840 1014 865 usque
1028 834 1066 861 ad
1082 833 1175 862 finem
1188 833 1255 862 fere
1268 835 1396 869 septimi
1413 835 1490 864 libri
1504 837 1739 866 desiderantur.
1765 839 1848 867 Hinc

47 868 144 898 etiam
158 871 254 898 Voss.
275 870 368 902 Coll.)
415 873 608 910 virtuteque
627 872 655 904 δ.
705 883 871 912 quaerens
885 877 920 905 F.
937 878 965 905 1.
980 879 1009 905 3.
1026 880 1061 906 G.
1079 880 1106 906 l.
1120 881 1151 907 2.
1172 877 1212 907 D.
1227 883 1255 907 et
1271 881 1319 908 ed.
1334 881 1438 909 Paris.
1465 889 1630 917 qnaeseus
1642 883 1679 911 B.
1705 891 1848 920 quereus

45 914 127 942 lunt.
143 915 173 942 2.
187 916 264 943 Bas.
281 917 308 944 ’1.
329 917 445 952 patris
459 917 585 946 Martis
599 924 645 948 est
659 920 693 948 in
706 921 744 949 D.
759 924 788 949 et
803 922 838 949 G.
848 923 878 949 2.
892 922 948 949 ubi
963 924 1040 951 Oud.
1055 928 1208 958 excerpta
1220 932 1383 959 perperam
1392 932 1541 961 precans
1555 925 1702 954 Martem
1715 931 1846 965 habent,

47 966 109 986 non
125 959 289 989 intellecto
303 964 490 996 compendio
500 962 576 1000 fiis
590 965 611 993 i.
626 974 652 994 e.
662 965 789 1001 patris.
815 967 870 994 Sic
885 974 1009 1000 quoque
1023 968 1056 996 in
1070 969 1106 997 P.
1120 970 1202 1005 legi,
1229 971 1313 1003 quod
1325 972 1408 998 Elm-
1423 973 1451 998 et
1467 972 1599 1001 putsch.
1619 974 1750 1002 collatio
1770 982 1848 1003 con-

46 1004 186 1041 firmant,
213 1006 290 1034 mihi
303 1007 430 1040 quidem
444 1016 638 1042 persuasum
653 1014 712 1047 est.
740 1019 836 1045 quum
850 1012 883 1040 hi
897 1013 986 1041 codd.
1001 1013 1118 1047 ubique
1132 1015 1349 1051 consentiant,
1375 1023 1568 1050 quamquam
1583 1018 1662 1046 oud.
1677 1024 1847 1054 excerpta:

39 1056 146 1084 prem.
161 1048 288 1078 Martis
300 1055 486 1086 praebeant.

45 1151 147 1197 gent.
173 1147 299 1199 Myth.
327 1149 350 1188 l.
367 1155 403 1190 2.
429 1165 465 1202 p.
482 1155 575 1194 626.
600 1152 732 1192 Burm.
757 1154 806 1192 ad
832 1154 910 1192 An-

42 1203 138 1242 thol.
160 1203 268 1244 Tom.
290 1205 333 1243 ΙΙ.
359 1220 398 1258 p.
415 1211 477 1247 64.
498 1208 564 1246 Dr.
590 1210 640 1247 ad
658 1209 742 1247 Liv.
757 1209 908 1248 XXXI.

43 1263 106 1300 34.
121 1259 150 1309 6.
166 1265 202 1300 4.
218 1261 403 1301 Buenem.
418 1263 467 1301 ad
481 1263 657 1303 Lactant.
673 1264 698 1303 Ι.
717 1270 778 1306 12.
795 1267 826 1317 §.
844 1271 906 1307 10.

41 1328 78 1367 p.
109 1321 173 1356 85.
234 1317 308 1364 Qui
344 1318 477 1369 plures
508 1320 681 1359 conferre
712 1322 821 1367 velit,
860 1323 906 1361 cs.

41 1371 172 1412 Eckst.
198 1374 249 1412 ad
273 1373 394 1413 Voss.
414 1374 534 1415 Arist.
556 1375 601 1416 T.
622 1376 664 1415 11.
691 1392 729 1429 p.
751 1382 831 1418 836
845 1392 905 1430 sq.

39 1427 174 1470 Arntz.
198 1430 248 1469 ad
272 1430 404 1469 Aurel.
430 1432 531 1472 Vict.
557 1433 658 1486 Epit.
687 1438 752 1481 23,
775 1438 810 1474 3.
837 1434 906 1474 ab·

39 1486 194 1525 seiclere
231 1486 304 1525 dici
341 1488 552 1537 existimat,
596 1490 658 1528 ubi
694 1504 786 1542 pars
822 1495 906 1530 tan-

38 1543 233 1583 tummodo
253 1546 423 1595 corporis
437 1545 590 1584 humani
605 1547 829 1587 detruncata
843 1550 906 1594 sit,

39 1598 239 1645 abscindi,
266 1613 357 1638 vero
377 1614 454 1647 res,
481 1616 581 1653 quae
607 1605 644 1641 vi
675 1603 805 1656 aliqua
837 1606 901 1643 ab·

37 1660 255 1706 rumpantur
264 1672 272 1704 ;
308 1657 411 1707 quod
442 1659 622 1709 equidem
648 1661 813 1711 probare
839 1675 901 1699 ne-

36 1724 149 1762 queo.
198 1711 406 1754 Abscz'ssas
425 1716 606 1766 equidem
624 1721 717 1769 puto
737 1717 810 1756 «lici
825 1732 902 1756 om-

35 1781 106 1808 nes
132 1781 201 1807 eas
225 1783 301 1815 res,
328 1784 428 1822 quae
454 1772 647 1812 laceratae
672 1777 711 1811 et
729 1774 903 1819 evulsae,

36 1825 211 1864 abscisas
238 1839 344 1872 vero,
378 1842 478 1878 quae
503 1835 638 1868 sectae
661 1835 768 1876 sunt,
801 1835 842 1870 ut
866 1832 901 1869 in

34 1880 253 1920 universum
268 1896 351 1921 cum
366 1886 559 1924 sententia
572 1886 714 1938 VVagn.
729 1887 780 1925 ad
794 1888 901 1938 Yirg.

35 1936 83 1975 G.
105 1936 229 1979 1123.
252 1941 502 1980 consentiam.
551 1941 609 1980 lta
629 1957 701 1981 non
724 1957 773 1981 ex
789 1944 901 1989 diss„

32 1993 106 2031 sed
137 1994 185 2032 de
218 1995 290 2034 loci
314 1999 505 2037 sententia
531 1998 734 2038 lectionem
759 2000 903 2050 ubique

32 2048 143 2101 elegi.
203 2050 276 2090 Hic
300 2055 522 2093 necessario
548 2056 794 2094 scribendum
820 2060 901 2095 erat

31 2106 305 2160 abscidinms]

89 2168 260 2203 ceterum
293 2165 554 2207 Lamachum.
617 2168 723 2207 Grut.
762 2172 900 2208 retrac-

30 2222 111 2258 tata
133 2224 226 2271 post
249 2223 452 2268 sententia,
477 2223 583 2274 prius
608 2226 826 2263 coniecerat
845 2226 900 2265 la-

30 2288 164 2314 ceram
194 2277 256 2315 vel
287 2279 523 2318 scaevolam.
588 2280 748 2321 Ceteras
772 2285 899 2320 tamen

30 2331 260 2373 Lamachus
285 2335 431 2385 integro
459 2338 680 2387 opponitur,
705 2338 807 2376 unde
833 2353 898 2390 ap-

29 2393 153 2440 paret,
181 2395 353 2430 ceterum
373 2406 446 2430 non
469 2406 562 2431 esse
581 2393 805 2432 adverbium
825 2395 898 2433 sed

29 2444 269 2485 adiectivum.
321 2447 426 2499 [Qua
452 2450 485 2486 in
511 2463 551 2487 re
576 2450 650 2488 iam
676 2449 815 2488 librarii
843 2451 896 2488 vi-

29 2500 162 2540 dentur
182 2515 275 2541 esse
294 2504 459 2556 decepti.
513 2505 613 2544 Hinc
633 2508 732 2545 enim
753 2506 895 2546 factum

28 2561 134 2608 puto,
157 2564 200 2598 ut
224 2560 259 2598 in
286 2560 334 2599 G.
356 2565 391 2601 2.
419 2565 457 2599 et
481 2562 531 2600 D.
557 2566 649 2613 post
669 2563 897 2615 proderent

29 2626 127 2652 nova
157 2618 351 2654 sententia
376 2618 552 2669 incipiat,
584 2620 695 2670 quasi
721 2625 895 2660 ceteram

27 2669 249 2710 adverbium
275 2678 396 2712 esset.
444 2675 640 2726 Antiquos
665 2677 824 2726 saepius
843 2676 896 2714 ita

28 2725 174 2765 dixisse
197 2730 364 2780 probant
389 2730 525 2769 lexico.
565 2730 677 2769 Unde
698 2734 784 2782 quis
805 2746 894 2784 pos-

27 2781 77 2822 sit
93 2783 303 2824 defendere
323 2785 530 2825 lectionem
549 2786 696 2838 aliquot
715 2788 802 2826 edd.
825 2788 894 2828 Ca-

27 2840 103 2877 ton.
127 2839 177 2878 de
200 2841 249 2880 R.
263 2842 312 2881 R.
338 2857 370 2881 c.
391 2847 454 2883 22.
480 2843 510 2894 ὁ.
532 2847 568 2884 3.
595 2850 750 2884 ceteras
774 2859 891 2885 orna-

27 2897 87 2939 tus
110 2896 231 2945 domi,
252 2901 456 2951 pmnpet‘z's
480 2905 635 2951 emptas
658 2906 726 2941 est.
784 2901 890 2952 Apu-

28 2947 126 2990 leius
154 2962 227 2992 non
258 2969 341 2994 raro
372 2955 556 3007 singulari
586 2970 682 2995 usus
707 2960 770 2995 est
792 2955 891 2997 Met.

28 3003 94 3044 Vl.
107 3020 147 3059 p.
158 3011 250 3052 396.
261 3026 344 3063 pro
365 3017 498 3051 celero
512 3014 733 3053 temeritate
746 3027 782 3065 p.
794 3018 889 3054 444.

29 3066 196 3104 ceterum
231 3080 384 3120 corpus
418 3069 582 3120 puellae
612 3068 697 3108 VH.
727 3084 763 3121 p.
795 3074 888 3111 455.

21 3124 188 3168 praeter
200 3128 374 3163 ceteram
386 3127 578 3177 corporis
591 3125 742 3171 molem,
768 3126 888 3180 alibi]

534 1053 713 1083 dexteram
727 1057 762 1085 F.
778 1058 808 1085 3.
825 1060 859 1085 G.
877 1058 905 1085 1.
919 1058 950 1086 2.
976 1060 1060 1086 lunt.
1074 1060 1103 1087 2.
1117 1060 1192 1087 Alo.
1218 1057 1386 1087 desieram
1400 1062 1440 1089 D.
1469 1063 1507 1090 In
1521 1065 1592 1091 cett.
1607 1061 1777 1093 dextram.

1026 1157 1182 1208 trepidi
1194 1157 1411 1210 rellyiom's
1424 1173 1627 1212 uryenmr.
1659 1161 1746 1201 Hoc
1755 1177 1842 1201 con-

968 1214 1026 1250 tra
1050 1213 1403 1253 sententiamOud.
1429 1219 1467 1253 et
1493 1218 1615 1267 probo
1642 1223 1681 1256 et
1700 1220 1735 1256 in
1760 1223 1840 1259 tex-

968 1271 1046 1306 tum
1077 1269 1234 1320 recipi0.
1284 1268 1355 1308 Ille
1387 1272 1487 1309 enim
1515 1274 1754 1323 coniungens
1780 1289 1838 1314 re-

965 1325 1104 1375 gionis
1124 1325 1297 1364 tumultu
1317 1325 1366 1365 de
1386 1328 1547 1367 viciniae
1566 1330 1745 1382 intelligit
1764 1332 1824 1370 cla

965 1393 1072 1418 more
1092 1381 1235 1431 ingenti
1255 1386 1361 1421 recte
1381 1385 1495 1422 etiam
1516 1387 1716 1437 trepidae,
1737 1389 1840 1439 quod

967 1450 1053 1474 cuin
1083 1436 1248 1476 Pricaeo
1286 1452 1409 1489 posse
1446 1442 1628 1480 substitui
1661 1443 1769 1489 dicit,
1806 1446 1839 1482 si

966 1489 1068 1531 Mss.
1101 1493 1337 1534 addicerent.
1399 1495 1599 1550 [Trepldi
1624 1499 1840 1552 religionis

969 1550 1114 1600 optime
1138 1550 1313 1590 (licuntur
1337 1551 1523 1599 latrones.
1551 1555 1614 1606 qui
1642 1555 1692 1593 de
1711 1570 1839 1595 sacra—

960 1607 1079 1644 menti
1105 1606 1179 1645 fide
1200 1607 1367 1651 solliciti.
1395 1610 1579 1649 deserere
1598 1612 1839 1651 vulneratum

961 1662 1203 1701 Lamachum
1229 1664 1373 1703 nolunt.
1423 1666 1572 1706 Eadem
1594 1668 1673 1707 fere
1692 1671 1839 1708 ratione

962 1720 1067 1771 apud
1088 1718 1263 1758 Tacitum
1293 1721 1444 1772 legitur:
1471 1724 1571 1762 Anu.
1587 1724 1653 1763 VI.
1670 1729 1733 1767 21.
1761 1731 1836 1765 tre-

959 1776 1089 1827 pidus
1114 1777 1402 1817 admirationis
1428 1785 1464 1819 et
1489 1786 1623 1821 metus.
1682 1782 1836 1821 Deinde

962 1837 1120 1883 propter
1150 1835 1381 1872 sententiam
1411 1838 1569 1888 trepidi
1595 1838 1644 1875 de
1668 1842 1773 1877 metu
1798 1844 1836 1878 et

961 1902 1107 1940 pavore
1137 1889 1318 1928 sollicitis
1342 1891 1403 1929 hic
1428 1892 1502 1931 (lici
1536 1895 1685 1944 nequit,
1717 1908 1834 1946 quum

961 1946 996 1982 in
1027 1958 1117 1995 sqq.
1152 1944 1256 1984 idem
1286 1949 1520 1998 exprimatur
1543 1951 1693 1996 verbis,
1721 1954 1833 2004 peri-

962 2002 1046 2040 culi
1071 2007 1174 2041 meta
1199 2007 1411 2043 terremur:
1443 2013 1646 2058 arqentor
1664 2021 1756 2047 vero
1777 2012 1832 2046 tu-

959 2057 1079 2096 multu
1111 2059 1289 2104 viciniae,
1327 2061 1417 2111 quia
1442 2064 1741 2103 commilitonem
1767 2065 1831 2103 (le—

958 2114 1177 2165 relinquere
1203 2115 1345 2154 nolunt.
1402 2119 1644 2171 Urfflcemur,
1670 2122 1775 2173 quod
1795 2123 1832 2161 in

959 2184 1072 2208 nonn.
1098 2171 1210 2210 codd.
1237 2176 1276 2210 et
1301 2173 1388 2212 edd.
1417 2173 1571 2225 legitur,
1601 2179 1754 2228 probari
1779 2180 1831 2216 vi-

960 2226 1071 2265 detur
1101 2227 1203 2266 Oud.
1237 2228 1324 2267 coll.
1358 2229 1425 2268 Dr.
1457 2232 1507 2270 ad
1539 2233 1608 2272 Sil.
1640 2234 1709 2274 w.
1736 2239 1830 2277 265.

960 2282 1059 2321 Cort.
1069 2283 1117 2322 ad
1128 2284 1226 2323 Sall.
1236 2284 1315 2336 lug.
1325 2289 1389 2326 24.
1404 2286 1432 2335 ὅ.
1444 2291 1479 2328 3.
1495 2289 1554 2327 cui
1569 2290 1672 2328 adde
1686 2290 1770 2330 Intt.
1779 2292 1830 2331 ad

957 2339 1102 2378 Lucan.
1120 2340 1144 2379 Ι.
1165 2344 1254 2382 143.
1282 2341 1343 2380 ΙΠ.
1361 2347 1452 2383 238.
1478 2344 1655 2385 Lambin.
1671 2348 1720 2386 ad
1735 2347 1827 2388 Hor.

956 2395 1081 2447 Epist.
1097 2396 1140 2436 ΙΙ.
1158 2401 1192 2437 2.
1212 2401 1301 2439 183.
1327 2398 1461 2438 Munk.
1488 2402 1538 2440 ad
1562 2402 1674 2454 Fulg.
1697 2403 1826 2455 Myth.

955 2451 1016 2491 Ill.
1034 2456 1069 2493 6.
1096 2467 1132 2504 p.
1149 2458 1240 2495 722.
1268 2459 1307 2493 et
1331 2454 1468 2496 Eckst.
1494 2458 1540 2497 ad
1562 2459 1682 2499 Voss.
1703 2460 1824 2500 Arist.

956 2507 1000 2547 T.
1026 2508 1072 2547 11.
1098 2523 1134 2560 p.
1161 2511 1273 2563 844]

1012 2579 1191 2619 querens.
1241 2566 1318 2622 [lta
1343 2583 1430 2608 cum
1443 2570 1545 2610 Oud.
1571 2585 1639 2623 pro
1660 2572 1824 2613 lectione

954 2621 1083 2660 codd:
1124 2637 1320 2676 quaerens
1350 2626 1506 2678 scripsi,
1546 2630 1724 2679 quoniam
1755 2644 1823 2682 op-

952 2679 1044 2716 time
1063 2678 1153 2719 huic
1172 2680 1257 2719 loco
1278 2684 1466 2722 convenit.
1517 2683 1696 2730 Quoi-itur
1721 2688 1822 2725 enim

951 2733 1195 2782 Lamachus,
1232 2738 1336 2790 quod
1373 2741 1655 2780 commilitones
1685 2743 1822 2783 interfi-

952 2805 1040 2830 cere
1071 2806 1159 2831 eum
1192 2794 1383 2833 noluerint
1407 2809 1456 2835 ea
1479 2810 1595 2836 manu
1619 2797 1820 2849 privatum,

953 2861 1029 2898 qua
1059 2848 1234 2899 iugulare
1263 2864 1310 2889 se
1341 2851 1468 2903 ipsum
1499 2858 1657 2904 posset3
1696 2857 1820 2907 queri-

948 2907 1018 2950 tur,
1044 2918 1090 2942 se
1109 2906 1142 2943 in
1158 2920 1296 2945 manus
1311 2912 1510 2947 venturum
1530 2924 1624 2948 esse
1638 2910 1818 2952 hostium.

948 2958 1011 2998 De
1037 2961 1158 3001 forma
1179 2977 1382 3014 quaesens,
1410 2978 1522 3015 quae,
1549 2969 1745 3018 quomodo
1767 2971 1820 3008 ita

947 3015 1104 3067 plaeere
1131 3020 1297 3069 potuerit
1314 3021 1601 3072 interpretibus,
1628 3024 1691 3064 vix
1709 3026 1818 3065 intel-

948 3070 1013 3123 ligi
1027 3078 1170 3125 potest,
1186 3079 1225 3113 ut
1239 3075 1424 3127 plurimos
1440 3077 1548 3118 locos
1570 3081 1817 3131 potissimum

945 3126 1076 3168 Plauti
1101 3137 1405 3184 corrumperent,
1431 3134 1480 3173 cf.
1495 3135 1583 3176 VV.
1599 3136 1690 3178 DI).
1716 3152 1816 3191 quos

1449 3200 1504 3244 16

1873 489 1893 522 10

1899 487 1940 524 {³5
