2221 3667
300 149 355 192 30
548 149 596 190 L.
627 149 849 190 APULEII
878 150 1281 193 MADAURENSIS
1311 148 1857 191 METAMORPHOSEON

302 276 483 302 currens.
547 261 760 318 Comperto
791 265 923 319 itaque
948 265 1151 320 Hypatae,
1187 278 1285 317 quae
1318 263 1457 304 civitas
1484 271 1648 304 cunctae
1673 263 1906 304 Thessaliae
1935 262 2110 316 antepol-

300 319 376 369 let‚
406 332 563 360 caseum
590 328 788 362 recentem
815 329 851 363 et
879 322 968 362 sciti
993 322 1146 376 saporis
1173 321 1379 360 admodum
1405 321 1607 360 commodo
1638 320 1765 374 pretio
1787 319 1972 369 distrahi,
2000 318 2110 359 festi-

304 390 377 415 nus
403 377 630 428 accucurri,
670 377 706 417 id
745 393 859 419 omne
886 379 1214 432 praestinaturus.
1279 375 1401 430 Sedl,
1425 384 1469 417 ut
1500 377 1584 416 lieri
1615 376 1783 426 assolet,
1823 375 1985 415 sinistro
2017 375 2112 429 pede

300 433 519 487 profectum
544 447 605 474 me
632 448 720 489 spes
746 435 963 489 compendii
992 437 1182 474 frustrata
1209 441 1282 473 est.
1346 431 1473 474 Omne
1500 433 1603 472 enim
1629 433 1752 487 pridie
1771 431 1907 486 Lupus
1934 431 2112 486 negotia-

301 497 365 529 tor
394 491 623 544 magnarius
655 496 869 532 coemerat.
947 490 1058 544 Ergo
1091 490 1215 543 igitur
1246 490 1440 530 inefficaci
1472 490 1676 530 celeritate
1714 489 1903 543 fatigatus
1941 502 2110 529 commo-

301 546 390 586 dum
414 560 581 602 vespera
608 548 780 598 oriente⁷
811 549 858 588 ad
883 547 1046 587 balneas
1072 560 1360 600 processeram.

301 664 487 702 anteponet
507 673 642 694 caseum
666 668 830 693 recentem
852 667 887 693 F.
908 667 932 692 1.
954 666 990 693 L.
1041 664 1266 702 anteponere,
1294 673 1414 694 caseus
1434 673 1549 694 recens
1568 667 1603 695 P.
1653 663 1841 702 anteponet
1859 671 1979 693 caseus
1997 670 2114 692 reeens

301 712 338 739 F.
351 712 382 739 3.
404 714 536 748 ‚apulae
555 711 709 739 civilatis
731 714 874 738 cmzctae
895 708 1081 738 thessaliae
1106 710 1316 748 anteponere
1341 720 1477 740 caseum
1496 714 1663 739 recentem
1683 714 1718 738 et
1736 712 1810 739 seit.
1831 714 1866 740 G.
1886 712 1924 739 D.
1938 712 1976 739 R.
1991 710 2013 738 s.
2027 711 2063 739 0.
2076 711 2115 740 L.

300 756 334 784 in
349 764 410 790 quo
430 764 450 785 a
469 766 494 785 s.
518 766 557 786 m.
577 755 666 794 qnod
682 754 758 792 hyp.
779 763 866 793 qnae
885 755 1008 783 cic-ilus
1029 765 1054 783 c.
1077 755 1123 783 [Ιι.
1144 756 1331 793 ‹etelepollet
1350 765 1470 786 caseus
1491 760 1581 785 esset
1599 764 1715 784 recens
1735 760 1766 784 ec
1787 756 1869 784 scili
1885 763 1999 793 sapor.
2028 753 2116 784 adm.

301 801 491 830 commodus
499 810 554 839 pr.
568 817 611 821 —-
626 799 813 829 commodus
828 803 864 829 B.
891 802 939 829 ed.
955 810 1001 835 pr.
1016 802 1144 830 Vivent.
1159 805 1242 831 lunt.
1262 805 1287 831 1.
1302 804 1416 832 Vener.
1431 805 1461 832 ἱ).
1477 805 1506 831 4.
1522 810 1557 831 π.
1589 805 1677 830 esset
1691 809 1810 830 caseus
1823 805 1988 829 recentem
2003 802 2116 831 Aldin.

301 851 374 875 cen,
393 852 470 876 veit,
484 850 559 875 emi,
579 853 698 873 caseus
714 854 829 874 reeens
846 861 883 865 ——
899 845 1044 874 adeat-ri
1061 851 1122 876 Ms.
1139 849 1229 876 colv.
1244 850 1278 877 Ο.
1292 864 1336 868 »-
1350 847 1500 876 udomne
1519 850 1553 877 Ι..
1568 849 1651 882 quod
1665 848 1804 881 Scriver.
1825 851 1854 876 et
1868 849 1980 876 Brant.
1998 847 2107 881 inepte

300 901 342 921 ex
355 901 417 921 usu
432 894 614 927 particulae
627 890 674 918 ael
685 893 771 926 apud
784 892 885 921 Afros
900 893 1062 926 frequenti
1076 894 1262 922 defendunt.
1276 893 1615 930 —praedesrimrtur
1629 902 1658 928 p.
1702 896 1900 930 provectum.
1913 895 1950 926 Β.
1967 908 2004 912 -
2020 899 2116 929 mag-

300 946 363 965 nus
378 940 412 966 P.
433 936 668 975 magnanimus
683 937 704 965 f.
719 953 762 957 —
776 936 952 974 inefficaci
964 937 1022 965 cel.
1035 940 1073 966 In
1087 946 1188 972 marg.
1204 941 1239 968 F.
1256 941 1286 968 3.
1302 943 1341 968 ab
1357 941 1470 968 eadem
1484 948 1599 968 manu:
1619 937 1795 975 ‘inefficaci
1806 939 1928 967 itinere
1940 955 1986 959 —
1998 936 2115 965 admo-

301 981 376 1010 dum
393 990 477 1019 vesp.
492 985 528 1011 B.
543 984 626 1017 quod
641 984 752 1011 u'ow.
768 987 795 1011 et
811 984 943 1018 Sciopp.
958 992 1014 1018 per
1025 983 1108 1022 fere
1127 985 1306 1019 explicant.
1328 984 1385 1021 [cf.
1405 987 1541 1021 Baumg.
1563 986 1614 1014 Cr.
1628 986 1721 1014 Clav.
1736 987 1822 1014 Suet.
1838 994 1864 1014 s.
1878 993 1909 1014 v.
1923 985 2061 1020 Herzog.
2076 984 2117 1012 ad

301 1029 396 1058 caes.
410 1030 445 1057 B.
467 1030 502 1057 G.
517 1030 556 1057 V.
572 1030 624 1056 40.
647 1029 763 1057 Grac-v.
784 1030 825 1058 ad
843 1030 1075 1059 Iustin.XV11.
1090 1030 1137 1066 3.]

357 1121 579 1169 comperta
599 1116 662 1155 De
687 1117 763 1156 hoc
788 1117 946 1156 ablativi
967 1118 1091 1157 absol.
1107 1133 1182 1158 usu

300 1174 348 1212 cf.
375 1173 442 1212 Dr.
470 1173 520 1212 ad
546 1174 616 1212 Sil.
644 1173 832 1214 X1V.97.
861 1173 999 1226 [Kritz.
1016 1176 1065 1214 ad
1081 1176 1178 1214 Sall.

301 1229 383 1268 Cat.
399 1229 504 1269 XLI.
531 1245 568 1282 p.
599 1235 689 1272 193.
716 1230 801 1269 Intt.
829 1232 880 1269 ad
912 1230 1026 1270 Caes.
1053 1232 1101 1271 B.
1130 1233 1177 1271 G.

298 1285 383 1326 Vll.
417 1291 480 1328 52.
513 1287 672 1327 Walch.
704 1287 755 1327 ad
789 1287 882 1327 Tac.
913 1288 1007 1339 Agr.
1045 1294 1107 1330 10.
1140 1294 1179 1328 et

298 1343 520 1383 Emendatt.
551 1344 637 1383 Liv.
664 1359 702 1397 p.
730 1349 823 1385 207.
864 1343 992 1397 Popp.
1018 1345 1176 1398 Proleg.

298 1402 333 1438 in
351 1399 529 1452 Thucyd.
549 1401 574 1440 l.
595 1417 633 1454 p.
649 1405 742 1442 576.
758 1401 902 1440 Giinth.
918 1407 957 1440 et
971 1402 1176 1442 W'achsm.

298 1457 441 1497 Athen.
470 1457 579 1497 Toni.
607 1459 633 1498 1.
661 1458 758 1497 fasc.
785 1457 810 1497 l.
838 1473 874 1511 p.
897 1459 983 1512 88.]

355 1529 515 1554 caseum
539 1521 750 1555 recentem.
775 1515 878 1554 Oud.
901 1516 1077 1555 lectionis
1099 1517 1179 1556 dis-

300 1574 534 1624 crepantiam
566 1574 614 1611 ita
649 1573 855 1611 conciliare
891 1572 1054 1611 studuit:
1085 1574 1125 1613 C.
1151 1576 1178 1612 i.

299 1629 499 1683 Hypatae
531 1634 656 1682 (qnae
685 1631 759 1669 cir.
793 1643 825 1668 c.
859 1627 899 1668 T.
933 1632 1178 1682 antepollet)

300 1700 460 1725 caseum
484 1700 623 1725 recens
648 1692 686 1725 et
710 1688 804 1726 sciti
829 1701 928 1739 sap.-
953 1691 995 1725 ut
1019 1702 1179 1727 caseum

300 1756 442 1793 genere
478 1747 612 1781 neutro
649 1747 872 1796 usurpetur:
917 1744 1021 1795 quod
1058 1746 1091 1783 ei
1129 1759 1178 1783 ex

298 1813 412 1851 seqq.
439 1801 568 1838 verbis
594 1802 640 1840 id
665 1815 780 1839 onme
806 1815 852 1839 eo
872 1803 998 1852 magis
1018 1815 1177 1853 persua-

298 1857 421 1902 detur,
447 1858 495 1896 ct'.
510 1857 644 1896 Barth.
659 1858 764 1896 Adv.
780 1857 928 1896 XXIV.
948 1863 980 1898 1.
1002 1873 1038 1910 p.
1058 1864 1176 1900 1171.

300 1914 426 1966 [cuius
463 1914 562 1959 MS..
593 1916 627 1953 si
662 1915 783 1953 ullum
819 1928 989 1965 unquam
1026 1915 1176 1963 habuit,

299 1985 457 2010 cascmn
488 1977 649 2011 recente
674 1970 879 2026 ἀρχαικῶς,
912 1974 965 2011 uti
991 1972 1100 2018 dicit.
1125 1975 1177 2012 in-

298 2029 501 2080 eptissime
517 2030 689 2079 praehet.
722 2030 785 2067 De
805 2029 948 2082 duplici
969 2029 1092 2069 forma
1112 2044 1177 2069 ca-

299 2099 385 2124 seus
416 2089 455 2123 et
479 2100 640 2125 caseum.
666 2086 712 2125 cf.
739 2086 841 2125 Non.
868 2101 906 2139 p.
934 2090 1027 2127 200.
1054 2086 1175 2126 Mero.

297 2142 546 2181 VossArist.
563 2142 625 2182 Ill.
642 2147 706 2184 36.
721 2158 759 2197 p.
774 2147 867 2184 431.
884 2143 1061 2182 Fortsch.
1077 2143 1176 2195 Ego,

298 2212 415 2249 quum
436 2200 546 2238 locus
565 2201 616 2238 sit
634 2201 1010 2252 perturbatissimus,
1031 2205 1072 2240 ut
1086 2216 1177 2240 con-

297 2261 407 2294 stans
446 2257 536 2295 inde
572 2259 785 2309 scripturae
823 2259 1030 2309 vestigium
1073 2259 1178 2298 inda-

297 2327 390 2364 gare
439 2327 613 2365 nequeas
629 2344 639 2359 ,
689 2315 733 2355 F.
781 2319 942 2354 secutus
991 2319 1030 2353 et
1078 2316 1177 2354 alios

296 2370 484 2422 plurimos
510 2385 669 2410 caseum
693 2377 890 2411 recentem
914 2373 1074 2411 retineo.
1124 2373 1178 2412 Id

298 2441 412 2466 omne
442 2441 534 2466 vero
565 2428 734 2467 editores
767 2428 966 2467 offendere
999 2444 1072 2468 non
1111 2430 1176 2468 de-

296 2485 434 2531 bebat,
462 2498 578 2536 quum
603 2487 828 2537 pronomina
853 2499 938 2537 gen.
958 2490 1062 2525 neut.
1089 2500 1176 2525 sae-

296 2542 385 2593 pius
421 2542 471 2580 ad
507 2555 784 2594 praegressum
821 2557 942 2581 masc.
986 2543 1047 2580 vel
1086 2543 1176 2583 sem.

297 2612 384 2649 gen.
421 2599 704 2638 substantivum
742 2601 943 2651 pertineat.
987 2600 1036 2639 cf.
1074 2614 1176 2651 quae

297 2655 422 2694 dicam
442 2656 492 2694 ad
517 2655 663 2695 Florid.
684 2653 732 2694 Π.
746 2670 784 2708 p.
801 2661 865 2697 26.
897 2656 998 2695 Dein
1018 2662 1178 2709 propter

298 2712 491 2751 diversam
517 2712 693 2752 librorum
720 2714 926 2752 lectionem
940 2715 1057 2752 verba
1073 2728 1177 2767 qnae

296 2792 352 2797 -—
373 2770 599 2822 antepollet
629 2784 662 2809 c.
694 2770 798 2810 Oud.
831 2785 900 2823 pro
932 2771 1175 2822 glossemate

298 2840 372 2863 non
398 2826 611 2872 habuerim,
638 2840 755 2878 quum
781 2828 920 2866 eadem
945 2828 1036 2866 urbs
1056 2826 1120 2866 Ill.
1135 2842 1173 2880 p.

301 2885 391 2922 193.
428 2883 752 2935 splendidissima
787 2888 826 2922 et
855 2885 968 2923 unica
1000 2883 1175 2923 Thessa-

298 2938 374 2978 liae
388 2940 523 2978 civitas
537 2942 874 2986 nominetur,unde
890 2941 1026 2980 licetid
1040 2955 1175 2993 parum

295 2995 413 3035 faciat
427 2997 475 3035 ad
490 2999 595 3035 casei
610 2998 995 3044 commendationem,
1010 2999 1106 3037 ratio
1120 3002 1174 3036 ta-

295 3054 633 3105 menintclligitur,
661 3070 726 3094 cur
750 3056 786 3093 in
812 3055 914 3094 hanc
926 3056 1173 3108 potissimum

1241 1120 1373 1158 urbem
1421 1119 1516 1159 talia
1552 1119 1749 1158 venditum
1785 1120 2041 1163 mitterentur,
2078 1123 2119 1157 et

1239 1178 1461 1227 magnarius
1489 1177 1710 1227 negociator
1735 1178 1862 1215 onmia
1887 1179 2093 1215 coemeret.

1296 1235 1389 1273 sciti
1402 1237 1577 1286 saporis.
1606 1233 1765 1285 [scitum
1778 1238 1842 1272 est
1853 1233 2030 1284 elegans,
2050 1232 2116 1270 de-

1240 1290 1378 1329 licatus
1404 1291 1452 1329 cs.
1481 1290 1614 1329 Creuz.
1642 1290 1692 1329 ad
1718 1289 1797 1330 Cic.
1825 1291 1875 1329 de
1900 1290 1990 1328 Nat.
2017 1289 2066 1328 D.
2089 1288 2117 1328 l.

1238 1352 1302 1388 33.
1340 1362 1377 1399 p.
1414 1353 1504 1389 152.
1539 1348 1655 1387 Goer.
1695 1348 1744 1386 ad
1777 1346 1853 1386 Cic.
1891 1347 1941 1386 de
1972 1345 2056 1385 Fin.
2088 1345 2117 1384 l.

1242 1409 1303 1445 14.
1323 1419 1360 1456 p.
1390 1409 1454 1446 63.
1477 1405 1593 1444 Gron.
1620 1405 1669 1443 ad
1689 1403 1815 1443 Plaut.
1836 1403 1981 1443 Bacch.
2007 1402 2053 1442 ll.
2080 1407 2117 1444 2.

1239 1466 1306 1502 31.
1331 1462 1450 1513 Apul.
1477 1462 1596 1513 Apol.
1624 1460 1669 1499 H.
1696 1475 1733 1513 p.
1756 1466 1848 1501 545.
1875 1462 1997 1500 scitos
2022 1462 2117 1499 ami·

1239 1533 1320 1557 cos.
1350 1519 1485 1558 Gloss.
1510 1518 1665 1557 Philox.
1698 1519 1841 1557 scitam
1871 1514 2031 1570 εἰδιᾷμων
2054 1533 2117 1570 χα-

1239 1576 1490 1629 01‘31;.Gloss.
1517 1574 1604 1627 Cyr.
1631 1571 1791 1627 εἰδήμων
1810 1589 1969 1627 qnarus
1993 1575 2117 1614 scitus

1239 1634 1378 1671 sciens.
1411 1632 1552 1671 Onom.
1579 1634 1678 1672 scite
1700 1634 1969 1683 ἐπισταμένως.
1993 1632 2117 1670 scita-

1238 1694 1372 1728 menta
1399 1687 1610 1741 ἡδύσματα.
1637 1688 1794 1742 Lampr.
1812 1688 2014 1727 Commod.
2029 1702 2061 1727 c.
2077 1692 2114 1729 2.

1238 1761 1275 1799 p.
1286 1750 1379 1787 478.
1397 1746 1580 1792 casaub..
1596 1760 1711 1798 quem
1726 1747 1853 1785 locum
1866 1747 1919 1785 ita
1932 1745 2115 1784 emendo:

1241 1804 1516 1844 Mulierculas
1531 1807 1695 1856 formae
1715 1804 1896 1842 scitioris
1908 1803 2116 1856 ntprosti·

1240 1861 1348 1905 bula,
1373 1863 1585 1914 umncipia
1596 1862 1817 1913 perficiens
1831 1861 2059 1913 lupanaria
2073 1860 2116 1897 iu

1240 1918 1464 1957 ludibrium
1497 1919 1736 1971 pudicitiae
1771 1918 1984 1957 contraxit
2020 1917 2044 1954 i.
2081 1929 2115 1954 e.

1240 1976 1430 2013 emtiones
1456 1980 1495 2014 et
1520 1974 1761 2026 venditiones
1786 1974 1990 2027 perficiens
2011 1973 2114 2011 leno-

1238 2046 1340 2077 num,
1362 2046 1462 2083 quae
1483 2033 1690 2085 explicatio
1711 2032 1966 2082 sequentibus
1985 2030 2116 2068 verbis

1238 2090 1510 2141 comprobatur
1539 2090 1718 2128 imitatus
1754 2090 1875 2128 etiam
1906 2087 2116 2142 propolas

1239 2147 1604 2199 circumforaneos,
1630 2146 1694 2184 ubi
1720 2145 1769 2185 cf.
1796 2144 1982 2198 Casaub]

1295 2205 1536 2256 maqnarius
1561 2203 1607 2242 cf.
1637 2201 1766 2241 Cuiac.
1791 2201 1892 2241 Obs.
1912 2201 1965 2240 X.
1990 2215 2022 2240 c.
2052 2203 2114 2241 19.

1237 2260 1405 2311 August.
1439 2261 1488 2300 de
1519 2260 1598 2299 siv.
1630 2259 1719 2298 Dei.
1756 2257 1841 2298 VII.
1873 2263 1913 2299 4.
1945 2256 2114 2297 Turneb.

1236 2317 1404 2356 Advers.
1429 2316 1556 2356 XVII.
1584 2331 1614 2356 e.
1643 2321 1710 2357 21.

1294 2388 1397 2427 erqo
1422 2376 1555 2426 iqc‘tur
1582 2373 1720 2426 [Amat
1738 2372 1953 2425 Apuleius,
1980 2372 2114 2411 adver-

1236 2432 1300 2470 bia
1329 2432 1506 2470 eiusdem
1541 2431 1620 2469 fere
1650 2431 1943 2482 significationis
1968 2430 2021 2468 ita
2053 2442 2114 2468 eo-

1235 2488 1390 2541 pulare,
1415 2493 1457 2527 ut
1480 2489 1602 2527 maior
1624 2489 1684 2526 vis
1715 2489 1752 2526 in
1784 2488 1831 2525 iis
1862 2486 2038 2525 videatur
2062 2487 2113 2524 in-

1236 2558 1340 2584 esse.
1367 2559 1469 2599 erqo
1495 2547 1636 2598 itaque
1651 2544 1773 2584 Drak.
1799 2543 1850 2582 ad
1874 2543 1962 2582 Liv.
1992 2541 2021 2582 I.
2046 2546 2114 2584 25.

1237 2616 1339 2654 erqo
1370 2604 1527 2642 iccirco
1557 2602 1635 2640 Cic.
1672 2614 1741 2652 pro
1772 2599 1895 2640 Rosc.
1925 2600 2016 2639 Am.
2047 2602 2112 2640 39.

1238 2673 1366 2712 quare
1391 2673 1494 2712 erqo
1519 2658 1653 2697 Arntz.
1680 2658 1730 2697 ad
1753 2656 1854 2696 Plin.
1876 2655 1974 2696 Pan.
1993 2670 2031 2708 p.
2046 2660 2113 2697 31.

1236 2718 1377 2768 itaque
1406 2729 1509 2767 erqo
1540 2715 1588 2754 cf.
1620 2714 1749 2754 Hand.
1782 2714 1832 2753 ad
1862 2713 2033 2754 Tursell.
2066 2711 2113 2751 Il.

1234 2787 1272 2824 p.
1299 2776 1392 2813 465.
1424 2773 1543 2812 illico
1569 2773 1705 2811 statim,
1735 2771 1833 2810 Met.
1859 2769 1927 2809 IV.
1954 2784 1990 2823 p.
2017 2773 2111 2812 241.

1236 2843 1482 2883 quamquam.
1518 2831 1591 2869 etsi
1627 2828 1746 2881 Apul.
1783 2826 1903 2880 Apol.
1940 2841 1978 2880 p.
2017 2830 2111 2867 561.

1231 2889 1395 2938 frustra
1419 2887 1700 2940 nequidquam
1723 2883 1820 2924 Met.
1837 2881 1938 2923 Vlll.
1957 2898 1996 2936 p.
2017 2886 2110 2924 553.

1234 2943 1399 2982 tandem
1430 2944 1607 2996 deniqne
1630 2940 1726 2982 Met.
1753 2940 1819 2979 lv,
1844 2954 1882 2993 p.
1909 2945 2003 2982 288.
2029 2945 2110 2980 ium

1235 3000 1386 3038 deinde.
1420 2999 1570 3038 Arnob.
1607 2999 1656 3038 V.
1695 3001 1758 3039 23.
1803 2997 1850 3036 cf.
1888 2997 2024 3037 Eckst.
2061 2995 2112 3034 ad

1234 3056 1352 3095 Arist.
1381 3056 1443 3095 Ill.
1463 3071 1501 3109 p.
1526 3059 1645 3096 1006.
1666 3054 1822 3093 Ruhnk.
1844 3054 1893 3094 D.
1909 3055 1950 3094 S.
1970 3068 2008 3107 p.
2027 3052 2108 3104 10.]
