2221 3667
299 120 381 161 552

556 119 602 158 L.
636 119 854 159 APULEll
887 117 1288 158 MADAFRENstS
1320 117 1861 159 METAMORPHOSEON

299 229 405 270 Nam
436 238 476 270 et
504 230 587 284 ipse
618 231 804 283 quosdam
837 232 999 270 lenones
1030 229 1178 283 pridem
1210 229 1391 282 cognitos
1428 230 1572 279 habeo,
1611 244 1774 283 quorum
1812 230 1954 284 poterit
1989 243 2089 270 unus

300 286 455 340 magnis
493 287 669 340 equidem
707 288 891 337 talentis,
930 294 972 325 ut
1008 285 1200 336 arbitror,
1240 286 1404 338 puellam
1443 286 1559 325 istam
1596 287 1860 339 praesdnare,
1899 287 2091 339 condigne

301 412 441 451 ningit—ns
468 413 616 451 equidem
639 411 668 443 ὃ.
718 413 843 451 quidem
865 415 900 441 G.
916 414 945 440 1.
958 414 990 440 2.
1004 413 1040 441 Ρ.
1054 414 1092 441 D.

1143 411 1268 440 talenti
1283 415 1365 440 sunt
1386 414 1514 442 Vlcent.
1538 413 1665 442 vitiose.
1713 412 1815 440 istam
1841 422 1903 443 non
1927 418 1974 443 est
2000 413 2034 443 in
2058 414 2094 442 P.

294 458 558 496 praedestinare
571 461 608 489 R.
625 460 645 488 f.
671 458 769 495 [teste
783 457 878 493 0ud.]
904 456 1077 485 destinare
1093 457 1114 486 f.
1142 456 1239 492 [teste
1252 456 1402 493 noaldoJ.

301 570 364 614 sit,
388 569 484 607 ratio
509 569 642 607 haberi
666 582 740 606 non
761 570 905 617 potest,
931 579 1047 617 quum
1068 565 1173 605 leno-

301 624 416 664 nibus
442 625 573 676 puella
596 623 780 675 traditan]

361 682 559 733 quosdam
596 681 754 718 lenones
786 679 951 730 pridem
987 680 1176 730 coynitos

304 738 444 777 habeo.
506 735 572 787 [εἴ.
610 734 743 773 d‘Orv.
779 735 829 772 ad
867 735 1008 773 (Jharit.
1046 734 1090 774 T.
1128 734 1174 774 11.

302 807 341 844 p.
369 797 433 833 23.
460 796 497 829 et
522 805 558 842 p.
585 795 677 831 272.
704 790 765 828 ed.
791 791 920 843 Lips.]

360 849 519 901 nmquis
550 848 737 899 equidem
769 847 942 886 talentis.
1003 846 1064 885 Ex
1089 847 1174 885 cod.

304 905 434 943 ‹1'01-v.
466 916 654 954 perversa
686 903 850 941 lectione
874 904 1048 955 mayn—as
1072 902 1174 941 Oud.

305 961 434 999 eontici
475 973 599 1010 posse
636 973 710 997 non
743 961 840 998 satis
871 960 1074 1009 ingeniose
1104 973 1175 1011 pu-

304 1021 358 1055 tat
381 1017 630 1067 maynarins,
658 1029 757 1066 qnae
784 1016 939 1067 quidem
960 1015 1178 1054 emendatio

304 1086 373 1124 per
403 1073 633 1109 sententiam
666 1085 713 1109 ne
740 1071 826 1110 ferri
854 1072 1009 1123 quidem
1036 1076 1178 1123 potest.

305 1128 387 1167 Sed
406 1128 603 1177 vulgatam
625 1127 852 1179 praeferens
871 1129 1013 1179 duplici
1033 1129 1180 1166 ratione

306 1184 493 1236 explicat,
526 1184 586 1221 vei
615 1186 704 1235 quia
729 1185 804 1222 alia
828 1186 986 1230 maiora,
1013 1185 1090 1223 alia
1113 1186 1179 1223 mi-

304 1254 398 1279 nora
423 1242 499 1278 sint
523 1241 680 1285 talenta,
707 1241 767 1279 vel
794 1242 924 1292 potius
950 1255 1019 1292 pro
1046 1241 1182 1280 mallis

304 1299 589 1347 interpretatur,
622 1297 726 1347 quod
759 1298 935 1347 pessime
959 1298 1095 1348 reponi
1121 1296 1183 1335 hie

307 1353 426 1390 voluit
459 1353 683 1404 SopingiuS.
710 1353 796 1391 coll.
823 1353 921 1392 Met.
945 1354 996 1392 V.
1023 1367 1059 1403 Ρ.
1087 1357 1181 1393 322.

306 1411 580 1461 νυιῃηίεφιε
617 1414 811 1460 confflem
848 1411 983 1460 ylaris
1017 1423 1054 1460 p.
1086 1413 1180 1449 350.

306 1467 496 1517 maynis
512 1467 701 1515 pecuniis
722 1467 1000 1516 nessotiantem
1015 1464 1092 1503 (fic.
1115 1479 1183 1516 pro

310 1522 406 1569 hog.
444 1520 581 1558 Manil.
617 1535 649 1559 c.
677 1525 713 1561 7.
752 1522 866 1559 (hren.
905 1521 950 1559 B.
985 1520 1024 1559 C.
1056 1520 1120 1560 Ill.
1145 1526 1182 1562 7.

309 1578 462 1616 Auson.
489 1578 524 1614 in
551 1576 707 1615 Parent.
736 1578 855 1627 sagn.
883 1576 967 1615 YH.
984 1582 1007 1618 3
1034 1581 1073 1615 et
1097 1591 1184 1615 con-

311 1638 370 1672 tra
399 1633 474 1670 (lici
502 1647 658 1685 parras
687 1637 810 1686 slipes
834 1633 929 1671 Met.
956 1632 1000 1671 11.
1027 1647 1063 1684 Ρ.
1083 1637 1184 1673 '119-

310 1689 362 1728 X.
394 1702 430 1739 p.
458 1693 550 1729 713.
577 1703 732 1740 parvas
766 1691 964 1741 pecunias
993 1690 1090 1729 Met.
1115 1688 1184 1728 IX.

309 1760 347 1798 p.
365 1749 458 1785 609.
490 1745 543 1782 lta
557 1759 673 1796 porro
694 1760 843 1797 vianna
860 1747 1020 1797 inycra.
1036 1760 1187 1797 nmyna

309 1802 453 1846 millia,
472 1815 623 1852 ‘ma-qna
644 1803 824 1841 iza-enfin*
842 1815 910 1851 pro
930 1802 1061 1839 multis
1081 1816 1188 1839 usur-

312 1858 413 1907 pari,
440 1858 638 1908 (pialilvis‘,
663 1871 713 1896 ne
739 1857 831 1908 quid
855 1858 1094 1903 dissimulet,
1121 1858 1187 1895 (10-

312 1917 397 1951 etos
419 1913 612 1963 quosdam
631 1916 736 1952 viros
757 1926 850 1951 esse
866 1915 1103 1953 confiteatur.
1124 1915 1188 1964 qui

311 1973 390 2007 tres
416 1974 637 2020 postremas
663 1971 852 2008 dictiones
867 1970 1126 2008 condemnent
1151 1974 1190 2007 et

314 2026 365 2063 ibi
401 2029 590 2077 reponant
626 2027 771 2071 multa,
809 2026 896 2064 coll.
934 2026 1106 2064 Broukh.
1143 2027 1194 2065 ad

315 2080 460 2119 Tibull.
493 2081 520 2120 l.
557 2087 591 2121 1.
625 2087 662 2122 2.
695 2082 826 2121 Burni.
856 2082 906 2120 ad
939 2083 1027 2121 val.
1060 2083 1193 2121 Flacc.

313 2136 364 2175 V.
391 2138 502 2182 274„
538 2139 602 2187 qni
626 2143 754 2176 tamen
781 2153 827 2176 se
851 2138 1018 2177 correxit
1042 2139 1091 2176 ad
1116 2138 1194 2177 Lu-

316 2207 399 2232 can.
427 2194 473 2231 V.
501 2198 595 2235 365.
625 2199 716 2246 post
741 2195 869 2232 editas
895 2194 997 2233 Oud.
1024 2196 1193 2234 Observ.

317 2250 353 2287 in
384 2249 558 2288 Miscell.
583 2250 673 2288 Vol.
702 2250 763 2289 HI.
796 2250 841 2289 T.
870 2250 894 2288 1.
920 2264 957 2302 Ρ.
987 2256 1097 2292 135..
1129 2252 1193 2289 ubi

318 2307 536 2344 accuratius
566 2306 615 2343 (le
640 2311 775 2344 nostro
803 2306 888 2345 loco
915 2308 1003 2357 egit.
1067 2307 1195 2359 [Hanc

316 2361 617 2413 explicationem
639 2363 819 2413 equidem
839 2364 974 2414 probo.
996 2364 1086 2414 quia
1103 2365 1194 2402 mihi

315 2419 443 2455 minus
475 2419 575 2456 bene
601 2432 718 2469 agere
743 2419 936 2466 videntur,
969 2421 1031 2469 qui
1058 2420 1121 2459 hic
1145 2421 1196 2459 ad

316 2475 443 2512 maius
472 2476 650 2512 minusve
680 2474 911 2513 talentorum
942 2478 1107 2526 pretium
1138 2490 1196 2514 re-

318 2530 497 2580 spiciunt.
561 2530 682 2569 Latro
718 2535 865 2569 tantum
902 2532 940 2570 id
976 2533 1196 2583 exprimere

321 2586 452 2631 voluit,
472 2600 519 2624 se
538 2588 637 2625 satis
663 2587 848 2637 grandem
867 2590 1114 2639 pecuniarum
1136 2603 1196 2627 co-

319 2643 422 2692 piam
448 2657 517 2694 pro
541 2643 687 2694 virgine
711 2647 961 2695 accepturum
986 2658 1080 2683 esse
1104 2660 1127 2684 a
1147 2645 1198 2683 le-

320 2699 507 2744 nonibus,
545 2713 618 2737 non
651 2700 843 2738 sollicitus
875 2700 960 2746 ille.
996 2705 1121 2739 utrum
1152 2715 1200 2741 ea

321 2754 453 2792 Attica
483 2769 531 2792 an
558 2755 760 2794 Euboeica
789 2769 836 2794 an
863 2755 1109 2796 Corinthiaco.
1138 2771 1199 2796 es-

322 2814 423 2848 sent.
478 2811 638 2862 Optime
663 2812 713 2850 de
738 2812 851 2850 huius
877 2814 985 2851 vocis
1011 2815 1201 2863 signitica-

323 2867 429 2904 tione
457 2869 638 2918 exposuit
662 2868 852 2907 Huschke
877 2869 927 2907 ad
953 2869 1093 2908 Tibull.
1122 2871 1143 2909 Ι.
1169 2885 1200 2909 c.

324 2922 388 2959 ubi
414 2922 525 2973 plura
550 2925 733 2975 exempla
758 2924 979 2964 afferuntur.
1040 2926 1098 2965 lta
1115 2927 1201 2964 Vir-

328 2977 391 3025 gil.
425 2979 523 3018 Aen.
554 2980 606 3019 Y.
638 2985 730 3021 248.
765 2983 937 3034 vinaque
968 2987 1007 3021 et
1036 2985 1202 3034 ((ιῃεηῖὶ

327 3046 546 3084 ηιαῃυιιηι,
584 3038 659 3076 dat
691 3040 805 3089 serre
841 3038 1093 3079 talentum.
1138 3040 1202 3077 nbi

328 3086 456 3138 Heyn.
488 3092 589 3130 bene
613 3093 791 3132 adnotat:
827 3108 900 3132 non
927 3095 1203 3146 comparative,

1233 567 1414 618 quoniam
1444 567 1568 604 maius
1600 570 1638 605 et
1663 567 1786 605 minus
1810 565 1993 606 talentum
2018 567 2098 613 suit,

1232 637 1320 662 nam
1352 623 1428 661 hoc
1458 628 1496 662 et
1526 624 1651 661 serius
1681 628 1720 662 et
1749 623 1948 669 subtilius.
1985 637 2100 674 quam

1232 693 1302 731 pro
1326 684 1456 731 poeta,
1481 679 1555 716 sed
1579 692 1648 729 per
1671 693 1728 723 se,
1754 679 1857 730 quod
1875 679 2016 717 multas
2035 680 2100 717 mi-

1233 749 1304 773 nas
1330 737 1423 774 intra
1442 749 1488 773 se
1511 736 1690 775 continet.
1714 744 1756 774 ut
1774 749 1943 787 maynns
1961 748 2101 778 annus,

1234 793 1398 836 mensis,
1429 791 1476 830 cf.
1502 791 1619 830 iacob
1651 791 1778 842 (lisqq.
1803 791 1910 842 virg.
1938 791 2056 841 Spec.
2075 789 2102 828 l.

1234 861 1270 899 p.
1287 853 1323 888 7.
1348 847 1437 885 ibid.
1452 847 1522 886 lx.
1547 861 1582 898 p.
1598 852 1690 889 265.
1717 849 1808 886 anri
1829 847 1911 886 dno
1930 859 2105 898 mayna

1235 904 1424 942 talenta
1449 905 1578 954 ibique
1591 903 1674 942 lntt.
1722 903 1779 942 Ita
1803 907 1949 948 tantus,
1976 916 2103 955 quan-

1234 965 1297 999 tus
1322 973 1395 998 non
1415 974 1498 998 raro
1527 961 1562 998 in
1588 974 1663 998 usu
1681 964 1743 997 est
1761 972 1830 1010 pro
1850 964 1911 998 iot
1935 962 1973 996 et
1993 963 2102 1011 qvint.

1237 1017 1302 1054 Ab
1322 1016 1429 1054 Afris
1455 1018 1696 1068 potissimum
1722 1016 1822 1055 hanc
1846 1015 2107 1066 acyrologiam

1237 1076 1460 1124 usurpatam
1496 1072 1639 1118 fuisse,
1676 1073 1750 1110 iam
1782 1072 2001 1110 observavit
2031 1070 2106 1108 Ba-

1238 1142 1339 1167 nem.
1367 1129 1417 1167 ad
1440 1128 1618 1168 Lactant.
1640 1128 1669 1167 I.
1691 1133 1725 1169 3.
1753 1130 1782 1178 ς’.
1798 1131 1862 1167 21.
1887 1142 1924 1179 Ρ.
1941 1132 2018 1173 22.,
2045 1128 2108 1177 qni

1239 1198 1288 1222 ex
1321 1183 1561 1224 Tertulliano
1593 1185 1749 1236 protulit
1779 1183 1948 1236 Apolog.
1981 1198 2012 1222 c.
2044 1186 2109 1223 50.

1239 1241 1365 1281 Mula·
1395 1242 1512 1294 apud
1536 1256 1604 1280 vos
1627 1242 1686 1281 all
1710 1241 1970 1279 tolerantiam
1995 1239 2109 1278 dolo-

1240 1299 1297 1336 ris
1327 1302 1364 1336 et
1392 1299 1533 1337 mortis
1562 1298 1796 1343 hortantur.
1823 1325 1854 1335 ..
1879 1310 1953 1335 nec
1978 1301 2109 1335 tamen.

1241 1359 1403 1392 tantos
1448 1355 1656 1393 inveniant
1701 1354 1822 1392 rerba
1870 1352 2110 1403 discipulos.

1243 1423 1302 1461 qn
1313 1424 1337 1447 (ι
1347 1415 1452 1448 ntos
1481 1410 1703 1449 Christiani
1714 1411 1843 1461 factis
1864 1409 2053 1448 docendo
2074 1411 2112 1445 ct

1243 1465 1292 1502 de
1317 1464 1414 1504 1‹¹.0l.
1441 1469 1477 1505 6.
1507 1471 1626 1517 potes
1654 1479 1776 1504 unum
1807 1465 1925 1503 deum
1946 1464 2112 1516 praecli-

1243 1535 1356 1565 care,
1385 1523 1456 1574 qui
1481 1526 1643 1560 tantos
1664 1523 1806 1574 effecit,
1833 1522 1972 1571 quibus
1986 1533 2114 1558 exem-

1244 1578 1319 1629 plis
1356 1578 1458 1616 adde
1487 1577 1656 1629 Apolog.
1689 1591 1720 1616 c.
1749 1582 1782 1617 1.
1813 1591 1850 1629 p.
1878 1581 1915 1617 2.
1945 1576 1995 1616 B.
2023 1576 2115 1626 Rig.

1244 1639 1282 1672 et
1307 1639 1399 1673 sunt
1423 1636 1567 1677 tanti,
1600 1634 1773 1686 quanti
1803 1639 1842 1672 et
1866 1634 2116 1672 denotamur.

1245 1690 1294 1727 (le
1320 1690 1448 1728 Anim.
1475 1705 1506 1728 c.
1527 1694 1592 1730 46.
1619 1705 1654 1741 p.
1671 1693 1762 1730 299.
1792 1691 1961 1742 quanti
1986 1693 2118 1728 antem

1247 1751 1580 1785 commmentatores
1598 1752 1639 1785 et
1655 1748 1930 1798 affirmatores
1949 1747 1990 1784 in
2011 1744 2119 1783 lianc

1245 1816 1329 1841 rem
1352 1802 1403 1839 ad
1427 1801 1580 1840 Nation.
1602 1802 1628 1841 1.
1655 1816 1685 1841 c.
1700 1805 1738 1842 9.
1764 1815 1800 1853 p.
1816 1805 1881 1842 46.
1909 1806 2120 1854 quantae

1248 1859 1390 1898 clades
1415 1888 1446 1897 ..
1463 1889 1471 1896 .
1499 1858 1759 1897 ecciderunt?
1799 1862 1982 1910 quanta
2013 1856 2122 1895 bella

1247 1921 1421 1954 aeterna
1445 1919 1483 1953 et
1506 1916 1720 1953 intestina?
1746 1919 1864 1966 quot
1882 1918 2033 1966 pestes,
2057 1916 2121 1965 fa-

1246 1986 1337 2015 ntes,
1364 1972 1497 2022 mnes,
1523 1971 1682 2010 hiatus?
1717 1969 1768 2008 Et
1791 1971 1844 2008 ita
1869 1969 2123 2021 explicandus

1254 2028 1364 2066 locus
1397 2027 1446 2064 de
1480 2028 1613 2078 Spect.
1646 2040 1677 2065 c.
1704 2030 1740 2067 5.
1771 2039 1808 2078 p.
1835 2031 1900 2067 71.
1960 2026 2055 2064 Hoc
2086 2025 2126 2063 si

1247 2084 1473 2136 placuerit,
1501 2084 1603 2135 quid
1624 2084 1762 2135 facies
1789 2083 1840 2121 cle
1864 2083 2015 2121 tantis
2038 2081 2125 2120 mil-

1254 2140 1359 2179 libus
1390 2140 1614 2184 hominum,
1650 2144 1711 2178 tot
1741 2140 1837 2178 viris
1873 2152 1923 2178 ac
1951 2138 2127 2191 feminis,

1255 2197 1381 2234 omnis
1405 2209 1541 2241 sexus,
1574 2197 1700 2234 omnis
1724 2196 1884 2241 aetatis,
1917 2195 2043 2233 omnis
2069 2194 2128 2231 de:-

1251 2253 1426 2305 fflzilaiis
1451 2252 1712 2305 asserentibus
1731 2266 1771 2291 se
1791 2252 1889 2290 tibi?
1921 2250 2130 2296 Quantis

1253 2308 1438 2360 ionibus,
1478 2309 1676 2361 quantis
1710 2307 1869 2361 ylazliis
1907 2320 2008 2359 opus
2044 2307 2130 2345 erit.

1254 2366 1305 2403 de
1318 2364 1478 2402 Resurr.
1494 2363 1603 2402 Carn.
1631 2378 1662 2402 c.
1684 2369 1749 2404 42.
1775 2377 1811 2414 p.
1828 2368 1921 2404 350.
1972 2363 2129 2408 Quan-

1254 2426 1327 2460 tos
1357 2421 1460 2458 enim
1493 2421 1648 2465 licebit,
1685 2420 1748 2460 vel
1771 2421 1996 2472 pridianos
2025 2420 2128 2456 inve-

1253 2477 1348 2516 niri.
1407 2476 1582 2528 Apolog.
1606 2480 1671 2518 46.
1697 2490 1734 2527 p.
1761 2480 1826 2516 32.
1879 2475 2130 2515 Christianos

1254 2535 1312 2572 acl
1326 2533 1503 2571 leonem!
1527 2535 1591 2572 Ta
1601 2538 1708 2571 ntos
1721 2533 1780 2572 acl
1791 2546 1925 2572 mnan.
1941 2530 1991 2568 de
2003 2529 2130 2568 Anim.

1257 2603 1288 2628 c.
1305 2593 1369 2629 30.
1384 2602 1423 2639 p.
1439 2593 1534 2631 286.
1554 2594 1721 2628 tantae
1739 2589 1857 2628 urbes
1867 2590 1960 2633 iam,
1981 2599 2129 2639 quan-

1256 2651 1334 2685 tae
1351 2659 1434 2684 non
1452 2659 1571 2684 casae
1592 2645 1811 2698 qnondam.
1859 2644 1952 2683 Alia
1965 2642 2012 2681 cf.
2028 2641 2131 2692 apud

1256 2701 1422 2740 Biinem.
1453 2701 1505 2739 ad
1533 2701 1646 2741 Lact.
1678 2700 1892 2740 Instit.1V.
1922 2702 1983 2739 16.
2009 2697 2039 2747 ξ.
2069 2701 2131 2738 16.

1258 2771 1295 2809 p.
1328 2762 1419 2798 487.
1479 2758 1627 2796 Arnob.
1663 2757 1713 2796 V.
1753 2761 1816 2797 12.
1878 2755 1915 2794 Ο
1953 2754 2134 2798 Abdera,

1263 2813 1443 2859 Abdera,
1470 2815 1592 2853 darm
1619 2828 1678 2866 qu
1689 2818 1828 2852 antas
1851 2813 1935 2851 vias
1952 2811 2134 2849 mortali-

1261 2871 1331 2909 [ηις
1356 2871 1563 2909 irridendi
1586 2870 1650 2908 uhi
1670 2869 1716 2908 cs.
1731 2867 1851 2907 Orell.
1867 2866 1911 2905 T.
1927 2866 1974 2905 11.
1987 2880 2025 2917 p.
2040 2870 2133 2907 290.

1261 2931 1300 2965 et
1336 2940 1367 2964 c.
1395 2930 1460 2966 22.
1500 2941 1564 2978 qu
1578 2941 1603 2965 a
1618 2940 1643 2964 n
1658 2931 1742 2964 tas
1756 2938 1818 2976 qu
1833 2937 1853 2962 e
1890 2923 2136 2975 iynominias

1262 2997 1298 3034 p.
1326 2986 1419 3023 310.
1445 2982 1575 3021 Burm.
1601 2981 1762 3020 Anthol.
1789 2978 1833 3017 T.
1860 2978 1906 3017 11.
1932 2993 1968 3030 Ρ.
1995 2982 2060 3018 45.
2086 2977 2136 3016 ad

1261 3038 1379 3089 Prop.
1411 3038 1437 3077 I.
1465 3043 1501 3078 5.
1538 3042 1600 3078 10.
1660 3035 1859 3086 Verheyk.
1892 3035 1942 3074 ad
1975 3034 2135 3085 Eutrop.

1263 3108 1300 3146 p.
1316 3099 1408 3136 213.
1431 3099 1523 3136 226.
1547 3094 1694 3132 Deder.
1720 3092 1770 3130 ad
1795 3092 1896 3130 Dict.
1923 3091 2025 3130 Cret.
2049 3089 2078 3130 l.
2099 3093 2136 3132 6.
