2221 3667
328 147 484 174 Lxxvm
664 132 737 172 DE
765 131 1050 171 CODICIBUS
1075 131 1146 171 ET
1173 131 1526 172 EDlTlONIBCS
1552 132 1784 172 APULEII.

442 251 562 288 147‘2.
621 247 803 286 Romana
827 245 870 285 Π.
904 245 1015 285 Com.
1042 247 1306 299 Sweynheim.
1339 253 1377 287 et
1401 248 1547 287 Arnob.
1574 247 1781 287 Pannartz.
1808 251 1847 286 et
1871 248 2010 287 Venet.
2043 247 2126 287 Nic.

325 303 477 343 Ienson.
508 308 626 345 1472.
651 304 924 355 supposititiae
949 309 1038 343 sunt
1064 319 1134 343 nec
1158 319 1251 343 vere
1277 306 1466 353 existunt3
1493 306 1540 345 cf.
1567 305 1805 356 Schweiger.
1832 305 1904 345 Le.

442 376 559 413 1480.
619 371 710 410 Vid.
737 372 834 411 infra
858 372 907 410 ad
934 387 991 411 an.
1022 377 1140 413 1488-

326 495 354 534 C
386 497 395 535 Ι
425 444 558 506 01483.
619 440 774 479 Veneta
805 439 830 478 l.
864 440 931 479 sol.
992 440 1082 479 Fuit
1119 441 1154 478 in
1187 440 1431 480 Bibliotheca
1469 442 1648 481 Gudiana
1685 455 1811 493 eaque
1846 455 1943 481 usus
1979 441 2131 479 videtur

359 510 379 533 Ο
400 510 499 536 VlllS.

441 569 559 605 1485.
621 564 707 604 Hoc
731 580 830 604 anno
857 566 960 603 edita
986 565 1126 615 legitur
1152 565 1357 604 vicentina
1383 567 1518 612 editio,
1551 580 1652 617 quae
1677 580 1761 606 cum
1789 568 1891 605 notis
1916 566 2130 617 marginali-

323 623 397 659 bus
423 621 545 661 MSS.
573 622 607 660 in
641 622 888 661 Bibliotheca
914 622 1093 659 Romana
1118 626 1271 673 reperta
1302 626 1363 659 est
1394 638 1417 661 a
1448 623 1588 661 Montf.
1615 624 1716 663 Bibl.
1744 623 1928 663 Biblioth.
1960 638 1997 675 p.
2028 627 2131 668 178..

325 679 414 716 licet
439 679 556 730 vulgo
586 680 789 717 Vicentina
816 678 841 716 l.
869 679 1032 722 dicatur,
1060 691 1160 728 quae
1186 678 1325 729 prodiit
1351 692 1411 716 an.
1442 684 1559 720 1488,

440 751 558 787 1488.
619 747 822 786 vicentina
854 746 879 784 1.
912 746 978 784 sol.
1038 744 1212 797 Apnlcii
1243 751 1314 784 etc.
1348 762 1437 786 cum
1469 746 1645 787 Alcinoi
1678 750 1909 801 OpuscuIO,
1941 762 1992 787 ecc
2022 761 2131 786 reco-

321 805 508 856 fflzite'one
539 809 575 842 et
608 818 694 843 cnm
722 801 909 853 I’raefat.
944 801 1005 840 Io.
1037 803 1241 842 Andreae
1277 804 1482 855 Episcopi
1513 805 1770 858 Hylai-iensis
1801 807 1900 855 (sic,
1932 819 1999 856 pro
2031 803 2131 843 Ale-

322 862 480 909 71'ensis)
516 861 721 899 I'ieentiae
749 874 825 911 per
855 860 980 898 Ilcn‘r.
1013 861 1065 899 de
1097 861 1253 899 Sancto
1286 861 1400 900 Crso.
1438 865 1555 901 1488.
1600 862 1680 901 Die
1704 877 1814 902 nona
1839 861 2033 915 Anynsti.
2074 861 2131 900 Cf.

324 916 447 956 Catal.
472 917 521 954 de
549 918 747 954 frevemm
775 931 833 954 no,
866 920 993 962 5366,
1020 916 1147 955 Maitt.
1174 916 1313 955 Annal.
1341 916 1512 968 Typogr.
1541 918 1586 956 T.
1614 918 1640 956 l.
1673 932 1708 969 p.
1739 924 1802 959 14.
1861 919 1919 957 Ea
1950 933 2045 956 usus
2073 923 2133 956 est

322 973 375 1011 Io.
404 973 607 1019 Pricaeus,
635 974 697 1023 qui
725 987 809 1010 eam
837 987 922 1011 cum
947 973 1126 1012 Romana
1151 973 1193 1012 ll.
1220 975 1414 1026 principes
1446 979 1560 1013 vocat
1591 979 1629 1013 et
1660 989 1862 1027 perperam
1889 976 2132 1013 Yicentinam

322 1030 527 1069 Romanae
564 1031 772 1081 subiungit.
832 1029 919 1068 Nisi
959 1030 1024 1068 ille
1050 1030 1294 1070 vicentinam
1331 1032 1417 1069 anni
1453 1036 1560 1073 1480
1592 1032 1746 1079 viderit,
1785 1047 1899 1085 quam
1937 1047 2022 1071 cum
2059 1032 2134 1071 alia

322 1087 475 1126 Vicent.
501 1101 560 1125 an.
590 1091 696 1127 1486
721 1091 910 1125 memorat
934 1087 1143 1127 Maittaire.

437 1159 556 1195 1493.
619 1153 775 1194 Veneta
800 1154 843 1193 Il.
870 1154 938 1194 fol.
995 1152 1044 1195 L.
1060 1154 1238 1208 Apuleii
1253 1157 1405 1208 Opera.
1438 1155 1639 1209 Impressa
1660 1159 1832 1197 Veneliis
1853 1173 1932 1210 per
1946 1156 2131 1210 Philipp.

321 1209 524 1257 Pincinm,
569 1213 849 1252 Illantnanum.
922 1209 1052 1251 Anno
1090 1214 1259 1253 Domini
1300 1211 1813 1255 MCCCCLXXXXIII.
1850 1240 1904 1245 —
1943 1215 2134 1254 Exstabat

322 1269 516 1320 quondam
553 1270 587 1307 in
620 1269 720 1307 Bibl.
755 1268 795 1307 C.
829 1269 876 1309 G.
910 1269 1122 1308 Schwarzii
1153 1270 1260 1309 Pros.
1293 1270 1490 1311 Altorlini.
1528 1276 1566 1310 et
1602 1272 1637 1310 in
1664 1272 1765 1311 Bibl.
1792 1271 1845 1311 lo.
1872 1272 1971 1310 Mori
2000 1272 2132 1324 Epis&

321 1325 496 1364 Eliensis
523 1325 812 1378 Cantabrigiae3
850 1326 1073 1378 pariterque
1109 1331 1239 1366 exstat
1270 1328 1304 1366 in
1336 1327 1585 1367 Bibliotheca
1616 1328 1795 1368 Paullina
1825 1329 2038 1381 Lipsiensi.
2084 1328 2131 1367 ct'.

323 1382 510 1421 Clement.
542 1382 727 1422 Biblioth.
762 1382 949 1421 Curieuse
979 1398 1016 1436 p.
1049 1389 1143 1425 438.
1204 1384 1326 1424 Falso
1358 1398 1406 1424 ea
1438 1386 1472 1423 in
1500 1386 1693 1437 Catalogo
1726 1386 1827 1425 Bibl.
1855 1386 2056 1425 Gudianae
2083 1385 2132 1423 ad

321 1455 380 1479 an.
411 1444 515 1480 1473
542 1441 683 1486 relata,
709 1440 810 1479 unde
837 1439 890 1479 10.
916 1440 965 1478 de
992 1441 1030 1480 la
1055 1441 1180 1481 Caille
1207 1442 1257 1480 de
1276 1442 1383 1493 Orig.
1406 1441 1578 1494 Typogr.
1606 1456 1695 1495 paon
1723 1448 1787 1483 22.
1815 1448 1854 1482 et
1878 1457 1926 1481 ex
1951 1457 1998 1481 eo
2020 1442 2132 1481 Mait-

320 1498 417 1536 taire
442 1512 479 1549 p.
509 1501 599 1538 103.
631 1497 771 1536 Annal.
799 1496 975 1549 Typogr.
1001 1502 1041 1537 et
1064 1513 1101 1551 p.
1133 1503 1223 1539 174.
1251 1499 1286 1536 in
1313 1513 1480 1537 errorem
1506 1476 1776 1539 inductiosunt.

438 1569 556 1606 1494.
616 1565 899 1616 Memmingae‚
925 1565 992 1604 sol.
1024 1564 1074 1605 L.
1103 1566 1274 1619 Apuleii
1300 1568 1495 1618 Epitoma
1521 1568 1573 1606 de
1599 1569 1768 1615 mundo,
1794 1582 1862 1608 sen
1892 1568 2131 1620 Cosmoyra-

314 1624 440 1676 phin,
474 1623 600 1662 ductu
637 1624 757 1663 Conr.
795 1621 932 1662 Celtis.
962 1621 1257 1677 ssfiemmingycn,
1279 1638 1358 1676 per
1383 1623 1483 1663 All».
1511 1624 1677 1670 Kanne,
1704 1626 1755 1664 de
1780 1626 2050 1666 Dmlerslodt.
2077 1648 2132 1653 ——

324 1680 409 1719 vid.
436 1679 517 1718 Cat.
544 1679 644 1718 Bibl.
670 1679 772 1720 Bun.
797 1679 842 1719 T.
868 1680 896 1718 l.
924 1680 1014 1720 Vol.
1039 1680 1065 1719 Ι.
1092 1695 1130 1733 p.
1157 1685 1249 1722 384.
1277 1687 1315 1719 et
1343 1681 1594 1733 Hamberger.
1622 1682 1644 1720 l.
1670 1696 1787 1734 supra
1814 1682 1874 1721 cit.
1900 1696 1939 1733 p.
1967 1686 2059 1723 347.

436 1751 555 1789 1497.
616 1748 681 1786 Ad
706 1748 808 1786 hunc
832 1762 972 1787 annum
998 1748 1116 1788 refert
1140 1749 1375 1787 simillimam
1396 1750 1645 1801 praecedenti
1663 1750 1762 1788 Edit.
1784 1749 1971 1789 Clement.
1985 1765 2021 1802 p.
2038 1754 2131 1797 439,

321 1819 435 1857 quam
461 1810 502 1843 ut
528 1806 695 1843 omnium
722 1805 958 1843 rarissimam
985 1805 1061 1845 hoc
1085 1807 1195 1845 titulo
1227 1812 1424 1844 recenset:
1458 1805 1506 1845 L.
1535 1806 1710 1859 Apuleii
1736 1806 1944 1847 Platonici
1974 1812 2013 1845 et
2037 1805 2132 1845 Ari-

319 1863 494 1902 stotelici
521 1862 765 1915 philosophi
795 1861 993 1914 Epitoma
1025 1864 1218 1904 Divinum
1249 1865 1301 1903 de
1324 1862 1508 1909 dlundo,
1541 1879 1609 1904 seu
1646 1862 1978 1917 Cosmoyraphia
2004 1865 2132 1903 ductu

323 1920 508 1959 Conradi
542 1916 668 1958 Celtis
698 1921 930 1971 impressum
969 1920 1165 1968 Viennam
1197 1925 1234 1958 et
1266 1922 1299 1958 in
1332 1921 1422 1959 tine:
1461 1920 1700 1972 Jmpressnm
1736 1936 1812 1973 per
1850 1920 2042 1960 Ioannem
2082 1922 2133 1960 dc

318 1977 487 2016 hiberna
523 1990 620 2016 urce
656 1977 770 2016 hand
800 1976 959 2028 procul
985 1979 1081 2016 rivis
1107 1978 1319 2017 Rhenanis
1350 1983 1389 2017 ct
1418 1978 1515 2018 urbe
1545 1980 1767 2017 incentrice
1798 1983 1836 2017 et
1863 1983 2036 2031 parente
2061 1979 2129 2016 im-

312 2035 519 2086 pressoria
543 2035 645 2073 artis
668 2031 956 2086 llloynnciaco
978 2035 1173 2085 feliciter.

436 2105 555 2143 1497.
614 2101 848 2148 Mediolani,
881 2101 949 2142 fol.
979 2116 1049 2153 per
1080 2102 1208 2143 Leon.
1232 2102 1397 2142 Pachel.
1461 2103 1624 2142 Omissa
1648 2102 1825 2142 Fabricio
1858 2107 1897 2142 et
1921 2103 2131 2151 Maittario,

317 2163 549 2198 memoratur
574 2158 842 2209 Hambergero
868 2159 893 2197 l.
922 2159 944 2197 l.
971 2173 1006 2211 p.
1034 2164 1129 2200 347.

436 2231 556 2269 1498.
616 2227 822 2266 Vicentina
848 2227 894 2267 11.
922 2228 988 2265 fol.
1017 2232 1122 2267 teste
1147 2228 1394 2268 Bibliotheca
1420 2228 1660 2268 Fabriciana.

433 2300 555 2337 1499.
616 2295 795 2334 Romana
821 2295 885 2336 lll.
912 2296 980 2334 fol.
1008 2310 1122 2348 quam
1150 2300 1241 2347 post
1262 2297 1451 2335 Venetam
1483 2301 1587 2338 1493
1616 2301 1654 2336 et
1676 2298 1919 2337 vicentinam
1941 2301 2130 2336 memorat

319 2352 393 2393 Th.
420 2353 581 2392 Crenius
607 2354 642 2390 in
668 2353 876 2392 Animadv.
901 2352 1043 2392 Philol.
1072 2358 1111 2391 et
1138 2354 1226 2393 (firit.
1252 2353 1296 2392 P.
1325 2354 1391 2392 Xl.
1420 2368 1454 2406 p.
1486 2360 1548 2396 16.

431 2425 551 2463 1500.
611 2421 830 2462 Bononiae.
859 2421 924 2460 sol.
962 2419 1253 2461 Commentarii
1278 2438 1301 2461 a
1328 2420 1432 2461 Phil.
1460 2423 1682 2463 Beroaldo
1708 2424 1869 2463 conditi
1891 2424 1932 2462 ‘in
1960 2421 2131 2463 Asinum

316 2493 484 2519 aureum
508 2476 632 2519 Lucii
657 2477 842 2530 Apuleii.
869 2503 923 2508 -
949 2479 1038 2517 vid.
1065 2478 1318 2529 Hamberger.
1347 2479 1367 2517 l.
1396 2480 1419 2517 l.
1446 2494 1482 2531 p.
1507 2484 1601 2520 347.
1662 2480 1854 2529 Singulari
1882 2481 2068 2519 industria
2094 2480 2127 2517 in

315 2536 487 2588 Apuleio
513 2540 710 2574 versatum
737 2549 830 2573 esse
855 2535 1092 2573 Beroaldum
1118 2536 1260 2574 iudicat
1286 2536 1464 2574 Boccler.
1486 2537 1672 2587 Bibliogr.
1693 2536 1781 2576 Crit.
1802 2551 1836 2589 p.
1854 2541 1948 2578 460.
1989 2537 2130 2575 Contra

315 2593 499 2632 audacter
524 2594 572 2631 ab
598 2607 645 2631 eo
672 2596 875 2631 tractatum
902 2606 996 2630 esse
1022 2596 1218 2632 auctorem
1245 2598 1380 2631 censet
1406 2594 1596 2632 Daumius
1623 2595 1657 2631 in
1686 2593 1785 2633 Coll.
1811 2594 1951 2634 Graev.
1981 2608 2012 2633 v.
2036 2597 2127 2633 493.

316 2649 355 2688 ln
388 2650 538 2701 prolixo
571 2649 754 2688 Beroaldi
789 2650 1066 2688 commentario
1101 2650 1189 2688 licet
1220 2650 1293 2687 alia
1327 2652 1403 2688 sint
1434 2651 1555 2689 multa
1587 2664 1685 2701 quae
1716 2651 1765 2688 ad
1793 2651 2002 2702 Apuleium
2035 2650 2127 2688 nihil

316 2707 475 2753 faciunt,
507 2707 582 2745 alia
613 2707 661 2745 ad
696 2707 890 2745 fastidium
923 2720 1049 2757 usque
1081 2709 1261 2759 repetita:
1294 2708 1368 2745 imo
1401 2721 1474 2746 non
1508 2721 1632 2759 pauca
1659 2708 1742 2745 loca
1769 2709 1817 2746 ab
1845 2722 1892 2746 eo
1926 2721 2126 2760 perperam

316 2765 393 2802 sint
418 2764 615 2803 intellecta
646 2768 685 2802 et
716 2764 928 2815 explicata,
966 2763 1085 2801 nihilo
1124 2766 1248 2802 minus
1279 2769 1407 2802 tamen
1440 2764 1543 2803 haud
1576 2765 1755 2815 exiguam
1788 2779 1944 2816 operam
1972 2764 2125 2815 Apuleii

315 2821 506 2859 studiosis
538 2822 784 2873 praestitisse
817 2820 1040 2859 censendus
1067 2825 1141 2859 est.
1202 2820 1399 2859 Praefatio
1425 2826 1464 2859 et
1487 2822 1685 2873 specimen
1718 2822 1977 2860 commentarii
2010 2834 2128 2873 supra

315 2878 351 2915 in
379 2877 449 2916 Ed.
477 2877 580 2917 Oud.
606 2878 710 2916 edita
736 2881 842 2923 sunt,
869 2878 971 2916 unde
996 2878 1157 2929 intelligi
1184 2880 1328 2929 possit,
1355 2892 1456 2930 quae
1481 2880 1743 2917 commentarii
1770 2879 1883 2916 istius
1910 2880 1959 2917 sit
1983 2879 2091 2917 ratio.

432 2961 551 2997 1501.
611 2957 767 2996 Veneta
792 2956 874 3003 HL,
902 2957 965 2996 sol.
1004 2956 1154 2996 Eadem
1186 2959 1351 3009 repetita
1378 2972 1444 3009 per
1471 2958 1672 2997 Simonem
1698 2956 1941 3009 I’opiensem
1973 2958 2126 2998 (lictum

315 3013 593 3066 Biviloqnam.
625 3012 679 3053 A.
708 3014 759 3053 Ι).
787 3012 820 3053 Ι.
851 3012 926 3054 Ch.
956 3019 1056 3055 1501
1088 3015 1127 3053 cl.
1156 3018 1220 3055 29.
1247 3014 1422 3067 Aprilis.

431 3097 551 3134 1504.
614 3094 769 3131 Veneta
794 3093 880 3140 IV..
913 3094 978 3134 sol.
1021 3091 1227 3145 Apuleius
1258 3110 1347 3134 cnm
1373 3096 1671 3134 commentariis
1697 3091 1879 3146 Philipp.
1907 3095 2123 3139 BeroalaelL,

315 3151 553 3203 Impressnm
587 3150 758 3190 Venetus
778 3165 856 3203 per
882 3152 1250 3192 Bartholomaeum
1276 3152 1327 3191 cle
1353 3153 1476 3193 Zanis
1500 3153 1552 3191 de
1573 3150 1774 3191 Portesio.
1807 3150 1933 3191 Anno
1952 3151 2124 3190 Domini
