2155 3590
652 130 897 171 LIBERI.
955 127 1084 170 GAP.
1114 128 1222 168 XXI.

1788 125 1842 167 63

50 244 196 299 exiguo
220 243 327 285 Lare
351 243 527 285 inclusus
552 250 592 284 et
619 244 802 297 aerugini
827 257 982 298 semper
1003 242 1198 290 intentus,
1238 253 1323 280 cum
1349 251 1515 278 uxorem
1541 238 1659 278 etiam
1684 237 1842 278 calami-

50 301 140 341 tatis
171 314 266 341 suae
297 301 476 340 comitem
506 298 663 340 habeat.

723 299 864 354 Neque
889 305 1067 362 praeter
1068 297 1223 338 unicam
1248 295 1409 351 pascit
1398 294 1620 334 ancillulam
1644 302 1686 335 et
1709 294 1843 334 habitu

48 356 289 397 mendiconis
314 370 468 410 semper
491 356 651 396 incedit
686 354 694 412 Ι
725 315 813 396 Adq
816 357 910 396 haec
935 369 1009 410 ego
1034 354 1118 396 risu
1143 352 1329 394 subjicio:
1375 349 1578 406 Benigne,
1605 352 1780 404 inquam,
1804 356 1839 390 et
1868 356 1909 388 68

47 473 178 511 erogini
193 475 223 503 V
225 478 306 502 enet.
321 471 351 502 4.
400 481 472 501 cum
491 480 602 501 uxore
620 473 723 501 etiam
737 472 951 501 calamatatis
964 479 1046 500 suae
1060 471 1180 500 comite
1191 468 1330 498 Imbuat
1340 471 1376 498 F.
1391 466 1422 497 1.
1437 470 1473 497 G.
1487 469 1523 497 B.
1538 470 1586 497 ed.
1608 477 1653 503 pr.
1667 469 1696 496 V
1699 468 1794 496 icem.
1805 469 1842 496 P.

46 520 81 548 in
104 518 267 554 excerptis
284 520 418 548 Putsch.
436 527 510 546 cum
530 526 673 546 uxorem
691 519 794 546 etiam
814 527 841 546 c.
860 525 885 546 s.
906 518 1057 545 comitem
1076 515 1205 544 habeat
1223 516 1246 545 f.
1265 518 1302 545 R.
1322 517 1358 544 P.
1370 516 1409 544 D.
1431 522 1460 549 p.
1474 515 1508 542 Ο.
1522 521 1559 542 π.
1573 515 1609 542 F.
1623 515 1654 541 3.
1675 512 1749 548 [sed
1761 514 1844 541 inter

45 565 153 593 lineas
171 566 308 593 habetur
324 564 423 593 etiam
436 566 540 592 altera
551 564 647 592 lectio
661 571 682 592 a
694 571 793 592 manu
806 562 993 599 recentiori]
1013 560 1159 590 habebat
1176 563 1214 590 D.
1229 568 1250 590 a
1261 569 1302 590 m.
1317 569 1347 596 p.
1361 562 1397 587 et
1408 558 1621 587 calamitatis
1635 559 1669 587 0.
1719 557 1843 586 comita

45 610 160 638 venet.
168 606 200 637 4.
241 616 343 636 unam
350 610 431 637 P.D.
467 608 626 645 posm'tn.
675 607 882 637 ancillamD.
923 606 1070 635 mendico
1079 605 1133 635 lais
1139 608 1176 636 F.
1187 609 1216 636 1.
1225 608 1255 635 3.
1264 602 1524 633 meadu’eantln'u's
1532 601 1719 639 p.mend1‘co
1727 605 1763 632 G.
1773 604 1807 631 P.
1822 603 1842 630 s.

45 655 83 683 R.
91 654 127 683 Ο.
134 651 308 682 mendicare
313 654 357 683 tis
363 651 720 683 B.e‹1d.veu.leab2·eum
728 653 800 682 dico
808 656 847 682 D.
884 650 938 681 Ad
944 651 1008 681 lmc
1016 662 1047 688 p.

45 753 184 792 aetatis
214 750 414 792 Heindorf.
446 753 497 791 ad
526 753 619 792 Hor.
653 753 776 792 Serm.
802 751 850 791 ll.
875 757 912 792 5.

45 813 109 851 93.
147 809 395 856 erabescere,
433 809 605 849 crebiter
642 814 730 848 cett.
769 809 913 848 formas

43 865 291 905 defendebat.
317 865 364 905 cf.
389 866 531 917 VVagn.
557 866 608 904 ad
636 866 742 917 Virg.
769 865 913 916 Georg.

43 922 71 962 1.
97 925 190 963 359.
222 926 300 961 not.
326 923 405 961 crit.
438 921 555 968 Quod
580 922 643 960 alii
672 922 915 973 proscribunt

43 983 85 1017 ut
115 993 138 1017 r
166 978 375 1030 aliquando
408 979 580 1017 eiiciatur
607 979 671 1016 ubi
691 979 777 1017 soni
798 992 912 1030 aspe-

42 1035 135 1074 ritas
160 1035 340 1073 evitanda
364 1035 427 1080 sit,
452 1049 526 1073 non
552 1035 677 1073 minus
704 1035 822 1073 debet
846 1036 911 1073 im-

43 1092 206 1143 probari.
228 1090 383 1143 Ubique
398 1092 498 1130 enim
512 1092 560 1129 ab
581 1091 860 1142 antiquissimis
875 1094 913 1128 et

44 1149 200 1199 optimis
226 1148 422 1186 codicibus
450 1147 547 1186 haec
572 1147 682 1185 litera
701 1146 911 1198 retinetur]

100 1205 292 1256 aeruyz'ni
318 1206 504 1243 intentus.
539 1203 726 1255 [Aeruqo
740 1216 809 1254 pro
825 1216 912 1240 ava-

42 1261 137 1306 ritia,
158 1259 368 1310 cupiditate
388 1259 555 1298 habendi
575 1263 683 1298 extat
701 1259 804 1309 apud
819 1258 911 1296 Hor.

41 1317 125 1356 Art.
167 1315 279 1355 Poet.
324 1320 419 1357 330.
462 1316 523 1354 ubi
564 1315 667 1354 male
705 1315 912 1365 explicant,

42 1374 107 1424 qui
148 1372 414 1423 metaphoram
456 1372 545 1410 inde
586 1376 782 1422 sumptam
819 1384 913 1409 esse

42 1429 188 1474 dicunt,
236 1429 341 1480 quod
383 1430 484 1467 sicut
526 1441 668 1478 aerugo
711 1429 811 1473 aeri,
862 1428 911 1465 ita

41 1486 200 1524 avaritia
234 1489 313 1524 tam
349 1485 535 1524 tenaciter
571 1484 708 1523 animis
746 1484 914 1522 insideat

41 1546 83 1580 ut
114 1542 202 1580 inde
234 1542 338 1580 eradi
363 1546 403 1580 et
428 1540 542 1579 evelli
570 1544 748 1591 nequeat.
808 1539 913 1586 Quo-

42 1598 158 1637 modo
189 1599 242 1636 ita
271 1600 464 1651 aeruyini
494 1599 667 1637 intentus
693 1598 780 1647 quis
805 1601 912 1648 pote-

41 1655 87 1693 rit
110 1655 320 1694 nominari?
357 1654 488 1705 Imago
509 1654 664 1692 aliunde
683 1654 911 1705 deprompta

42 1714 120 1750 est:
147 1709 275 1758 Quum
289 1724 371 1758 aes,
393 1711 495 1762 quod
515 1710 578 1749 diu
592 1710 787 1748 reclusum
802 1711 913 1754 iacet,

42 1768 225 1819 aerugine
250 1768 479 1810 obducatur.
508 1771 548 1805 et
573 1767 673 1805 avari
700 1768 768 1811 sit,
795 1767 830 1804 in
856 1780 912 1804 ar-

43 1824 100 1862 cis
120 1824 274 1862 divitias
292 1837 502 1869 reservare,
523 1823 620 1862 Milo
641 1823 703 1861 hic
722 1824 913 1876 aeruyini

41 1882 217 1920 intentus
254 1881 493 1932 appellatur,
534 1881 679 1932 quippe
716 1881 779 1930 qui
811 1883 913 1918 amet

42 1937 284 1988 aeruginem,
321 1937 437 1989 longo
472 1938 549 1975 situ
574 1937 622 1975 ab
648 1949 737 1975 aere
767 1939 912 1974 contra·

43 1996 154 2032 ctam.
181 1992 228 2032 cs.
242 1993 376 2032 Barth.
397 1993 564 2032 Advers.
580 1991 730 2031 XXXl.
746 2005 776 2030 e.
795 1996 858 2032 15.
874 2004 910 2043 p.

44 2052 164 2090 1492.
189 2047 357 2089 Turneb.
378 2050 541 2088 Advers.
559 2052 622 2089 19.
644 2063 674 2088 c.
689 2052 725 2089 9.
746 2062 782 2099 p.
799 2048 908 2100 644]

100 2107 244 2145 comite
275 2105 342 2158 [cf.
372 2105 474 2145 Cort.
494 2106 544 2144 ad
562 2105 709 2144 Lucan.
736 2104 781 2143 11.
798 2104 909 2156 346]

100 2175 192 2201 cnm
230 2175 402 2201 uxorem
438 2163 558 2201 etiam
594 2176 626 2200 c.
659 2177 686 2200 s.
731 2163 912 2201 comitem

43 2217 200 2257 habeat.
237 2216 445 2264 Quomodo
462 2221 667 2269 tantopere
686 2218 912 2268 scripturam

45 2277 279 2313 commutare
303 2275 496 2325 potuerint
517 2275 746 2326 interpretes
765 2288 840 2312 non
860 2275 911 2312 in-

43 2329 192 2382 telligo.
249 2329 407 2369 Plurimi
450 2331 549 2369 enim
592 2331 725 2382 legunt
766 2331 915 2370 habeat

44 2400 133 2426 cum
163 2401 296 2426 uxore
318 2388 340 2426 i.
368 2401 402 2426 e.
433 2388 603 2427 habitat.
636 2387 784 2427 habere
814 2388 913 2426 enim

45 2443 256 2495 antiquitus
299 2443 478 2482 dicebant
520 2458 589 2495 pro
631 2444 816 2483 habitare
858 2443 915 2496 [ut

46 2500 205 2550 saepius
230 2500 335 2551 apud
358 2499 483 2539 Plaut.
511 2500 601 2538 Aul.
620 2501 716 2552 prol.
732 2504 769 2540 5.
802 2499 914 2539 Truc.

44 2555 73 2594 l.
96 2560 129 2596 1.
150 2560 214 2597 58.
239 2555 282 2594 ll.
306 2561 339 2597 1.
361 2560 424 2597 35.
451 2557 497 2595 cf.
525 2555 686 2596 Taubm.
713 2557 763 2595 ad
786 2555 914 2595 Plaut.

47 2610 199 2652 Trucul.
231 2611 275 2651 ll.
314 2617 350 2653 5.
383 2613 450 2654 52.
482 2614 590 2651 Serv.
623 2613 673 2651 ad
704 2614 803 2652 Aen.
830 2611 913 2651 Vll.

48 2669 140 2709 131.
166 2668 301 2708 Heins.
328 2670 376 2708 ad
400 2669 514 2708 Ovid.
542 2669 637 2708 Met.
653 2669 719 2709 lv,
747 2669 857 2721 733]

98 2727 249 2777 pascit.
276 2725 472 2778 [Poscere
496 2727 636 2765 ironice
660 2726 723 2765 hic
748 2727 915 2778 positum

47 2794 140 2819 esse
176 2782 310 2827 credo,
346 2795 465 2834 quum
501 2783 655 2835 proprie
691 2783 837 2821 dicatur
866 2782 917 2821 de

48 2838 114 2883 iis,
155 2840 219 2889 qui
262 2839 434 2890 quotidie
475 2840 650 2878 convivia
690 2844 729 2878 et
770 2852 916 2878 coenas

48 2893 160 2942 dant3
209 2894 256 2934 cs.
301 2895 423 2934 Salm.
463 2895 512 2934 ad
545 2896 671 2947 Spart.
708 2895 827 2935 Hadr.
855 2900 917 2936 17.

48 2953 89 2988 et
118 2951 168 2989 ad
197 2949 393 3003 Lamprid.
427 2966 458 2991 c.
485 2957 550 2993 41.
582 2952 632 2990 ad
657 2952 773 3003 Apul.
799 2952 916 3005 Apol.

50 3018 86 3056 p.
114 3010 210 3047 438:
236 3007 377 3046 deinde
401 3009 452 3047 de
477 3008 570 3047 hero
596 3010 721 3046 servis
741 3010 916 3060 saginam

50 3064 161 3112 quasi
205 3064 415 3113 praebente
457 3065 504 3104 cf.
542 3064 672 3104 Iuven.
705 3062 773 3103 ΙΙΙ.
810 3065 918 3111 141..

52 3131 165 3167 quum
204 3119 256 3157 illi
288 3121 573 3171 quodammodo
600 3123 712 3160 otiosi
743 3123 837 3169 sintg
869 3122 916 3162 cs.

122 3218 129 3241 1

1083 660 1141 691 ego
1149 655 1241 681 abest
1249 659 1269 681 a
1277 653 1313 681 P.
1350 651 1455 679 risum
1464 651 1536 679 F.3.
1545 651 1581 678 G.
1589 651 1628 678 D.
1638 650 1673 677 P.
1683 650 1720 677 R.
1730 650 1764 677 Ο.
1776 648 1796 676 f.
1805 650 1842 677 L.

971 752 1101 791 Burm.
1127 751 1176 790 ad
1200 749 1343 789 Petron
1368 764 1399 789 e.
1427 754 1492 790 27.
1517 749 1666 802 viyinte‘
1690 752 1843 787 ¹ventres

968 822 1104 862 pasce.
1112 807 1128 860 ]

1031 865 1172 903 habita
1220 864 1419 903 mendico.
1479 861 1592 901 Hanc
1640 860 1843 900 lectionem

974 921 1078 960 Oud.
1114 920 1286 959 defendit
1321 933 1371 958 ex
1405 933 1512 957 more
1546 922 1737 964 veterum,
1781 918 1843 968 qui

970 978 1179 1029 genitivum
1232 978 1465 1015 substantivi
1519 989 1605 1014 cum
1653 975 1843 1014 adiectis-0

972 1034 1146 1072 eiusdem
1176 1033 1455 1072 terminationis
1486 1035 1769 1071 commutantes
1795 1031 1845 1068 ad

970 1091 1076 1141 prius
1112 1090 1237 1129 subst.
1268 1089 1504 1137 referebant3
1539 1091 1580 1126 ut
1609 1087 1703 1127 Met.
1728 1086 1773 1126 ll.
1806 1102 1842 1139 p.

974 1150 1065 1186 128.
1099 1148 1285 1199 officium
1311 1146 1457 1198 fetiale
1487 1159 1555 1197 pro
1577 1145 1750 1198 fetialis.
1775 1143 1843 1182 JV.

971 1217 1008 1254 p.
1030 1206 1123 1242 256.
1146 1205 1342 1254 fortunas
1364 1203 1592 1254 populares
1616 1215 1686 1253 pro
1707 1214 1844 1253 popu-

972 1260 1120 1298 [ariam
1150 1258 1197 1296 cf.
1224 1257 1326 1296 Oud.
1359 1258 1408 1296 ad
1433 1257 1540 1296 Suet.
1568 1255 1690 1309 Calig.
1718 1271 1749 1296 e.
1780 1261 1842 1297 19.

973 1314 1050 1366 [cui
1093 1314 1235 1353 addas:
1281 1313 1421 1352 Markl.
1459 1314 1509 1352 ad
1551 1314 1649 1353 Stat.
1694 1313 1788 1352 Silv.
1816 1312 1843 1352 1,

975 1376 1008 1411 1.
1042 1374 1108 1411 46.
1150 1384 1188 1422 p.
1235 1374 1324 1410 165.
1369 1370 1429 1409 ed.
1472 1370 1583 1422 Lips.
1621 1369 1757 1409 Heins.
1794 1370 1845 1408 ad

972 1427 1087 1465 Ovid.
1124 1426 1221 1465 Met.
1253 1426 1319 1465 lv,
1352 1431 1446 1467 421.
1483 1426 1585 1464 Oud.
1623 1427 1672 1465 ad
1702 1427 1843 1477 Veget.

973 1499 1004 1523 c.
1031 1487 1095 1524 23.
1126 1485 1161 1521 in
1188 1483 1304 1522 Misc.
1336 1483 1477 1522 Obser.
1509 1482 1599 1521 Vol.
1632 1482 1700 1522 lx,
1733 1481 1843 1521 Tom.

971 1540 1017 1579 ll.
1049 1554 1084 1591 p.
1112 1543 1204 1581 231.
1266 1539 1376 1578 Haec
1413 1552 1644 1591 quamquam
1681 1540 1844 1590 proban-

972 1602 1047 1643 tur,
1085 1610 1134 1634 ex
1160 1596 1346 1635 Florentt.
1378 1601 1527 1641 tamen,
1568 1597 1631 1647 qui
1663 1596 1724 1635 leis
1755 1596 1845 1634 adii-

973 1655 1087 1693 ciunt.
1124 1652 1226 1691 male
1263 1654 1312 1692 ab
1349 1652 1450 1691 Oud.
1486 1667 1555 1705 pro
1592 1653 1626 1691 is
1661 1652 1845 1690 habitum.

974 1711 1031 1749 cui
1057 1710 1119 1748 hic
1144 1709 1273 1748 nullus
1299 1710 1410 1748 locus
1435 1714 1516 1756 est,
1543 1708 1647 1748 aliud
1671 1709 1763 1760 quid
1789 1709 1844 1746 le-

971 1767 1140 1819 gendum
1165 1770 1306 1805 statuo.
1367 1766 1453 1818 Ego
1479 1767 1735 1805 coniecturam
1760 1778 1845 1817 pro-

971 1838 1074 1876 pono
1105 1823 1358 1862 mendic-onis
1391 1824 1412 1861 i.
1444 1836 1477 1861 e.
1507 1822 1702 1869 mendici,
1740 1824 1844 1874 quod

972 1893 1206 1931 quamquam
1248 1881 1398 1918 noviter
1433 1880 1598 1924 dictum,
1634 1883 1764 1918 tamen
1802 1884 1843 1916 ut

971 1937 1108 1989 epulo,
1130 1936 1349 1982 manduco,
1377 1937 1468 1975 bibo
1493 1950 1568 1974 non
1595 1935 1775 1974 abhorret
1795 1936 1843 1974 ab

970 1994 1123 2044 ingenio
1160 1992 1330 2043 Apuleii.
1398 1992 1462 2031 De
1496 1993 1558 2031 his
1594 1992 1719 2031 subst.
1749 1991 1845 2031 infra

970 2063 1083 2101 agam
1108 2049 1158 2087 ad
1182 2048 1280 2088 Met.
1306 2048 1372 2088 lv,
1398 2063 1436 2102 p.
1463 2053 1555 2090 253.
1615 2048 1703 2088 Hoc
1726 2051 1843 2088 maxi-

969 2119 1032 2144 me
1068 2105 1232 2157 placuit,
1271 2107 1361 2157 quia
1390 2105 1493 2145 Mss.
1527 2106 1702 2157 vestigiis
1727 2119 1843 2156 quam

970 2163 1262 2201 accuratissime
1274 2162 1498 2214 respondet.
1521 2163 1648 2201 Aliter
1665 2161 1730 2200 vel
1743 2177 1845 2202 men-

971 2219 1102 2258 dicati
1128 2218 1188 2256 vel
1214 2220 1454 2265 mendiculi‚
1492 2219 1596 2271 quod
1621 2220 1658 2258 in
1686 2219 1843 2258 nonnul—

971 2275 1020 2313 lis
1052 2275 1164 2313 codd.
1195 2274 1274 2315 Cic.
1303 2277 1340 2314 in
1372 2275 1481 2315 Catil.
1514 2275 1559 2314 ll.
1590 2290 1622 2315 c.
1655 2279 1692 2317 3.
1726 2280 1843 2322 extat,

971 2333 1105 2384 possis
1147 2331 1295 2384 legere3
1345 2332 1470 2371 littera
1506 2334 1607 2371 enim
1645 2347 1663 2371 s
1693 2332 1842 2372 facilius

972 2402 1023 2426 ex
1039 2390 1218 2439 sequenti
1230 2390 1420 2428 vocabulo
1435 2389 1649 2429 adhaerere
1662 2388 1842 2441 poterat]

1028 2447 1113 2485 risu
1147 2446 1331 2485 subiicio.
1393 2445 1518 2499 [Oud.
1561 2446 1663 2485 hanc
1704 2447 1843 2498 sriptu-

972 2515 1074 2548 ram,
1106 2515 1207 2553 quae
1232 2504 1281 2541 ab
1305 2503 1461 2553 optimis
1492 2502 1603 2542 codd.
1631 2503 1843 2547 exhibetur.

972 2559 1061 2597 ideo
1087 2559 1327 2610 improbavit,
1352 2559 1455 2610 quod
1481 2559 1542 2597 vel
1564 2559 1705 2611 copula
1723 2564 1761 2598 ct
1779 2558 1843 2597 ad-

973 2615 1154 2666 ponenda
1184 2615 1246 2653 vel
1277 2616 1477 2668 participio
1514 2616 1728 2655 subiiciens
1758 2629 1843 2653 ora-

974 2672 1026 2710 tio
1052 2673 1318 2712 connectenda
1342 2672 1494 2711 suisset.
1543 2672 1653 2711 Haec
1675 2684 1740 2710 me
1766 2685 1843 2710 om-

971 2727 1063 2767 nino
1081 2743 1156 2768 non
1182 2732 1438 2775 commovent,
1463 2733 1504 2768 ut
1522 2729 1606 2767 eius
1626 2730 1844 2768 sententiae

973 2787 1182 2831 assentiar,
1226 2790 1263 2824 et
1300 2786 1481 2824 inusitata
1510 2789 1657 2824 tantum
1690 2785 1843 2825 (licendi

974 2844 1072 2881 ratio
1104 2843 1213 2881 alteri
1245 2842 1360 2892 longe
1390 2843 1521 2881 tritiori
1552 2842 1680 2881 locum
1704 2842 1844 2894 cessit]

974 2900 1059 2938 risu
1089 2898 1191 2937 Oud.
1232 2898 1402 2950 explicat
1430 2911 1500 2950 per
1532 2913 1621 2938 cum
1644 2902 1730 2939 rim
1754 2897 1844 2938 coll.

975 2954 1095 2994 Drak.
1132 2956 1179 2994 ad
1218 2955 1303 2994 Liv.
1329 2954 1373 2993 ll.
1413 2958 1478 2995 65.
1505 2954 1663 3008 [Pabst.
1689 2956 1740 2995 ad
1762 2955 1845 2994 ἶΕοΙ.

977 3010 1098 3051 Tacit.
1131 3025 1167 3063 p.
1195 3011 1306 3063 307]
1338 3011 1388 3049 de
1418 3010 1647 3063 pleonasmo
1673 3013 1846 3051 subiit-io

975 3069 1144 3120 inquam
1169 3068 1215 3106 cs.
1243 3068 1292 3106 nd
1317 3067 1412 3106 Met.
1439 3067 1505 3107 IV.
1532 3083 1568 3120 p.
1596 3069 1708 3121 283]

1035 3125 1216 3177 benique.
1245 3124 1283 3175 [i.
1311 3138 1343 3163 c.
1372 3126 1545 3178 lar-qiter
1571 3126 1618 3165 cs.
1647 3125 1782 3166 Heins.
1811 3130 1844 3163 01
