2155 3590
730 107 920 148 LIBER
947 107 976 149 l.

1037 106 1162 148 CAP.
1193 106 1260 147 lv.
1837 106 1892 150 25

100 221 262 263 eundem
282 221 538 262 invitamento
557 221 728 275 exiguae
747 221 858 276 stipis
882 221 1128 262 venatoriam
1152 220 1347 266 lanceam,
1375 233 1450 273 qua
1476 226 1586 273 parte
1610 219 1783 260 minatur
1807 219 1893 260 exi-

98 278 214 328 tium,
242 277 282 317 in
306 277 384 317 ima
406 277 562 318 viscera
593 277 827 318 condidisse.

889 276 962 335 Et}
978 291 1069 320 eece
1093 290 1192 332 pone
1218 276 1378 316 lanceae
1405 277 1574 326 ferrum,
1609 290 1684 330 qua
1708 276 1890 316 bacillum
1911 279 2010 327 [104]

98 333 247 374 inversi
279 334 345 374 teli
370 335 418 374 ad
443 333 664 388 occipitium
690 347 759 387 per
782 334 929 388 inguen
955 334 1079 384 subit,
1106 346 1203 388 puer
1226 333 1267 373 in
1291 332 1492 372 mollitiem
1525 333 1689 372 decorus
1720 332 1893 387 insurgit

96 390 213 444 inque
250 390 418 430 flexibus
456 390 643 430 tortuosis
681 403 865 430 enervam
903 398 942 431 et
977 403 1160 431 exossam
1183 388 1189 446 ξ
1210 388 1457 430 saltationem
1500 403 1585 428 cum
1618 389 1788 429 omnium
1825 389 1891 443 qui
1916 395 1960 429 22

96 517 230 546 eundem
251 520 343 547 abest
363 525 383 548 a
398 518 419 547 f.
433 523 462 547 et
475 519 513 548 R.
561 518 690 556 slzpz'tis
705 521 773 548 cod.
788 521 825 548 D.
842 527 859 549 a
874 528 918 555 pr.
931 528 972 549 m.
989 535 1030 539 —
1067 519 1102 547 in
1116 518 1237 547 intima
1251 517 1385 546 viscera
1404 519 1438 547 Ο.
1458 533 1504 539 -—-
1522 526 1622 555 qnam
1641 515 1687 544 ad
1704 517 1895 554 occipitium

89 572 155 601 per
166 563 333 601 inguinem
353 563 463 592 subito
478 572 566 601 puer
585 564 620 592 in
639 563 728 592 moll.
747 564 776 592 d.
789 565 917 602 insurg.
936 567 971 594 G.
997 565 1180 603 iugruviem
1194 566 1229 593 F.
1253 565 1280 592 1.
1295 565 1325 592 3.
1353 563 1518 600 inguinem
1532 565 1567 592 P.
1583 565 1618 592 Β.
1635 563 1654 591 f.
1681 563 1844 600 ingurae'em
1864 571 1894 598 p.

94 610 209 639 venet.
228 611 258 638 4.
283 609 449 647 ingue‘men
463 611 510 638 ed.
525 618 570 644 pr.
584 610 711 639 Vicent.
727 619 800 639 cum
813 612 905 640 varia
919 611 1058 639 lectione
1070 610 1236 648 inguinem
1249 618 1280 638 v.
1293 609 1423 646 inguen.
1444 610 1556 638 etIunt
1572 611 1602 637 ἱ).
1626 607 1747 645 inguen
1764 611 1848 637 lunt.
1866 610 1893 637 1.

96 656 126 684 2.
139 655 214 684 Ald.
229 661 265 683 π.
284 654 477 693 —scrrum
486 662 574 691 puer
586 654 621 682 in
635 654 722 682 moll.
736 653 876 683 dcem-us
890 655 950 683 ins.
960 658 994 684 Ο.
1010 657 1206 684 colhwass.
1221 658 1250 683 et
1263 656 1301 683 D.
1316 655 1348 683 in
1363 655 1457 682 cuius
1471 655 1617 689 margine
1631 655 1818 682 adnotatum
1833 658 1894 687 est,

94 707 162 737 qua
175 698 332 727 bacillum
346 700 476 728 itt-cersi
488 698 606 727 teliaci
615 700 808 737 occipitium
818 708 882 737 per
894 700 1013 737 inguen
1023 700 1133 729 subiit.
1142 701 1174 727 in
1184 699 1323 727 mollitie
1331 701 1364 727 0.
1374 703 1402 727 et
1414 699 1482 727 f.—
1489 707 1639 727 enervem
1649 698 1798 736 plu'ass.
1809 699 1894 727 Prie.

93 748 124 773 et
135 745 256 774 Floria.
270 752 426 773 enervam
440 749 567 780 praeter
580 746 727 775 codicum
741 747 965 775 auctoritatem
979 747 1051 775 soni
1064 747 1230 775 suavitate
1243 746 1377 775 auribus
1391 745 1633 773 commendatur
1645 745 1686 773 ef.
1700 745 1741 772 ad
1756 752 1784 778 p.
1803 745 1852 771 17.

92 842 149 882 lta
184 844 467 883 emendandum
497 849 590 896 puto
627 843 718 883 Isid.
756 846 791 884 in
830 844 963 884 Gloss.

93 913 130 951 p.
168 903 261 942 696.
309 902 397 940 sica
433 901 710 947 clunaculum,
747 902 965 942 machaera

92 957 290 1009 spathula
327 971 397 1009 pro
435 958 686 1003 cluniculus,
734 959 964 1004 machaera,

92 1013 324 1065 splenclona
361 1013 495 1053 Gloss.
533 1013 683 1053 Placidi
716 1029 776 1066 ap.
808 1015 902 1054 Mai.
927 1015 964 1052 in

91 1069 208 1108 class.
234 1074 336 1109 auct.
356 1071 393 1108 in
407 1071 532 1109 Vatic.
554 1071 666 1109 codd.
687 1085 794 1122 repp.
816 1084 852 1122 p.
871 1075 962 1111 448.

92 1126 354 1166 clunaculum
381 1128 607 1180 puyz'onem
638 1127 792 1166 [lictum
823 1127 873 1165 ab
904 1141 963 1172 eo,

92 1183 208 1236 quod
231 1183 417 1223 clunibus
440 1184 644 1235 reliyatur
673 1185 696 1222 i.
723 1197 752 1222 c.
784 1183 963 1235 spatha]

145 1252 336 1278 mucrone
349 1241 511 1291 infesto,
539 1239 604 1290 [cf.
619 1239 780 1277 Servius
795 1240 845 1278 ad
860 1239 964 1289 Virg.

89 1295 139 1334 X.
171 1298 264 1336 877.
295 1294 425 1335 Burm.
464 1296 513 1334 ad
545 1294 700 1334 Petron.
739 1309 768 1333 c.
805 1300 894 1336 108.
926 1309 962 1347 p.

139 1352 220 1462 ρι’-ειν
235 1410 387 1462 iuquen
403 1409 521 1449 subit.
535 1407 636 1447 Oud.
648 1410 786 1460 probat
799 1410 963 1460 scriptu-

87 1479 168 1505 ram
182 1465 413 1519 inyluciem,
439 1478 539 1517 quae
557 1479 634 1504 vox
653 1466 791 1504 avibus
812 1467 967 1517 propria

87 1535 212 1574 saepe
240 1535 309 1573 pro
342 1523 430 1574 ipsa
460 1522 656 1561 hominum
688 1523 779 1572 gula
802 1536 962 1572 usurpe-

89 1583 162 1626 tur3
188 1578 235 1618 cf.
261 1578 358 1617 Met.
384 1579 432 1617 V.
460 1592 498 1630 p.
524 1582 616 1619 353.
649 1579 753 1618 Geli.
780 1578 865 1617 Vll.
898 1582 961 1620 16.

89 1634 223 1674 Gloss.
241 1635 448 1688 Inyluvies
465 1632 657 1688 τράχηλος,
673 1636 783 1674 Serv.
805 1640 844 1673 et
857 1634 962 1686 Phy-

89 1690 185 1743 larg.
211 1691 262 1731 ad
285 1692 393 1742 virg.
420 1692 563 1743 Georg.
590 1691 654 1730 Ill.
681 1696 774 1733 431.
805 1692 961 1730 Ruhnk.

87 1747 213 1800 Epist.
240 1747 327 1787 Crit.
353 1748 399 1787 ΙΙ.
424 1762 462 1800 p.
489 1753 525 1789 7.
562 1748 764 1801 [Doederl.
791 1749 887 1800 Syn.
914 1749 963 1788 V.

87 1819 125 1857 p.
163 1808 255 1846 148.
297 1805 381 1844 Mai
422 1805 473 1843 ad
514 1804 644 1844 Front.
688 1819 725 1857 p.
767 1810 858 1846 168.
902 1806 962 1844 ed.

87 1861 221 1915 Rom]
247 1866 449 1913 totumque
475 1861 602 1901 locum
626 1863 679 1902 ita
704 1863 893 1914 explicat,
924 1866 965 1900 ut

88 1918 291 1958 circulator
326 1917 503 1957 lanceam
539 1920 574 1957 in
608 1920 685 1958 ima
714 1920 865 1958 viscera
896 1933 965 1970 per

89 1974 219 2027 gulam
244 1975 458 2014 condiderit
482 1989 607 2026 usque
626 1976 676 2014 ad
695 1989 781 2014 eam
800 1975 964 2014 lanceae

87 2036 257 2083 partem,
288 2045 365 2083 qua
388 2045 492 2083 pone
519 2032 657 2070 ferrum
681 2034 822 2071 subeat
846 2032 962 2071 bacil-

90 2088 168 2126 lum
197 2088 265 2127 teli
295 2102 365 2139 per
394 2088 524 2139 gulam
554 2089 604 2127 ad
629 2090 849 2140 occipitium
874 2102 963 2127 cou-

88 2145 201 2184 versi.
257 2144 445 2197 [Ingenue
481 2145 738 2183 confitendum
774 2149 853 2190 est,
901 2158 964 2183 me

87 2202 217 2240 verbis
242 2202 296 2240 ita
320 2201 514 2253 explicitis
534 2216 609 2239 non
629 2202 858 2252 intelligere,
884 2215 962 2252 qua

89 2256 251 2297 lanceae
269 2262 380 2309 parte
403 2271 498 2308 puer
522 2259 597 2296 iste
623 2257 871 2297 saltationem
896 2271 960 2295 ex-

88 2315 234 2366 plicare
247 2318 286 2352 et
299 2314 495 2366 quomodo
509 2314 649 2354 hastae
663 2315 764 2366 parti
777 2316 960 2353 insistere

89 2373 302 2423 potuisset,
350 2372 385 2408 si
427 2372 463 2409 in
508 2370 600 2422 gula.
633 2375 779 2409 tantum
816 2385 864 2409 ea
899 2385 959 2409 es-

88 2432 152 2467 set
183 2427 424 2467 abscondita.
466 2427 578 2467 Haec
608 2441 671 2465 me
706 2432 961 2475 commovent,

88 2488 132 2523 ut
166 2485 216 2524 ab
241 2486 470 2536 optimorum
507 2484 619 2523 codd.
646 2485 835 2536 scriptura
859 2497 964 2522 rece-

88 2541 198 2587 dam,
229 2542 303 2580 nisi
334 2541 517 2593 exemplo
548 2541 677 2593 possit
702 2541 874 2586 ostendi,
906 2542 964 2580 in-

87 2597 245 2651 9luvz'es
274 2611 342 2650 pro
374 2602 455 2636 toto
486 2601 620 2636 ventre
649 2610 744 2636 esse
776 2598 964 2648 positum3

88 2656 242 2706 iri-quen
265 2667 371 2700 vero,
392 2654 496 2704 quod
521 2667 589 2705 pro
616 2654 738 2693 latere
769 2654 885 2692 etiam
910 2654 964 2692 di·

89 2711 186 2749 citur
216 2710 285 2760 (cf.
312 2710 438 2750 Plum.
463 2710 514 2749 ad
538 2709 649 2749 Pers.
677 2710 760 2749 Sat.
787 2710 835 2749 V.
860 2710 898 2751 4.
923 2724 962 2763 p.

91 2771 184 2808 374.
209 2771 251 2806 et
273 2767 381 2819 Virg.
410 2767 509 2808 Aen.
529 2766 578 2805 X.
605 2770 717 2815 589.)
743 2771 783 2805 et
807 2766 856 2805 de
880 2770 962 2806 toto

89 2828 224 2862 ventre
260 2824 359 2863 Stat.
398 2822 522 2863 Theb.
559 2822 624 2862 Vl.
663 2826 776 2869 900„
820 2824 963 2874 optime

89 2881 306 2933 respondet
316 2880 561 2932 praegressis
578 2881 704 2918 verbis
719 2881 798 2919 ima
814 2882 964 2920 viscera

91 2942 132 2976 et
168 2939 219 2976 ita
242 2939 311 2976 erit
342 2937 630 2989 explicandum:
662 2935 743 2974 Per
766 2938 906 2986 inguen
931 2950 966 2976 s.

93 3007 162 3045 per
186 2992 314 3033 alvum
339 2994 563 3046 perfoderat
587 2992 788 3031 circulator
811 2993 966 3033 hastam

91 3052 329 3090 venatoriam
354 3052 390 3089 in
415 3052 490 3089 ima
514 3050 677 3094 viscera,
701 3053 742 3089 ut
765 3063 870 3101 pone
893 3053 966 3088 ter-

91 3120 182 3159 gum
211 3107 353 3147 ferrum
383 3120 471 3147 cum
501 3106 594 3160 ligni
623 3111 734 3161 parte
768 3107 893 3148 exiret
927 3111 967 3148 et

1023 845 1072 883 ad
1099 846 1315 896 occipitium
1340 848 1449 882 esset
1462 844 1659 882 directum.
1684 842 1725 881 In
1741 842 1894 893 hacigi-

1023 906 1081 940 tur
1111 902 1201 951 ligni
1232 904 1343 952 parte
1372 901 1439 939 teli
1470 901 1610 939 inversi
1646 900 1894 938 saltationem

1023 972 1119 1009 puer
1133 958 1305 996 lascivus
1320 957 1516 1009 explicuit.
1543 956 1750 1002 Quomodo
1765 959 1894 994 autem

1023 1014 1125 1053 Oud.
1158 1014 1272 1053 lectio
1305 1014 1466 1052 duorum
1495 1013 1597 1052 Mss.
1629 1014 1762 1051 nescio
1801 1025 1894 1063 quo·

1022 1084 1104 1109 rum
1142 1071 1224 1109 coli
1255 1084 1324 1120 pro
1356 1071 1429 1109 teli
1465 1084 1539 1108 non
1571 1070 1621 1108 de
1651 1070 1770 1108 nihilo
1801 1082 1895 1107 esse

1022 1128 1206 1179 potuerit,
1242 1128 1305 1164 vix
1341 1128 1464 1177 capio.
1519 1125 1763 1177 Quamquam
1794 1127 1895 1164 enim

1025 1184 1174 1233 largior.
1200 1183 1314 1221 colus
1337 1183 1536 1221 secundae
1561 1183 1832 1222 declinationis
1857 1182 1894 1219 in

1024 1239 1238 1278 masculino
1276 1252 1419 1289 genere
1454 1240 1561 1289 poni,
1606 1240 1653 1278 cf.
1697 1238 1812 1278 Pass.
1856 1242 1896 1276 et

1022 1295 1194 1333 Broukh.
1221 1295 1270 1333 ad
1294 1294 1410 1346 Prop.
1438 1294 1504 1334 lv.
1531 1300 1567 1335 9.
1595 1300 1658 1336 48.
1692 1295 1748 1347 [et
1771 1296 1894 1333 Voss.

1023 1352 1142 1391 Arist.
1170 1350 1279 1389 Tom.
1306 1350 1333 1390 Ι.
1360 1355 1503 1402 p.384.
1530 1349 1563 1390 F
1566 1352 1740 1404 {insen}
1764 1357 1894 1391 tamen

1024 1409 1096 1448 nisi
1123 1409 1172 1447 ad
1198 1408 1358 1446 alterum
1383 1408 1605 1446 miraculum
1632 1408 1808 1459 refugere
1832 1421 1895 1446 ve-

1026 1465 1092 1509 lis,
1118 1464 1228 1504 colus
1255 1465 1369 1502 imum
1395 1468 1566 1503 ventrem
1591 1469 1795 1516 penetrare
1822 1479 1894 1503 non

1022 1523 1162 1574 potuit.
1187 1526 1228 1559 ut
1253 1522 1357 1560 acies
1383 1526 1491 1572 tergo
1518 1521 1670 1574 exiret]

1078 1581 1118 1617 in
1136 1578 1344 1617 mollitiem
1357 1578 1542 1618 decorus.
1571 1577 1672 1617 Inter
1686 1576 1897 1616 ablativum

1023 1640 1061 1674 et
1082 1636 1344 1674 accusativum
1358 1636 1648 1687 praepositione
1666 1637 1710 1674 in
1727 1634 1796 1673 tali
1809 1647 1896 1673 sen-

1021 1693 1222 1731 tentiarum
1237 1705 1340 1730 nexu
1360 1692 1511 1730 iunctos
1532 1692 1634 1732 Oud.
1650 1693 1701 1730 ita
1715 1691 1898 1729 discrimi-

1022 1754 1099 1794 nat,
1119 1753 1160 1787 ut
1174 1748 1367 1787 ablativus
1381 1749 1435 1786 rei
1449 1761 1630 1787 caussam
1644 1752 1751 1787 notet
1768 1748 1831 1786 vel
1846 1748 1898 1786 in-

1023 1809 1277 1845 strumentum
1298 1809 1335 1842 et
1349 1804 1533 1855 explicari
1551 1807 1680 1856 possit
1700 1806 1898 1856 praeposi-

1022 1865 1126 1902 tione
1137 1875 1215 1915 μοι·
1239 1860 1302 1899 vel
1328 1861 1460 1899 simili:
1489 1861 1553 1913 [cf.
1567 1861 1663 1901 Met.
1691 1860 1735 1900 II.
1750 1874 1787 1912 p.
1804 1863 1896 1902 115.

1023 1924 1063 1957 et
1088 1933 1123 1970 p.
1150 1918 1233 1970 84]
1268 1918 1516 1957 accusativus
1541 1932 1633 1956 vero
1659 1918 1817 1956 modum
1842 1918 1896 1956 rei

1022 1976 1085 2014 vel
1112 1976 1361 2027 quantitatem
1389 1974 1531 2013 indicet
1557 1974 1669 2027 [Met.
1696 1973 1740 2013 ll.
1767 1988 1802 2025 p.
1831 1978 1895 2015 94.

1022 2032 1106 2070 Vll.
1145 2045 1181 2082 p.
1219 2031 1330 2083 479]
1365 2031 1415 2069 ‹le
1452 2044 1527 2081 quo
1564 2045 1638 2069 usu
1673 2031 1809 2070 Heius.
1847 2031 1897 2069 ad

1023 2088 1137 2127 Ovid.
1169 2086 1266 2126 Met.
1297 2087 1346 2126 V.
1372 2092 1466 2129 450.
1500 2087 1609 2126 Sahu
1634 2089 1684 2126 ad
1710 2087 1832 2127 Solin.
1858 2101 1895 2139 p.

1024 2149 1087 2186 65.
1114 2147 1152 2183 et
1177 2144 1336 2195 Sciopp.
1363 2144 1482 2196 Susp.
1507 2144 1635 2183 Lectt.
1661 2144 1710 2183 V.
1743 2158 1803 2195 ep.
1833 2148 1895 2185 12.

1021 2201 1194 2240 conferre
1225 2202 1330 2239 iubet
1363 2200 1528 2253 [quibus
1565 2201 1667 2240 adde
1699 2201 1808 2240 Serv.
1847 2201 1897 2240 ad

1019 2259 1130 2309 Virg.
1146 2259 1245 2297 Aen.
1262 2256 1330 2296 XI.
1360 2261 1451 2298 770.
1477 2256 1598 2296 Kritz.
1624 2258 1674 2297 ad
1694 2257 1790 2297 Sall.
1813 2256 1894 2297 Cat.

1019 2314 1087 2352 IX.
1120 2328 1157 2366 p.
1190 2319 1255 2355 47.
1287 2327 1350 2365 sq.
1382 2314 1519 2353 Jacob.
1551 2314 1677 2353 Lucil.
1708 2315 1824 2353 Aetn.
1858 2327 1895 2364 p.

1020 2375 1084 2411 87.
1112 2372 1174 2422 qui
1199 2375 1327 2409 tamen
1359 2371 1395 2409 in
1422 2385 1469 2409 eo
1498 2371 1637 2417 falsus,
1663 2371 1765 2422 quod
1792 2370 1895 2409 Oud.

1021 2432 1182 2467 secutus
1214 2428 1543 2479 praepositionem
1575 2430 1616 2466 in
1649 2441 1680 2466 c,
1711 2427 1894 2466 Ablativo

1022 2486 1189 2523 iunctam
1213 2485 1375 2535 saepius
1400 2485 1504 2535 apud
1529 2484 1650 2523 Afros
1675 2484 1897 2522 redundare

1023 2541 1230 2587 existimat,
1251 2555 1327 2592 quo
1353 2554 1481 2579 errore
1505 2542 1751 2592 potissimum
1771 2541 1807 2578 in
1826 2540 1896 2580 Ar·

1024 2598 1139 2636 nobio
1170 2612 1243 2636 suo
1281 2596 1454 2636 Orellius
1491 2597 1611 2636 multa
1647 2597 1894 2648 perturbavit.

1021 2653 1175 2692 Peerlk.
1215 2655 1265 2693 ad
1296 2653 1430 2692 Horat.
1464 2668 1500 2705 p.
1529 2658 1622 2694 271.
1648 2652 1776 2692 Hand.
1803 2651 1895 2692 Tur-

1021 2710 1110 2750 sell.
1136 2710 1199 2750 111.
1225 2724 1262 2762 p.
1289 2715 1370 2751 324
1396 2714 1435 2748 et
1461 2710 1572 2762 327]

1078 2781 1262 2808 enervam
1281 2773 1319 2806 et
1332 2781 1526 2806 exossam.
1548 2766 1792 2818 Quamquam
1808 2764 1894 2805 aliis

1019 2824 1178 2876 Apuleii
1217 2824 1313 2862 locis
1348 2825 1562 2862 terminatio
1606 2824 1640 2861 in
1683 2825 1717 2863 is
1745 2823 1895 2874 praese-

1021 2885 1140 2919 ratur:
1165 2881 1283 2932 Apol.
1299 2895 1334 2932 p.
1358 2884 1450 2920 493.
1477 2881 1548 2919 ille
1573 2894 1662 2919 cum
1685 2881 1738 2919 sit
1761 2885 1897 2919 cetera

1024 2939 1191 2977 exossis.
1211 2937 1330 2988 Apol.
1357 2950 1393 2988 p.
1420 2941 1513 2977 551.
1540 2938 1583 2975 in
1606 2936 1808 2976 saltandis
1829 2939 1896 2989 fa-

1026 2994 1129 3034 bulis
1160 2995 1314 3033 exossis
1333 2994 1462 3046 plane
1492 3000 1532 3033 et
1554 2994 1705 3033 enervis
1726 2995 1820 3046 fuit.
1846 2993 1897 3031 de

1023 3050 1166 3102 Dogm.
1198 3049 1298 3089 Plat.
1325 3063 1361 3100 p.
1389 3053 1481 3091 243.
1509 3053 1694 3103 effoetum
1725 3054 1764 3088 et
1788 3063 1896 3089 ener-

1023 3121 1126 3154 ccm,·
1145 3107 1207 3147 hic
1225 3111 1353 3147 tamen
1374 3120 1424 3147 ex
1443 3107 1599 3160 optimis
1619 3106 1731 3146 codd.
1746 3120 1777 3146 c.
1792 3105 1894 3146 Oud.
