2155 3590
690 181 876 222 LIBER
899 182 973 222 IX.
1029 183 1158 222 CAP.
1183 182 1254 223 VI.
1756 184 1837 227 759

65 292 264 350 prospexi.
323 291 444 335 Vides
479 293 583 334 istud
617 293 781 346 dolium,
820 294 921 348 quod
956 308 1110 349 semper
1143 308 1308 336 vacuum
1345 295 1493 335 frustra
1528 293 1654 335 locum
1690 294 1838 336 detinet

62 358 231 400 tantum,
264 355 303 389 et
326 362 468 390 revera
491 356 648 403 praeter
671 350 983 404 impedimentum
1009 349 1321 391 conversationis
1352 357 1510 391 nostrae
1540 350 1637 390 nihil
1661 358 1836 405 praestat

60 405 249 460 amplius?
270 405 374 446 istud
398 419 471 459 ego
497 405 665 459 quinque
690 406 860 447 denariis
885 406 1035 447 cuidam
1059 405 1278 456 venditavi,
1305 413 1345 445 et
1369 407 1498 456 adest,
1526 414 1570 447 ut
1592 408 1682 447 dato
1707 407 1833 460 pretio

59 475 190 502 secum
220 475 302 502 rem
333 475 441 502 suam
474 462 588 501 ferat.
639 461 744 515 Quin
778 463 908 516 itaque
944 462 1210 516 praecingeris
1244 461 1415 514 mihique
1449 476 1605 502 manum
1642 462 1833 516 tantisper

59 517 348 568 accommodas,
376 524 419 557 ut
442 517 676 557 exobrutum
701 518 874 572 protinus
899 519 1072 559 tradatur
1089 517 1243 559 emtori.
1291 516 1327 557 E
1347 531 1391 557 re
1411 525 1503 557 nata
1521 518 1677 558 fallacia
1695 518 1834 558 mulier

58 573 308 614 temerarium
340 573 478 614 tollens
509 573 757 615 cachinnum:
784 574 791 630 Ι
815 573 1028 628 Magnum,
1064 574 1210 628 inquit,
1242 573 1360 614 istum
1389 573 1518 613 virum
1548 587 1594 613 ac
1630 581 1834 614 strenuum

52 699 236 738 prospexit
253 702 288 729 G.
309 702 338 730 1.
357 702 388 729 2.
407 702 445 730 D.
466 702 501 730 Ο.
520 702 556 730 Ρ.
576 702 612 731 1..
631 702 722 730 Colv.
741 702 838 731 Vulc.
851 703 883 731 2.
903 704 1014 730 contra
1031 703 1169 730 mentem
1188 698 1328 736 Apuleii.
1365 702 1436 729 Non
1455 699 1540 729 enim
1559 700 1739 730 officinator
1763 701 1834 731 sive

57 745 203 774 officinae
216 746 370 780 magister
384 746 411 774 ei
428 749 649 781 prospexerat,
669 747 725 774 sed
740 747 810 781 ipse
823 747 903 784 sibi,
929 747 983 780 qui
998 747 1116 775 dolium
1129 749 1189 775 hoc
1202 746 1259 775 alii
1273 746 1419 782 cuidam,
1443 753 1507 774 non
1520 746 1728 782 officinatori‚
1753 754 1834 774 ven-

58 791 192 819 diderat.
219 790 314 824 [Nam
327 790 356 818 si
369 791 559 819 officinatori
573 791 789 826 vendidisset,
815 791 877 819 dici
891 792 929 819 de
942 791 999 819 illo
1014 799 1076 820 non
1092 795 1214 825 posset:
1238 792 1307 819 iam
1320 789 1433 827 adest,
1457 792 1498 818 ut
1509 788 1590 817 dato
1598 791 1712 826 pretio
1725 798 1834 818 secum

57 843 127 862 rem
139 835 356 874 suamferat‚
370 835 487 870 quippe
501 836 554 870 qui
569 836 688 864 forensi
702 837 830 871 negotio
843 840 984 864 attentus
998 836 1096 865 ferias
1109 837 1215 870 operis
1229 835 1364 870 fecerit]
1394 834 1515 863 videsis
1527 838 1565 863 uc
1579 833 1701 863 dolium
1713 836 1748 865 F.
1760 837 1788 864 1.
1797 836 1833 864 B.

55 881 138 914 quod
151 887 191 908 ex
203 880 341 909 lectione
356 878 445 907 vides
457 879 544 908 istut
555 879 688 916 dolium,
702 882 966 914 quemadmodum
979 881 1012 909 in
1025 880 1061 909 F.
1072 882 1101 908 3.
1116 884 1215 917 extat,
1229 885 1373 910 exortum
1388 884 1471 914 puto.
1496 878 1569 908 vide
1581 880 1648 908 scis
1661 883 1702 908 ut
1711 878 1835 907 dolium

56 932 86 959 p.
112 922 201 952 vides
215 923 300 952 illud
309 923 431 952 dolium
445 923 473 954 ὃ.
506 924 626 953 videsis
639 923 760 952 dolium
775 925 877 955 Scriv.
904 923 976 952 vide
987 923 1081 953 istud
1092 927 1185 955 Vulc.
1197 927 1228 954 2.
1254 925 1397 954 Coniecit
1414 926 1571 954 Pricaeus
1592 923 1723 953 videsne
1743 924 1837 952 istud

57 968 196 1007 dolium,
222 973 255 998 ut
281 970 452 1004 aliquoties
473 971 505 999 in
524 974 642 999 nostro.
667 972 708 999 At
728 972 806 998 Oud.
826 970 1007 1000 sententiae
1025 971 1177 999 accedere
1196 978 1257 998 non
1278 978 1425 1007 possum,
1450 971 1540 999 aliud
1558 970 1633 1004 quid
1651 970 1703 998 hic
1715 972 1835 1004 latere,

55 1015 173 1043 iccirco
187 1013 306 1042 videsis
319 1013 354 1042 id
364 1013 487 1043 dolium
501 1015 718 1044 coniicientis.
743 1017 823 1043 Tota
836 1015 1024 1050 varietatis,
1050 1018 1083 1043 ut
1098 1015 1162 1043 iam
1183 1015 1267 1052 dixi,
1292 1015 1422 1049 farrago
1441 1023 1481 1043 ex
1499 1016 1661 1049 scriptura
1679 1015 1765 1042 istut
1779 1023 1834 1048 pro

55 1058 150 1087 istud
166 1059 309 1094 profecta
326 1063 385 1088 est.
409 1062 445 1088 In
464 1064 535 1089 cett.
553 1061 638 1089 enirn
658 1061 746 1088 codd.
765 1063 795 1088 et
809 1061 878 1088 edd.
896 1060 1015 1095 legitur
1033 1058 1123 1087 vides
1142 1058 1242 1087 istud.
1289 1067 1533 1096 supervacuum
1557 1061 1593 1088 P.
1618 1060 1723 1088 Scriv.
1749 1059 1833 1088 Prie.

54 1105 174 1135 Florid.
198 1106 418 1134 Dubitandum
430 1113 471 1134 an
485 1113 570 1134 vere.
595 1105 678 1140 Quia
690 1105 775 1133 enim
787 1111 915 1141 semper
928 1108 995 1133 erat
1009 1112 1149 1132 vacuum
1163 1105 1300 1140 dolium,
1325 1105 1395 1133 ideo
1410 1105 1531 1133 frustra
1543 1104 1705 1133 detinebat
1717 1107 1833 1133 locum.

55 1150 97 1178 cf.
116 1157 218 1184 supra
235 1152 310 1178 Met.
323 1151 377 1179 IV.
399 1158 428 1184 p.
448 1151 523 1179 276.
551 1149 674 1189 fontes
688 1156 844 1177 amoenos
869 1156 992 1184 super
1016 1149 1231 1186 incubare,
1256 1150 1312 1178 ubi
1331 1150 1443 1178 eadem
1460 1150 1642 1184 scripturae
1660 1150 1835 1178 diversitas

53 1198 112 1223 est.
137 1197 236 1223 Notae
250 1195 417 1228 utriusque
430 1196 582 1223 vocabuli
596 1194 660 1232 Γὲἳι)
673 1198 704 1223 et
717 1194 775 1229 sug»
794 1194 927 1223 facilius
941 1195 1023 1222 inter
1041 1202 1077 1223 se
1095 1194 1344 1223 confunduntur.
1391 1193 1502 1221 lacum
1522 1195 1556 1223 F.
1572 1196 1602 1222 1.
1621 1194 1656 1222 in
1674 1194 1835 1228 excerptis

54 1241 94 1268 ad
110 1246 209 1274 marg.
223 1240 271 1268 ed.
287 1240 376 1268 Colv.
389 1241 470 1268 lunt.
487 1241 514 1267 1.
528 1241 601 1268 Ald.
644 1242 788 1275 propter
800 1246 855 1273 pro
864 1241 1008 1275 praeter
1027 1240 1063 1267 P.
1110 1239 1254 1276 quinque
1272 1237 1421 1266 denariis
1440 1241 1535 1267 habet
1554 1240 1590 1268 F.
1605 1241 1635 1267 3.
1654 1242 1686 1267 at
1705 1247 1745 1267 ex
1763 1246 1835 1266 coi·-

55 1285 194 1313 rectione
218 1286 357 1320 septem,
383 1285 464 1318 quod
491 1284 564 1312 ferri
589 1291 652 1313 non
677 1291 789 1320 posse,
814 1291 901 1317 seqq.
923 1284 1131 1318 apertissime
1155 1286 1298 1318 probant.
1357 1282 1489 1311 cuidam
1514 1284 1717 1312 desideratur
1740 1284 1774 1312 in
1799 1284 1833 1311 P.

54 1327 152 1356 credo
173 1326 346 1356 venditat-i
360 1330 397 1358 L.
411 1350 419 1364 ,
444 1337 486 1357 ex
504 1336 565 1362 quo
585 1336 648 1356 non
667 1328 775 1362 inepte
795 1336 865 1356 cum
885 1329 962 1357 oud.
988 1326 1086 1355 cerdo
1105 1329 1222 1364 fingere
1237 1328 1355 1365 possit,
1382 1332 1415 1357 ut
1434 1337 1469 1357 se
1483 1329 1554 1363 ipse
1572 1330 1683 1357 laudet
1700 1331 1731 1357 et
1744 1329 1835 1356 uxori

53 1374 169 1410 iactet,
194 1380 290 1407 quam
303 1374 470 1402 studiosus
482 1373 630 1402 sitlucri.
655 1373 696 1401 cf.
717 1375 794 1401 Met.
813 1374 854 1401 11.
873 1381 902 1407 p.
925 1374 999 1400 120.
1028 1371 1154 1399 Cerdo
1179 1371 1313 1409 quidum
1331 1374 1461 1401 nomine
1479 1373 1683 1410 negotiator.
1730 1371 1835 1401 adem.

52 1421 93 1446 ut
104 1415 185 1445 dato
193 1425 302 1454 prono
316 1417 432 1446 vitiose
445 1415 475 1447 δ.
516 1417 728 1454 prm-ingeris
741 1419 776 1446 B.
797 1415 1007 1454 perce'ngeris
1021 1418 1089 1446 edd.
1105 1419 1180 1445 vett.
1196 1421 1321 1452 praeter
1333 1419 1416 1446 Iunt.
1430 1420 1462 1446 2.
1476 1421 1504 1446 et
1519 1419 1614 1446 Vulc.
1628 1420 1659 1446 2.
1679 1425 1783 1451 usque
1796 1420 1834 1446 ad

51 1464 199 1491 VVower.
245 1462 298 1490 ita
310 1470 365 1497 pro
377 1462 495 1499 itaque
507 1471 538 1497 p.
586 1460 819 1490 abcommodas
832 1462 960 1491 Vicent.
1008 1459 1176 1489 Eranam
1195 1464 1242 1490 ed.
1265 1470 1308 1496 pr.
1327 1463 1455 1491 Vicent.
1475 1464 1587 1491 Venet.
1603 1464 1633 1491 2.
1669 1460 1837 1489 herenam

51 1508 88 1536 G.
105 1509 134 1537 1.
180 1506 318 1536 muliere
328 1509 412 1537 lunt.
425 1510 457 1537 2.
503 1505 726 1536 chachinnum
738 1509 775 1536 G.
792 1508 821 1536 1.
836 1508 866 1536 2.
879 1508 920 1537 D.
965 1504 1189 1534 chachiunum
1201 1515 1356 1543 magnum
1368 1506 1489 1544 inquil.
1516 1506 1637 1535 Istum.
1658 1509 1709 1536 lta
1721 1508 1837 1536 distin—

52 1556 139 1582 ctum
151 1553 246 1581 estin
260 1554 296 1581 G.
309 1552 340 1582 1.

109 1662 424 1702 conversationis
447 1666 610 1702 nostrae
632 1663 654 1701 i.
669 1675 702 1701 e.
728 1660 841 1700 officii
862 1659 915 1699 sa·
966 1662 1153 1712 fodimus
1171 1667 1209 1701 et
1234 1662 1447 1702 obruimus.
1489 1662 1684 1713 Adeoque
1708 1666 1839 1700 contra

51 1718 209 1757 miliaris
226 1722 265 1755 et
278 1717 492 1757 domestici.
522 1717 704 1756 Floridus
717 1718 820 1756 mate
833 1717 916 1756 red-

53 1774 149 1812 didit
178 1774 452 1814 habitationis.
498 1774 693 1825 Apuleius
724 1774 814 1812 alibi
846 1787 915 1825 pro

53 1830 238 1882 colloqui
257 1834 296 1868 et
313 1845 388 1869 una
405 1844 499 1869 esse
517 1831 694 1877 assidue,
718 1834 760 1868 ut
778 1830 916 1868 eadem

51 1887 88 1924 in
114 1899 155 1924 re
179 1885 311 1924 Cicero
335 1888 486 1926 versari
509 1891 679 1937 usurpat.
705 1886 754 1925 cs.
775 1886 915 1924 Senec.

51 1941 178 1993 Epist.
213 1940 357 1981 XCIX.
404 1944 719 1982 conversatio
759 1942 914 1981 hilaris.

56 1998 229 2037 Glossae
265 1996 505 2050 ἀναστροφὴ,
548 1997 724 2050 διαγωγή.
783 1997 914 2036 lustin.

53 2053 244 2093 XXXIX.
274 2059 307 2094 1.
333 2053 486 2092 Firmie.
511 2054 561 2092 de
587 2054 711 2093 Error.
735 2068 773 2105 p.
790 2057 826 2094 9.
852 2058 913 2094 12.

54 2114 120 2151 33.
136 2115 198 2150 74.
225 2109 318 2148 Cod.
345 2110 546 2153 Theodos.
573 2108 617 2148 T.
643 2109 709 2148 IV.
733 2109 838 2150 L.'3.
864 2109 915 2147 de

53 2166 174 2205 Sicar.
190 2165 222 2205 F
225 2167 359 2204 rontin.
373 2165 418 2204 II.
432 2170 468 2207 9.
483 2167 594 2217 §.10.
618 2165 692 2204 His
705 2180 728 2204 a
740 2166 915 2204 Wasseo

52 2223 249 2262 adnotatis
258 2221 358 2260 Oud.
367 2222 597 2260 additTacit.
606 2222 709 2261 Dial.
718 2237 748 2261 c.
759 2222 916 2273 9.Apul.

53 2278 151 2317 Met.
165 2278 212 2316 V.
238 2292 274 2329 p.
300 2282 394 2319 321.
419 2279 477 2317 ad
502 2279 918 2318 conversationem

53 2335 281 2375 humanam.
303 2333 404 2373 VIII.
414 2348 449 2385 p.
460 2338 552 2375 509.
566 2334 810 2374 sermonibus
822 2335 915 2373 assi-

53 2391 148 2430 duis
184 2395 233 2430 vet
277 2391 649 2430 conversatione
692 2391 914 2443 frequenti.

52 2445 202 2485 Nostro
222 2450 349 2485 tamen
369 2446 455 2485 loco
481 2444 597 2497 pitulo
623 2446 777 2484 diversa
801 2446 917 2496 signi-

54 2502 231 2542 ficatione
250 2503 392 2542 dictum
412 2506 490 2549 est,
517 2515 748 2553 quamquam
767 2515 818 2540 ex
837 2506 919 2541 tota

54 2558 232 2599 vocabuli
258 2563 391 2598 natura
414 2572 462 2597 ea
484 2563 616 2610 potest
638 2559 774 2610 repeti.

111 2638 364 2677 exobrutum.
422 2636 524 2675 Mire
558 2636 634 2675 hoc
670 2635 813 2674 dictum
848 2648 917 2687 pro

56 2696 238 2747 effossum
267 2698 307 2732 et
336 2694 531 2733 obrutum.
580 2693 647 2731 Sic
675 2696 803 2736 tamen
830 2705 917 2731 con-

56 2753 202 2788 stanter
219 2749 364 2789 habent
381 2749 482 2788 Mss.
496 2780 505 2794 ‚
531 2762 577 2786 ac
594 2762 664 2800 per
682 2748 916 2800 singularem

58 2804 410 2858 decompositorum
438 2819 551 2843 usum
582 2804 738 2842 defendi
767 2808 915 2856 potest3

59 2861 123 2911 qui
147 2863 370 2913 praesertim
397 2862 522 2900 locum
547 2861 667 2899 habet
691 2861 725 2899 in
759 2873 916 2912 compo-

58 2916 146 2955 sitis
170 2931 194 2956 a
215 2932 305 2958 ruo.
352 2918 567 2956 Scriverius
593 2930 682 2955 vero
708 2916 830 2955 edidit
863 2930 916 2956 ex

61 2973 224 3020 obrutu,
261 2974 455 3025 quomodo
485 2975 520 3012 in
554 2973 711 3012 Glossis
741 2972 919 3011 Labbaei

974 1718 1046 1756 loci
1070 1719 1300 1757 sententiani
1327 1718 1602 1756 necessariam.

1030 1810 1050 1835 e
1074 1810 1117 1835 re
1142 1802 1241 1835 nata
1262 1796 1443 1848 fallacia
1467 1796 1625 1835 mulier.
1650 1794 1837 1833 Pricaeus

974 1853 1155 1890 emendat
1186 1852 1430 1904 salluciosa,
1475 1865 1590 1902 quam
1634 1851 1838 1890 lectionem

973 1910 1089 1947 ctiam
1114 1907 1257 1947 Florid.
1284 1908 1519 1958 comprobat,
1545 1921 1565 1946 e
1589 1921 1633 1946 re
1655 1913 1754 1947 nala
1775 1908 1837 1945 hie

972 1965 1105 2004 subito
1131 1977 1225 2002 esse
1252 1963 1520 2002 demonstrans
1546 1977 1595 2001 ex
1620 1963 1761 2001 Donat.
1787 1964 1836 2001 ad

973 2020 1130 2072 Terent.
1158 2019 1330 2071 Adelph.
1362 2018 1425 2058 III.
1461 2024 1494 2060 1.
1527 2023 1563 2059 8.
1600 2020 1751 2059 IVutum
1787 2020 1838 2057 de

971 2077 1088 2115 rebus
1117 2077 1341 2128 repentinis
1371 2076 1543 2114 dicimus
1573 2080 1619 2115 ut
1647 2089 1793 2127 supra,
1818 2090 1839 2114 e

972 2146 1021 2171 're
1039 2137 1154 2171 nata
1173 2132 1310 2171 melius
1319 2133 1410 2184 sieri
1421 2131 1534 2170 liaud
1540 2133 1692 2183 potuit,
1713 2145 1793 2183 qua
1802 2146 1839 2170 m

970 2191 1129 2241 factum
1143 2192 1209 2233 est,
1225 2188 1322 2226 liora
1333 2204 1344 2226 .·
1369 2199 1534 2237 eamque
1548 2187 1753 2225 dictionem
1767 2201 1836 2239 pro

974 2244 1185 2289 incidente,
1223 2244 1418 2294 inopinato
1454 2244 1615 2295 saepius
1650 2245 1838 2294 usurpari,

975 2300 1149 2352 pluribus
1175 2300 1289 2338 docet
1301 2298 1402 2338 Oud.
1423 2300 1543 2338 citans
1557 2298 1658 2338 Prie.
1677 2299 1726 2338 ad
1741 2297 1839 2338 Met.

974 2355 1040 2394 IV.
1065 2368 1101 2407 p.
1128 2359 1221 2396 281.
1247 2369 1267 2395 e
1290 2369 1339 2394 re
1363 2360 1477 2395 nata
1502 2360 1627 2407 capto
1653 2355 1839 2395 consilio.

973 2410 1042 2451 IX.
1067 2425 1104 2463 p.
1121 2415 1212 2454 632.
1237 2413 1432 2463 suspectis
1456 2425 1476 2450 e
1500 2425 1550 2450 re
1574 2416 1707 2456 nata,
1735 2425 1839 2463 quae

973 2472 1091 2521 qesta
1121 2472 1223 2508 sunt.
1272 2467 1497 2519 Symmacb.
1530 2467 1652 2519 Epist.
1679 2466 1746 2505 IV.
1773 2470 1837 2507 59.

976 2523 1079 2563 Geli.
1110 2523 1175 2563 ΠΙ.
1207 2528 1244 2564 7.
1285 2524 1347 2563 Ac
1378 2524 1656 2574 fallaciosa
1696 2523 1839 2562 mulier

976 2581 1139 2619 occurrit
1161 2580 1257 2618 Met.
1274 2578 1374 2618 VIII.
1400 2592 1438 2630 p.
1460 2583 1552 2620 537.
1577 2576 1839 2617 Nihilominus

976 2639 1108 2675 contra
1125 2635 1226 2675 Mss.
1245 2635 1347 2674 Oud.
1367 2649 1440 2674 non
1461 2635 1578 2674 audet
1601 2647 1688 2673 earn
1713 2647 1839 2672 emen-

960 2692 1168 2731 'dationem
1194 2705 1322 2730 veram
1345 2695 1564 2743 praestare,
1597 2703 1682 2729 cum
1711 2702 1838 2740 aeque

974 2747 1088 2787 facile
1119 2750 1286 2787 construi
1315 2748 1461 2798 possit:
1489 2747 1669 2799 fallacia
1693 2751 1792 2786 nata
1819 2759 1839 2784 e

971 2818 1017 2842 rc
1040 2805 1156 2855 idque
1179 2805 1281 2843 bene
1306 2803 1510 2842 defensum
1534 2804 1586 2841 sit
1602 2801 1836 2840 aBeroaldo

972 2873 994 2898 e
1009 2859 1138 2906 Quint.
1151 2859 1243 2899 lnst.
1258 2859 1326 2899 IV.
1343 2864 1375 2899 1.
1391 2860 1421 2910 ᾧ.
1437 2863 1507 2899 54ε
1555 2872 1576 2897 e
1598 2872 1648 2897 re
1671 2862 1836 2897 uatum

975 2917 1202 2956 exordium.
1228 2915 1278 2955 cf.
1301 2915 1397 2953 infra
1421 2914 1472 2954 ad
1489 2914 1587 2953 Met.
1603 2912 1670 2951 IX.
1684 2927 1720 2965 p.
1738 2917 1834 2954 670.

978 2971 1046 3024 [cf.
1061 2971 1187 3010 Hand.
1203 2971 1370 3010 Tursell.
1386 2970 1431 3009 T.
1444 2969 1490 3009 11.
1516 2984 1553 3022 p.
1569 2974 1661 3012 661.
1687 2969 1838 3007 Eodem

60 3027 193 3067 dicitur
213 3030 325 3082 χῶσις
356 3031 531 3069 obrutus.
579 3029 725 3067 Verum
751 3028 826 3067 hoc
843 3041 918 3067 non
963 3028 1094 3073 'modo
1120 3027 1232 3066 codd.
1257 3026 1361 3078 apud
1380 3025 1536 3065 Terent.
1560 3026 1581 3064 l.
1599 3039 1630 3065 c.
1653 3025 1842 3077 praebent

59 3083 264 3136 significat,
287 3090 330 3125 ut
349 3086 529 3131 deberet,
548 3090 649 3138 post
664 3086 922 3140 effossionem,
981 3097 1002 3123 e
1031 3097 1081 3122 re
1110 3088 1254 3123 natae
1281 3083 1421 3123 melius
1446 3083 1538 3135 fieri
1568 3082 1669 3121 haut
1693 3081 1841 3133 potuit,

56 3145 276 3193 postquam
299 3144 491 3188 eruimus,
522 3142 594 3180 sed
614 3146 834 3196 postquam
859 3141 925 3180 de·
985 3153 1103 3193 quam
1124 3140 1283 3190 factum
1306 3143 1379 3185 est,
1405 3152 1492 3184 era,
1517 3138 1581 3176 ubi
1611 3136 1658 3177 cf.
1682 3136 1840 3188 Bently.

1858 584 1921 614 603
