2155 3590
633 146 820 186 LIBER
849 147 926 188 111.
985 147 1111 187 CAP.
1135 147 1303 188 XXIX.
1786 153 1870 196 209

75 257 244 312 genuino
281 270 463 298 sermone
495 271 635 298 nomen
669 267 878 312 augustum
911 258 1098 301 Caesaris
1127 260 1315 301 invocare
1348 261 1496 302 tentavi
1528 268 1587 302 et:
1639 263 1674 304 Ο
1713 264 1867 318 quidem

73 321 223 354 tantum
248 314 436 355 disertum
466 327 513 354 ae
536 314 708 355 validum
734 316 952 366 elainitavi,
979 317 1171 370 reliquum
1198 324 1329 356 autem
1355 315 1542 357 Caesaris
1575 333 1717 359 nomen
1742 335 1866 361 enun-

75 370 173 410 tiare
197 384 276 410 non
301 371 423 424 potui.
467 371 684 425 Aspernati
708 371 884 412 latrones
909 372 1120 413 clamorem
1145 372 1335 413 absonum
1360 387 1513 424 meum,
1541 376 1748 416 caedentes
1774 378 1865 417 hine
1889 386 1897 396 ⁴

72 425 161 466 inde
191 426 375 467 miserum
408 427 558 467 corium
589 441 661 467 nee
693 427 834 473 cribris
866 428 943 467 iam
974 429 1156 469 idoneum
1186 429 1426 483 relinquunt.
1474 428 1552 470 Sed
1584 437 1733 472 tantem
1770 434 1865 473 mihi

70 481 310 536 inopinatam
346 483 510 523 salutem
548 483 693 537 Iupiter
728 483 793 523 ille
830 484 977 524 tribuit.
1023 484 1127 525 Nam
1165 500 1282 538 quum
1318 485 1461 525 multas
1492 486 1649 527 villulas
1681 495 1720 528 et
1750 503 1864 529 casas

71 538 216 592 amplas
241 539 521 592 praeterimus,
550 538 745 579 hortulum
772 541 963 593 quendam
988 541 1174 595 prospexi
1199 542 1295 581 satis
1321 555 1549 592 amoenum,
1578 542 1618 582 in
1644 558 1720 597 quo
1751 560 1864 598 prae-

70 601 132 638 ter
162 601 314 636 ceteras
347 600 484 650 gratas
513 595 697 636 herbulas
727 610 844 636 rosae
874 597 1052 651 virgines
1083 597 1275 638 matutino
1311 612 1403 639 rore
1440 596 1645 640 florebant.
1693 600 1768 640 His
1804 602 1863 642 in-

65 732 194 770 gemina
207 734 243 762 F.
260 736 288 763 1.
302 732 337 764 G.
352 733 389 764 Ι).
404 739 435 764 et
454 729 486 764 ut
507 735 636 763 videtur
654 743 764 763 omnes
791 735 866 764 libri
886 739 913 764 el
930 737 999 764 edd.
1014 739 1091 765 vett.
1105 739 1233 771 praeter
1243 737 1280 765 F.
1294 738 1324 766 3.
1337 738 1416 772 Β.φ.
1431 738 1480 767 ed.
1496 740 1541 772 [r'r.
1554 739 1638 768 lunt.
1654 740 1685 768 2.
1704 740 1819 770 venet.
1833 743 1864 771 4.

67 779 174 808 Paris.
194 780 357 809 Stewech.
375 782 516 810 Vulcan.
537 784 566 809 et
580 783 717 809 Mercer.
734 781 864 817 gemine
885 781 1076 810 retinebant.
1125 782 1312 818 augustin.
1328 788 1347 810 a
1361 790 1391 817 p.
1405 791 1446 811 m.
1461 787 1489 811 et
1505 791 1535 817 Ρ.
1562 782 1614 818 [In
1627 785 1709 813 Elm.
1724 786 1866 814 editione

67 831 237 858 operarum
259 833 364 853 errore
382 825 502 859 legitur
515 828 712 861 angustum,
738 827 821 859 quod
840 826 872 853 in
887 828 959 854 coll.
973 827 1009 854 F.
1024 828 1054 855 3.
1068 828 1108 855 ab
1123 827 1373 861 diligentissimo
1385 827 1520 856 librario
1533 836 1595 856 non
1610 828 1789 858 correctum
1804 835 1864 866 est,

67 876 262 902 quamquam
275 871 439 904 suspicari
453 872 540 904 licet.
554 878 618 898 non
632 871 678 898 ita
690 871 754 905 legi
770 871 887 905 inipso
901 870 1038 906 codice}
1063 870 1221 899 invocare·
1231 874 1266 900 G.
1281 873 1319 901 D.
1334 879 1442 906 arum.
1490 881 1508 898 ο
1523 872 1613 910 qnod
1623 872 1652 903 ὃ.
1679 883 1718 902 oo
1733 874 1864 912 quidem

65 915 106 942 D.
126 921 146 942 a
164 921 193 948 p.
213 922 254 943 m.
291 923 308 941 o
323 918 418 949 plane
432 916 588 944 omittitur
600 915 633 942 iu
647 917 700 951 G.,
725 915 758 943 in
773 916 867 944 cuius
880 916 1027 951 margine
1039 923 1060 944 a
1072 924 1112 945 m.
1127 925 1153 945 s.
1167 917 1312 945 additum
1325 921 1385 946 est.
1433 920 1468 945 et
1480 917 1628 947 validum
1643 922 1679 948 G.
1695 921 1733 948 D.
1747 917 1776 948 δῖ
1793 921 1813 949 f.
1828 923 1863 950 0.

66 957 223 986 obs-(mum
237 956 267 988 δ’.
315 956 442 987 crebris
456 962 491 989 1..
540 958 751 997 reliquerunt
766 962 801 989 G.
815 950 853 989 D.
868 962 904 988 P.
952 959 1182 997 inopinantem
1200 963 1238 990 D.
1253 968 1273 989 a
1287 970 1316 996 p.
1329 969 1371 991 m.
1418 965 1453 990 et
1465 955 1593 991 mullas
1605 965 1643 993 R.
1687 966 1863 1001 praeteri-

65 1011 177 1031 remus
190 1005 225 1032 0.
240 1001 268 1033 δ’.
306 1008 440 1033 celeras
453 1005 580 1034 librarii
594 1007 708 1041 culpa,
723 1008 756 1033 ut
768 1005 950 1034 verisimile
964 1009 1028 1041 est.
1055 1008 1172 1040 elapsa
1184 1010 1232 1034 est
1246 1006 1387 1035 editione
1399 1008 1532 1037 Floridi.
1565 1009 1640 1045 g‘as
1652 1007 1813 1038 herbulas
1826 1013 1863 1040 P.

66 1048 235 1085 margines
254 1057 308 1084 nro
326 1050 472 1087 virgines
490 1052 527 1079 B.
565 1047 744 1086 florebant
762 1051 797 1078 F.
813 1052 843 1079 3.
864 1052 900 1079 G.
913 1051 951 1078 D.
966 1051 1003 1079 P.
1017 1052 1052 1079 L.
1067 1052 1101 1079 Ο.
1116 1053 1153 1079 R.
1169 1052 1204 1079 Β.
1221 1048 1249 1080 δ.
1265 1052 1314 1080 ed.
1335 1059 1382 1085 pr.
1394 1053 1472 1081 Ald.
1492 1056 1524 1081 et
1542 1055 1612 1083 edd.
1625 1055 1750 1090 priores
1762 1059 1863 1085 Mero.

64 1094 211 1123 U‘ower.
248 1091 410 1132 fluebant
421 1096 457 1124 F.
474 1097 503 1124 1.
517 1097 656 1124 Vulcan.
670 1098 700 1123 et
713 1103 800 1129 seqq.
825 1096 873 1124 De
887 1095 1005 1124 ceteris
1018 1097 1108 1125 codd.
1121 1096 1205 1124 nihil
1218 1096 1385 1125 adnotavit
1398 1098 1478 1127 Oud.

65 1214 186 1260 credi,
219 1218 457 1266 quantopere
488 1214 525 1254 in
550 1228 598 1253 eo
623 1214 769 1253 luserit.
817 1214 934 1254 Putat

63 1271 165 1308 enim
191 1275 387 1309 auctorem
413 1271 596 1310 turbidas
621 1271 771 1309 dixisse
792 1272 843 1309 de
862 1271 931 1309 ho-

62 1328 204 1364 minum
229 1340 369 1377 magno
393 1340 571 1372 numero,
597 1327 775 1366 turbelas
795 1327 844 1365 de
865 1328 929 1364 iis-

62 1383 151 1420 dem
177 1383 493 1421 tumultuantibus
525 1387 565 1421 et
593 1382 692 1421 ultro
731 1384 824 1421 citro
850 1383 927 1421 dis-

61 1439 312 1477 currentibus.
361 1439 401 1478 In
437 1439 532 1477 locis
563 1440 684 1484 enim,
721 1452 820 1489 quos
850 1452 925 1490 ego

61 1494 359 1546 deprehendere
373 1496 491 1546 potui,
513 1495 691 1540 turbela,
717 1495 767 1533 de
780 1499 926 1546 pertur-

60 1551 279 1589 bationibus
293 1552 433 1590 dictum
455 1556 519 1590 est
542 1556 582 1589 et
605 1551 850 1597 confusioneg
876 1551 924 1591 cf.

58 1602 184 1646 Plaut.
211 1607 355 1646 Bacch.
383 1608 448 1646 n'.
475 1612 510 1648 8.
543 1611 632 1648 134.
658 1607 806 1646 Pseud.
835 1607 860 1646 1.
890 1612 923 1648 1.

61 1667 151 1704 118.
185 1668 223 1702 et
253 1663 374 1715 Apul.
404 1664 454 1702 de
480 1664 529 1703 D.
556 1664 598 1703 S.
628 1678 664 1715 Ρ.
695 1668 784 1704 146.
811 1664 924 1702 etde

57 1720 180 1758 turbis
194 1720 388 1759 hominum
409 1720 677 1772 frequentibus
691 1720 810 1771 Apul.
824 1720 922 1759 Met.

59 1775 125 1814 lV.
150 1789 186 1827 Ρ.
214 1781 305 1817 382.
331 1776 415 1815 VII.
445 1790 481 1828 p.
513 1778 607 1818 417.
655 1775 922 1814 posteriorem

57 1832 373 1881 significationem
410 1834 577 1873 turbela
609 1833 730 1872 habet
760 1834 795 1871 in
824 1833 921 1871 locis

58 1887 154 1926 Met.
185 1889 236 1928 X.
267 1903 304 1940 Ρ.
331 1894 422 1930 750.
454 1893 494 1928 et
522 1888 590 1928 XI.
615 1903 653 1940 Ρ.
681 1893 772 1931 765.
820 1889 922 1927 Hinc

57 1943 238 1991 eflicitur,
265 1946 410 1984 nullum
436 1958 531 1983 esse
560 1947 759 1996 utriusque
784 1946 919 1983 vocab.

56 2000 279 2047 discrimen,
305 2015 421 2052 quum
439 2015 513 2040 nec
538 2002 635 2040 locis
655 2015 727 2040 nec
744 2002 921 2040 termina·

56 2057 161 2095 tione
186 2058 426 2109 comprobari
450 2057 613 2110 possit]

110 2115 302 2165 ῃεηηὶηο.
352 2113 600 2165 [Legendum
625 2127 719 2152 esse
741 2114 923 2165 qenm‘no

56 2182 130 2206 nce
152 2171 333 2221 yemino,
365 2170 468 2220 quod
494 2169 638 2209 Rhoer.
669 2172 705 2208 in
731 2169 817 2207 Fer.
844 2169 923 2207 Da-

54 2229 172 2262 ventr.
199 2238 236 2276 p.
263 2229 359 2266 226.
386 2226 629 2277 ineptissime
658 2239 727 2277 pro
751 2231 925 2278 utraque

56 2281 201 2333 linqua
241 2282 402 2322 Graeca
438 2287 477 2320 et
511 2283 703 2322 Romana
744 2283 917 2333 exponit,

55 2341 188 2376 contra
213 2337 334 2378 Stew.
349 2336 462 2387 Colv.
477 2337 841 2385 Vulcan.1tlercer.,
868 2351 919 2375 ex

52 2394 174 2444 Apul.
204 2393 301 2432 locis
337 2394 405 2436 1V.
431 2407 467 2445 p.
495 2398 587 2435 304.
624 2394 674 2433 V.
700 2398 814 2440 343..
850 2395 918 2432 ubi

53 2449 155 2487 idem
181 2463 284 2488 error
306 2451 586 2496 circumfertur,
611 2450 829 2489 Oud.hene
840 2451 918 2488 vin-

53 2505 166 2544 dicat.
216 2506 445 2560 [Geminus
475 2508 597 2553 enim,
634 2510 697 2544 est
715 2507 918 2558 proprius

51 2562 116 2599 vel
135 2565 302 2613 patrius
326 2563 375 2602 cf.
402 2562 536 2601 Creuz.
562 2567 602 2601 et
625 2562 731 2602 Mos.
764 2562 814 2601 ad
840 2562 916 2600 Cic.

52 2617 102 2655 de
126 2617 226 2670 Rep.
252 2618 297 2657 Π.
327 2624 392 2661 16.
414 2633 451 2670 Ρ.
477 2623 571 2660 253.
598 2618 701 2657 Gen.
722 2617 766 2657 ΙΙ.
793 2622 829 2658 2.
855 2617 920 2657 111.

53 2676 88 2713 3.
119 2674 247 2713 Amm.
280 2675 402 2714 Marc.
432 2674 520 2714 XII.
553 2689 584 2713 c.
611 2679 647 2715 8.
673 2674 794 2725 Apul.
820 2673 919 2713 Met.

52 2727 120 2769 lx,
155 2744 192 2781 p.
219 2734 311 2772 629.
342 2731 409 2769 XI.
435 2745 473 2782 p.
501 2735 594 2771 775.
625 2730 728 2768 wll.
759 2744 796 2781 p.
823 2734 917 2770 554.

51 2783 118 2824 IX.
143 2800 181 2837 p.
207 2791 298 2828 622.
325 2792 364 2826 et
388 2787 504 2840 648]

107 2855 248 2882 nomen
275 2849 491 2896 auqustum
509 2843 695 2882 Caesaris
712 2844 916 2882 invocare.

50 2895 92 2935 In
116 2898 399 2938 calamitatibus
420 2903 459 2938 et
477 2901 674 2950 pressuris
688 2898 802 2936 fidem
817 2897 912 2937 Cae-

50 2955 149 2992 saris
174 2956 337 3007 eiusque
361 2957 516 3007 genium
535 2957 712 2993 invocare
731 2955 914 2993 sotebant

49 3014 222 3059 veteres3
259 3012 308 3051 cf.
331 3011 429 3050 iufra
452 3011 519 3050 IX.
539 3025 575 3063 p.
598 3015 691 3051 674.
717 3011 910 3061 Spartian.

50 3063 183 3106 Iulian.
214 3081 245 3107 c.
271 3072 308 3109 8.
340 3068 450 3108 Tem.
476 3067 504 3106 l.
538 3081 573 3119 Ρ.
601 3071 692 3108 586.
731 3066 907 3106 Brisson.

992 1216 1043 1254 de
1069 1215 1178 1254 form.
1210 1214 1314 1256 VIII.
1339 1230 1377 1268 p.
1404 1221 1500 1258 718.-
1531 1218 1646 1266 Quae
1675 1221 1711 1258 in
1738 1219 1861 1261 codd.

989 1271 1038 1310 D.
1055 1276 1094 1310 et
1106 1285 1143 1322 Ρ.
1157 1274 1346 1324 reperitur
1361 1274 1478 1312 lectio
1493 1275 1697 1328 Auyuste‘‚
1722 1276 1862 1327 glossa

988 1328 1139 1366 videtur
1164 1342 1258 1366 esse
1283 1333 1323 1367 et
1345 1330 1395 1367 ab
1421 1329 1523 1369 Oud.
1551 1345 1601 1369 ex
1620 1332 1735 1372 Ovid.
1750 1333 1861 1374 Fast.

986 1384 1035 1423 V.
1068 1387 1160 1424 567.
1192 1385 1295 1423 bene
1331 1390 1394 1424 est
1428 1386 1598 1426 refutata
1645 1388 1711 1440 [cf.
1744 1389 1859 1428 Ovid.

986 1439 1102 1479 Trist.
1145 1439 1208 1478 ΙΙΙ.
1246 1445 1286 1481 8.
1333 1445 1394 1482 13.
1443 1441 1506 1480 111.
1547 1447 1581 1482 1.
1621 1447 1685 1484 89.
1728 1445 1860 1496 ibique

983 1495 1128 1535 Loers.
1186 1496 1346 1536 Lucian.
1401 1497 1452 1536 de
1505 1498 1617 1537 Asin.
1672 1513 1707 1551 p.
1765 1506 1858 1541 584.

984 1554 1065 1591 ἐπεὶ
1095 1553 1136 1591 δὲ
1166 1549 1371 1601 πολλάκις,
1404 1548 1435 1592 ὦ
1459 1562 1618 1608 naseas),
1644 1554 1858 1609 ἀναβοῆσαι

983 1604 1219 1660 ἐπεθύμουν,
1256 1608 1366 1649 οὐδὲν
1395 1604 1491 1649 ἄλλο
1522 1608 1543 1662 ἢ
1577 1609 1762 1664 (ὀγκώμην
1793 1616 1856 1652 καὶ

982 1662 1025 1704 τὸ
1045 1665 1112 1717 μὲν
1123 1659 1170 1704 Ὦ
1188 1668 1362 1718 μέγιστον
1373 1668 1438 1705 καὶ
1452 1664 1716 1717 εὐφωνότατον
1729 1666 1857 1721 ἐβόων,

980 1720 1024 1760 τὸ
1051 1722 1088 1760 δὲ
1110 1730 1251 1774 καῖσαρ
1271 1721 1340 1762 οὐκ
1359 1721 1615 1775 ἐπηκολούθει
1629 1742 1640 1763 .·
1664 1726 1768 1764 unde
1782 1727 1855 1765 iam

980 1778 1143 1828 intelligi
1168 1783 1317 1828 potest,
1345 1792 1460 1830 quam
1485 1793 1606 1830 prave
1633 1781 1793 1820 fecerint
1819 1784 1855 1829 ii,

981 1835 1044 1885 qui
1078 1849 1102 1871 ο
1132 1836 1438 1874 interiectionem
1469 1836 1532 1873 vel
1565 1839 1717 1875 omnino
1743 1838 1854 1876 tolle-

978 1894 1079 1929 rent:
1105 1894 1146 1928 ut
1160 1892 1299 1929 omittit
1320 1891 1366 1930 G.
1393 1891 1477 1930 cod.
1503 1895 1543 1930 et
1567 1894 1671 1944 apud
1692 1893 1853 1933 Lucian.

980 1946 1041 1985 ed.
1057 1942 1195 1986 Ft.ve1
1221 1961 1275 1986 au
1299 1949 1548 1994 conticerent,
1575 1950 1679 1999 quod
1699 1951 1854 1988 minime

981 2003 1159 2041 convenit
1183 2002 1231 2042 cs.
1256 2003 1352 2041 Met.
1377 2002 1480 2042 Vllt.
1505 2018 1544 2055 Ρ.
1571 2006 1682 2058 587]

1036 2071 1156 2097 rosae
1185 2060 1373 2111 υἰνῃίηεε.
1427 2059 1492 2098 Ι)6
1524 2063 1719 2100 sententia
1753 2062 1851 2102 Etm.

981 2118 1180 2165 comparat
1209 2113 1364 2165 Pervig.
1396 2115 1540 2155 Vener.
1575 2121 1641 2158 22.
1672 2119 1853 2170 rirths

980 2171 1136 2210 mebant
1166 2184 1284 2210 rosae
1314 2171 1453 2211 Liban.
1479 2171 1665 2224 Progyni.
1692 2175 1727 2212 in
1756 2174 1850 2212 Eur.

981 2226 1073 2264 Ver.
1099 2240 1136 2277 p.
1165 2231 1256 2266 177.
1283 2226 1421 2266 Catuli.
1437 2227 1618 2268 LXVIII.
1646 2234 1710 2270 46.
1733 2234 1851 2282 samm

982 2297 1082 2322 anus
1105 2281 1283 2322 Hudson.
1309 2283 1572 2335 a‹llosepl1.l.
1598 2286 1690 2325 Ant.
1709 2292 1742 2326 1.
1757 2302 1850 2339 παρ-

976 2342 1090 2385 θένος
1120 2342 1175 2390 γῆ.
1208 2338 1272 2391 [ut
1301 2338 1403 2378 Ptin.
1434 2340 1484 2380 N.
1510 2341 1560 2379 H.
1587 2342 1714 2381 XVII.
1747 2347 1782 2382 5.
1811 2348 1847 2381 5.

977 2408 1000 2432 e
1019 2396 1204 2433 contrario
1225 2410 1327 2436 anus
1346 2401 1457 2436 terra
1478 2401 1517 2435 et
1529 2396 1715 2436 XXXIII.
1731 2403 1766 2438 3.
1786 2404 1846 2438 15.

976 2452 1095 2503 ver-qo
1121 2456 1241 2490 terra.
1292 2450 1455 2503 Tertull.
1486 2454 1639 2492 advers.
1673 2453 1753 2492 lud.
1784 2459 1845 2495 13.

975 2520 1012 2558 p.
1031 2510 1121 2548 199.
1146 2507 1194 2546 A.
1220 2507 1280 2546 ed.
1300 2507 1445 2559 Rigalt.
1469 2511 1514 2547 in
1538 2511 1696 2562 vir-tsine
1719 2511 1847 2549 salira.

977 2564 1026 2601 id.
1059 2563 1109 2601 de
1138 2562 1256 2602 leiun.
1289 2578 1319 2602 c.
1349 2568 1384 2603 6.
1416 2578 1453 2615 p.
1480 2570 1575 2607 546.
1609 2566 1656 2604 l).
1689 2566 1846 2605 advers.

976 2618 1133 2658 Valent.
1149 2624 1186 2660 5.
1206 2633 1242 2671 p.
1258 2624 1352 2660 252.
1377 2620 1424 2659 B.
1449 2623 1622 2673 virqinis
1650 2628 1842 2661 senectae.

976 2674 1097 2713 Immo
1134 2676 1328 2727 proprimn
1365 2677 1516 2715 cuidam
1551 2691 1666 2715 rosae
1703 2692 1843 2717 nomen

976 2744 1071 2769 esse
1092 2732 1232 2784 Vt'ryo,
1261 2732 1420 2771 adnotat
1445 2732 1547 2771 Oud.
1575 2734 1689 2772 excit.
1714 2733 1842 2774 Bouh.

975 2788 1026 2826 ad
1060 2786 1217 2839 Pervig.
1256 2788 1356 2826 ven.
1393 2802 1430 2839 Ρ.
1471 2793 1562 2829 185.
1611 2789 1665 2827 Ita
1702 2803 1845 2841 graece

974 2846 1167 2896 παρθένος
1207 2848 1413 2896 usurpatur
1454 2845 1504 2882 de
1542 2858 1772 2898 quacunque
1801 2861 1844 2885 re

970 2913 1065 2951 pura
1079 2900 1240 2939 necdum
1256 2904 1443 2938 temerata
1451 2916 1461 2948 3
1481 2900 1755 2940 efivalken.ad
1766 2902 1841 2942 Eu-

967 2956 1037 3007 rip.
1051 2956 1209 3007 Hippoi.
1228 2960 1346 2997 1006.
1361 2955 1841 3011 BlomfieldadAeschyL

967 3010 1081 3052 Pers.
1107 3012 1216 3064 619]

1021 3070 1237 3121 florebant.
1274 3067 1335 3106 Ex
1360 3073 1452 3120 optt.
1480 3069 1591 3109 codd.
1618 3071 1668 3110 ita
1694 3072 1838 3123 recepi,

1480 3125 1533 3167 14
