2221 3667
345 143 374 186 6

594 139 642 183 L.
674 138 895 182 APULEII
922 139 1326 182 MADAURENSIS
1354 139 1900 184 METAMORPHOSEON

269 264 287 296 3
347 270 422 312 que
458 263 546 296 tuas
574 253 813 312 benelvolas
843 254 967 311 lepido
997 269 1164 297 susurro
1193 255 1476 312 permulceam,
1525 256 1640 298 modo
1675 257 1710 298 si
1735 270 1921 312 papyrum
1944 257 2143 313 Aegyptia

345 395 522 425 benet-olas
535 398 618 426 lunt.
634 397 664 426 1.
678 397 790 426 Aldin.
804 400 833 426 et
846 399 929 426 lunt.
949 398 979 427 Q.
1005 395 1175 425 benivolas
1188 406 1297 426 onmes
1312 400 1401 426 codd.
1418 401 1544 433 praeter
1557 399 1592 426 F.
1612 400 1638 426 l.
1654 398 1674 427 f.
1687 399 1726 427 R.
1740 398 1778 428 P.
1797 398 1851 432 qui
1865 400 1981 426 habent
2005 396 2143 426 bibulas.

344 445 394 472 Ita
408 443 440 471 in
455 445 519 471 Ms.
536 443 602 477 legi
615 444 639 471 Ι.
654 444 820 477 scaligero
832 443 958 471 dicente
971 442 1084 478 didici,
1105 444 1150 471 ait
1165 444 1377 477 Lindenbrog.
1399 446 1432 470 et
1446 442 1552 480 lepido
1566 446 1659 472 habet
1675 451 1705 478 p.
1730 440 1896 480 Aegyptia
1909 444 1945 473 F.
1965 445 1991 472 1.
2005 445 2041 473 L.
2056 446 2092 473 G.
2106 445 2144 473 P.

346 490 384 517 B.
398 485 597 525 Aegyptiam
611 489 648 517 1⁴¹.
660 490 690 517 3.
705 491 735 517 et
748 489 787 519 D.
807 486 973 525 Aegyptia
988 491 1024 516 tu
1038 488 1179 524 argutia
1191 490 1275 518 lunt.
1290 491 1303 517 1
1313 511 1320 519 .
1339 490 1464 519 Aldina
1476 497 1547 524 sqq.
1561 496 1664 523 usque
1676 490 1717 517 ad
1730 490 1814 519 lunt.
1828 492 1944 524 poster.
1956 493 2068 518 contra
2079 497 2144 518 om-

345 541 404 563 nes
417 535 502 564 Mss.
520 541 655 571 papyro
668 531 747 571 Aeg.
760 533 934 571 argutiam
947 535 986 562 R.
994 541 1207 570 papyrarum
1223 535 1260 564 B.

346 654 456 694 Tom.
477 653 522 693 ΙΙ.
543 669 579 707 p.
601 660 693 696 415.
721 655 847 701 Quam
873 656 955 693 trita
976 656 1025 692 sit
1045 654 1147 693 Mss.
1169 655 1220 693 in-

345 716 402 751 ter
434 726 644 751 conserere
674 716 713 750 et
743 715 936 763 conferre
960 713 1219 755 commutatio,

343 770 442 808 satis
467 773 597 807 notum
623 772 701 809 est.
728 781 960 818 quamquam
985 769 1146 819 saepius
1171 769 1218 806 ab

345 827 615 878 interpretibus
640 825 830 873 neglecta.
868 824 925 862 lta
949 825 1051 876 apud
1072 825 1220 862 Arnob.

347 882 393 921 V.
413 887 479 923 22.
506 883 667 932 corrige:
692 895 823 933 neque
846 882 975 920 ullum
999 882 1220 934 turpitudi-

343 940 405 978 m's
423 953 553 991 [lenus
573 943 640 983 est,
668 940 708 975 ίη,
730 938 845 989 quod
870 938 954 977 eins
978 952 1060 976 non
1079 952 1220 976 nomeu

345 996 590 1034 consociatis
615 994 854 1033 libidinibns
886 996 1129 1046 conferatis,
1157 995 1219 1033 vel

342 1053 386 1090 in
422 1066 503 1104 qun
540 1053 623 1089 eius
658 1065 740 1090 uon
776 1065 945 1089 nomen.
1008 1082 1017 1090 .
1055 1054 1219 1104 confoe·

344 1109 463 1147 dalis
467 1108 481 1160 ]

399 1164 611 1204 benezolas
641 1177 690 1202 ex
721 1165 874 1216 optimis
906 1164 1012 1203 libris
1038 1165 1219 1205 Oudend.

343 1222 506 1272 recepit,
539 1235 669 1260 eorum
700 1223 876 1260 reiiciens
903 1223 1150 1274 interpretum
1179 1227 1221 1261 ut

340 1277 455 1316 Vulc.
482 1276 582 1316 Prie.
609 1279 902 1323 dubitationem,
926 1280 989 1329 qui
1014 1294 1079 1317 cur
1103 1281 1221 1318 bene-

341 1334 550 1373 volentiam
575 1339 707 1387 captet
731 1336 940 1388 Apuleius,
967 1350 1083 1386 quum
1108 1337 1220 1375 Mile-

341 1392 426 1430 siae
467 1405 536 1443 per
572 1406 618 1430 se
653 1394 819 1431 omnium
857 1394 1007 1431 animos
1037 1398 1220 1445 pascant,

340 1463 415 1488 non
438 1448 670 1499 intelligunt,
697 1450 784 1487 licet
803 1450 1032 1488 adiectivum
1052 1451 1220 1489 referen-

339 1505 432 1544 dum
456 1507 506 1543 sit
531 1507 579 1544 ad
604 1507 809 1556 sequentia
833 1521 914 1545 von
939 1509 1138 1559 spreveris
1164 1509 1220 1546 ἰη-

340 1564 509 1615 spicere.
536 1562 684 1600 Multos
710 1564 810 1601 enim
831 1577 923 1601 esse
948 1565 1052 1602 viros
1079 1578 1219 1615 graves

339 1621 521 1669 seriaque
547 1619 694 1665 indole,
722 1621 862 1671 quibus
888 1620 963 1659 hae
989 1635 1114 1672 nugae
1140 1622 1220 1659 dis-

339 1676 521 1728 pliceant.
554 1675 748 1729 Exempla
773 1676 883 1715 affert
908 1677 1016 1717 Pers.
1043 1678 1126 1717 sat.
1152 1677 1219 1717 lV.

341 1737 405 1773 50.
423 1737 460 1770 et
475 1732 551 1771 (fic.
572 1734 621 1772 ad
639 1734 714 1773 Att.
731 1733 776 1772 ΙΙ.
794 1738 857 1774 14.
874 1735 903 1785 ξ.
924 1740 957 1774 1.
986 1734 1113 1786 [Haec
1132 1735 1221 1773 sola

338 1789 489 1827 videtur
513 1804 607 1828 esse
633 1804 796 1836 caussa,
823 1805 888 1829 cur
915 1791 1074 1830 bibulas
1105 1792 1218 1830 lectio

338 1846 503 1897 elegans
524 1861 595 1885 nec
615 1849 665 1886 ita
681 1849 849 1898 vulgaris
864 1849 973 1887 alteri
994 1849 1220 1900 posthaberi

339 1904 498 1949 debeat,
520 1918 636 1955 quum
652 1905 965 1945 biom-eauribus
984 1906 1034 1943 de
1048 1907 1093 1944 iis
1118 1906 1218 1945 dica-

339 1964 409 2005 tur,
430 1962 492 2011 qui
518 1962 769 2013 cupidissime
794 1963 914 2001 verba
939 1963 1133 2013 loquentis
1154 1977 1218 2002 au-

337 2017 460 2062 diunt,
486 2023 527 2056 ut
551 2019 586 2056 in
613 2032 772 2057 succum
794 2020 904 2069 quasi
926 2024 965 2057 et
989 2021 1218 2071 sangninem

335 2077 498 2113 vertant.
536 2075 583 2113 cf.
610 2073 738 2114 l'laut.
764 2075 847 2114 Mil.
875 2080 912 2116 3.
936 2081 972 2117 3.
1001 2079 1066 2118 10.
1098 2078 1218 2116 Post-

339 2145 459 2185 quam
475 2132 670 2171 adbibere
682 2146 802 2172 (tures
815 2147 925 2172 meae
940 2139 1050 2172 lnam
1065 2148 1217 2173 moram

338 2189 554 2231 orationis‚·
569 2187 743 2240 Pr.opert
758 2188 822 2226 ΙΙΙ.
839 2195 874 2229 7.
889 2194 925 2230 8.
941 2192 1004 2228 ubi
1024 2191 1070 2229 cf
1087 2190 1217 2229 Burin.

334 2242 471 2283 Pacat.
508 2244 702 2297 l'anegy.r
742 2250 806 2286 29.
853 2247 883 2297 ξ.
923 2251 962 2286 3.
1011 2247 1128 2286 Gron.
1167 2248 1218 2286 ad

336 2301 436 2340 Stat.
473 2302 617 2340 Achill.
657 2302 699 2341 ΙΙ.
741 2306 831 2343 119.
882 2303 1012 2343 Burni.
1051 2305 1101 2343 ad
1126 2304 1215 2343 val.

334 2357 465 2396 Flacc.
498 2358 523 2396 Ι.
551 2363 643 2399 262.
671 2359 858 2398 Schmidt.
885 2361 935 2398 ad
965 2360 1058 2400 Hor.
1088 2360 1215 2413 Epist.

334 2413 363 2453 l.
385 2419 421 2455 2.
443 2418 508 2455 67.
535 2415 736 2454 Matthiae.
756 2418 791 2453 in
812 2417 943 2455 Verm.
965 2417 1075 2456 sehr.
1095 2433 1134 2470 p.
1153 2422 1215 2458 19.

333 2470 492 2510 Peerlk.
525 2472 574 2510 ad
607 2472 698 2511 Hor.
727 2472 848 2511 Carni.
880 2472 924 2511 ΙΙ.
960 2478 1021 2513 13.
1055 2488 1093 2527 p.
1121 2479 1214 2515 205.

335 2527 418 2566 Sed
441 2528 602 2567 Graecis
628 2544 785 2580 quoque
810 2530 844 2567 in
871 2544 944 2568 usu
969 2535 1030 2569 est
1055 2532 1213 2569 verbum

333 2587 450 2624 πίνειν
475 2585 524 2623 de
550 2587 612 2631 iis,
640 2588 702 2636 qui
725 2600 790 2624 ore
810 2587 929 2625 verba
948 2587 1136 2626 hauriunt.
1164 2587 1213 2627 cs.

333 2640 493 2680 Jacobs.
517 2643 565 2680 ad
581 2642 770 2693 Meleagr.
794 2647 865 2688 66,
886 2648 922 2682 4.
950 2644 1110 2682 Anthol.
1126 2643 1212 2684 Pal.

334 2712 372 2751 p.
389 2701 452 2738 96.
489 2699 786 2751 Aliaproseram
801 2699 849 2738 ad
868 2699 963 2738 Met.
987 2699 1211 2753 1V.p.403.

333 2755 466 2793 Minus
486 2756 669 2807 probatur
687 2757 907 2795 coniectura
919 2756 1100 2796 Oudend.
1116 2758 1212 2797 bene

335 2811 510 2857 bibulas,
549 2813 651 2863 quod
684 2813 834 2853 facilius
871 2815 905 2851 in
939 2814 1037 2853 bene
1067 2816 1212 2854 acidas

333 2873 484 2922 poterat
520 2872 761 2916 commutari,
798 2870 872 2908 sed
903 2874 1067 2916 temere,
1093 2885 1210 2922 quum

334 2927 521 2975 scriptura
548 2927 758 2966 benevolas
783 2928 883 2965 bene
907 2941 953 2964 se
977 2927 1150 2980 habeat]

391 2995 568 3020 susurro.
598 2983 790 3033 [sussum.
817 2984 918 3035 quod
941 2985 1152 3036 Sopingius
1176 2986 1212 3023 in

336 3055 401 3079 ora
415 3038 476 3077 ed.
500 3038 710 3078 solvianae
731 3042 764 3079 in
785 3055 949 3080 susurro
968 3043 1211 3093 permutavit,

335 3096 524 3150 ἁρχαικώς
562 3097 702 3136 dictum
738 3111 832 3136 csse
870 3102 980 3150 putat
1017 3098 1210 3143 Oudend„

337 3154 462 3195 locum
474 3153 594 3208 Apul.
614 3153 759 3194 Florid.
783 3169 821 3208 p.
842 3159 908 3198 80.
933 3156 1121 3200 excitans,
1147 3154 1211 3195 ubi

1277 657 1493 695 accuratius
1518 656 1568 694 de
1592 656 1667 695 bac
1692 657 1813 695 forma
1838 655 2039 696 disseram.
2074 655 2148 696 Hic

1278 716 1405 750 tamen
1431 726 1516 752 cum
1541 712 1642 752 Mss.
1673 728 1839 753 susurro
1865 727 1957 752 esse
1986 714 2147 752 retinen·

1277 768 1369 806 dum
1394 769 1468 807 hoc
1498 784 1614 808 unum
1645 771 1887 822 comprobat,
1925 770 2029 821 quod
2058 770 2149 809 Ful-

1278 827 1448 875 gentius,
1496 826 1654 878 Apuleii
1694 831 1880 872 sectator,
1922 826 2152 878 Myth01.l.

1277 895 1315 934 p.
1341 885 1435 922 597.
1468 882 1576 921 Stav.
1607 884 1643 921 in
1674 884 1811 923 eadem
1843 898 1883 922 re
1907 889 1952 923 ut
1974 885 2151 936 feriatas

1279 939 1460 990 adsalitn
1491 944 1652 978 tuarum
1683 942 1839 979 aurium
1869 942 1981 979 sedes
2007 941 2152 993 lepido

1281 995 1465 1047 quolibet
1499 1010 1666 1035 susurro
1704 997 1984 1048 pernmlceam
2018 1001 2152 1049 aperte

1278 1052 1405 1090 locum
1436 1053 1604 1090 imitatus
1636 1057 1708 1092 est.
1751 1067 1935 1093 susurrus
1971 1054 2062 1104 quid
2091 1054 2153 1092 hic

1278 1109 1466 1159 significet
1486 1109 1533 1148 cs.
1549 1113 1624 1149 not.
1645 1110 1695 1148 ad
1714 1109 1811 1148 Met.
1832 1124 1870 1161 p.
1886 1110 1997 1162 536]

1331 1166 1618 1217 permulceant.
1668 1165 1724 1219 [ln
1760 1167 2005 1218 proverbium
2041 1167 2154 1217 quasi

1278 1223 1370 1261 abiit
1395 1223 1509 1261 dictio
1536 1237 1654 1263 aures
1675 1224 1930 1275 permulcere
1949 1223 1999 1262 de
2012 1224 2152 1264 delica-

1279 1280 1327 1317 tis
1360 1283 1399 1317 et
1431 1279 1680 1332 vvoluptuniis
1713 1281 1967 1319 sermonibus,
2005 1281 2054 1320 cf.
2080 1279 2154 1319 Pa-

1279 1340 1350 1375 ca.t
1378 1335 1524 1387 Paneg.
1551 1336 1617 1375 IV.
1644 1339 1726 1388 ξ.4.
1752 1337 1859 1388 Χίτς.
1886 1338 1985 1376 Aen.
2011 1337 2038 1378 Ι.
2063 1341 2154 1378 197.

1279 1393 1425 1445 Apuli
1414 1379 1508 1432 Mei.
1527 1392 1552 1431 Ι.
1577 1408 1614 1445 p.
1632 1398 1697 1434 31.
1724 1394 1862 1432 dedeo
1878 1396 1986 1433 bocr
2007 1410 2044 1447 p.
2062 1398 2154 1435 158.

1278 1449 1431 1488 Eodem
1472 1450 1588 1488 modo
1632 1451 1770 1490 Graeci
1818 1451 1994 1489 dixerunt
2034 1454 2156 1491 ἐπεέσι

1278 1509 1487 1558 μαλακοῖσι
1510 1510 1658 1558 θέλγειν
1683 1508 1729 1547 cf.
1746 1507 1859 1546 Hom.
1877 1507 2004 1559 Odys,
2032 1507 2073 1556 I.,
2100 1511 2154 1549 56

1279 1562 1338 1602 dez
1374 1564 1414 1602 δὲ·
1445 1566 1652 1614 μαλακοῖσι
1688 1566 1752 1603 καὶ
1783 1567 1985 1615 αἱμυλίοισι
2009 1562 2155 1617 λόγοισι

1278 1622 1421 1672 θέλγει.
1448 1620 1577 1659 Burm.
1603 1621 1653 1660 ad
1678 1620 1794 1673 Prop.
1821 1621 1847 1659 Ι.
1878 1625 1940 1661 13.
1966 1625 2031 1663 32.
2068 1621 2155 1661 Hoc

1279 1678 1381 1716 idem
1407 1677 1638 1716 vocabulum
1662 1677 1846 1717 Frontoni
1870 1680 2098 1718 restituerim
2117 1680 2153 1717 in

1280 1734 1407 1787 Epist.
1440 1735 1489 1773 ad
1517 1735 1659 1773 Verum
1691 1734 1740 1774 X.
1767 1750 1803 1787 p.
1835 1738 1925 1776 194.
1952 1735 2013 1775 ed.
2038 1736 2153 1775 Rom.

1279 1806 1339 1831 ecc
1365 1793 1518 1830 tantis
1537 1806 1597 1830 me
1610 1792 1727 1831 malis
1742 1807 1910 1845 permit
1920 1793 2035 1832 lsum
2049 1792 2153 1845 [cod.

1278 1848 1460 1901 palimpS.
1483 1849 1740 1901 perpulsum]
1767 1854 2072 1902 mercatumque
2096 1854 2154 1889 ta·

1277 1920 1365 1944 men
1390 1906 1694 1957 aliqnantulmn
1714 1909 1874 1958 fateor,
1899 1910 1942 1944 ut
1956 1907 2059 1959 apud
2075 1905 2154 1945 Pri-

1277 1964 1397 2001 scian.
1423 1961 1487 2000 IX.
1519 1976 1557 2013 p.
1581 1966 1675 2002 466.
1708 1962 1845 2001 Krehl.
1885 1962 1961 2001 (lic.
1993 1964 2028 2002 in
2065 1977 2154 2002 con·

1278 2021 1388 2058 cione
1402 2018 1573 2058 Metelli:
1600 2020 1816 2059 Pernmlsa
1830 2025 1953 2073 atque
1966 2025 2154 2061 recreata

1276 2076 1363 2128 cst]

1328 2147 1539 2186 papyrum
1576 2132 1723 2187 Aeyy}
1712 2134 1787 2173 tia
1829 2135 1999 2187 ‹zi-yutia
2035 2134 2152 2174 Nilo-

1277 2191 1350 2229 tici
1375 2191 1535 2229 calami.
1579 2189 1630 2229 Ut
1656 2191 1875 2241 elegantius
1900 2195 1978 2229 tam
2001 2204 2154 2243 papyro

1276 2260 1391 2298 quam
1428 2247 1578 2286 calamo
1610 2232 1807 2299 epitheton
1840 2247 2019 2294 addatur,
2050 2247 2154 2287 Oud.

1276 2308 1408 2343 centia
1445 2304 1561 2355 longe
1596 2305 1783 2356 plurimos
1809 2317 1960 2355 eosque
1985 2306 2152 2357 optimos

1277 2360 1398 2399 Codd.
1426 2360 1675 2415 Aeyyptiam
1701 2362 1891 2407 defendit,
1927 2375 2088 2400 acumen
2114 2365 2154 2401 et

1274 2418 1527 2456 subtilitatem
1552 2422 1751 2468 artemque
1775 2418 1967 2457 scribendi
1992 2432 2062 2470 per
2085 2418 2152 2458 Ni-

1274 2474 1429 2512 loticum
1467 2474 1657 2513 calamum
1693 2476 1728 2513 in
1766 2488 1916 2527 papyro
1953 2475 2154 2528 Aegyptia

1274 2531 1494 2581 intelligens
1532 2531 1722 2570 adversus
1759 2532 1928 2584 Baptist.
1964 2530 2078 2571 Pium
2115 2533 2150 2571 in

1272 2592 1400 2626 annot.
1439 2591 1583 2639 poster.
1623 2588 1687 2627 sol.
1729 2593 1826 2634 128,
1864 2589 1928 2639 qui
1959 2602 2151 2641 papyrum

1272 2645 1509 2696 Aegyptiam
1537 2646 1776 2697 ineptissime
1794 2647 2063 2697 interpretatur
2087 2660 2151 2697 ge-

1273 2715 1343 2738 nus
1382 2701 1531 2739 dicendi
1569 2702 1689 2740 molle
1725 2706 1764 2740 et
1799 2701 1998 2741 lascivum.
2063 2703 2150 2742 Nec

1270 2759 1396 2796 minus
1427 2758 1609 2797 Beroald.
1648 2760 1802 2804 erravit,
1841 2759 1985 2810 quippe
2016 2759 2148 2814 14893]-

1268 2816 1361 2867 plia
1386 2817 1554 2867 arqulia
1579 2816 1628 2854 ad
1654 2816 1763 2854 solos
1788 2815 1896 2854 sales
1922 2819 1961 2854 et
1986 2816 2149 2856 festivos

1270 2871 1426 2923 lepores
1452 2873 1735 2924 Aegyptiorum
1760 2873 1937 2923 proprios
1962 2873 2147 2912 referens.

1274 2928 1394 2980 [Oud.
1419 2942 1510 2967 vero
1535 2931 1794 2982 interpretatio
1826 2929 1971 2967 doctior
2001 2930 2149 2969 videtur

1272 2999 1366 3024 esse
1393 3000 1508 3036 quam
1533 2988 1666 3025 verior.
1710 2985 1877 3023 Primum
1904 2987 2004 3024 enim
2029 3001 2147 3039 appa-

1270 3047 1345 3087 ret,
1373 3042 1579 3081 faciliorem
1607 3055 1699 3080 esse
1725 3043 1774 3081 ad
1798 3056 1960 3081 sensum
1984 3045 2145 3095 scriptu-

1268 3113 1348 3137 ram
1365 3099 1630 3154 Aeygjptiam,
1652 3112 1766 3148 quam
1786 3113 1886 3150 quae
1905 3101 1954 3139 ab
1968 3100 2145 3139 omnibus

1269 3155 1349 3196 scre
1379 3156 1540 3197 librariis
1576 3158 1613 3196 in
1643 3156 1759 3208 longe
1789 3155 2040 3197 difficiliorem
2070 3155 2145 3197 Ae-
