2221 3667
249 699 314 736 277

340 148 423 192 256
593 147 643 186 L.
668 146 891 188 APULEII
921 145 1323 188 MADAURENSIS
1353 143 1894 185 METAMORPHOSEON

876 328 1314 378 CAPUT
1406 328 1604 376 XVII.

455 463 533 506 Sed
558 464 775 518 suscipiens
802 477 896 515 ego:
927 459 1105 511 Caveas,
1133 461 1314 514 inquam,
1348 461 1525 512 domine,
1560 461 1770 512 flagrantia
1801 460 1895 501 solis
1921 466 1960 500 et
1983 459 2138 499 itineris

341 521 466 576 spatio
493 521 696 575 fatigatam
723 521 851 559 coetui
876 517 1085 557 multarum
1111 524 1164 568 et,
1194 524 1236 557 nt
1261 518 1390 568 audio,
1420 532 1498 557 non
1523 525 1631 558 reete
1656 517 1870 558 valentium
1896 516 2139 556 committere

341 579 529 619 ferarum.
581 577 686 630 Quin
712 575 840 629 potius
867 574 1002 613 domus
1029 581 1120 614 tuae
1145 574 1316 628 potulum
1344 589 1389 614 ae
1416 575 1643 627 perflatilem
1670 574 1818 625 locum,
1847 573 1964 613 immo
1990 579 2030 612 et
2052 572 2139 612 lacu

340 635 470 688 aliquo
491 633 772 674 conterminum
800 630 1181 684 refrigerantemque
1208 631 1422 685 prospieis?
1447 631 1512 671 An
1537 631 1715 685 ignoras,
1745 631 1816 671 hoc
1842 643 1966 684 genus
1991 628 2140 669 bestiae

339 692 448 731 lucos
475 691 648 731 consitos
675 695 713 728 et
737 701 875 740 specus
901 687 1055 727 roridos
1077 686 1082 743 Ι
1105 694 1144 727 et
1169 688 1299 728 fontes
1324 702 1511 729 amoenos
1538 702 1692 742 semper
1717 687 1929 727 incubare?
1975 684 2139 725 Talibus

430 819 613 856 suspiciens
628 819 662 845 G.
678 818 708 845 ¹2.
722 818 761 845 D.
799 815 1007 855 fraglantia
1021 817 1056 845 G.
1076 818 1102 844 1.
1152 815 1356 853 sagittatam
1372 818 1407 846 G.
1423 820 1452 846 ⁸2.
1479 817 1689 855 sage'ptaeam
1704 817 1740 845 P.
1753 817 1791 845 Ι).
1807 816 1840 844 in
1854 817 1948 845 cuius
1961 814 2108 851 margine
2122 820 2142 842 a

339 874 380 895 m.
395 875 420 894 3.
437 868 611 894 correctum
625 866 672 890 est
688 861 936 900 infutt'gatam.
974 861 1255 901 coetuiferarum
1269 861 1452 889 multarum
1468 871 1497 897 p.
1532 870 1597 889 mm
1611 861 1820 889 cmnmittere
1834 862 1869 890 P.
1894 869 1959 888 uon
1973 858 2143 888 committe

339 910 368 941 δ’.
384 912 405 940 f.
421 915 449 940 et
464 911 500 938 D.
516 917 535 937 a
548 916 587 936 m.
602 917 631 943 p.
648 909 705 936 sed
719 914 739 935 a
751 915 791 936 m.
806 916 831 935 3.
847 907 1030 935 crmmn'cte.
1078 915 1143 934 non
1157 906 1277 934 comite
1298 909 1333 935 G.
1350 909 1378 936 1.
1404 916 1469 935 non
1484 908 1624 935 coun'ctc
1644 909 1679 936 G.
1695 909 1724 935 2.
1752 905 1872 941 [neque
1890 909 1986 936 habet
2007 904 2141 940 comite,

340 961 371 986 ut
388 958 420 985 in
434 956 512 984 Oud.
528 953 690 988 excerptis
705 956 784 981 erat.
834 955 889 979 me
909 961 962 986 pro
983 955 1063 980 tuae
1082 954 1118 981 G.
1136 954 1163 981 1.
1185 959 1205 980 a
1223 960 1263 980 m.
1279 961 1308 986 p.
1352 950 1563 990 perflabilem
1579 953 1613 981 F.
1632 953 1661 980 1.
1676 954 1706 981 3.
1722 953 1757 980 G.
1776 953 1803 980 1.
1816 953 1849 980 2.
1864 952 1899 980 P.
1914 952 1952 980 D.
1966 951 2001 979 Ο.
2015 951 2053 978 R.
2069 949 2090 978 f.
2105 957 2141 978 π.

339 1004 421 1030 lunt.
437 1002 466 1028 2.
482 999 589 1027 Ceteri
601 999 679 1027 libri
692 1002 721 1026 el
737 999 806 1026 edd.
818 995 1028 1034 perflatilem
1065 996 1160 1025 lacui
1171 999 1206 1026 G.
1224 999 1252 1025 ¹1.
1266 999 1300 1026 Ο.
1315 999 1350 1026 Ρ.
1364 1000 1401 1027 R.
1418 999 1439 1027 s.
1453 995 1482 1026 δ’.
1515 996 1607 1025 laem·
1618 999 1652 1026 G.
1668 999 1698 1025 ¹2.
1713 1001 1741 1025 et
1758 998 1795 1025 D.
1811 1004 1831 1025 a
1843 1004 1884 1025 m.
1900 1005 1929 1032 p.
1979 993 2143 1032 respicias

339 1045 367 1075 δ’.
391 1043 554 1081 conspicis
568 1052 597 1079 p.
646 1042 738 1071 lucos
752 1046 863 1072 exulat
879 1051 897 1072 a
912 1043 932 1072 f.
981 1050 1098 1080 specus
1115 1041 1261 1070 tarsidus
1276 1044 1312 1071 P.
1327 1051 1375 1079 sp.
1393 1041 1541 1071 torridus
1556 1046 1592 1071 G.
1606 1044 1637 1070 2.
1651 1045 1689 1071 D.
1716 1049 1834 1078 specus
1848 1039 1986 1068 roridos
2000 1042 2035 1069 0.
2083 1047 2140 1066 rn-

338 1089 430 1119 ridos
444 1089 606 1128 ecstantes
621 1095 787 1117 amoenos.
812 1090 862 1117 Ita
876 1091 986 1123 legunt
1001 1089 1036 1117 F.
1056 1090 1082 1117 1.
1096 1090 1126 1117 3.
1143 1090 1178 1117 G.
1194 1088 1223 1116 1.
1237 1090 1268 1116 2.
1282 1090 1321 1117 Ι).
1337 1090 1371 1117 Ρ,
1387 1090 1420 1117 0.
1434 1091 1472 1117 ln
1486 1090 1521 1117 B.
1536 1093 1583 1117 est
1599 1095 1684 1124 spec.
1700 1095 1770 1115 ror.
1786 1090 1816 1114 et
1832 1084 2096 1126 callesfrv'gz'dos
2110 1087 2142 1112 ct

329 1136 451 1176 fontes
465 1141 622 1162 amoenos
636 1138 669 1162 ut
684 1136 802 1163 habent
817 1142 928 1163 omnes
943 1135 1013 1163 edd.
1029 1138 1106 1162 vett.
1132 1136 1163 1161 et
1178 1132 1280 1161 colles
1295 1137 1414 1162 absunt
1435 1135 1467 1161 in
1488 1142 1518 1168 p.
1533 1131 1562 1161 δ.
1583 1131 1796 1172 quifrc'gitlus
1810 1132 1971 1171 etfonles
1986 1137 2143 1159 amoenos

338 1182 486 1210 retinent.
511 1182 640 1207 montes
654 1186 810 1207 autoellos
821 1176 849 1208 δ’.
864 1182 1010 1208 exulant.
1035 1178 1299 1216 superine—abarce
1312 1181 1347 1208 P.
1358 1180 1432 1208 edit.
1447 1181 1585 1213 mlum.
1599 1180 1707 1208 [ΑΜ.
1722 1187 1762 1207 ex
1777 1180 1862 1208 male
1876 1178 2042 1206 intellecto
2056 1183 2142 1205 com-

335 1226 453 1261 pendio
466 1233 503 1265 sp
518 1228 631 1254 ortum.

337 1337 507 1376 fortasse
527 1336 695 1374 herbosa
716 1339 754 1373 et
773 1335 903 1374 vivida
921 1339 1042 1374 erant.
1079 1335 1208 1382 Quid?

337 1396 372 1433 si
395 1394 552 1432 novalis
577 1393 679 1430 idem
707 1392 856 1431 videtur
881 1406 993 1438 esse,
1026 1392 1131 1443 quod
1156 1393 1208 1431 ri·

338 1452 503 1496 varimu,
526 1454 565 1488 et
578 1451 848 1502 sepimentum.
897 1449 999 1488 Nam
1013 1449 1208 1499 quomodo

338 1506 794 1557 aliteraccipiasnorales
803 1506 906 1556 apud
915 1507 1069 1544 Auson:
1097 1506 1209 1544 Huic

334 1565 511 1616 proprie
542 1568 598 1603 est
629 1563 788 1602 clausos
819 1567 1014 1614 consepto
1038 1564 1209 1615 yuryite

333 1622 486 1672 pisces,
521 1621 697 1671 Apricas
728 1619 991 1670 scopulorum
1016 1620 1120 1658 inter
1146 1633 1195 1657 ca

334 1682 459 1728 ptare
482 1676 693 1716 novales.
718 1676 789 1714 nisi
816 1676 866 1713 de
891 1676 1002 1720 locis,
1029 1689 1130 1726 quae
1149 1689 1209 1712 se-

338 1737 430 1785 ptae
471 1734 590 1772 instar
616 1734 872 1784 piscinarum
902 1747 933 1771 s.
965 1734 1210 1772 rica-riorum

339 1794 439 1829 sunt.
501 1789 660 1840 Scopuli
688 1790 740 1828 ita
765 1790 1005 1827 nominantur
1031 1790 1120 1840 quia
1144 1802 1210 1826 un-

340 1847 455 1897 dique
480 1848 613 1898 pisces
631 1847 795 1883 retinent
815 1849 853 1883 et
874 1846 986 1897 quasi
1006 1859 1139 1883 eorum
1158 1846 1209 1882 vi-

337 1904 441 1942 varia
461 1907 560 1942 sunt.
611 1901 726 1947 Quod
746 1916 820 1940 non
841 1902 1060 1953 intelligens
1075 1901 1211 1940 Tross.

338 1961 466 1998 vertit:
493 1958 812 2011 eiuyesclzlossen
826 1959 1045 2011 zufalmim
1058 1959 1211 1997 Haume

339 2018 533 2068 sonniyer
562 2015 767 2067 Klippen,
805 2016 869 2066 qui
898 2029 978 2054 rem
1010 2016 1118 2066 parvi
1149 2028 1210 2053 ae-

339 2075 481 2119 stimat,
508 2086 622 2123 quum
650 2073 836 2123 explicet:
867 2072 1130 2124 scopulorum
1155 2073 1211 2110 in-

340 2135 400 2169 ter
424 2129 586 2169 uocales
610 2144 678 2180 pro
697 2129 875 2180 simplice
895 2131 998 2168 inter
1018 2128 1211 2180 scopulos

341 2191 382 2225 ct
404 2200 525 2238 rupes
549 2187 652 2237 poni.
702 2186 859 2237 Optime
885 2191 1057 2224 nostrum
1086 2185 1210 2223 locum

342 2243 556 2295 explicant,
588 2256 689 2294 quae
715 2242 851 2281 Colum
878 2242 946 2289 IX,
976 2247 1008 2282 1.
1036 2242 1085 2280 de
1109 2243 1211 2279 viva-

340 2301 405 2339 riis
431 2300 618 2352 exponit]

397 2357 507 2396 iubet
525 2370 675 2396 summa
689 2370 721 2394 c.
738 2356 810 2395 dil.
832 2358 1052 2408 reportari.
1101 2354 1214 2393 Haec

342 2415 458 2452 verba
484 2426 554 2464 per
572 2413 747 2464 glossam
768 2418 858 2450 natu.
877 2427 969 2451 esse
989 2416 1098 2464 putat
1110 2411 1215 2450 Oud.

342 2470 595 2515 librariorum,
627 2471 690 2520 qui
722 2471 781 2508 ire
808 2482 878 2520 per
908 2470 1117 2522 reportari
1149 2481 1214 2506 ex-

341 2531 573 2579 posuerunt,
609 2526 750 2564 deinde
788 2527 823 2564 in
861 2531 1007 2565 textum
1044 2539 1137 2564 esse
1162 2526 1197 2563 in

341 2589 459 2623 trusa.
518 2583 605 2635 Ego
632 2583 742 2622 aliter
767 2583 906 2620 sentio.

401 2639 628 2679 CszYll.
661 2641 916 2678 conmittere.
977 2639 1081 2691 [Non
1108 2642 1214 2677 recte

343 2702 541 2749 exponunt
581 2698 812 2748 interpretes
855 2698 1100 2735 committere
1147 2701 1215 2747 pe'r

343 2755 520 2793 tradere.
576 2753 767 2805 Equidem
797 2754 938 2791 rectius
970 2760 1061 2803 puto
1093 2753 1213 2804 expli·

343 2812 418 2849 cari
456 2812 725 2863 conhmyere,
761 2810 809 2848 de
847 2824 924 2860 qua
958 2809 1066 2847 vocis
1099 2811 1212 2859 signi-

343 2868 519 2906 ficatione
545 2867 593 2906 cs.
619 2867 754 2906 Gloss.
779 2865 936 2905 Philox.
962 2879 998 2917 p.
1020 2869 1084 2905 43.
1112 2880 1213 2905 com-

345 2926 466 2963 mittit
488 2921 695 2976 συμβάλλει
714 2919 835 2975 μάχην
861 2924 930 2972 (ita
957 2923 1056 2960 enim
1085 2923 1213 2973 legen-

347 2981 436 3018 dum
461 2984 539 3030 est)
570 2977 775 3020 &vacantem
805 2977 984 3019 συνάπτει
1013 2983 1052 3016 et
1078 2980 1212 3017 Gloss.

348 3036 411 3075 Gr.
438 3037 525 3075 Lat.
552 3051 590 3088 p.
617 3041 708 3078 626.
740 3040 1023 3088 συντεθειμένου
1049 3050 1214 3087 compa-

348 3098 470 3132 ctum.
497 3095 753 3133 commissum.
785 3092 884 3132 Cort.
911 3094 961 3131 ad
979 3092 1125 3131 Lucan.
1149 3092 1213 3129 Vl.

349 3154 440 3191 323.
450 3149 562 3188 Ovid.
572 3150 667 3188 Met.
677 3150 742 3189 IV.
754 3154 845 3191 579.
856 3150 1029 3188 etssurm.
1040 3149 1087 3187 ad
1099 3148 1213 3188 Ovid.

1267 1335 1363 1373 Met.
1379 1334 1440 1373 ΙΙΙ.
1458 1338 1549 1376 369.
1565 1331 1702 1373 Monet
1726 1333 1840 1380 latro,
1862 1347 1910 1372 ne
1924 1332 2143 1372 Democha-

1266 1395 1320 1431 ris
1338 1405 1470 1430 ursam
1490 1395 1595 1430 recte
1616 1391 1810 1429 valentem
1842 1404 1928 1429 cum
1959 1389 2143 1428 morbidis

1269 1450 1475 1499 coniungat
1490 1462 1589 1487 neve
1608 1449 1659 1486 ita
1679 1449 1762 1485 eius
1777 1451 1950 1498 stragem
1969 1444 2141 1496 efficiat]

1326 1506 1421 1544 lacu
1446 1506 1589 1557 aliquo
1616 1508 1689 1543 ete.
1745 1503 1827 1557 [De
1852 1504 1927 1542 hoc
1953 1503 2039 1541 loeo
2064 1502 2144 1552 agit

1268 1562 1381 1613 Lips.
1404 1560 1639 1601 Eleet.11.4.
1661 1561 1721 1599 ed.
1737 1561 1858 1598 voss.
1875 1558 1920 1598 Τ.
1934 1558 1960 1598 I.
1978 1573 2013 1610 p.
2030 1557 2142 1610 769]

1325 1632 1481 1670 semper
1510 1618 1717 1657 incubare.
1777 1616 1906 1668 [Hanc
1938 1615 2142 1654 lectionem

1271 1677 1402 1727 optimi
1423 1675 1580 1714 codices
1603 1675 1803 1727 praebent,
1829 1686 1947 1725 quum
1966 1677 2006 1710 et.
2022 1672 2146 1711 altera

1269 1732 1591 1784 superbientium
1621 1731 1779 1770 defendi
1805 1734 1932 1781 queat.
1993 1728 2143 1768 Eadem

1270 1790 1417 1828 ratione
1442 1788 1636 1840 Apuleius
1667 1788 1762 1825 dixit
1785 1788 2145 1839 superincurvatus

1271 1846 1366 1883 Met.
1398 1845 1463 1883 lX.
1496 1859 1531 1895 p.
1567 1848 1659 1885 605.
1697 1848 1962 1895 superenatat
1996 1842 2143 1881 Lucan.

1271 1902 1337 1940 lv.
1351 1905 1440 1942 ⁴133.
1456 1902 1801 1953 superinsteruere
1814 1899 1863 1939 cs.
1878 1899 1962 1938 lntt.
1977 1898 2142 1948 adVirg.

1270 1959 1370 1997 Aen.
1396 1957 1442 1996 ll.
1470 1962 1563 1998 722.
1623 1957 1680 1995 lta
1710 1957 2006 2009 superinduere
2035 1955 2144 1993 resti-

1270 2020 1335 2054 tuo
1362 2014 1453 2053 Isid.
1480 2015 1616 2052 Gloss.
1642 2027 1678 2064 p.
1707 2017 1819 2056 695:
1861 2013 1927 2051 ubi
1950 2012 2068 2050 hodie
2094 2012 2144 2050 le-

1271 2073 1370 2123 gitur
1399 2072 1653 2123 supparart'a
1694 2072 1829 2110 vestis.-
1867 2083 1970 2122 quae
2008 2082 2144 2120 super-

1269 2129 1442 2167 inditur.
1461 2128 1718 2179 suppar-aria
1740 2128 1867 2171 vestis,
1888 2139 1992 2178 quae
2004 2137 2144 2176 super-

1270 2186 1476 2227 induitur:
1502 2184 1549 2222 cl'.
1571 2184 1706 2222 Varro.
1734 2184 1784 2221 de
1809 2182 1855 2221 L.
1870 2182 1917 2221 L.
1930 2182 1980 2221 V.
2005 2182 2034 2232 ξ.
2054 2185 2143 2222 131.

1270 2256 1309 2294 p.
1336 2246 1400 2282 5¹1.
1427 2241 1582 2279 Mulier.
1608 2239 1710 2278 Non.
1738 2254 1774 2291 p.
1795 2244 1887 2280 540.
1950 2239 2144 2291 Superin-

1272 2301 1396 2337 iicere
1423 2298 1531 2349 Virg.
1558 2298 1701 2347 Georg.
1727 2296 1794 2334 lv.
1810 2300 1889 2342 46..
1915 2296 1979 2346 qui
2003 2308 2144 2333 versus

1271 2355 1486 2394 mendosus
1523 2355 1581 2392 sic
1617 2353 1868 2403 corrigendus
1900 2356 1978 2390 est:
2028 2352 2146 2403 Uuye

1270 2416 1414 2465 fovens
1452 2412 1607 2450 circum
1637 2415 1674 2449 et
1712 2415 1862 2449 stratas
1896 2410 2145 2461 superiniice

1271 2469 1454 2522 frondes.
1476 2468 1538 2506 De
1553 2468 1692 2518 apibus
1707 2467 1806 2504 enim
1821 2480 1950 2504 sermo
1965 2469 2038 2510 est,
2054 2478 2143 2515 qua-

1272 2540 1355 2564 rum
1388 2525 1546 2564 alviaria
1582 2525 1725 2562 rimosa
1763 2523 1844 2561 luto
1880 2526 1919 2560 et
1954 2522 2042 2560 timo
2078 2522 2144 2559 bu-

1275 2583 1388 2621 bulco
1413 2585 1502 2619 sunt
1527 2580 1730 2626 illinenda,
1762 2583 1803 2617 ut
1833 2579 1962 2619 aditus
1997 2582 2144 2617 tantum

1274 2642 1407 2684 restet.
1435 2639 1575 2689 quibus
1601 2640 1828 2676 commeant.
1867 2637 2006 2676 Rarus
2027 2637 2145 2687 frou-

1274 2698 1356 2741 des,
1383 2695 1487 2745 quod
1503 2694 1613 2734 codd.
1628 2694 1825 2744 praebent,
1846 2692 2017 2737 offendit,
2043 2690 2145 2730 unde

1273 2754 1415 2803 XVagn.
1437 2751 1620 2789 emendat
1639 2751 1783 2789 densus
1804 2763 1853 2787 ex
1868 2748 2017 2787 Colum.
2030 2748 2078 2786 R.
2093 2746 2142 2785 R.

1271 2809 1341 2848 IX.
1377 2812 1438 2848 14.
1476 2807 1614 2858 §.14.:
1661 2807 1881 2858 Quidquid
1912 2805 2062 2845 deiude
2091 2805 2144 2842 ri-

1273 2880 1427 2905 marum
1442 2870 1498 2904 est
1517 2869 1588 2904 aut
1602 2865 1867 2916 foraminum,
1894 2863 1981 2901 luto
1995 2866 2035 2900 et
2047 2862 2141 2913 fimo

1275 2923 1451 2962 bubulco
1480 2922 1606 2960 mistis
1641 2920 1840 2958 illinemus
1878 2919 2141 2961 extrinsecus,

1272 2993 1346 3018 πρε
1376 2980 1455 3017 uisi
1485 2979 1622 3017 aditus
1656 2976 1800 3029 quibus
1831 2979 2054 3014 commeant
2083 2986 2142 3012 re-

1275 3037 1508 3087 linquemus.
1571 3034 1628 3072 Et
1653 3034 1831 3085 quamvis
1852 3032 2023 3083 porticu
2045 3043 2141 3082 pro-

1275 3097 1380 3131 tecta
1409 3106 1522 3135 rasa,
1554 3090 1876 3129 nihilominus
1908 3090 2142 3139 eonyesta

1275 3149 1541 3188 culmorum
1574 3151 1619 3185 et
1644 3146 1899 3198 frondium
1923 3147 2141 3196 superte-
