2221 3667
348 155 430 198 340
610 157 656 197 L.
688 158 906 198 APULElI
937 155 1334 198 MADAURENSIS
1364 155 1912 204 METAMORPHOSEON

897 363 932 410 C
991 363 1035 407 A
1091 362 1129 407 P
1188 362 1231 408 U
1288 362 1331 408 T
1433 361 1611 409 XIII.

478 491 649 548 Suscipit
673 494 846 548 Psyche,
875 492 1048 546 singultu
1067 493 1275 534 lacrimoso
1295 507 1514 534 sermonem
1533 495 1750 534 incertans:
1776 493 2019 544 Iamdudum,
2047 493 2149 546 quod

365 548 507 600 sciam,
536 550 622 590 fidei
649 557 762 602 atque
788 549 1027 602 parciloquio
1053 563 1138 589 meo
1164 550 1400 603 perpendisti
1426 551 1677 601 documenta,
1706 563 1778 590 nec
1797 563 1843 590 eo
1863 549 1990 589 secius
2012 563 2149 604 appro-
2203 562 2207 586 z

364 604 519 646 habitur
544 606 611 645 tibi
639 619 739 645 nuuc
765 605 879 644 etiam
912 604 1073 644 firmitas
1107 606 1224 645 animi
1254 606 1345 646 mei.
1395 606 1456 647 Tu
1489 607 1601 646 modo
1626 606 1808 661 Zephyro
1835 613 1970 645 nostro
1995 619 2151 646 rursum

365 664 562 714 praecipe,
593 663 777 714 fungatur
802 660 1009 713 obsequio,
1038 668 1078 701 et
1101 662 1140 701 in
1165 663 1290 702 vicem
1317 663 1532 716 denegatae
1557 670 1833 703 sacrosanctae
1860 661 2041 715 imaginis
2063 669 2151 702 tuae
2194 677 2198 703 2

363 718 481 757 redde
507 719 642 757 saltem
670 723 916 769 conspectum
944 731 1146 768 sororum,
1176 733 1245 772 per
1269 719 1365 759 istos
1382 720 1607 759 cinnameos
1629 726 1667 759 et
1687 719 1855 772 undique
1869 718 2056 773 pendulos
2077 718 2152 758 cri·
2196 729 2199 744 ³

365 786 433 813 nes
450 781 551 823 tuos,
580 786 648 826 per
668 779 824 812 teneras
845 779 884 812 et
910 774 1046 813 teretis
1072 781 1111 814 ct
1135 775 1230 815 meis
1257 775 1403 815 similes
1431 789 1568 829 genem,
1596 789 1665 829 per
1690 783 1823 829 pectus
1844 775 1975 815 nescio
1998 789 2072 828 quo
2088 788 2151 815 ca-

456 898 590 936 Psyche*
613 902 647 928 G.
668 902 698 927 2.
718 901 755 928 D.
804 907 955 928 sermone
975 903 1011 930 G.
1027 903 1056 930 2.
1078 904 1115 931 D.
1130 903 1165 930 P.
1214 901 1388 931 insertans
1408 905 1489 932 lunt.
1505 906 1534 932 ¹2.
1556 905 1638 938 quod
1661 912 1720 931 uon
1743 903 1787 932 ita
1805 903 2063 937 improbaverim.
2101 903 2154 931 in-

364 948 459 973 certa
479 943 506 974 δ.
533 946 638 973 Burni.
658 944 794 973 coniecit
815 946 848 973 iu
867 954 967 981 marg.
988 947 1064 975 libri
1085 956 1269 981 perperam:
1295 949 1480 984 inceptans.
1531 948 1698 976 consciam
1722 957 1776 983 pro
1797 947 1884 985 qnod
1901 947 2004 975 sciam
2026 950 2060 976 G.
2076 949 2104 978 1.
2120 949 2154 978 Ρ.

363 989 498 1017 conscia
518 992 553 1018 G.
574 992 603 1018 ἱ).
624 991 662 1018 l).
710 998 816 1026 acque
830 999 928 1026 parc,
949 990 987 1019 D.
1032 991 1246 1029 parciloquio
1266 995 1300 1022 F.
1317 995 1346 1021 3.
1368 995 1403 1022 P.
1425 995 1462 1022 1).
1482 996 1516 1022 0.
1533 996 1568 1023 R.
1586 994 1606 1022 f.
1621 1001 1647 1028 p.
1668 998 1696 1021 et
1717 995 1784 1022 edd.
1800 996 1875 1022 vett.
1891 997 2016 1027 praeter
2028 995 2110 1022 lunt.
2125 995 2156 1022 2.

363 1042 444 1069 qliae
459 1035 535 1063 vitio
551 1036 784 1068 typothetarum
799 1035 1112 1074 habetparcae'loqm'i
1122 1045 1204 1066 meo.
1230 1038 1442 1075 parciloquio
1458 1041 1493 1067 G.
1508 1041 1538 1066 2.
1567 1037 1774 1076 portiloqm‘o
1790 1040 1824 1066 G.
1844 1039 1870 1067 1.
1893 1040 1928 1067 In
1943 1038 2156 1075 ceterispar-

363 1079 507 1116 ciloqm'i.
556 1078 750 1106 documento
766 1082 799 1109 Ο.
848 1089 907 1108 nec
920 1081 1023 1108 eliam
1037 1084 1071 1111 0.
1087 1090 1105 1111 a
1120 1091 1159 1111 111,
1175 1091 1204 1117 p.
1253 1091 1340 1111 necne
1354 1082 1539 1119 iolirnn‘las
1555 1093 1583 1118 p.
1631 1083 1771 1111 iarius-il
1792 1091 1845 1117 pro
1864 1083 2002 1111 iuva-em
2024 1092 2052 1117 p.
2101 1082 2157 1110 de·-

362 1132 486 1161 negare
505 1126 539 1153 G.
564 1126 590 1152 1.
613 1132 633 1153 a
651 1132 690 1153 m.
712 1133 741 1159 p.
790 1125 998 1162 cmuplwmc
1018 1135 1117 1154 soror
1136 1129 1171 1156 B.
1219 1128 1362 1156 salutem
1384 1137 1438 1164 pro
1459 1128 1578 1156 saltem
1600 1137 1628 1163 p.
1650 1130 1685 1158 G.
1707 1131 1734 1157 ·1.
1754 1136 1789 1156 π.
1826 1127 1888 1156 sal.
1909 1126 2007 1155 redde
2027 1129 2062 1157 G.
2080 1130 2107 1158 1.
2122 1136 2158 1157 π.

363 1172 540 1206 conspecta
556 1171 590 1198 G.
610 1171 635 1198 1.
651 1178 686 1198 π.
734 1178 934 1206 cynnameos
950 1174 984 1201 G.
1000 1174 1029 1201 2.
1044 1174 1081 1201 D.
1126 1171 1287 1209 pendules
1301 1177 1336 1202 G.
1354 1175 1381 1203 1.
1397 1181 1413 1202 a
1429 1181 1468 1202 m.
1482 1182 1510 1208 p.
1562 1174 1679 1201 trretis
1700 1175 1734 1202 F.
1750 1175 1779 1202 3.
1801 1175 1836 1201 G.
1851 1173 1880 1202 1.
1901 1172 1940 1208 (a
1955 1182 1993 1202 nt.
2009 1173 2056 1208 p.)
2076 1175 2106 1202 2.
2119 1175 2157 1202 Ι).

363 1216 431 1244 edd.
445 1218 521 1244 vett.
538 1218 664 1249 praeter
677 1216 724 1243 ed.
740 1224 785 1250 pr.
801 1220 829 1244 et
843 1218 925 1245 Iunt.
942 1219 971 1245 ἱ).
1000 1217 1136 1245 tereeeo's
1150 1219 1184 1246 Ο.
1210 1220 1244 1246 In
1266 1220 1383 1247 ceteris
1402 1223 1448 1247 est
1472 1222 1604 1247 [creles.
1656 1220 1780 1256 meique
1801 1219 1832 1247 in
1853 1219 1999 1247 omnibus
2013 1222 2085 1253 quot
2101 1226 2159 1255 ego

363 1260 508 1288 conferre
529 1260 616 1294 potui
634 1261 753 1295 legitur
772 1262 863 1290 codd.
883 1266 911 1290 et
932 1262 961 1290 si
981 1263 1056 1291 fides
1077 1265 1224 1292 habenda
1245 1267 1291 1292 est
1307 1266 1403 1299 Oud.,
1425 1267 1516 1293 solus
1536 1265 1678 1293 habeto.
1701 1264 1796 1300 meis,
1824 1268 1854 1292 ut
1875 1267 2001 1298 propter
2018 1271 2159 1298 sequens

362 1307 557 1334 vocabulum
583 1304 706 1332 similes
721 1306 886 1334 excidisse
911 1314 926 1334 s
944 1307 1084 1336 litteram
1104 1309 1296 1337 existimem.
1321 1311 1359 1337 Et
1374 1310 1420 1337 ita
1434 1312 1548 1337 liabent
1565 1311 1634 1337 edd.
1649 1314 1723 1339 vett.
1769 1312 1938 1346 pparalas
1953 1309 2063 1337 nescio
2078 1315 2159 1346 quos

1427 1354 1572 1381 calorem
1588 1356 1622 1383 0,
1763 1353 1789 1357 ”

363 1354 393 1379 et
407 1358 506 1385 supra
519 1351 675 1386 scriptum
689 1354 735 1379 est
746 1359 809 1387 per
818 1354 942 1387 partus
957 1353 990 1380 Ο.
1033 1356 1232 1389 perspectus
1247 1356 1282 1382 G.
1296 1357 1325 1382 2¹.
1340 1356 1378 1382 1).

367 1462 398 1487 s.
424 1450 669 1488 internectus
694 1449 814 1487 habet
844 1448 971 1488 Ptaut.
1000 1450 1188 1501 Amphitr.
1211 1451 1239 1489 1.

369 1509 402 1545 1.
429 1509 492 1545 35.
539 1504 590 1543 Ut
613 1518 705 1542 vero
738 1520 761 1544 a
787 1519 885 1544 caco
911 1506 966 1544 fit:
995 1509 1165 1553 raciras,
1192 1509 1240 1546 al)

367 1567 487 1612 opto:
504 1563 674 1612 opticus,
686 1575 707 1598 a
718 1576 866 1601 nocco:
881 1564 1046 1602 aoce'ras
1062 1565 1111 1602 ita
1127 1565 1240 1602 etiam

365 1619 413 1656 ah
428 1619 654 1657 iaterncco:
679 1619 953 1658 interneciras.
981 1619 1117 1658 Altera
1141 1621 1239 1658 enim

367 1673 488 1712 forma
503 1675 536 1711 in
552 1675 657 1719 inus,
685 1679 865 1725 quantum
892 1676 1071 1724 equidem
1097 1677 1191 1722 scio,
1218 1691 1241 1714 a

365 1730 620 1768 substantivis
645 1734 788 1768 tautum
815 1731 1049 1784 deducitur]

425 1784 624 1824 (Llell.
663 1787 910 1826 iamdudum.
950 1787 1028 1839 [De
1048 1789 1235 1839 signitica-

367 1844 470 1881 tione
491 1842 604 1880 huius
624 1843 852 1892 particulae,
879 1857 978 1893 quae
1004 1850 1133 1883 contra
1148 1845 1234 1881 W.

367 1899 695 1937 DI).sententiam
711 1898 760 1936 de
774 1898 921 1949 aliquot
935 1900 1073 1938 diebus
1090 1901 1234 1946 dicitur,

368 1955 414 1993 cl'.
428 1954 594 1992 [ξι-0111111.
611 1955 658 1993 ad
675 1954 817 1993 Tibull.
834 1955 895 1993 111.
913 1960 947 1997 6.
964 1961 1027 1997 43.
1043 1961 1081 1995 et
1095 1957 1175 1995 lntt.
1186 1957 1233 1995 ad

367 2011 465 2050 Plin.
494 2010 684 2061 panegyr.
712 2016 776 2053 46.
803 2011 834 2061 ᾧ.
863 2017 896 2052 1.
923 2027 958 2064 p.
977 2017 1066 2053 259.
1084 2013 1233 2065 Arntz]

420 2068 699 2120 parciloquio,
766 2066 904 2122 [Haec
940 2071 1169 2122 optimorum
1196 2070 1236 2107 li-

368 2125 518 2163 brorum
547 2125 734 2175 scriptura
754 2122 955 2177 perperam
975 2128 1023 2164 al»
1039 2126 1139 2165 Oud.
1155 2126 1236 2164 reii-

368 2182 478 2227 citur,
518 2182 579 2230 qui
606 2180 760 2231 profert,
789 2184 1058 2235 parciloquio
1096 2183 1238 2221 dictum

368 2251 478 2283 esse,
505 2238 617 2287 quasi
644 2236 833 2286 legissent
859 2239 969 2277 codd.
987 2240 1237 2291 pependisti,

369 2299 408 2332 ut
423 2295 663 2332 documenta
683 2293 748 2332 illa
763 2295 977 2333 consistant
997 2297 1030 2333 in
1048 2308 1232 2347 praegna-

367 2352 471 2389 tione
516 2348 696 2400 Psyches
744 2364 790 2389 ac
836 2353 1040 2403 promissis
1085 2352 1234 2389 futurae

369 2407 519 2445 (livinae
550 2406 713 2445 sobolis.
761 2407 870 2446 Haec
899 2422 990 2447 vero
1028 2409 1232 2459 explicatio

367 2464 518 2516 probari
558 2476 630 2500 non
663 2465 820 2514 poterit.
860 2465 963 2515 quod
994 2478 1078 2503 voc.
1111 2466 1234 2505 docn-

367 2525 537 2559 mcniam
557 2519 594 2556 id
609 2534 682 2557 non
695 2520 893 2568 significat.
942 2522 1234 2561 Documentum

369 2578 467 2615 enim
502 2579 563 2613 est
593 2576 655 2614 vel
682 2576 858 2615 indicium
884 2582 923 2616 et
946 2579 1145 2629 specimen
1172 2578 1235 2615 vel

367 2636 519 2684 signum
546 2636 585 2670 et
609 2634 893 2673 monimentum.
943 2634 1041 2680 Quis
1065 2648 1157 2673 vero
1171 2649 1237 2673 un-

368 2704 480 2742 quam
518 2689 671 2735 dixerit,
709 2691 821 2741 signa.
865 2690 953 2728 mihi
998 2691 1136 2729 dedisti
1174 2691 1235 2729 vel

366 2745 606 2798 perpendisti
644 2759 755 2784 meae
794 2746 879 2785 fidei
916 2752 955 2785 et
985 2747 1235 2799 parciloquii?

367 2804 551 2842 Dativum
591 2816 822 2853 quamquam
849 2803 1028 2854 equidem
1065 2805 1236 2851 retineo,

366 2865 493 2898 tamen
521 2873 593 2897 non
621 2872 642 2896 e
667 2860 784 2898 verbo
807 2861 1084 2912 perpendisti,
1116 2861 1189 2900 sed
1215 2875 1237 2899 e

367 2917 608 2954 substantivo
624 2917 865 2955 documenta
879 2920 1009 2967 aptum
1025 2930 1117 2955 esse
1133 2917 1235 2961 volo,

367 2987 439 3010 non
466 2972 677 3010 sollicitus.
709 2973 809 3011 alios
835 2973 946 3011 aliter
970 2973 1137 3011 dativum
1171 2987 1235 3011 ex-

366 3030 539 3080 plicare,
565 3029 627 3079 qui
655 3030 759 3068 vices
784 3030 938 3079 genitivi
967 3030 1161 3068 sustinere
1186 3032 1237 3068 vi-

365 3085 511 3123 deatur.
539 3085 581 3122 Si
607 3087 698 3123 tanti
725 3089 803 3130 est,
830 3086 877 3124 cf.
897 3087 1088 3124 sententia
1105 3087 1235 3124 Kritzii

364 3141 415 3178 ad
439 3141 539 3180 Sall.
568 3140 676 3180 Catil.
703 3146 812 3183 c.19.
839 3156 875 3194 p.
892 3146 955 3183 91.
981 3144 1044 3194 qui
1070 3157 1092 3180 e
1115 3145 1234 3182 verbo

1301 1452 1363 1489 vel
1377 1454 1424 1490 ab
1440 1454 1585 1491 omisso
1601 1467 1680 1491 esse
1693 1453 1864 1503 pendere
1877 1466 1963 1490 eum
1978 1455 2161 1492 autumat.

1301 1508 1374 1546 Hic
1400 1509 1580 1559 loquendi
1611 1523 1705 1547 usus
1732 1523 1824 1561 prae
1850 1510 1986 1547 ceteris
2011 1509 2060 1547 ad
2087 1508 2160 1547 Ta·

1300 1566 1413 1603 citum
1440 1568 1612 1616 pertinet.
1662 1566 1707 1603 cl'.
1734 1567 1833 1603 Anu.
1859 1565 1887 1605 1.
1914 1569 1949 1605 3.
1979 1565 2161 1604 subsidia

1301 1623 1635 1661 dormitationi.
1686 1621 1729 1659 11.
1757 1626 1819 1662 64.
1853 1636 2013 1660 caussas
2038 1621 2162 1660 bello

1300 1677 1480 1716 Histh.
1501 1681 1559 1718 19.
1588 1692 1765 1717 caussam
1791 1679 2034 1717 seditioni.
2064 1676 2161 1716 Anu.

1297 1738 1360 1773 40.
1399 1739 1551 1785 tempas
1580 1735 1890 1773 resumendae
1923 1733 2161 1779 libertati,

1295 1790 1359 1827 ubi
1376 1789 1545 1829 Pichena
1559 1791 1660 1828 male
1675 1791 1870 1829 llbcrtalis
1883 1791 2045 1840 corrigit,
2056 1790 2160 1841 Virg.

1298 1847 1395 1885 Aen.
1421 1846 1482 1884 111.
1511 1851 1604 1887 305.
1630 1847 1715 1884 Liv.
1743 1846 1803 1885 111.
1832 1850 1894 1886 37.
1921 1845 1950 1895 δ.
1978 1851 2012 1886 5.
2040 1848 2161 1885 immi·

1295 1907 1465 1941 mentam
1497 1904 1736 1942 libertati.
1775 1903 1902 1941 Bentl.
1929 1902 1977 1940 ad
2008 1902 2160 1941 Terent.

1295 1959 1415 1996 Andr.
1444 1958 1506 1997 111.
1532 1963 1569 1999 3.
1596 1964 1656 1999 17.
1692 1958 1772 1998 lntt.
1799 1960 1848 1998 ad
1869 1960 1967 1998 Aen.
1990 1959 2092 2010 virg.
2118 1958 2161 1997 11.

1298 2019 1389 2055 556.
1418 2015 1483 2053 Dr.
1510 2015 1558 2053 ad
1584 2015 1669 2054 Liv.
1686 2015 1745 2053 111.
1773 2020 1838 2056 46.
1865 2016 1894 2067 ξ.
1912 2020 1966 2061 2.,
1993 2017 2054 2066 qui
2083 2015 2161 2066 plu-

1297 2073 1394 2109 rima
1425 2072 1585 2110 miscuit.
1635 2071 1691 2110 lta
1727 2072 1965 2111 documenta
1991 2073 2091 2124 fidei
2126 2076 2163 2111 et

1293 2128 1561 2180 parciloquio
1597 2142 1683 2167 meo
1719 2132 1809 2166 sunt
1839 2129 2053 2179 specimina
2083 2128 2161 2173 illa,

1298 2196 1398 2235 quae
1416 2183 1577 2235 Psyche
1597 2184 1646 2221 de
1666 2198 1738 2222 sua
1757 2185 2013 2223 taciturnitate
2026 2187 2160 2223 marito

1298 2241 1470 2278 dederat:
1505 2244 1543 2284 et
1571 2240 1785 2279 reseruntur
1809 2241 1854 2279 ad
1882 2242 2161 2291 responsiones

1292 2297 1389 2335 satis
1421 2297 1670 2335 inconcinnas
1701 2302 1740 2335 et
1763 2298 1986 2349 simplices,
2019 2298 2159 2348 quibus

1293 2354 1379 2404 quis
1399 2357 1509 2391 esset
1523 2354 1678 2399 coniux,
1705 2354 1977 2393 dissimulasse
1995 2368 2041 2392 se
2054 2357 2161 2404 puta·

1291 2414 1410 2448 verat.
1459 2410 1522 2447 Ad
1550 2410 1647 2448 hanc
1672 2410 1783 2461 igitur
1808 2411 1922 2450 animi
1948 2410 2161 2448 firmitatem
2212 2415 2213 2418 ’

1292 2470 1495 2518 provocat,
1522 2466 1748 2516 Cupidinem
1763 2471 2018 2513 commotum,
2042 2470 2084 2504 ut
2097 2466 2159 2504 de-

1293 2537 1367 2561 nuo
1392 2536 1548 2560 sorores
1574 2523 1646 2574 ipsi
1667 2524 1791 2562 sistat.
1840 2524 1902 2561 De
1920 2523 2159 2561 substantivo

1292 2579 1559 2631 parciloquio
1585 2579 1699 2629 eique
1724 2579 1914 2617 similibus
1952 2579 1998 2618 cl'.
2025 2579 2160 2618 Munk.

1295 2635 1343 2673 ad
1371 2635 1480 2684 Fulg.
1507 2634 1672 2686 Mythol.
1700 2635 1763 2672 111.
1791 2640 1826 2675 2.
1854 2649 1888 2686 p.
1916 2639 2007 2676 708.
2034 2635 2158 2687 Stav.]

1354 2692 1542 2744 Zephyro
1568 2697 1716 2730 nostro.
1750 2691 1973 2742 [Zephyrus
1986 2692 2160 2729 minister

1295 2753 1357 2786 est
1371 2747 1566 2798 Cupidinis
1582 2748 1742 2799 eiusque
1761 2761 1910 2793 comes,
1935 2747 2036 2785 unde
2056 2761 2160 2787 aura

1296 2806 1440 2859 afflari
1453 2818 1558 2842 amor
1572 2804 1705 2842 dicitur
1730 2804 1778 2842 cs.
1792 2803 1947 2842 Peerlk.
1962 2803 2011 2842 ad
2026 2803 2159 2842 Horat.

1295 2875 1331 2913 p.
1352 2865 1440 2901 187.
1467 2860 1638 2911 Propert.
1656 2859 1680 2898 1.
1701 2864 1732 2899 1.
1748 2864 1811 2900 31.
1840 2860 1952 2906 Quae
1978 2862 2078 2898 enim
2103 2873 2159 2898 ar-

1295 2919 1467 2956 ctissima
1492 2917 1668 2968 cognatio
1682 2916 1902 2968 Zephyrum
1923 2917 2019 2955 inter
2041 2922 2158 2967 atque

1294 2974 1478 3012 Amorem
1487 2973 1708 3018 intercedat,
1718 2986 1764 3010 eo
1775 2977 1905 3024 potest
1913 2973 2159 3024 apertissime
2210 2970 2216 2989 ζ’

1295 3030 1472 3081 intelligi,
1497 3030 1601 3080 quod
1627 3030 1709 3067 eius
1734 3029 1832 3068 lilius
1859 3028 2008 3082 Cupido
2034 3028 2158 3080 perhi-
2210 3051 2211 3054 =

1294 3088 1416 3125 betur.
1443 3086 1490 3125 cl'.
1517 3085 1688 3125 Lobeck.
1715 3086 1765 3125 ad
1793 3087 1898 3125 Aiac.
1925 3089 2069 3137 p.362.
2096 3084 2157 3129 ed.
2209 3135 2216 3144 μ

1294 3142 1406 3194 noxa]
