2155 3590
674 138 861 178 LIBER
891 138 937 179 Π.
997 137 1126 178 CAP.
1157 137 1261 178 vm.
1815 138 1883 181 93·

70 264 141 290 cuo
165 249 293 313 posita
316 249 442 303 prima
465 248 613 289 nostris
633 247 641 304 Ι
662 249 873 291 luminibus
899 250 1092 300 occurrit,
1126 257 1166 290 et
1190 248 1326 302 quod
1316 263 1356 288 in
1383 248 1526 288 ceteris
1551 249 1736 290 membris
1761 249 1867 290 flori·
1896 254 1966 288 107

68 307 140 346 dae
163 305 286 346 vestis
313 305 450 346 hilaris
475 305 598 369 color,
627 306 734 346 hoc
724 320 764 346 1n
790 307 915 361 eapite
942 307 1049 347 nitor
1071 305 1180 346 nativ
1183 320 1228 346 us
1254 311 1452 359 operatur.
1510 303 1692 358 Denique
1716 306 1868 360 plerae-

68 376 142 415 que
182 361 353 402 indolem
395 361 640 416 gratiamque
682 375 793 403 suam
828 363 1065 417 probaturae
1106 362 1271 402 lacinias
1308 374 1444 401 omnes
1481 368 1656 412 exuunt,
1703 361 1871 402 amicula

67 418 286 468 dimov‚ent
327 419 468 459 nudam
506 418 832 482 pulchritudinem
864 433 973 459 suam
1006 419 1195 473 praebere
1225 432 1267 458 se
1299 417 1495 471 gestiunt,
1535 417 1661 471 magis
1692 419 1738 458 de
1769 418 1871 459 cutis

65 488 181 515 roseo
218 474 362 515 rubore
399 488 514 528 quam
545 475 592 514 de
622 475 745 515 iestis
777 488 898 516 aureo
932 476 1063 516 colore
1094 475 1323 530 placiturae.
1385 474 1443 514 At
1473 487 1570 514 vero
1600 475 1721 527 (quod
1758 476 1879 515 nefas*

66 531 196 572 dicere
227 545 364 586 neque
387 532 448 571 set
475 530 596 571 ullum
628 531 742 571 huius
767 532 827 572 rei
856 539 935 571 tam
967 532 1094 572 dirum
1126 530 1367 585 exemplum)
1398 530 1432 570 si
1463 529 1668 571 cuiuslibet
1700 531 1872 571 eximiae

65 660 154 688 codd.
164 663 194 689 et
203 660 273 688 edd.
283 663 360 689 vett.
370 661 406 689 Ι..
416 659 552 687 ναίεσκε
560 661 638 689 Oud.
649 667 689 688 ex
704 660 834 697 ingenio
846 661 1053 690 librariorum
1067 665 1178 690 natum
1191 668 1264 689 esse
1279 664 1381 694 ratus,
1392 659 1436 688 ita
1451 659 1642 693 explicavit.
1653 662 1685 687 ut
1700 659 1790 694 prius
1803 659 1871 687 sfe-

65 712 128 742 que
144 706 306 740 legeretur
325 706 400 734 dein
418 713 515 740 quum
533 707 668 734 verbum
691 706 738 734 ita
756 709 903 737 abesset,
931 706 1023 733 ratio
1038 705 1061 737 ’ἕ
1087 705 1124 741 [i.
1139 715 1165 734 e.
1181 705 1273 732 ratio
1288 705 1356 742 est]
1370 705 1566 733 scriberetur
1578 705 1675 739 idque
1689 705 1723 731 in
1737 703 1872 732 ratione

64 750 178 779 abiret.
224 751 294 786 Ego
314 751 512 780 contrarium
531 753 628 785 plane
647 752 932 785 comprobaverim.
980 753 1172 786 Neglectum
1192 751 1278 779 enim
1296 758 1316 779 a
1334 750 1483 778 librariis
1504 750 1729 784 compendium
1741 750 1834 777 ratio
1856 748 1872 780 ἶ»

65 795 270 824 occasionem
290 796 454 831 praebuit,
474 796 609 823 ratione
628 798 681 824 vel
701 796 835 824 ratiove
854 797 982 831 legendi
1001 801 1031 825 et
1051 804 1148 830 quum
1160 798 1295 824 verbum
1309 796 1453 831 deesset,
1473 794 1523 822 sic
1535 794 1569 823 in
1583 793 1630 822 sit
1643 795 1872 823 commutandi.

63 838 126 868 ill-2
143 840 296 877 corporis
317 841 338 870 f.
358 843 395 868 et
412 841 446 868 in
465 844 586 878 aperto
599 838 628 870 ὃ,
643 844 675 868 et
690 844 815 878 aperta
828 842 848 870 f.
893 841 1014 878 primis
1027 842 1062 870 0.
1110 840 1166 869 rel
1176 839 1266 878 quod
1276 840 1309 868 t'n
1324 839 1445 868 ceteris
1459 841 1607 868 emendat
1620 841 1703 869 Toll.
1750 840 1784 867 a’rz
1798 844 1874 868 ante

64 886 187 913 ceteris
205 889 298 915 abest
311 894 330 915 a
343 887 379 914 L.
395 886 414 914 f.
436 889 467 913 el
488 885 618 924 quidem.
637 886 670 914 in
692 887 814 914 ceteris
832 888 902 915 edd.
922 891 998 916 vett.
1041 885 1197 923 prolaris
1215 885 1310 913 color
1322 887 1358 914 P.
1379 886 1412 914 in
1432 892 1533 921 marg.
1552 885 1646 912 nitor
1665 885 1699 913 in
1713 886 1748 913 G.
1768 887 1795 914 1.
1809 893 1872 913 non

63 934 111 960 est
130 932 197 960 nisi
213 932 249 960 in
267 939 370 967 marg.
390 939 411 960 a
429 940 470 960 m.
490 941 515 960 s.
560 931 727 969 pleraque
745 933 781 961 F.
796 934 826 961 3.
841 930 998 969 plerique
1011 933 1046 960 G.
1061 934 1092 960 2.
1114 936 1145 961 et
1155 933 1194 960 D.
1220 932 1254 960 in
1275 931 1370 960 cuius
1389 937 1489 966 marg.
1510 938 1530 960 a
1542 938 1583 959 m.
1597 939 1624 960 s.
1646 929 1700 958 vel
1710 928 1874 968 plereque

63 981 234 1005 exaratum
251 980 310 1006 est.
355 978 574 1015 gratiamque
593 985 688 1005 suam
702 978 738 1006 F.
753 979 783 1006 3.
799 979 834 1006 G.
854 979 880 1005 1.
894 979 925 1005 2.
939 979 977 1006 D.
992 978 1026 1005 0.
1042 978 1078 1005 P.
1093 973 1121 1007 δ’.
1135 985 1172 1005 π.
1187 977 1208 1005 f.
1231 978 1269 1005 In
1288 980 1360 1005 cett.
1381 976 1477 1004 libris
1493 980 1523 1004 et
1543 976 1614 1005 edd.
1634 979 1700 1004 vett
1715 976 1873 1013 gratias—

64 1029 127 1059 que
139 1029 233 1049 suas.
276 1021 448 1059 probatur
460 1024 496 1052 F.
515 1025 546 1051 3.
561 1024 617 1051 sed
632 1027 765 1058 apparet
779 1023 832 1051 hic
845 1023 954 1051 litura.
1003 1020 1132 1049 lacinia
1146 1019 1174 1050 ὃ.
1190 1021 1334 1049 lacunas
1347 1022 1501 1050 Venet.4.
1548 1021 1702 1049 eximunt
1715 1021 1754 1050 D.
1768 1028 1836 1050 am.
1847 1029 1874 1049 S.

63 1071 93 1095 et
118 1070 272 1095 e.z·nuunt
291 1075 311 1096 a
329 1075 370 1096 m.
392 1076 421 1102 p.
470 1067 651 1096 ann'culam
671 1069 706 1096 P.
727 1066 934 1095 adminicula
952 1069 991 1096 D.
1011 1070 1183 1095 remor-eut
1196 1068 1232 1095 Β.
1253 1065 1363 1094 admo.
1388 1064 1558 1094 dimovent
1570 1068 1607 1095 G.
1630 1068 1660 1095 2.
1680 1066 1787 1101 priore
1804 1074 1875 1095 voc.

63 1113 164 1141 minio
183 1114 329 1141 onducto.
354 1110 472 1140 decute
491 1115 526 1142 G.
545 1115 572 1141 l.
620 1122 663 1141 ae
682 1121 759 1139 reru
781 1110 808 1141 δ’.
857 1121 917 1140 nec
937 1111 1026 1149 quod
1042 1112 1088 1140 sie
1107 1114 1142 1141 F.
1158 1114 1188 1140 3.
1209 1120 1238 1146 p.
1258 1113 1306 1140 ed.
1328 1120 1376 1145 pr.
1395 1112 1510 1140 venet.
1525 1107 1556 1140 4.
1575 1112 1682 1141 Paris.
1703 1112 1780 1140 Bas.
1794 1113 1814 1141 l.
1835 1119 1876 1138 nc

64 1156 154 1195 quod
171 1154 199 1186 δ.
220 1158 243 1186 f.
258 1162 330 1186 cett.
351 1159 422 1186 edd.
441 1163 518 1188 vett.
538 1166 577 1185 ne
597 1157 678 1195 quid
694 1157 739 1185 sic
760 1160 795 1187 G.
813 1160 841 1186 2.
862 1163 891 1185 et
906 1159 941 1186 P.
962 1158 995 1186 in
1015 1157 1177 1192 excerptis
1192 1157 1350 1185 Putschii.
1374 1158 1410 1184 ln
1430 1160 1502 1185 cett.
1522 1158 1610 1185 codd.
1631 1161 1678 1185 est
1698 1164 1806 1194 neque
1818 1157 1875 1184 sit.

60 1201 166 1230 ullum
181 1201 281 1230 liuius
295 1202 426 1232 reiF.3.
437 1205 472 1231 G.
487 1205 512 1231 1.
523 1205 552 1231 2.
562 1205 597 1232 Ρ.
610 1204 677 1232 fil).
687 1204 976 1238 p.Vicent.vene1.
988 1204 1014 1231 4.
1037 1204 1074 1230 Iu
1089 1202 1205 1230 ceteris
1214 1199 1314 1229 huius
1328 1200 1501 1229 reiullum.
1538 1201 1745 1231 sisVenet.2.
1756 1200 1875 1229 durum

63 1248 328 1277 Vicent.1unt.2.
344 1247 402 1283 [cf.
416 1248 712 1284 Virg.1‹:c1.x.44.
726 1249 782 1277 Dr.
797 1249 838 1276 ad
851 1249 1004 1276 Sikxiv.
1023 1248 1209 1275 maneum.
1225 1248 1265 1275 ad
1279 1248 1390 1274 Horat.
1401 1247 1504 1275 Od.[1.
1519 1247 1607 1276 12.2.
1620 1248 1722 1276 Bach.
1731 1248 1771 1276 ad
1781 1247 1874 1276 ovid.

63 1295 139 1322 Met.
153 1295 208 1323 III.
222 1294 274 1322 35.
299 1294 349 1322 Ita
363 1293 396 1321 in
411 1294 542 1322 Anthol.
556 1294 627 1321 Lat.
641 1294 750 1321 Burm.
765 1294 800 1322 Τ.
815 1295 838 1321 Ι.
854 1301 883 1327 p.
899 1294 973 1321 460.
988 1292 1073 1328 epig.
1087 1294 1117 1321 6.
1131 1292 1305 1324 legendum
1318 1295 1411 1326 puto:
1439 1289 1562 1319 Omnia
1581 1300 1669 1329 quae
1689 1290 1773 1320 duro
1793 1300 1875 1320 con-

63 1340 200 1366 sumunt
224 1335 322 1365 dente
340 1337 529 1373 parabant.
577 1337 715 1366 cuilibet
732 1339 768 1367 G.
785 1339 812 1366 1.
828 1339 857 1366 2.
878 1339 913 1366 Ρ.
927 1339 963 1366 L.
980 1337 1001 1366 f.
1014 1345 1052 1366 π.
1073 1342 1102 1365 et
1115 1338 1153 1365 D.
1175 1344 1195 1365 a
1207 1344 1248 1365 m.
1264 1345 1293 1371 p.
1312 1337 1346 1365 in
1366 1344 1466 1372 marg.
1481 1343 1501 1365 a
1519 1345 1560 1366 1n.
1582 1346 1608 1366 s.
1629 1338 1663 1366 in
1683 1337 1778 1366 cuius
1796 1336 1877 1365 libet

61 1387 247 1412 con-ectum.
296 1383 508 1420 eximiaeque
522 1391 551 1418 p.
567 1383 648 1411 lunt.
663 1384 712 1412 ed.
726 1391 772 1417 pr.
786 1384 860 1412 ΑΜ.
874 1383 1028 1412 Venet.‘.‘.
1043 1381 1172 1410 e.r1'1111‘a
1186 1390 1255 1419 qua
1268 1389 1297 1416 p.

64 1495 144 1534 lum
176 1497 340 1547 formae
375 1493 500 1534 decus
535 1499 613 1540 est,
652 1494 837 1533 cecidere
874 1508 938 1533 ca-

58 1550 160 1603 pilli
185 1555 224 1589 et
248 1549 333 1589 Intt.
359 1550 421 1589 ad.
440 1549 598 1590 Petron.
626 1564 656 1589 c.
676 1553 765 1592 109.
792 1564 828 1602 p.
845 1553 937 1592 651.

62 1606 217 1660 Burm]

117 1664 296 1718 floridae
334 1666 457 1704 vestis.
496 1664 714 1717 [Vestibus
744 1664 938 1703 distinctis

64 1725 103 1759 et
138 1720 255 1759 variis
292 1722 448 1772 proprie
484 1722 689 1760 utebantur
725 1734 825 1772 quae
857 1734 938 1759 cor·

62 1791 138 1829 pus
162 1777 405 1829 praebebant
429 1778 600 1829 virgines
626 1791 777 1829 eaeque
802 1782 942 1816 matro-

64 1847 149 1880 nae,
175 1847 278 1885 quae
299 1834 483 1886 pudicitia
502 1839 655 1881 exutae,
683 1834 820 1873 oculos
841 1835 876 1872 in
896 1848 942 1873 se

65 1895 293 1929 convertere
311 1891 516 1933 volebant:
544 1891 593 1930 cf.
615 1890 731 1930 Ovid.
752 1892 835 1929 Art.
850 1892 939 1929 Am.

64 1945 128 1986 Ill.
164 1951 253 1988 179.
292 1960 379 2000 sqq.
417 1947 568 1986 Ferrar.
601 1948 650 1986 de
680 1961 723 1986 re
756 1953 854 1986 vest.
876 1947 939 1986 ΠΙ.

66 2007 130 2044 22.
161 2017 198 2056 p.
220 2007 313 2045 249.
346 2003 491 2056 Bettig.
525 2005 658 2043 Sabin.
679 2004 724 2043 Π.
751 2018 787 2056 p.
810 2008 874 2045 91.
902 2008 942 2042 et

64 2074 101 2112 p.
125 2063 216 2102 109.
257 2060 354 2099 Item
386 2061 491 2112 apud
516 2061 786 2100 Athenienses
816 2073 940 2099 niere-

64 2117 224 2156 tricibus
257 2117 361 2155 tales
396 2121 534 2156 vestes
572 2119 607 2155 in
644 2131 718 2156 usu
750 2123 860 2155 erant
891 2117 939 2156 cs.

67 2173 176 2211 Suid.
224 2187 255 2212 s.
306 2187 339 2212 v.
394 2171 587 2221 Ζαλευκὸς
636 2172 822 2225 Ἀθηνῇσι
874 2173 944 2220 τὰς

67 2232 215 2282 ἑταίρας
240 2227 742 2284 ἀνθιναφορεῖν.ἱῩειοΙιεῐη.
768 2231 820 2268 in:
846 2230 941 2269 Hel-

68 2286 143 2325 len.
175 2286 343 2325 Alterth.
369 2286 435 2325 IV.
469 2301 505 2339 p.
533 2290 597 2328 36.
630 2286 759 2337 Heyn.
791 2286 940 2338 Opusc.

67 2342 112 2381 Il.
144 2347 208 2383 34.
235 2344 399 2382 Hilaris
424 2343 473 2381 de
500 2345 639 2383 colore
671 2345 833 2390 nitenti,
867 2346 926 2396 flo

66 2400 183 2446 rid03
202 2399 250 2438 cf.
264 2398 363 2438 Plio.
378 2399 426 2438 H.
441 2399 697 2441 N.XX[11.8.
714 2404 777 2440 75.
790 2399 941 2438 XXVI.

122 2514 384 2567 gratiamque
431 2528 553 2553 suam.
614 2513 702 2552 Hoc
750 2526 800 2551 ex
848 2518 942 2565 optt-

67 2569 180 2608 codd.
211 2570 372 2621 reposui
404 2583 489 2608 cum
520 2570 641 2616 Oud.,
668 2570 772 2621 qnod
801 2571 942 2623 qratia

65 2626 334 2665 tantummodo
395 2626 445 2664 de
499 2626 621 2665 forma
675 2631 715 2665 et
769 2626 943 2677 corporis

66 2682 355 2734 pulchritudine
379 2683 578 2722 invenitur.
611 2683 706 2722 Met.
723 2682 767 2721 Π.
794 2696 830 2734 p.
850 2687 940 2723 108.

71 2743 162 2780 112.
187 2738 238 2778 Χ.
264 2753 300 2791 p.
315 2743 408 2781 738.
436 2739 676 2792 [Baumgart.
705 2739 812 2778 Crus.
835 2738 941 2777 Clav.

69 2795 178 2835 Suet.
208 2810 241 2835 s.
273 2810 308 2834 v.
342 2796 522 2835 Ceterum
554 2810 640 2835 eam
665 2796 702 2835 h.
730 2796 840 2836 vocis
865 2795 942 2847 sign

67 2851 325 2891 nificationem
367 2858 578 2905 argenteae
619 2857 766 2891 tantum
802 2853 944 2891 aetatis

68 2909 324 2961 scriptoribus
350 2909 474 2949 fuisse
499 2910 706 2962 propriam,
732 2909 942 2948 notandum

69 2969 142 3003 est.
194 2966 361 3007 Gratias
395 2980 489 3005 vero
522 2967 555 3005 si
588 2967 675 3018 quis
706 2967 947 3017 comprobet,

70 3035 120 3060 ex
147 3022 285 3061 Graeci
317 3028 463 3062 tantum
490 3023 672 3062 vocabuli
702 3020 850 3076 χάριτες
872 3035 948 3061 usu

69 3079 200 3128 possit
235 3079 412 3127 defendi,
450 3080 555 3131 quod
593 3092 864 3130 nonnunquam
896 3079 946 3118 de

70 3139 230 3175 externa
243 3136 528 3188 pulchritudine
542 3137 712 3188 positum
727 3136 944 3188 invenitur]

929 2367 942 2373 -
1001 2342 1048 2382 cs.
1081 2342 1183 2381 Ded.

1056 1494 1270 1532 dimovent.
1303 1491 1435 1546 [Cave
1461 1505 1508 1530 ne
1523 1492 1615 1544 quid
1630 1497 1770 1531 mutes.
1809 1493 1875 1531 Di-

998 1550 1141 1588 ducunt
1189 1548 1280 1587 illae
1327 1550 1554 1588 meretrices
1602 1563 1698 1588 suas
1742 1553 1877 1588 vestes

997 1611 1038 1645 ut
1061 1606 1126 1644 vel
1151 1606 1210 1644 sic
1241 1619 1385 1658 corpus
1410 1606 1606 1658 aperiatur
1631 1611 1671 1645 et
1695 1606 1876 1655 nudetur;

997 1662 1044 1701 cf.
1059 1663 1194 1701 Horat.
1208 1662 1284 1701 Od.
1295 1662 1321 1701 l.
1340 1663 1421 1716 13.]

1052 1734 1184 1773 neque
1216 1721 1270 1758 sit
1304 1720 1442 1759 ullum.
1498 1719 1555 1758 lta
1592 1734 1624 1759 c.
1656 1719 1758 1758 Oud.
1795 1724 1876 1759 tex-

1001 1782 1080 1815 tum
1130 1777 1321 1814 constitui.
1391 1777 1456 1816 Ne
1504 1776 1609 1828 quod
1658 1777 1693 1814 in
1742 1776 1875 1815 multis

1002 1833 1124 1871 Codd.
1172 1834 1362 1884 reperitur
1405 1847 1455 1871 ex
1491 1847 1593 1871 vana
1636 1830 1875 1872 librariorum

1001 1890 1175 1929 doctrina
1205 1894 1383 1928 exortum
1419 1894 1499 1937 est,
1531 1891 1596 1941 qui
1623 1903 1696 1930 nec
1725 1903 1796 1942 pro
1827 1904 1878 1929 ne

1000 1947 1062 1986 vel
1089 1961 1164 1986 nen
1189 1947 1280 1998 poni
1306 1960 1431 1998 posse
1456 1947 1662 1998 negabant.
1694 1945 1876 1999 Pugnan-

999 2004 1089 2041 dum
1127 2003 1242 2054 igitur
1271 2007 1334 2042 est
1363 2003 1427 2041 vel
1458 2004 1603 2042 nostris
1631 2003 1876 2056 temporibus

999 2074 1029 2098 c.
1056 2059 1191 2105 Kritz..
1218 2061 1282 2111 qui
1307 2060 1357 2098 ad
1384 2060 1481 2098 Sall.
1503 2059 1584 2099 Cat.
1599 2058 1626 2098 l.
1652 2064 1716 2101 34.
1731 2073 1767 2112 p.
1786 2064 1876 2101 158.

1000 2117 1128 2155 omnia
1158 2116 1342 2168 exempla
1376 2117 1442 2155 ubi
1481 2131 1610 2170 neque
1639 2131 1670 2155 s.
1702 2130 1777 2156 nec
1805 2129 1877 2169 pro

999 2187 1094 2213 nece
1118 2187 1150 2211 s,
1176 2187 1254 2213 neu
1277 2178 1505 2225 usurpatum
1530 2174 1730 2220 invenitur,
1763 2173 1878 2212 corri-

1000 2230 1128 2281 genda
1142 2243 1238 2268 esse
1250 2234 1402 2269 temere
1415 2231 1657 2282 praescribit.
1683 2230 1741 2269 lta
1754 2228 1877 2269 Orell.

1002 2286 1078 2325 sic.
1105 2285 1184 2324 Off.
1209 2286 1254 2325 ll.
1283 2290 1346 2328 26.
1373 2286 1404 2338 ὁ.
1425 2290 1461 2328 9.
1492 2287 1595 2325 bene
1621 2301 1698 2327 nec
1726 2287 1877 2333 retinet,

1217 2343 1266 2381 ad
1299 2343 1400 2382 Dict.
1435 2343 1464 2381 Γ
1467 2348 1534 2382 ret.
1561 2343 1624 2382 ΠΙ.
1661 2347 1723 2385 12.
1754 2342 1877 2382 Bach.

999 2399 1049 2438 ad
1081 2398 1197 2438 ovid.
1229 2399 1325 2439 Met.
1347 2400 1408 2438 Ill.
1445 2405 1536 2441 117.
1567 2401 1658 2451 ibiq.
1684 2399 1877 2439 Ochsner.

999 2455 1144 2507 VVagn.
1188 2455 1369 2503 Quaestt.
1414 2457 1550 2509 virgil.
1580 2455 1773 2495 XXXVI.
1815 2461 1877 2497 15.

1000 2526 1037 2564 p.
1053 2517 1166 2560 580„
1197 2514 1262 2565 qui
1293 2513 1528 2552 adversandi
1559 2518 1600 2552 et
1627 2513 1784 2552 vetandi
1809 2525 1879 2564 po-

1000 2573 1184 2608 testatem
1227 2570 1318 2609 huic
1359 2570 1574 2622 particulae
1616 2575 1723 2608 recte
1758 2569 1879 2607 vindi-

1002 2626 1092 2679 cat]

1057 2684 1282 2723 cuiuslibet.
1347 2683 1524 2724 Cuilibet
1567 2683 1738 2722 dativum
1773 2681 1876 2721 Oud.

1001 2753 1050 2778 ex
1073 2739 1302 2792 elegantiori
1327 2754 1401 2778 usu
1426 2739 1603 2778 defendit
1626 2752 1742 2791 quam
1762 2752 1879 2790 quem

999 2796 1131 2835 tulerit
1149 2797 1399 2848 interpretum
1413 2800 1571 2848 captusg
1608 2796 1708 2834 conf.
1723 2797 1812 2836 dict.
1827 2795 1879 2834 ad

1001 2849 1110 2892 Suet.
1137 2854 1240 2904 Aug.
1266 2867 1298 2891 c.
1320 2857 1383 2894 76.
1411 2852 1521 2904 Sept.
1547 2852 1597 2890 de
1622 2852 1667 2891 Β.
1694 2852 1740 2892 T.
1755 2851 1800 2891 Π.
1827 2856 1878 2899 3.,

1001 2910 1065 2961 qui
1084 2914 1213 2949 tamen
1236 2910 1346 2948 locus
1365 2908 1482 2960 plane
1496 2909 1608 2948 aliter
1620 2908 1751 2948 habet.
1804 2909 1882 2949 Hic

1006 2979 1098 3005 vero
1126 2967 1282 3005 dativus
1301 2966 1407 3004 nullo
1427 2965 1545 3004 inodo
1570 2970 1707 3018 potest
1725 2970 1879 3005 susten-

1003 3024 1087 3062 tari.
1147 3022 1211 3062 De
1242 3023 1481 3074 exspoliare
1506 3021 1609 3061 Oud.
1635 3023 1836 3062 conferri'
1827 3037 1881 3061 ιιι-

1004 3080 1072 3119 bet
1096 3080 1163 3119 Dr.
1190 3079 1238 3117 ad
1266 3079 1351 3118 liv.
1374 3083 1438 3120 38.
1466 3083 1526 3120 14.
1553 3079 1690 3119 suaad
1705 3079 1818 3164 Caes.
1833 3079 1879 3118 B.
