2155 3590
607 130 799 169 LIBER
834 129 910 168 lll.
970 127 1086 167 CAP
1129 126 1282 166 lV.·V.

1366 198 1373 225 t
1390 190 1419 224 ὦ
1438 196 1451 209 '³'
1464 188 1539 229 {¹²9⁸

1704 149 1715 157 .
1748 122 1876 183 „239

82 243 315 284 confiteatur
345 243 470 292 ultro,
500 249 631 282 tamen
655 249 788 282 tantae
814 240 1052 281 multitudini
1076 237 1264 293 quod-sit
1277 237 1468 277 innocens
1500 235 1750 290 persuadere.
1799 232 1878 274 Sed

81 300 114 340 si
139 299 350 354 paullisper
374 298 609 339 audientiam
635 298 827 352 publicam
853 298 947 337 mihi
971 282 1422 342 tribueriffisum'finitas‚
1452 292 1566 333 facile
1592 305 1661 332 vos
1687 290 1875 340 edoceb0,

81 369 142 396 me
167 355 376 396 discrimen
403 354 540 409 capitis
565 368 645 394 non
669 368 756 394 meo
781 354 938 404 merito,
967 353 1035 394 sed
1059 350 1305 393 rationabilis
1331 348 1615 404 indignationis
1635 354 1779 389 eventu
1798 347 1880 386 for-

82 411 178 452 tuito
205 418 351 452 tantam
378 411 554 452 criminis
578 409 766 451 invidiam
792 411 942 451 frustra
966 409 1179 450 sustinere.

678 536 1111 585 CAPUT
1230 534 1290 582 V.

192 647 299 690 Nam
324 663 410 689 cum
436 662 457 688 a
483 661 606 689 coena
632 662 691 688 me
710 648 838 688 serius
859 647 1059 700 aliquanto
1078 645 1294 699 reciperem
1314 642 1538 698 potulentus
1558 642 1754 696 alioquin,
1782 642 1885 696 quod

83 705 197 760 plane
227 719 365 746 verum
400 705 549 745 crimen
574 719 701 745 meum
734 719 813 743 non
839 703 1055 753 diffitebor,
1085 709 1176 742 ante
1200 701 1306 756 ipsas
1333 700 1438 740 fores
1464 698 1622 752 hospitii
1647 699 1715 753 (ad
1740 698 1884 738 bonum

82 769 212 802 autem
242 760 433 802 Milonem
465 761 590 802 civem
620 767 796 801 vestrum
830 759 1018 812 devorto)
1048 758 1163 799 video
1186 757 1399 812 {quosdam
1430 755 1685 796 saevissimos
1710 754 1885 794 latrones
1913 758 1973 793 181

83 818 229 858 aditum
269 825 469 858 tentantes
507 825 546 857 et
584 818 721 857 domus
764 817 904 856 ianuas
948 815 1173 855 cardinibus
1218 813 1384 854 obtortis
1431 812 1601 852 evellere
1645 811 1883 865 gestientes,

82 874 342 927 claustrisque
368 873 548 914 omnibus
574 888 673 927 quae
693 871 990 913 accuratissime
1011 871 1142 911 adfixa
1165 871 1322 911 fuerant
1340 869 1537 910 violenter
1556 867 1725 916 evulsis,
1754 881 1887 907 secum

81 930 156 970 iam
185 931 231 971 de
256 930 557 970 inhabitantium
583 930 708 970 exitio
734 929 1012 969 deliberantes.
1064 926 1176 969 Unus
1202 926 1367 979 denique
1394 932 1433 966 et
1457 939 1575 965 manu
1605 923 1820 979 promptior
1851 931 1891 964 et

83 1001 249 1041 corpore
273 987 426 1028 vastior
451 987 509 1027 his
535 986 717 1027 affatibus
743 1000 789 1025 se
816 992 859 1024 et
877 992 1029 1025 ceteros
1050 983 1259 1023 incitabat:
1290 982 1400 1022 Heus
1421 981 1552 1035 pueri,
1573 978 1695 1037 quati]
1715 980 1888 1020 maribus

86 1083 206 1109 lautae
220 1080 432 1110 multitudini
443 1083 518 1110 123.
530 1083 565 1110 G.
575 1083 612 1110 D.
623 1090 651 1116 p.
661 1083 696 1110 Ρ.
707 1078 736 1109 δ.
748 1081 768 1109 f.
790 1081 907 1109 Iunt.2.
927 1082 963 1107 In
979 1079 1097 1107 celeris
1113 1082 1159 1106 est
1175 1075 1386 1105 multitudini
1399 1079 1529 1105 Inulae.
1556 1076 1605 1104 sic
1618 1073 1890 1113 1‹‘.3.persuade-

84 1134 138 1154 res
147 1128 182 1156 F.
193 1129 223 1156 3.
235 1128 345 1156 G.D.'a
353 1128 615 1162 p.ni.P.L.(1uae
631 1130 791 1161 postrema
805 1125 915 1153 littera
929 1132 949 1152 a¹
961 1131 1027 1157 sed.
1043 1123 1195 1151 vocabuli
1209 1124 1318 1151 littera
1332 1122 1439 1150 intiali
1453 1126 1502 1150 est
1517 1122 1718 1157 transducta,
1728 1122 1813 1149 unde
1821 1123 1858 1150 R.
1869 1120 1890 1149 f.

77 1170 319 1209 persuaderem
329 1173 513 1200 effecerunt.
539 1169 723 1199 sedabesta
735 1171 755 1198 f.
765 1172 802 1198 R.
831 1167 883 1196 Ea
898 1177 952 1203 pro
966 1166 1024 1196 secl
1035 1170 1155 1196 liabent
1170 1168 1205 1195 F.
1215 1169 1245 1195 3.
1255 1169 1291 1195 G.
1301 1168 1339 1194 D.
1349 1165 1376 1195 d'.
1392 1168 1425 1195 Ο,
1442 1166 1544 1201 (quod
1558 1167 1624 1195 nisi
1639 1167 1680 1195 ad
1692 1164 1893 1193 humanitas

83 1217 251 1253 retuleris,
278 1225 341 1245 non
355 1219 450 1245 habet
466 1225 527 1250 quo
542 1216 671 1244 defendi
685 1216 798 1250 possit.
825 1213 1025 1242 Inconcinna
1039 1214 1135 1246 plane
1149 1216 1198 1240 est
1212 1212 1290 1240 Oud.
1306 1211 1493 1239 coniectura
1514 1209 1592 1247 Eia,
1608 1219 1805 1245 quamquam
1823 1211 1893 1239 scio

83 1264 173 1290 locos
187 1270 276 1297 esse,
295 1263 329 1290 in
343 1262 461 1295 quilius
476 1261 678 1295 indignantis
692 1262 743 1288 vel
759 1260 805 1287 rei
820 1259 1018 1292 impatientis
1032 1265 1165 1285 sensum
1179 1256 1330 1291 exprimit
1351 1256 1817 1290 cf.Hanu.'rurse11.11.p.363
1828 1264 1893 1291 sq.;

84 1314 143 1335 nec
163 1307 271 1335 minus
291 1309 518 1340 comprobatur
540 1303 610 1332 ohe
630 1307 683 1333 vel
704 1299 790 1331 lieu!
836 1303 944 1332 Aliter
964 1302 1103 1330 coniecit
1118 1303 1197 1330 Oud.
1217 1300 1347 1329 scilicet
1362 1300 1406 1335 εἰ,
1434 1302 1515 1334 quod
1534 1301 1599 1329 fere
1613 1301 1733 1335 ubique
1746 1301 1892 1337 intrudit,

83 1351 139 1379 uhi
152 1358 168 1378 ε
180 1352 393 1386 conspicuum
407 1354 466 1379 est.
509 1357 573 1386 per
588 1358 643 1384 pro
654 1348 831 1386 paulisper
844 1355 879 1376 π.
928 1345 1126 1374 humanitas
1142 1349 1259 1374 vestra
1273 1350 1320 1375 est
1335 1346 1368 1374 in
1382 1347 1452 1374 edd.
1467 1346 1572 1374 Bas-il.
1609 1354 1650 1373 ne
1663 1344 1841 1373 discrimen
1855 1347 1893 1375 L.

82 1404 148 1423 non
162 1394 256 1424 modo
270 1395 391 1423 merito
406 1397 441 1423 G.
454 1397 484 1423 2.
500 1397 537 1423 D.
554 1397 588 1423 P.
636 1402 706 1421 meo
722 1395 811 1422 deest
825 1394 857 1421 in
872 1393 948 1421 Bas.
966 1394 993 1420 1.
1043 1390 1229 1418 rationulis
1244 1392 1265 1419 f.
1282 1400 1335 1425 pro
1355 1399 1441 1419 inore
1460 1392 1634 1419 constanti.
1682 1393 1799 1418 evento
1810 1390 1895 1430 sm·-

86 1441 175 1469 tm‘tu
187 1442 301 1470 Venet.
318 1443 347 1469 2.
374 1440 459 1476 [Non
474 1444 592 1469 temere
606 1440 764 1474 scriptum
778 1441 863 1467 esset
875 1459 882 1470 ,
908 1437 935 1465 si
951 1439 1068 1464 enemo
1083 1437 1297 1469 omittendum
1314 1435 1474 1475 fortuitu
1489 1436 1574 1464 enim
1589 1436 1692 1464 forma
1707 1439 1772 1472 est,
1799 1443 1895 1470 quam

83 1494 195 1515 omnes
214 1486 291 1515 libri
311 1489 517 1521 comprobant
537 1486 623 1519 apud
644 1487 760 1513 Donat.
781 1485 851 1513 Art.
872 1485 924 1511 Gr.
939 1484 1021 1511 Sect.
1036 1483 1122 1510 xm.
1139 1490 1167 1515 p.
1183 1483 1234 1510 21.
1264 1482 1389 1510 Lindin.
1405 1484 1501 1510 Mart.
1521 1482 1648 1517 Lagun.
1664 1481 1732 1510 Cic.
1751 1482 1834 1515 Epp.
1854 1481 1896 1509 ad

83 1532 174 1560 Fam.
187 1533 226 1560 V.
242 1533 272 1560 8.
287 1533 379 1560 Goer.
393 1531 433 1560 ad
448 1531 552 1559 eiusd.
567 1532 606 1559 de
619 1530 691 1558 Fin.
706 1530 746 1558 V.
767 1531 816 1558 ll.
833 1529 864 1561 §—
879 1529 932 1556 33.
947 1527 1053 1556 Beier.
1070 1528 1109 1556 ad
1124 1528 1228 1555 eius-d.
1244 1528 1282 1555 de
1296 1527 1345 1555 ot’f.
1357 1528 1379 1563 1,
1395 1528 1448 1554 29.
1463 1527 1493 1560 S.
1512 1528 1585 1554 ¹103.
1600 1528 1720 1555 Moser.
1735 1528 1776 1555 ad
1791 1527 1894 1555 eiusd.

84 1577 122 1605 de
136 1577 246 1605 Divin.
260 1578 300 1605 11.
313 1578 366 1605 28.
379 1578 411 1611 S.
427 1577 479 1604 61.
495 1579 523 1603 et
540 1577 577 1604 de
591 1576 662 1604 Fat.
677 1583 704 1603 c.
720 1576 749 1602 9.
764 1575 795 1609 S.
813 1573 880 1609 ’19.]
929 1571 1090 1600 invidiam
1105 1580 1169 1601 non
1184 1576 1344 1606 comparet
1360 1572 1394 1600 in
1408 1572 1429 1600 f.

169 1620 372 1659 poculentus
386 1631 418 1655 φ.
445 1621 486 1649 cf.
502 1621 580 1649 Oud.
596 1621 634 1649 ad
650 1622 738 1648 Suet.
753 1621 823 1649 Olli.
834 1622 863 1647 2.
886 1617 1066 1654 potulutus
1081 1618 1115 1646 0.
1130 1618 1163 1645 in
1178 1625 1278 1653 marg.
1289 1616 1505 1654 postulemus
1520 1618 1554 1645 P.
1604 1615 1784 1654 aliquanto
1799 1615 1896 1654 quod.

84 1668 120 1696 B.
169 1674 275 1694 meum
295 1669 385 1696 abest
406 1674 426 1695 a
445 1667 481 1694 B.
494 1666 609 1694 Vellet.
624 1667 654 1693 2.
670 1667 700 1693 4.
725 1665 834 1694 Aldin.
856 1663 961 1692 Paris.
976 1663 1131 1691 Brantius
1147 1671 1201 1697 pro
1216 1670 1331 1690 verum
1345 1663 1483 1691 coniecit
1498 1671 1607 1691 unum.
1657 1665 1770 1690 autem
1785 1664 1898 1691 exulat

85 1719 106 1740 a
123 1713 162 1740 D.
184 1720 204 1741 a
223 1720 251 1746 p.
273 1720 313 1740 m.
334 1715 363 1740 et
383 1713 437 1744 B..
464 1711 559 1739 uncis
580 1710 745 1739 inclusum
765 1712 804 1739 ab
825 1711 909 1738 Elm.
930 1712 958 1737 et
979 1716 1067 1742 seqq.
1118 1707 1232 1735 m'deus
1253 1708 1272 1736 s.
1323 1710 1348 1736 F.
1364 1709 1636 1743 praecedentibus
1650 1708 1747 1737 etiam
1760 1708 1812 1736 llic
1827 1710 1898 1735 cres

85 1755 247 1794 quosdam
261 1759 385 1786 mavult
399 1757 566 1785 Pricaeus.
613 1755 746 1783 aborli's
759 1753 787 1783 δ.
815 1754 943 1782 obortis
957 1754 1071 1782 Venet.
1087 1756 1118 1781 2.
1132 1756 1216 1782 lunt.
1235 1755 1260 1781 l.
1275 1753 1387 1782 Aldin.
1445 1752 1466 1794 ᾗ
1479 1754 1561 1787 quod
1576 1754 1608 1782 in
1622 1754 1711 1781 codd.
1726 1754 1762 1781 L.
1777 1753 1899 1789 legitur

86 1803 220 1831 Colvius
233 1804 319 1831 male
332 1802 462 1837 exponit
476 1809 594 1838 ᾳιιαηι,
620 1808 703 1835 quae
723 1801 887 1835 particula
906 1800 1047 1834 adauget
1066 1799 1303 1833 superlativum
1323 1799 1586 1834 diligentissime.
1625 1799 1686 1826 Sed
1702 1798 1850 1828 notailla
1875 1795 1899 1838 ᾗ

86 1855 150 1876 non
169 1848 277 1883 signat
299 1855 400 1884 quam
419 1848 475 1875 sed
496 1853 605 1884 quae;
632 1847 788 1880 quomodo
807 1845 915 1874 lenius
935 1844 1075 1878 procedit
1097 1844 1266 1879 periodus,
1291 1852 1387 1878 quain
1407 1852 1464 1878 per
1476 1844 1704 1879 parenthesin,
1726 1846 1899 1877 quaetun‹·.

87 1893 166 1921 foret
180 1892 392 1921 instituenda.
440 1890 702 1919 accuratissime
721 1891 850 1919 incuria
870 1891 1039 1923 delapsum
1054 1893 1099 1918 est
1115 1897 1155 1918 ex
1170 1890 1218 1917 ed.
1234 1890 1354 1917 Florid.
1403 1886 1528 1925 affissa
1542 1890 1580 1917 D.
1628 1886 1830 1916 inhabitura
1843 1896 1899 1924 pro

86 1935 351 1965 inhabitantium
366 1939 400 1967 0.
449 1936 575 1964 exsilio
590 1936 629 1964 D.
667 1936 779 1964 ustr'or
792 1944 848 1970 pro
865 1934 996 1962 castior
1010 1936 1045 1962 L.
1080 1933 1290 1970 promptiore
1303 1937 1337 1961 ee
1350 1942 1492 1970 corpore
1505 1934 1658 1962 vastiore
1671 1933 1692 1962 f.
1729 1931 1899 1970 affatibus

86 1985 124 2011 1).
139 1990 159 2011 a
171 1991 212 2011 m.
227 1991 253 2012 s.
302 1986 334 2010 et
349 1985 480 2010 ceteros
495 1984 530 2011 F.
545 1983 575 2010 3.
591 1984 626 2009 G.
641 1981 662 2009 f.
676 1983 713 2010 L.
738 1983 774 2009 111
788 1981 906 2010 ceteris
920 1982 952 2007 el
968 1987 1030 2007 non
1045 1980 1254 2014 conspicitur.
1300 1987 1386 2015 puer
1395 1979 1415 2007 f.
1438 1979 1539 2015 pueri
1550 1980 1690 2017 inquam
1702 1980 1777 2008 Ra.
1799 1978 1902 2015 pueri

86 2027 198 2065 inqu-ft
211 2027 361 2056 maribus
375 2029 411 2056 F.
430 2029 456 2055 1.
471 2029 508 2056 R.
523 2024 552 2055 δ.
568 2029 603 2055 L.
620 2030 649 2055 et
663 2027 713 2055 vir
726 2028 839 2055 doctus
853 2027 893 2054 ad
908 2032 1008 2058 marg.
1023 2026 1072 2053 ed.
1087 2025 1215 2053 Vicent.
1230 2026 1311 2053 Elin.
1329 2025 1414 2053 false
1434 2025 1582 2053 scribens
1602 2025 1634 2053 in
1648 2026 1685 2053 B.
1711 2032 1784 2053 esse
1798 2031 1899 2062 quam

146 2104 398 2143 audientiam
407 2104 631 2155 publicam.
666 2102 746 2154 [De
767 2101 842 2141 hac
866 2114 963 2139 voce
1023 2100 1230 2140 clientium.
1281 2100 1323 2138 Si
1351 2101 1443 2152 quid
1468 2101 1693 2140 mutandum
1719 2101 1900 2152 equidem

89 2160 138 2199 cf.
154 2159 318 2199 Taubm.
338 2160 388 2198 ad
411 2159 535 2198 Plaut.
557 2152 681 2197 Poen.v
698 2158 803 2197 Prol.
820 2157 863 2195 11.
892 2156 963 2195 Est

89 2212 271 2269 ἀκρόασις
295 2217 457 2255 auditio
472 2215 607 2254 Gloss.
623 2214 755 2266 Cyrill.
781 2209 964 2265 ἀκρόασις

89 2273 318 2318 audientia,
337 2272 598 2316 (ιιιεοιιῖίαίίο,
619 2272 798 2311 auditus.
830 2271 897 2309 Sic
911 2271 961 2308 in-

89 2328 328 2380 telligendus
360 2332 422 2367 est
447 2328 555 2366 locus
581 2326 743 2366 Arnobii
773 2326 800 2366 l.
828 2330 891 2367 29.
925 2332 963 2366 et

91 2386 256 2425 humani
280 2387 321 2423 iu
346 2386 507 2438 yeneris
531 2385 745 2423 audientia
765 2384 969 2423 collocari

92 2442 115 2481 i.
141 2455 174 2480 e.
208 2446 249 2480 ut
279 2442 327 2479 ab
354 2441 531 2479 omnibus
557 2440 777 2479 hominibus
803 2454 879 2478 una
903 2452 966 2477 au-

91 2498 267 2537 diremur.
316 2497 365 2537 cf.
390 2496 513 2536 Orell.
540 2497 589 2535 ad
622 2497 659 2535 h.
683 2496 708 2535 l.
736 2495 846 2535 Toni.
870 2495 896 2534 l.
929 2509 966 2546 p.

92 2557 206 2601 309„
232 2555 297 2606 qui
322 2554 370 2593 ad
392 2554 598 2593 collocari
621 2553 724 2592 male
738 2552 844 2591 addit
865 2553 964 2603 cogi-

90 2612 236 2650 tatione
264 2612 498 2650 oratiouem.
560 2609 621 2648 Ex
646 2614 726 2648 toto
752 2610 853 2647 enim
878 2622 964 2647 sen-

91 2668 294 2706 tentiarum
331 2680 433 2705 nexu
463 2666 716 2705 adiiciendum
750 2666 836 2704 erit:
879 2679 966 2704 nos.

93 2723 140 2763 cf.
162 2722 239 2763 Cic.
262 2723 380 2763 Tusc.
395 2723 463 2761 lV.
486 2726 552 2764 29.
571 2728 723 2762 natura
821 2723 861 2760 ιή
876 2736 967 2761 con-

92 2785 233 2832 spectu
262 2781 417 2832 posita.
476 2779 565 2817 Nec
588 2779 713 2817 minus
739 2778 843 2816 idem
868 2782 969 2817 errat

93 2835 266 2875 Orellius
297 2837 550 2876 audientiam
574 2835 636 2873 hic
661 2848 729 2886 pro
756 2835 968 2874 auditorio

91 2893 377 2945 interpretatus,
392 2892 502 2932 cuius
516 2891 786 2943 explicationis
795 2904 842 2929 ne
853 2904 967 2929 unum

95 2949 249 3000 quidem
274 2952 382 2988 extat
405 2949 552 3001 probae
578 2949 816 2986 auctoritatis
839 2961 967 2986 exem-

95 3004 210 3056 plum.
242 3005 282 3044 ln
299 3006 375 3043 vita
391 3005 537 3043 Lucani
553 3005 774 3056 praemissa
789 3004 847 3043 ed.
859 3003 967 3044 Grot.

95 3060 301 3112 legendum
345 3065 407 3100 est
443 3062 703 3101 Declamaeit
744 3065 783 3099 cc
816 3074 969 3113 qraecc

96 3122 135 3156 et
160 3117 285 3157 latine
311 3131 400 3158 cum
424 3133 575 3172 vmassua
603 3118 876 3157 admiratione
900 3133 967 3158 au-

1022 2157 1206 2195 emendo:
1237 2158 1278 2195 in
1305 2158 1494 2196 ‹tmlt'enti
1519 2158 1632 2197 circo
1658 2157 1823 2210 locui-22]

1079 2212 1140 2251 CA
1149 2228 1178 2251 r.
1195 2214 1243 2251 V.
1275 2218 1419 2253 autem.
1479 2213 1608 2266 [Male
1620 2214 1754 2253 exulat
1767 2219 1900 2254 autem

1023 2283 1045 2307 a
1059 2270 1229 2309 nonnull.
1244 2269 1372 2315 codd„
1398 2284 1515 2321 quum
1531 2271 1671 2309 librarii
1691 2271 1767 2308 vim
1788 2271 1899 2322 parti·

1022 2326 1134 2365 culae
1154 2327 1409 2378 negligerent,
1425 2340 1540 2378 quain
1556 2327 1805 2379 parenthesis
1814 2340 1899 2379 pro-

1028 2384 1146 2434 priam
1166 2384 1240 2421 sibi
1263 2384 1444 2429 vindica&
1476 2384 1523 2422 cs.
1546 2384 1663 2423 Goer.
1685 2384 1734 2422 ad
1750 2383 1826 2422 Cic.
1849 2383 1901 2421 de

1026 2439 1111 2479 Fin.
1143 2439 1204 2478 111.
1240 2444 1275 2480 7.
1302 2444 1367 2481 24.
1399 2439 1524 2479 Beier.
1557 2440 1606 2478 de
1642 2441 1740 2479 offic.
1767 2439 1829 2478 Ill.
1862 2444 1898 2480 5.

1027 2495 1069 2533 T.
1086 2495 1130 2535 11.
1156 2510 1192 2547 p.
1209 2500 1301 2537 221.
1328 2496 1454 2536 Hand.
1482 2495 1695 2536 Tursell.l.
1719 2510 1756 2548 p.
1779 2495 1897 2548 570.]

1082 2554 1234 2592 evulsis.
1285 2552 1464 2605 [Et-ulus
1485 2555 1705 2592 coniectura
1719 2552 1820 2591 Oud.
1842 2567 1900 2592 ‘re-

1024 2608 1144 2648 vulsis
1168 2624 1242 2648 non
1269 2614 1350 2649 erat
1380 2610 1623 2655 tentandum,
1650 2623 1767 2660 quum
1797 2609 1900 2648 idem

1026 2665 1184 2704 verbum
1205 2681 1278 2705 non
1298 2680 1478 2718 inagnum
1492 2671 1585 2718 post
1598 2665 1839 2705 intervallum
1852 2666 1900 2704 ab

1026 2726 1184 2761 auctore
1202 2724 1364 2774 saepius
1385 2727 1590 2774 repetatur.
1628 2722 1676 2761 cs.
1692 2721 1787 2760 Met.
1801 2721 1847 2762 ll.
1861 2736 1900 2775 p.

1029 2782 1120 2819 122.
1131 2781 1284 2819 amissis
1298 2803 1349 2808 -
1360 2781 1505 2819 αηιὶεεο
1518 2778 1724 2831 lll.p.179.
1739 2779 1902 2832 elapsus

1025 2858 1081 2864 ——-
1095 2836 1337 2876 elaberetur.
1363 2836 1410 2874 cs.
1426 2835 1527 2874 Cort.
1542 2836 1592 2874 ad
1612 2835 1758 2874 Lucan.
1774 2834 1800 2875 1.
1817 2835 1900 2888 24.]

1083 2893 1274 2946 affatibus
1311 2897 1475 2932 ceteros.
1537 2891 1680 2943 [Mirus
1711 2896 1774 2930 est
1805 2896 1900 2945 optt.

1027 2948 1140 2988 codd.
1173 2962 1391 2987 consensus
1417 2949 1452 2986 in
1481 2948 1647 2987 lectione
1672 2953 1709 2987 et
1734 2954 1899 2989 ceteros.

1026 3004 1112 3056 Ego
1144 3006 1306 3044 coniicio
1337 3019 1377 3044 sc
1406 3010 1445 3044 et
1474 3009 1627 3044 ceteros
1657 3005 1761 3056 quod
1791 3019 1900 3058 prae-

1027 3061 1192 3100 cedente
1207 3061 1332 3100 littera
1343 3075 1362 3100 s
1377 3060 1490 3099 facile
1504 3065 1656 3112 poterat
1670 3062 1898 3114 absorbet-L]

1086 3132 1204 3171 quam
1222 3118 1413 3158 ‘uteribus
1474 3117 1529 3156 lta
1551 3131 1600 3156 ex
1615 3118 1790 3170 vestigiis⁴
1805 3123 1898 3171 opti.
