2155 3590
619 161 801 202 LIBER
830 162 925 203 Vll.

90 271 331 326 Quamquam
360 287 431 314 nec
457 274 556 314 istud
584 274 735 328 puduit,
757 272 763 331 1
784 289 843 316 me
869 289 953 315 cum
980 290 1065 316 meo
1099 274 1242 315 famulo
1275 286 1437 326 meoque
1474 280 1632 313 vectore
1669 272 1734 313 illo
1772 287 1871 327 equo
1896 279 1960 311 452

91 331 233 369 factum
260 343 493 371 conservum
521 337 635 384 atque
661 333 881 385 coniugem.

650 480 886 527 CAP

983 161 1110 203 CAP.
1140 161 1214 203 111.
1245 161 1316 201 iv.

946 481 1092 527 UT

1788 160 1869 203 525

1208 480 1307 527 IV.

199 587 363 628 Talibus
390 588 692 642 cogitationibus
720 591 968 630 fluctuantem
996 589 1114 629 subiit
1140 603 1199 630 me
1224 589 1291 629 illa
1321 601 1413 628 cura
1446 587 1594 642 potior,
1628 601 1701 640 qua
1729 593 1874 626 statuto

89 645 252 685 consilio
266 645 461 684 latronum
479 646 656 685 manibus
671 645 837 697 virginis
853 647 1047 685 decretam
1064 660 1124 686 me
1138 645 1336 686 victimam
1353 643 1603 693 recordabar,
1620 650 1875 696 ventremque

89 770 187 798 quum
209 769 263 795 pro
284 770 485 799 quamquam
500 763 552 796 0.,
579 763 607 790 si
629 763 704 790 fides
726 766 772 790 est
792 763 944 797 Pricae03
970 769 1043 790 nam
1066 763 1098 790 in
1118 763 1271 791 Gronovii
1292 763 1405 791 Collat.
1418 761 1499 789 nihil
1515 760 1686 789 varietatis
1706 763 1773 788 erat
1789 763 1816 786 ιιι
1832 759 1878 786 ita

87 808 234 834 emendat
250 808 300 835 vir
313 809 426 835 doctus
441 809 481 836 ad
497 815 594 841 marg.
611 808 684 835 edit.
699 815 791 836 meae
802 807 929 836 Vin-ent.

978 806 1031 834 vel
1042 806 1134 835 istud
1145 809 1238 836 Vulc.
1252 809 1282 836 2.

1331 806 1520 843 conge'ugem
1533 807 1572 834 D.

178 850 423 887 agitatfunilms
438 854 472 881 G.
490 854 518 881 1.
532 854 562 880 2.
578 854 612 881 P.
623 853 838 881 R.0.1J.1unt.
850 854 879 881 2.
903 854 940 880 In
954 855 1026 880 ceti.
1042 853 1130 881 codd.
1146 856 1172 880 el
1188 853 1256 881 edd.
1267 855 1353 888 velt„
1369 855 1536 886 praeterea
1547 850 1580 878 in
1592 850 1686 879 Vulc.
1703 851 1732 877 2.
1747 852 1775 877 et
1790 856 1878 881 seqq.

87 900 174 924 extat
189 896 460 933 cugz'cutz'mn'lms.

86 944 118 970 Is
132 942 216 970 enim
231 950 301 970 cum
316 946 386 969 ceu.
401 944 491 970 codd.
505 946 532 970 el
549 944 617 970 edd.
633 945 725 971 habet
742 941 852 970 subiit.

508 896 594 924 subit
609 899 643 925 F.
664 899 689 925 l.
704 900 734 926 3.
749 899 784 925 G.
805 898 830 926 l.
846 897 867 925 f.
882 896 1004 931 (neque
1016 905 1094 925 vero
1109 898 1141 926 in
1155 899 1190 926 G.
1205 899 1234 926 ⁶2.
1245 920 1252 934 ‚
1272 901 1306 925 ut
1319 905 1360 925 ex
1372 896 1444 925 suis
1458 895 1621 929 excerptis
1635 895 1763 929 protulit
1778 894 1878 927 Oud.)

900 949 985 969 cura
997 940 1059 968 illa
1079 944 1115 970 G.
1131 944 1159 970 1.
1175 944 1205 972 2.
1220 944 1255 971 Ρ.
1272 942 1291 971 f.
1305 943 1342 970 D.

1391 948 1490 979 quum
1504 942 1637 968 statuto
1657 941 1692 968 G.
1709 940 1782 967 v1.2.
1796 940 1833 967 D.
1849 946 1877 972 n.

88 989 301 1024 ventremque
320 988 354 1015 F.
380 988 406 1015 1.
422 988 452 1015 3.
473 989 509 1016 G.
522 989 554 1014 2.
569 989 606 1016 1).
624 995 650 1021 n.
666 987 685 1016 t.
701 989 736 1016 B.
751 985 779 1015 δ.
799 988 879 1016 Edu.
899 990 973 1015 vett.
994 988 1076 1016 Elm.
1098 987 1337 1016 Sc1·iv.F10riu.
1361 988 1397 1015 In
1417 985 1533 1015 celeris
1553 992 1615 1023 qne
1635 985 1796 1020 particula
1815 991 1878 1011 non

87 1035 260 1066 comparet.
286 1034 433 1059 nescirem
449 1040 578 1069 qnoque
593 1034 628 1060 G.
643 1032 673 1060 1.
688 1034 722 1060 0.

146 1119 403 1170 Quamquam
427 1133 500 1158 nee
524 1120 634 1157 istud
650 1120 814 1170 pmlm’l.
840 1118 952 1156 Hunc

88 1174 226 1219 locum,
251 1176 304 1212 uti
330 1174 445 1212 hodie
473 1175 506 1212 in
522 1175 623 1212 Mss.
641 1175 790 1224 legitur,
816 1188 952 1213 sanum

86 1245 162 1268 non
187 1243 280 1268 esse
306 1230 372 1267 viri
398 1231 498 1268 docti
525 1234 720 1280 putarunt,
747 1231 848 1268 unde
869 1230 954 1267 (³01-

88 1288 170 1324 vius
207 1286 438 1324 emendabat
476 1287 536 1325 rel
570 1287 697 1330 istud,
736 1290 776 1323 nt
806 1286 955 1323 scilicet

84 1343 271 1380 referatur
307 1342 355 1379 ad
387 1341 561 1380 Lucium.
611 1342 693 1380 Sed
732 1343 873 1379 rectius
904 1342 954 1379 ad

85 1399 211 1450 ipsam
228 1398 413 1436 fortunam
429 1399 608 1449 pertinet,
625 1400 743 1448 'quam
760 1412 808 1435 ne
822 1398 956 1449 puduit

86 1455 259 1505 quidem,
292 1454 454 1492 Lucium
488 1454 616 1492 facere
646 1468 875 1492 conservum
904 1454 955 1492 fa-

84 1511 188 1549 mulo
204 1525 276 1549 suo
289 1514 325 1548 et
335 1511 476 1548 vectori
490 1524 601 1561 equo.
619 1510 749 1556 Quare
758 1510 954 1549 Beroaldo

85 1567 242 1618 placuit,
268 1567 393 1604 semel
413 1567 528 1605 modo
552 1582 666 1617 (secam
687 1568 871 1611 scribere,
891 1567 956 1604 Li-

84 1625 195 1676 psius
222 1637 306 1661 cum
333 1623 406 1661 alio
428 1623 506 1661 viro
527 1623 641 1662 docto
662 1624 956 1675 rescripserunt,

88 1694 299 1733 quamque,
326 1678 511 1718 Pricaeus
536 1680 639 1717 baud
665 1680 765 1717 male
792 1681 955 1718 coniecit

88 1751 207 1790 quam
224 1736 402 1788 quidem.
424 1736 527 1786 quod
547 1737 661 1774 tacito
681 1740 880 1788 receptum
893 1740 954 1774 est

84 1806 108 1830 a
131 1791 303 1830 Florido.
355 1791 471 1843 [Nam
499 1793 533 1830 in
561 1792 621 1829 bis
659 1794 708 1830 ob
741 1794 954 1844 scripturae

85 1849 314 1899 compendia
341 1848 524 1899 frequens
551 1853 611 1886 est
637 1849 825 1887 confusio.
852 1849 952 1887 Oud.

85 1905 215 1943 incidit
228 1905 262 1943 in
278 1909 445 1943 mentem
461 1906 631 1943 scribere
653 1920 772 1958 quam
786 1919 958 1957 'nequam

84 1975 158 2000 nec
171 1961 255 1999 sive
269 1975 318 2000 ne
333 1961 505 2013 quidem.
554 1962 706 2013 *equam
723 1975 788 2012 pro
804 1962 957 2012 nequis-

85 2019 236 2056 simam.
264 2017 365 2069 [Nisi
381 2031 501 2055 sonus
517 2017 632 2068 plane
648 2018 831 2063 obstaret.
853 2018 956 2068 equi-

86 2074 175 2111 dem
203 2073 371 2123 legerem
396 2087 532 2125 quam
562 2087 815 2125 qemmqmcm.
854 2073 957 2111 Fere

87 2129 225 2167 eadem
238 2129 385 2167 ratione
394 2128 869 2180 dixittht.Epi‹l.ll.1A.
887 2130 957 2168 ld-

85 2199 142 2224 ne
163 2186 318 2238 pudet
342 2190 400 2232 te,
430 2187 525 2238 quia
547 2187 747 2237 captivam
769 2199 848 2225 esse
861 2199 957 2224 mer-

87 2247 212 2281 catus.
241 2242 322 2279 Sed
349 2241 506 2279 forsitan
533 2242 641 2280 locus
661 2242 712 2278 ita
738 2245 867 2292 potest
892 2243 956 2279 de-

88 2298 253 2344 fen(li,ut
265 2299 673 2349 postpmlect'tsignum
689 2299 956 2349 interpunctio-

87 2356 145 2392 nis
156 2355 280 2392 minus
288 2358 462 2405 ponatur,
473 2358 573 2392 etex
589 2358 667 2391 toto
682 2356 955 2393 sententiarum

87 2424 262 2449 connexu
288 2411 362 2447 iam
389 2414 532 2461 pateat,
558 2411 604 2448 ad
635 2410 821 2449 fortunam
848 2411 957 2450 istud

80 2468 239 2518 puduit
263 2480 356 2504 esse
380 2466 637 2505 referendum.
664 2466 750 2504 Hoc
771 2481 860 2505 vero
881 2481 954 2504 non

87 2523 303 2574 negandum
314 2526 387 2568 est,
397 2523 528 2561 durius
543 2537 636 2561 esse
650 2537 775 2574 genus
791 2523 955 2569 dicendi,

86 2584 126 2618 et
149 2581 350 2630 utriusque
377 2580 558 2617 enuntiati
585 2579 871 2632 copulationem
891 2580 955 2618 de·

85 2636 258 2674 siderari.
318 2635 448 2673 Minus
490 2640 594 2674 recte
637 2637 750 2673 vertit
785 2636 954 2674 Rodius:

88 2693 215 2731 Hatl‘e
238 2692 309 2730 ich
332 2693 438 2731 mich
461 2693 586 2731 sehon
613 2693 757 2731 durnin
783 2693 955 2745 erqeben

85 2754 256 2794 miissen,
289 2749 384 2787 dass
413 2749 480 2788 iele
510 2750 580 2787 mit
610 2750 773 2788 mee'nem
799 2751 954 2800 eiqnem

88 2804 336 2856 Reityartle,
363 2805 547 2850 meust„
575 2805 697 2844 Last-
722 2806 808 2843 mul
826 2805 953 2857 Krip-

83 2873 336 2912 penqenosse
359 2861 579 2913 qenmrden
604 2861 725 2913 war]

144 2917 368 2968 conia-qam.
394 2917 572 2955 Malebat
584 2916 767 2956 Pricaeus
784 2931 952 2969 συνηνε-

84 2985 194 3023 Hem,
220 2974 308 3022 quia
331 2973 520 3012 hactenus
538 2973 684 3011 Lucius
708 2973 876 3012 nondum
901 2974 954 3012 al-

88 3027 394 3078 ligatustuisset
419 3031 470 3069 ad
493 3032 621 3082 iugum
647 3043 833 3069 una-cum
853 3043 953 3081 equo

88 3096 173 3121 suo,
204 3084 285 3123 Sed
298 3090 403 3124 recte
417 3087 491 3125 iam
503 3090 634 3124 monet
647 3086 762 3128 Oud..-
776 3086 953 3124 eiusdem

88 3141 282 3178 servitutis
314 3143 401 3194 iugo
433 3143 496 3181 vel
530 3143 656 3181 eidem
681 3144 775 3183 sorti
802 3146 841 3181 et
865 3157 952 3182 con-

1011 1119 1150 1157 dicioni
1170 1122 1374 1169 utrumque
1396 1117 1596 1169 alligatum
1617 1121 1657 1155 et
1673 1117 1880 1155 obnoxium

1013 1175 1146 1213 fuisse.
1173 1175 1304 1213 Minus
1318 1180 1421 1212 recte
1435 1188 1524 1212 vero
1540 1174 1656 1218 addit,
1682 1172 1880 1210 adlusisse

1012 1231 1221 1281 Apuleium
1242 1231 1291 1269 ad
1312 1230 1610 1269 contubernales
1636 1231 1671 1267 in
1692 1242 1766 1267 una
1780 1228 1881 1267 cella

1013 1287 1254 1331 habitantes,
1289 1300 1405 1337 quum
1437 1300 1575 1324 servus
1601 1290 1639 1323 et
1663 1299 1777 1322 serva
1801 1288 1880 1322 tan-

1012 1342 1210 1380 tummodo
1254 1343 1307 1380 ita
1348 1343 1605 1386 nominentur,
1644 1342 1725 1391 qui,
1764 1354 1877 1391 quun»

1014 1399 1113 1436 coitu
1139 1402 1270 1436 mutuo
1296 1402 1464 1442 utantur,
1502 1398 1616 1435 etiam
1638 1398 1672 1434 in
1693 1411 1768 1435 una
1781 1397 1882 1434 cella

1013 1454 1271 1493 habitaverint
1300 1458 1339 1492 et
1368 1456 1429 1492 uni
1461 1454 1657 1492 servitutis
1684 1454 1772 1503 iugo
1806 1454 1882 1490 sint

1014 1511 1220 1562 subpositi.
1246 1510 1346 1563 [Sed
1361 1511 1495 1548 asinus
1511 1514 1549 1548 et
1574 1522 1698 1560 equus
1725 1522 1883 1559 semper

1015 1568 1184 1618 copulati
1211 1567 1361 1606 fuerunt
1391 1567 1480 1605 inde
1511 1567 1559 1606 ab
1590 1566 1779 1617 temporis
1804 1579 1883 1602 mo-

1015 1629 1162 1669 mento,
1189 1636 1265 1674 quo
1291 1625 1340 1663 ab
1362 1623 1572 1662 latronibus
1592 1623 1640 1662 ad
1662 1636 1778 1660 onera
1798 1635 1882 1672 por-

1012 1680 1129 1720 tanda
1154 1684 1261 1718 erant
1280 1681 1463 1731 surrepti,
1489 1683 1527 1717 et
1541 1693 1656 1730 quum
1673 1681 1823 1729 praeter
1836 1691 1884 1716 ea

1013 1737 1118 1775 nulla
1143 1741 1281 1775 essent
1312 1737 1521 1775 latronibus
1554 1737 1737 1781 iumenta,
1771 1734 1881 1785 quasi

1012 1794 1140 1844 iugum
1166 1793 1419 1845 efficiebant]

1071 1849 1157 1887 Cn.
1185 1849 1253 1889 lv,
1314 1849 1646 1902 coquationilms.
1708 1847 1881 1885 Alteram

1020 1906 1222 1944 lectionem
1254 1906 1551 1957 «attritionibus
1587 1903 1882 1956 praeferendam

1016 1976 1110 2000 esse
1140 1962 1241 2000 Oud.
1266 1965 1392 2013 putat,
1424 1960 1652 2011 metaphora
1677 1961 1883 2010 desumpta

1016 2033 1040 2057 a
1063 2018 1174 2060 inari,
1201 2018 1305 2068 quod
1330 2019 1454 2055 ventis
1479 2021 1671 2067 aestuque
1686 2018 1788 2055 vario
1803 2016 1882 2066 agi-

1015 2079 1134 2113 tatum
1149 2074 1315 2118 fluctuat,
1335 2078 1376 2111 ut
1389 2074 1490 2125 apud
1507 2073 1621 2112 Ovid.
1636 2071 1881 2111 Heroid.Vil.

1017 2134 1080 2171 39.
1107 2131 1154 2169 cf.
1180 2130 1227 2169 ad
1249 2130 1342 2168 Met.
1356 2129 1424 2167 XI.
1440 2144 1476 2181 p.
1493 2134 1586 2170 814.
1611 2129 1706 2168 Met.
1722 2128 1747 2167 l.
1762 2142 1800 2180 p.
1818 2132 1882 2168 42.

1016 2188 1048 2225 si
1065 2187 1168 2239 quid
1180 2187 1298 2225 aliud
1312 2187 1570 2238 εοῃίίανίι,
1596 2186 1658 2224 ubi
1675 2185 1777 2224 Oud.
1792 2186 1883 2223 item

1016 2244 1191 2295 ayitare't
1226 2244 1439 2295 praeponit.
1489 2242 1569 2294 [De
1605 2242 1883 2293 Significatione

1015 2300 1122 2337 vocis
1148 2300 1311 2352 ‹cyitare
1335 2299 1397 2336 vel
1423 2300 1586 2351 ayitare
1617 2303 1760 2344 mente,
1794 2312 1882 2337 cum

1016 2357 1151 2394 animo
1176 2355 1224 2394 cf.
1238 2355 1393 2394 Ruhnk.
1408 2355 1509 2394 Dict.
1530 2355 1579 2394 ad
1595 2354 1708 2393 Ovid.
1724 2354 1881 2393 Heroid.

1013 2411 1157 2450 XVlll.
1185 2416 1248 2452 54.
1275 2425 1311 2463 p.
1340 2416 1430 2452 102.
1457 2412 1527 2450 Dr.
1553 2412 1603 2450 ad
1627 2411 1712 2449 Liv.
1732 2409 1880 2448 XLIV.

1017 2472 1081 2508 18.
1109 2474 1143 2508 1.
1170 2468 1272 2506 Duk.
1298 2469 1349 2507 ad
1373 2467 1477 2506 Flor.
1494 2467 1560 2506 IV.
1577 2472 1614 2508 2.
1641 2471 1705 2507 83.
1731 2466 1879 2505 Manut.

1014 2524 1064 2563 ad
1090 2524 1168 2563 Cic.
1198 2524 1325 2575 Epist.
1363 2524 1413 2562 ad
1451 2524 1586 2563 Famil.
1610 2523 1676 2562 Vl.
1716 2528 1749 2563 1.
1787 2522 1817 2572 ξ.
1844 2525 1880 2562 2.

1013 2580 1190 2619 Lindem.
1221 2581 1273 2619 ad
1303 2581 1428 2619 Plaut.
1456 2580 1558 2618 Trin.
1586 2579 1629 2618 ll.
1660 2585 1691 2620 1.
1725 2583 1788 2619 35.
1829 2578 1881 2616 At

1012 2636 1076 2676 hic
1100 2637 1281 2688 equidem
1295 2637 1614 2690 coyitatt'onibus
1633 2636 1762 2687 potius
1777 2648 1881 2672 com-

1010 2694 1147 2746 probo.
1193 2693 1330 2733 Errant
1355 2694 1475 2740 enim,
1502 2694 1566 2743 qui
1584 2693 1745 2745 ayilare
1763 2695 1803 2728 et
1817 2705 1881 2729 co-

1010 2751 1149 2802 yitare
1184 2750 1284 2788 idem
1321 2750 1538 2801 significare
1573 2751 1727 2799 putent,
1764 2761 1880 2798 quum

1011 2808 1173 2858 ayitare
1181 2807 1231 2845 de
1246 2808 1362 2845 rebus
1378 2805 1640 2844 tantummodo
1658 2804 1728 2842 dici
1750 2807 1879 2854 queat,

1011 2875 1111 2912 quae
1136 2864 1303 2901 animum
1322 2863 1487 2914 graviter
1505 2861 1673 2899 alliciunt
1691 2864 1730 2898 et
1748 2860 1863 2898 stimu
1878 2885 1881 2889 -

1013 2918 1092 2957 lant
1116 2923 1155 2957 et
1178 2919 1296 2958 maris
1322 2919 1459 2964 instar,
1487 2916 1591 2968 quod
1604 2917 1732 2954 ventis
1746 2916 1879 2967 impel-

1014 2974 1111 3021 litur,
1143 2976 1351 3021 concitant,
1386 2974 1438 3012 de
1461 2976 1586 3012 animo
1623 2973 1735 3023 igitur
1765 2973 1877 3023 quasi

1010 3030 1229 3071 fluctuante.
1257 3031 1442 3081 idemque
1468 3029 1659 3080 significat
1689 3030 1880 3081 affinitio.

1011 3086 1111 3125 Hinc
1135 3092 1228 3139 puto
1249 3086 1545 3139 ayitatt'onibus
1564 3085 1626 3123 hic
1644 3084 1878 3136 superfluum

1011 3157 1105 3182 esse
1119 3174 1128 3190 ,
1156 3143 1257 3197 quod
1279 3143 1314 3181 in
1332 3145 1537 3199 fluctuare
1555 3143 1629 3180 iam
1650 3142 1751 3184 inest
1774 3142 1876 3181 notio
