<?xml version="1.0" encoding="UTF-8"?>
<!DOCTYPE html PUBLIC "-//W3C//DTD XHTML 1.0 Transitional//EN"
    "http://www.w3.org/TR/xhtml1/DTD/xhtml1-transitional.dtd">
<html xmlns="http://www.w3.org/1999/xhtml" xml:lang="en" lang="en">
 <head>
  <title>
</title>
<meta http-equiv="Content-Type" content="text/html;charset=utf-8" />
  <meta name='ocr-system' content='tesseract 3.04.00' />
  <meta name='ocr-capabilities' content='ocr_page ocr_carea ocr_par ocr_line ocrx_word'/>
</head>
<body>
  <div class='ocr_page' id='page_1' title='image "./operaomnia01apuluoft/operaomnia01apuluoft_0251.png"; bbox 0 0 2155 3590; ppageno 0'>
   <div class='ocr_carea' id='block_1_1' title="bbox 508 143 1158 188">
    <p class='ocr_par' dir='ltr' id='par_1_1' title="bbox 508 143 1158 188">
     <span class='ocr_line' id='line_1_1' title="bbox 508 143 1158 188; baseline 0.006 -5"><span class='ocrx_word' id='word_1_1' title='bbox 508 143 698 184; x_wconf 82' lang='lat' dir='ltr'>LIBER</span> <span class='ocrx_word' id='word_1_2' title='bbox 724 144 774 185; x_wconf 87' lang='lat'><strong>11.</strong></span> <span class='ocrx_word' id='word_1_3' title='bbox 835 145 961 186; x_wconf 89' lang='lat' dir='ltr'>CAP.</span> <span class='ocrx_word' id='word_1_4' title='bbox 991 146 1158 188; x_wconf 86' lang='lat' dir='ltr'><strong>XVIII.</strong></span> 
     </span>
    </p>
   </div>
   <div class='ocr_carea' id='block_1_2' title="bbox 1772 151 1855 195">
    <p class='ocr_par' dir='ltr' id='par_1_2' title="bbox 1772 151 1855 195">
     <span class='ocr_line' id='line_1_2' title="bbox 1772 151 1855 195; baseline 0.024 -2"><span class='ocrx_word' id='word_1_5' title='bbox 1772 151 1855 195; x_wconf 84' lang='lat'>117</span> 
     </span>
    </p>
   </div>
   <div class='ocr_carea' id='block_1_3' title="bbox 48 256 1855 821">
    <p class='ocr_par' dir='ltr' id='par_1_3' title="bbox 48 256 1855 821">
     <span class='ocr_line' id='line_1_3' title="bbox 56 256 1853 313; baseline 0.004 -16"><span class='ocrx_word' id='word_1_6' title='bbox 56 257 168 311; x_wconf 86' lang='lat' dir='ltr'><strong>Quae</strong></span> <span class='ocrx_word' id='word_1_7' title='bbox 187 270 419 311; x_wconf 87' lang='lat' dir='ltr'><strong>quamquam</strong></span> <span class='ocrx_word' id='word_1_8' title='bbox 439 256 578 307; x_wconf 83' lang='lat' dir='ltr'><strong>invita,</strong></span> <span class='ocrx_word' id='word_1_9' title='bbox 607 258 708 310; x_wconf 88' lang='lat' dir='ltr'><strong>qnod</strong></span> <span class='ocrx_word' id='word_1_10' title='bbox 734 271 756 297; x_wconf 84' lang='lat' dir='ltr'><strong>a</strong></span> <span class='ocrx_word' id='word_1_11' title='bbox 781 272 823 298; x_wconf 88' lang='lat' dir='ltr'><strong>se</strong></span> <span class='ocrx_word' id='word_1_12' title='bbox 849 273 980 313; x_wconf 82' lang='lat' dir='ltr'><strong>ungue</strong></span> <span class='ocrx_word' id='word_1_13' title='bbox 1004 259 1120 300; x_wconf 80' lang='lat' dir='ltr'><strong>latius</strong></span> <span class='ocrx_word' id='word_1_14' title='bbox 1141 259 1384 313; x_wconf 83' lang='lat' dir='ltr'><strong>digrederer,</strong></span> <span class='ocrx_word' id='word_1_15' title='bbox 1412 267 1544 301; x_wconf 86' lang='lat' dir='ltr'><strong>tamen</strong></span> <span class='ocrx_word' id='word_1_16' title='bbox 1563 262 1728 303; x_wconf 84' lang='lat' dir='ltr'><strong>comiter</strong></span> <span class='ocrx_word' id='word_1_17' title='bbox 1747 277 1853 304; x_wconf 89' lang='lat' dir='ltr'><strong>ama-</strong></span> 
     </span>
     <span class='ocr_line' id='line_1_4' title="bbox 54 313 1854 373; baseline 0.003 -19"><span class='ocrx_word' id='word_1_18' title='bbox 54 314 180 355; x_wconf 82' lang='lat' dir='ltr'><strong>toriae</strong></span> <span class='ocrx_word' id='word_1_19' title='bbox 197 313 360 353; x_wconf 86' lang='lat' dir='ltr'><strong>militiae</strong></span> <span class='ocrx_word' id='word_1_20' title='bbox 378 313 537 354; x_wconf 81' lang='lat' dir='ltr'><strong>brevem</strong></span> <span class='ocrx_word' id='word_1_21' title='bbox 558 321 815 354; x_wconf 79' lang='lat' dir='ltr'><strong>commeatum</strong></span> <span class='ocrx_word' id='word_1_22' title='bbox 834 315 1009 356; x_wconf 84' lang='lat' dir='ltr'><strong>indulsit.</strong></span> <span class='ocrx_word' id='word_1_23' title='bbox 1038 317 1116 356; x_wconf 87' lang='lat' dir='ltr'><strong>Sed</strong></span> <span class='ocrx_word' id='word_1_24' title='bbox 1136 316 1232 356; x_wconf 90' lang='lat' dir='ltr'><strong>heus</strong></span> <span class='ocrx_word' id='word_1_25' title='bbox 1251 323 1309 366; x_wconf 80' lang='lat' dir='ltr'><strong>tu,</strong></span> <span class='ocrx_word' id='word_1_26' title='bbox 1337 316 1479 370; x_wconf 87' lang='lat' dir='ltr'><strong>inquit,</strong></span> <span class='ocrx_word' id='word_1_27' title='bbox 1507 331 1602 358; x_wconf 72' lang='lat' dir='ltr'><strong>eave</strong></span> <span class='ocrx_word' id='word_1_28' title='bbox 1626 320 1854 373; x_wconf 83' lang='lat' dir='ltr'><strong>regrediare</strong></span> 
     </span>
     <span class='ocr_line' id='line_1_5' title="bbox 54 368 1853 428; baseline 0.002 -17"><span class='ocrx_word' id='word_1_29' title='bbox 54 383 177 411; x_wconf 87' lang='lat' dir='ltr'><strong>coena</strong></span> <span class='ocrx_word' id='word_1_30' title='bbox 207 370 413 410; x_wconf 87' lang='lat' dir='ltr'><strong>maturius.</strong></span> <span class='ocrx_word' id='word_1_31' title='bbox 474 368 580 410; x_wconf 84' lang='lat' dir='ltr'><strong>Nam</strong></span> <span class='ocrx_word' id='word_1_32' title='bbox 604 383 754 410; x_wconf 77' lang='lat' dir='ltr'><strong>vesana</strong></span> <span class='ocrx_word' id='word_1_33' title='bbox 779 371 898 411; x_wconf 84' lang='lat' dir='ltr'><strong>factio</strong></span> <span class='ocrx_word' id='word_1_34' title='bbox 929 372 1261 412; x_wconf 87' lang='lat' dir='ltr'><strong>nobilissimorum</strong></span> <span class='ocrx_word' id='word_1_35' title='bbox 1291 373 1477 413; x_wconf 80' lang='lat' dir='ltr'><strong>iuvenum</strong></span> <span class='ocrx_word' id='word_1_36' title='bbox 1502 387 1635 427; x_wconf 86' lang='lat' dir='ltr'><strong>pacem</strong></span> <span class='ocrx_word' id='word_1_37' title='bbox 1660 375 1853 428; x_wconf 85' lang='lat' dir='ltr'><strong>publicam</strong></span> 
     </span>
     <span class='ocr_line' id='line_1_6' title="bbox 53 426 1852 484; baseline 0.002 -17"><span class='ocrx_word' id='word_1_38' title='bbox 53 426 259 480; x_wconf 76' lang='lat' dir='ltr'><strong>z’nsectat3</strong></span> <span class='ocrx_word' id='word_1_39' title='bbox 287 426 430 480; x_wconf 80' lang='lat' dir='ltr'><strong>passim</strong></span> <span class='ocrx_word' id='word_1_40' title='bbox 451 426 668 466; x_wconf 83' lang='lat' dir='ltr'><strong>trucidatos</strong></span> <span class='ocrx_word' id='word_1_41' title='bbox 687 440 757 478; x_wconf 90' lang='lat' dir='ltr'><strong>per</strong></span> <span class='ocrx_word' id='word_1_42' title='bbox 776 427 923 467; x_wconf 85' lang='lat' dir='ltr'><strong>medias</strong></span> <span class='ocrx_word' id='word_1_43' title='bbox 948 428 1097 482; x_wconf 80' lang='lat' dir='ltr'><strong>plateas</strong></span> <span class='ocrx_word' id='word_1_44' title='bbox 1113 428 1118 484; x_wconf 81' lang='grc' dir='ltr'>Ι</span> <span class='ocrx_word' id='word_1_45' title='bbox 1135 428 1284 469; x_wconf 83' lang='lat' dir='ltr'><strong>videbis</strong></span> <span class='ocrx_word' id='word_1_46' title='bbox 1303 429 1454 479; x_wconf 82' lang='lat' dir='ltr'><strong>iacere3</strong></span> <span class='ocrx_word' id='word_1_47' title='bbox 1482 443 1554 469; x_wconf 88' lang='lat' dir='ltr'><strong>nec</strong></span> <span class='ocrx_word' id='word_1_48' title='bbox 1574 431 1765 483; x_wconf 86' lang='lat' dir='ltr'><strong>praesidis</strong></span> <span class='ocrx_word' id='word_1_49' title='bbox 1785 444 1852 471; x_wconf 89' lang='lat' dir='ltr'><strong>au-</strong></span> 
     </span>
     <span class='ocr_line' id='line_1_7' title="bbox 52 482 1853 540; baseline 0.002 -18"><span class='ocrx_word' id='word_1_50' title='bbox 52 482 152 523; x_wconf 84' lang='lat' dir='ltr'><strong>xilia</strong></span> <span class='ocrx_word' id='word_1_51' title='bbox 175 482 391 536; x_wconf 88' lang='lat' dir='ltr'><strong>longinqua</strong></span> <span class='ocrx_word' id='word_1_52' title='bbox 415 482 550 522; x_wconf 84' lang='lat' dir='ltr'><strong>levare</strong></span> <span class='ocrx_word' id='word_1_53' title='bbox 576 482 774 523; x_wconf 75' lang='lat' dir='ltr'><strong>eiw&#39;tatem</strong></span> <span class='ocrx_word' id='word_1_54' title='bbox 800 490 909 523; x_wconf 81' lang='lat' dir='ltr'><strong>tanta</strong></span> <span class='ocrx_word' id='word_1_55' title='bbox 935 485 1043 525; x_wconf 86' lang='lat' dir='ltr'><strong>clade</strong></span> <span class='ocrx_word' id='word_1_56' title='bbox 1068 492 1246 539; x_wconf 82' lang='lat' dir='ltr'><strong>possunt.</strong></span> <span class='ocrx_word' id='word_1_57' title='bbox 1294 485 1386 525; x_wconf 90' lang='lat' dir='ltr'>Tibi</span> <span class='ocrx_word' id='word_1_58' title='bbox 1402 498 1500 525; x_wconf 83' lang='lat' dir='ltr'><strong>vero</strong></span> <span class='ocrx_word' id='word_1_59' title='bbox 1521 486 1704 526; x_wconf 84' lang='lat' dir='ltr'><strong>fortunae</strong></span> <span class='ocrx_word' id='word_1_60' title='bbox 1725 487 1853 540; x_wconf 89' lang='lat' dir='ltr'><strong>splen-</strong></span> 
     </span>
     <span class='ocr_line' id='line_1_8' title="bbox 52 538 1852 595; baseline 0.001 -15"><span class='ocrx_word' id='word_1_61' title='bbox 52 540 125 580; x_wconf 88' lang='lat' dir='ltr'><strong>dor</strong></span> <span class='ocrx_word' id='word_1_62' title='bbox 151 538 337 589; x_wconf 87' lang='lat' dir='ltr'><strong>insidias,</strong></span> <span class='ocrx_word' id='word_1_63' title='bbox 371 545 617 592; x_wconf 84' lang='lat' dir='ltr'><strong>contemptus</strong></span> <span class='ocrx_word' id='word_1_64' title='bbox 642 539 760 579; x_wconf 85' lang='lat' dir='ltr'><strong>etiam</strong></span> <span class='ocrx_word' id='word_1_65' title='bbox 785 540 1117 593; x_wconf 84' lang='lat' dir='ltr'><strong>peregrinationis</strong></span> <span class='ocrx_word' id='word_1_66' title='bbox 1142 542 1287 595; x_wconf 80' lang='lat' dir='ltr'><strong>poterit</strong></span> <span class='ocrx_word' id='word_1_67' title='bbox 1309 541 1465 582; x_wconf 87' lang='lat' dir='ltr'><strong>afferre.</strong></span> <span class='ocrx_word' id='word_1_68' title='bbox 1523 540 1557 581; x_wconf 91' lang='lat' dir='ltr'>F</span> <span class='ocrx_word' id='word_1_69' title='bbox 1559 555 1605 582; x_wconf 86' lang='lat' dir='ltr'><strong>ac</strong></span> <span class='ocrx_word' id='word_1_70' title='bbox 1629 542 1715 582; x_wconf 90' lang='lat' dir='ltr'><strong>sine</strong></span> <span class='ocrx_word' id='word_1_71' title='bbox 1740 556 1852 593; x_wconf 86' lang='lat' dir='ltr'><strong>cura,</strong></span> 
     </span>
     <span class='ocr_line' id='line_1_9' title="bbox 49 593 1854 652; baseline 0.001 -16"><span class='ocrx_word' id='word_1_72' title='bbox 49 595 225 649; x_wconf 85' lang='lat' dir='ltr'><strong>inquam,</strong></span> <span class='ocrx_word' id='word_1_73' title='bbox 253 595 325 645; x_wconf 85' lang='lat' dir='ltr'><strong>sis,</strong></span> <span class='ocrx_word' id='word_1_74' title='bbox 352 594 463 635; x_wconf 87' lang='lat' dir='ltr'><strong>Fotis</strong></span> <span class='ocrx_word' id='word_1_75' title='bbox 489 608 591 635; x_wconf 82' lang='lat' dir='ltr'><strong>mea.</strong></span> <span class='ocrx_word' id='word_1_76' title='bbox 647 593 753 635; x_wconf 81' lang='lat' dir='ltr'><strong>Nam</strong></span> <span class='ocrx_word' id='word_1_77' title='bbox 779 603 937 649; x_wconf 81' lang='lat' dir='ltr'><strong>praeter</strong></span> <span class='ocrx_word' id='word_1_78' title='bbox 961 598 1063 650; x_wconf 82' lang='lat' dir='ltr'><strong>quod</strong></span> <span class='ocrx_word' id='word_1_79' title='bbox 1088 598 1212 652; x_wconf 88' lang='lat' dir='ltr'><strong>epulis</strong></span> <span class='ocrx_word' id='word_1_80' title='bbox 1237 597 1377 638; x_wconf 87' lang='lat' dir='ltr'><strong>alienis</strong></span> <span class='ocrx_word' id='word_1_81' title='bbox 1400 597 1624 651; x_wconf 77' lang='lat' dir='ltr'><strong>voluptates</strong></span> <span class='ocrx_word' id='word_1_82' title='bbox 1650 611 1757 638; x_wconf 86' lang='lat' dir='ltr'><strong>meas</strong></span> <span class='ocrx_word' id='word_1_83' title='bbox 1783 612 1854 638; x_wconf 88' lang='lat' dir='ltr'><strong>an-</strong></span> 
     </span>
     <span class='ocr_line' id='line_1_10' title="bbox 48 651 1855 707; baseline 0.002 -15"><span class='ocrx_word' id='word_1_84' title='bbox 48 652 257 701; x_wconf 84' lang='lat' dir='ltr'><strong>teferrem,</strong></span> <span class='ocrx_word' id='word_1_85' title='bbox 291 658 436 693; x_wconf 86' lang='lat' dir='ltr'><strong>metum</strong></span> <span class='ocrx_word' id='word_1_86' title='bbox 469 651 586 691; x_wconf 82' lang='lat' dir='ltr'><strong>etiam</strong></span> <span class='ocrx_word' id='word_1_87' title='bbox 617 651 734 692; x_wconf 85' lang='lat' dir='ltr'><strong>istum</strong></span> <span class='ocrx_word' id='word_1_88' title='bbox 766 652 835 692; x_wconf 87' lang='lat' dir='ltr'><strong>tibi</strong></span> <span class='ocrx_word' id='word_1_89' title='bbox 867 653 1018 693; x_wconf 80' lang='lat' dir='ltr'><strong>deman]</strong></span> <span class='ocrx_word' id='word_1_90' title='bbox 1049 661 1246 697; x_wconf 83' lang='lat' dir='ltr'><strong>maturata</strong></span> <span class='ocrx_word' id='word_1_91' title='bbox 1277 653 1545 707; x_wconf 88' lang='lat' dir='ltr'><strong>regressione.</strong></span> <span class='ocrx_word' id='word_1_92' title='bbox 1606 652 1695 694; x_wconf 84' lang='lat' dir='ltr'><strong>Nec</strong></span> <span class='ocrx_word' id='word_1_93' title='bbox 1725 660 1855 695; x_wconf 84' lang='lat' dir='ltr'><strong>tamen</strong></span> 
     </span>
     <span class='ocr_line' id='line_1_11' title="bbox 48 706 1855 763; baseline 0.001 -14"><span class='ocrx_word' id='word_1_94' title='bbox 48 707 300 749; x_wconf 77' lang='lat' dir='ltr'><strong>incomitatus</strong></span> <span class='ocrx_word' id='word_1_95' title='bbox 336 707 415 748; x_wconf 91' lang='lat' dir='ltr'><strong>ibo.</strong></span> <span class='ocrx_word' id='word_1_96' title='bbox 481 706 588 747; x_wconf 87' lang='lat' dir='ltr'><strong>Nam</strong></span> <span class='ocrx_word' id='word_1_97' title='bbox 625 708 797 762; x_wconf 87' lang='lat' dir='ltr'><strong>gladiolo</strong></span> <span class='ocrx_word' id='word_1_98' title='bbox 833 708 949 749; x_wconf 82' lang='lat' dir='ltr'><strong>solito</strong></span> <span class='ocrx_word' id='word_1_99' title='bbox 988 710 1139 751; x_wconf 81' lang='lat' dir='ltr'><strong>cinctus</strong></span> <span class='ocrx_word' id='word_1_100' title='bbox 1177 709 1414 750; x_wconf 82' lang='lat' dir='ltr'><strong>altrinsecus</strong></span> <span class='ocrx_word' id='word_1_101' title='bbox 1444 709 1528 763; x_wconf 91' lang='lat' dir='ltr'><strong>ipse</strong></span> <span class='ocrx_word' id='word_1_102' title='bbox 1565 709 1705 750; x_wconf 84' lang='lat' dir='ltr'><strong>salutis</strong></span> <span class='ocrx_word' id='word_1_103' title='bbox 1743 724 1855 752; x_wconf 87' lang='lat' dir='ltr'><strong>meae</strong></span> 
     </span>
     <span class='ocr_line' id='line_1_12' title="bbox 48 763 1274 821; baseline 0 -15"><span class='ocrx_word' id='word_1_104' title='bbox 48 764 244 821; x_wconf 87' lang='lat' dir='ltr'><strong>praesidia</strong></span> <span class='ocrx_word' id='word_1_105' title='bbox 269 764 446 818; x_wconf 81' lang='lat' dir='ltr'><strong>gestabO.</strong></span> <span class='ocrx_word' id='word_1_106' title='bbox 505 763 572 805; x_wconf 81' lang='lat' dir='ltr'><strong>Sic</strong></span> <span class='ocrx_word' id='word_1_107' title='bbox 597 771 757 819; x_wconf 83' lang='lat' dir='ltr'><strong>paratus</strong></span> <span class='ocrx_word' id='word_1_108' title='bbox 790 778 936 805; x_wconf 83' lang='lat' dir='ltr'><strong>coenae</strong></span> <span class='ocrx_word' id='word_1_109' title='bbox 967 780 1028 806; x_wconf 87' lang='grc'><strong>1118</strong></span> <span class='ocrx_word' id='word_1_110' title='bbox 1060 766 1274 806; x_wconf 84' lang='lat' dir='ltr'><strong>committo.</strong></span> 
     </span>
    </p>
   </div>
   <div class='ocr_carea' id='block_1_4' title="bbox 36 880 1860 1554">
    <p class='ocr_par' dir='ltr' id='par_1_4' title="bbox 36 880 1860 1554">
     <span class='ocr_line' id='line_1_13' title="bbox 46 880 1856 921; baseline 0.002 -11"><span class='ocrx_word' id='word_1_111' title='bbox 46 885 82 910; x_wconf 83' lang='lat' dir='ltr'><strong>et</strong></span> <span class='ocrx_word' id='word_1_112' title='bbox 93 880 196 921; x_wconf 69' lang='lat' dir='ltr'><strong>quasi</strong></span> <span class='ocrx_word' id='word_1_113' title='bbox 205 889 262 917; x_wconf 88' lang='lat' dir='ltr'><strong>pro</strong></span> <span class='ocrx_word' id='word_1_114' title='bbox 276 888 364 919; x_wconf 81' lang='lat' dir='ltr'><strong>qnae</strong></span> <span class='ocrx_word' id='word_1_115' title='bbox 377 890 581 919; x_wconf 80' lang='lat' dir='ltr'><strong>quamquam</strong></span> <span class='ocrx_word' id='word_1_116' title='bbox 597 883 634 911; x_wconf 87' lang='lat' dir='ltr'><strong>G.</strong></span> <span class='ocrx_word' id='word_1_117' title='bbox 650 884 679 911; x_wconf 87' lang='lat'><strong>1.</strong></span> <span class='ocrx_word' id='word_1_118' title='bbox 699 886 729 910; x_wconf 86' lang='grc'><strong>81</strong></span> <span class='ocrx_word' id='word_1_119' title='bbox 743 883 778 911; x_wconf 93' lang='grc' dir='ltr'><strong>Ο.</strong></span> <span class='ocrx_word' id='word_1_120' title='bbox 793 884 825 909; x_wconf 79' lang='lat' dir='ltr'><strong>ec</strong></span> <span class='ocrx_word' id='word_1_121' title='bbox 841 882 900 920; x_wconf 76' lang='lat' dir='ltr'><strong>qm·</strong></span> <span class='ocrx_word' id='word_1_122' title='bbox 910 890 945 911; x_wconf 90' lang='grc' dir='ltr'><strong>π.</strong></span> <span class='ocrx_word' id='word_1_123' title='bbox 995 882 1076 920; x_wconf 67' lang='lat' dir='ltr'><strong>quia</strong></span> <span class='ocrx_word' id='word_1_124' title='bbox 1089 890 1124 910; x_wconf 85' lang='lat' dir='ltr'><strong>se</strong></span> <span class='ocrx_word' id='word_1_125' title='bbox 1136 892 1167 918; x_wconf 83' lang='lat' dir='ltr'><strong>p.</strong></span> <span class='ocrx_word' id='word_1_126' title='bbox 1215 891 1238 910; x_wconf 90' lang='lat' dir='ltr'><strong>a</strong></span> <span class='ocrx_word' id='word_1_127' title='bbox 1251 890 1286 911; x_wconf 85' lang='lat' dir='ltr'><strong>se</strong></span> <span class='ocrx_word' id='word_1_128' title='bbox 1298 885 1410 913; x_wconf 81' lang='lat' dir='ltr'><strong>exulat</strong></span> <span class='ocrx_word' id='word_1_129' title='bbox 1430 890 1450 912; x_wconf 87' lang='lat' dir='ltr'><strong>a</strong></span> <span class='ocrx_word' id='word_1_130' title='bbox 1463 885 1498 912; x_wconf 83' lang='lat' dir='ltr'><strong>G.</strong></span> <span class='ocrx_word' id='word_1_131' title='bbox 1515 885 1528 912; x_wconf 89' lang='lat'>1</span> <span class='ocrx_word' id='word_1_132' title='bbox 1537 906 1544 912; x_wconf 93' lang='lat'><strong>.</strong></span> <span class='ocrx_word' id='word_1_133' title='bbox 1563 882 1607 912; x_wconf 88' lang='lat' dir='ltr'><strong>ab</strong></span> <span class='ocrx_word' id='word_1_134' title='bbox 1620 891 1654 912; x_wconf 80' lang='lat' dir='ltr'><strong>se</strong></span> <span class='ocrx_word' id='word_1_135' title='bbox 1666 885 1764 913; x_wconf 85' lang='lat' dir='ltr'><strong>habet</strong></span> <span class='ocrx_word' id='word_1_136' title='bbox 1777 886 1812 913; x_wconf 87' lang='lat' dir='ltr'><strong>G.</strong></span> <span class='ocrx_word' id='word_1_137' title='bbox 1823 887 1856 914; x_wconf 77' lang='lat'><strong>2.</strong></span> 
     </span>
     <span class='ocr_line' id='line_1_14' title="bbox 45 925 1856 966; baseline 0.002 -10"><span class='ocrx_word' id='word_1_138' title='bbox 45 927 104 964; x_wconf 82' lang='lat' dir='ltr'>[cf.</span> <span class='ocrx_word' id='word_1_139' title='bbox 117 929 174 957; x_wconf 90' lang='lat' dir='ltr'><strong>Dr.</strong></span> <span class='ocrx_word' id='word_1_140' title='bbox 188 929 229 956; x_wconf 85' lang='lat' dir='ltr'><strong>ad</strong></span> <span class='ocrx_word' id='word_1_141' title='bbox 240 928 314 956; x_wconf 79' lang='lat' dir='ltr'><strong>Liv.</strong></span> <span class='ocrx_word' id='word_1_142' title='bbox 329 927 508 956; x_wconf 75' lang='lat' dir='ltr'>XXXVIII.</span> <span class='ocrx_word' id='word_1_143' title='bbox 523 929 554 956; x_wconf 82' lang='lat'><strong>3.</strong></span> <span class='ocrx_word' id='word_1_144' title='bbox 572 927 604 961; x_wconf 71' lang='lat'><strong>§-</strong></span> <span class='ocrx_word' id='word_1_145' title='bbox 619 927 672 962; x_wconf 86' lang='lat'><strong>6.]</strong></span> <span class='ocrx_word' id='word_1_146' title='bbox 698 925 829 955; x_wconf 67' lang='lat' dir='ltr'><strong>lautius</strong></span> <span class='ocrx_word' id='word_1_147' title='bbox 846 929 884 956; x_wconf 89' lang='lat' dir='ltr'><strong>L.</strong></span> <span class='ocrx_word' id='word_1_148' title='bbox 932 927 1132 966; x_wconf 73' lang='lat' dir='ltr'><strong>‹ligr-ederet.</strong></span> <span class='ocrx_word' id='word_1_149' title='bbox 1146 929 1261 957; x_wconf 74' lang='lat' dir='ltr'><strong>Venet.</strong></span> <span class='ocrx_word' id='word_1_150' title='bbox 1275 931 1305 957; x_wconf 81' lang='lat'><strong>4.</strong></span> <span class='ocrx_word' id='word_1_151' title='bbox 1320 929 1428 958; x_wconf 73' lang='lat' dir='ltr'><strong>Paris.</strong></span> <span class='ocrx_word' id='word_1_152' title='bbox 1447 927 1643 966; x_wconf 61' lang='lat' dir='ltr'><strong>digrederer</strong></span> <span class='ocrx_word' id='word_1_153' title='bbox 1654 931 1690 958; x_wconf 84' lang='lat' dir='ltr'><strong>G.</strong></span> <span class='ocrx_word' id='word_1_154' title='bbox 1701 931 1730 957; x_wconf 94' lang='grc'><strong>1.</strong></span> <span class='ocrx_word' id='word_1_155' title='bbox 1745 936 1766 958; x_wconf 81' lang='lat' dir='ltr'><strong>a</strong></span> <span class='ocrx_word' id='word_1_156' title='bbox 1778 937 1856 959; x_wconf 88' lang='lat' dir='ltr'><strong>m.s.</strong></span> 
     </span>
     <span class='ocr_line' id='line_1_15' title="bbox 45 969 1857 1014; baseline 0.001 -14"><span class='ocrx_word' id='word_1_157' title='bbox 45 973 187 1001; x_wconf 71' lang='lat' dir='ltr'><strong>comiter</strong></span> <span class='ocrx_word' id='word_1_158' title='bbox 199 974 288 1001; x_wconf 77' lang='lat' dir='ltr'><strong>deest</strong></span> <span class='ocrx_word' id='word_1_159' title='bbox 302 973 336 1001; x_wconf 89' lang='lat' dir='ltr'><strong>in</strong></span> <span class='ocrx_word' id='word_1_160' title='bbox 350 969 379 1001; x_wconf 70' lang='lat' dir='ltr'><strong>a.</strong></span> <span class='ocrx_word' id='word_1_161' title='bbox 416 973 622 1000; x_wconf 72' lang='lat' dir='ltr'><strong>amatorium</strong></span> <span class='ocrx_word' id='word_1_162' title='bbox 637 973 752 1002; x_wconf 72' lang='lat' dir='ltr'><strong>Vener.</strong></span> <span class='ocrx_word' id='word_1_163' title='bbox 767 975 797 1001; x_wconf 86' lang='lat'><strong>4.</strong></span> <span class='ocrx_word' id='word_1_164' title='bbox 811 974 887 1002; x_wconf 79' lang='lat' dir='ltr'><strong>Bas.</strong></span> <span class='ocrx_word' id='word_1_165' title='bbox 902 975 928 1002; x_wconf 87' lang='lat'><strong>1.</strong></span> <span class='ocrx_word' id='word_1_166' title='bbox 975 976 1072 1001; x_wconf 82' lang='lat' dir='ltr'><strong>amat</strong></span> <span class='ocrx_word' id='word_1_167' title='bbox 1084 973 1146 1001; x_wconf 66' lang='lat' dir='ltr'><strong>vix</strong></span> <span class='ocrx_word' id='word_1_168' title='bbox 1157 975 1195 1002; x_wconf 90' lang='lat' dir='ltr'><strong>L.</strong></span> <span class='ocrx_word' id='word_1_169' title='bbox 1209 982 1226 1002; x_wconf 88' lang='lat' dir='ltr'><strong>e</strong></span> <span class='ocrx_word' id='word_1_170' title='bbox 1239 976 1312 1002; x_wconf 90' lang='lat' dir='ltr'><strong>coll.</strong></span> <span class='ocrx_word' id='word_1_171' title='bbox 1324 976 1421 1003; x_wconf 73' lang='lat' dir='ltr'><strong>Voss.</strong></span> <span class='ocrx_word' id='word_1_172' title='bbox 1457 973 1584 1002; x_wconf 70' lang='lat' dir='ltr'><strong>indixit</strong></span> <span class='ocrx_word' id='word_1_173' title='bbox 1597 982 1656 1009; x_wconf 83' lang='lat' dir='ltr'><strong>pro</strong></span> <span class='ocrx_word' id='word_1_174' title='bbox 1667 972 1809 1003; x_wconf 71' lang='lat' dir='ltr'><strong>indulsit</strong></span> <span class='ocrx_word' id='word_1_175' title='bbox 1822 975 1857 1014; x_wconf 79' lang='grc' dir='ltr'><strong>β.</strong></span> 
     </span>
     <span class='ocr_line' id='line_1_16' title="bbox 45 1015 1858 1058; baseline 0.002 -12"><span class='ocrx_word' id='word_1_176' title='bbox 45 1016 198 1046; x_wconf 70' lang='lat' dir='ltr'><strong>indulxit</strong></span> <span class='ocrx_word' id='word_1_177' title='bbox 208 1019 248 1046; x_wconf 87' lang='lat' dir='ltr'><strong>D.</strong></span> <span class='ocrx_word' id='word_1_178' title='bbox 284 1015 487 1055; x_wconf 66' lang='lat' dir='ltr'><strong>regrado‘are</strong></span> <span class='ocrx_word' id='word_1_179' title='bbox 501 1019 535 1046; x_wconf 92' lang='lat'><strong>0.</strong></span> <span class='ocrx_word' id='word_1_180' title='bbox 550 1019 586 1046; x_wconf 84' lang='lat' dir='ltr'><strong>G.</strong></span> <span class='ocrx_word' id='word_1_181' title='bbox 602 1020 631 1046; x_wconf 82' lang='lat'><strong>1.</strong></span> <span class='ocrx_word' id='word_1_182' title='bbox 674 1026 814 1046; x_wconf 66' lang='lat' dir='ltr'><strong>rexana</strong></span> <span class='ocrx_word' id='word_1_183' title='bbox 827 1020 862 1047; x_wconf 84' lang='lat' dir='ltr'><strong>G.</strong></span> <span class='ocrx_word' id='word_1_184' title='bbox 879 1020 907 1046; x_wconf 54' lang='lat'><strong>¹1.</strong></span> <span class='ocrx_word' id='word_1_185' title='bbox 922 1020 961 1047; x_wconf 92' lang='lat' dir='ltr'><strong>D.</strong></span> <span class='ocrx_word' id='word_1_186' title='bbox 982 1026 1102 1055; x_wconf 78' lang='lat' dir='ltr'><strong>pacem</strong></span> <span class='ocrx_word' id='word_1_187' title='bbox 1118 1017 1288 1055; x_wconf 76' lang='lat' dir='ltr'><strong>publicam</strong></span> <span class='ocrx_word' id='word_1_188' title='bbox 1307 1019 1441 1058; x_wconf 68' lang='lat' dir='ltr'><strong>infecta</strong></span> <span class='ocrx_word' id='word_1_189' title='bbox 1456 1019 1587 1056; x_wconf 71' lang='lat' dir='ltr'><strong>passim</strong></span> <span class='ocrx_word' id='word_1_190' title='bbox 1600 1020 1636 1048; x_wconf 83' lang='lat' dir='ltr'><strong>F.</strong></span> <span class='ocrx_word' id='word_1_191' title='bbox 1653 1021 1681 1048; x_wconf 85' lang='lat'><strong>1.</strong></span> <span class='ocrx_word' id='word_1_192' title='bbox 1696 1021 1727 1048; x_wconf 84' lang='lat'><strong>3.</strong></span> <span class='ocrx_word' id='word_1_193' title='bbox 1752 1021 1858 1050; x_wconf 84' lang='lat' dir='ltr'><strong>(Con-</strong></span> 
     </span>
     <span class='ocr_line' id='line_1_17' title="bbox 45 1059 1859 1104; baseline 0 -11"><span class='ocrx_word' id='word_1_194' title='bbox 45 1064 123 1093; x_wconf 78' lang='lat' dir='ltr'><strong>ferri</strong></span> <span class='ocrx_word' id='word_1_195' title='bbox 140 1066 246 1098; x_wconf 80' lang='lat' dir='ltr'><strong>potest</strong></span> <span class='ocrx_word' id='word_1_196' title='bbox 263 1065 358 1092; x_wconf 88' lang='lat' dir='ltr'><strong>locus</strong></span> <span class='ocrx_word' id='word_1_197' title='bbox 376 1071 406 1098; x_wconf 87' lang='lat' dir='ltr'><strong>p.</strong></span> <span class='ocrx_word' id='word_1_198' title='bbox 423 1059 497 1091; x_wconf 77' lang='lat'>1⁸28.</span> <span class='ocrx_word' id='word_1_199' title='bbox 517 1064 572 1091; x_wconf 85' lang='lat' dir='ltr'><strong>ubi</strong></span> <span class='ocrx_word' id='word_1_200' title='bbox 585 1063 684 1092; x_wconf 86' lang='lat' dir='ltr'><strong>iidem</strong></span> <span class='ocrx_word' id='word_1_201' title='bbox 697 1065 788 1092; x_wconf 79' lang='lat' dir='ltr'><strong>codd.</strong></span> <span class='ocrx_word' id='word_1_202' title='bbox 802 1072 859 1098; x_wconf 80' lang='lat' dir='ltr'><strong>pro</strong></span> <span class='ocrx_word' id='word_1_203' title='bbox 873 1063 1033 1091; x_wconf 71' lang='lat' dir='ltr'><strong>surbfllat</strong></span> <span class='ocrx_word' id='word_1_204' title='bbox 1045 1067 1157 1099; x_wconf 85' lang='lat' dir='ltr'><strong>legunt</strong></span> <span class='ocrx_word' id='word_1_205' title='bbox 1174 1062 1348 1098; x_wconf 74' lang='lat' dir='ltr'><strong>sorbillo.)</strong></span> <span class='ocrx_word' id='word_1_206' title='bbox 1370 1072 1490 1101; x_wconf 78' lang='lat' dir='ltr'><strong>pacem</strong></span> <span class='ocrx_word' id='word_1_207' title='bbox 1503 1064 1673 1101; x_wconf 70' lang='lat' dir='ltr'><strong>publicam</strong></span> <span class='ocrx_word' id='word_1_208' title='bbox 1688 1064 1812 1104; x_wconf 70' lang='lat' dir='ltr'><strong>infecit</strong></span> <span class='ocrx_word' id='word_1_209' title='bbox 1823 1068 1859 1094; x_wconf 85' lang='lat' dir='ltr'><strong>et</strong></span> 
     </span>
     <span class='ocr_line' id='line_1_18' title="bbox 44 1104 1857 1149; baseline 0.001 -11"><span class='ocrx_word' id='word_1_210' title='bbox 44 1111 82 1138; x_wconf 85' lang='lat' dir='ltr'><strong>G.</strong></span> <span class='ocrx_word' id='word_1_211' title='bbox 92 1110 161 1138; x_wconf 76' lang='lat'>1.2.</span> <span class='ocrx_word' id='word_1_212' title='bbox 175 1109 210 1137; x_wconf 87' lang='lat' dir='ltr'><strong>P.</strong></span> <span class='ocrx_word' id='word_1_213' title='bbox 224 1109 264 1136; x_wconf 90' lang='lat' dir='ltr'><strong>D.</strong></span> <span class='ocrx_word' id='word_1_214' title='bbox 277 1110 315 1137; x_wconf 89' lang='lat' dir='ltr'><strong>R.</strong></span> <span class='ocrx_word' id='word_1_215' title='bbox 330 1104 361 1136; x_wconf 82' lang='grc' dir='ltr'><strong>δ.</strong></span> <span class='ocrx_word' id='word_1_216' title='bbox 375 1115 406 1142; x_wconf 87' lang='lat' dir='ltr'><strong>p.</strong></span> <span class='ocrx_word' id='word_1_217' title='bbox 417 1109 451 1137; x_wconf 92' lang='grc' dir='ltr'><strong>Ο.</strong></span> <span class='ocrx_word' id='word_1_218' title='bbox 463 1107 629 1146; x_wconf 76' lang='lat' dir='ltr'><strong>infectam</strong></span> <span class='ocrx_word' id='word_1_219' title='bbox 644 1117 663 1143; x_wconf 84' lang='lat' dir='ltr'><strong>p</strong></span> <span class='ocrx_word' id='word_1_220' title='bbox 677 1109 764 1137; x_wconf 85' lang='lat' dir='ltr'><strong>unde</strong></span> <span class='ocrx_word' id='word_1_221' title='bbox 777 1109 889 1137; x_wconf 79' lang='lat' dir='ltr'><strong>Heius.</strong></span> <span class='ocrx_word' id='word_1_222' title='bbox 904 1110 1041 1138; x_wconf 80' lang='lat' dir='ltr'><strong>coniecit</strong></span> <span class='ocrx_word' id='word_1_223' title='bbox 1055 1108 1205 1137; x_wconf 68' lang='lat' dir='ltr'><strong>incessit.</strong></span> <span class='ocrx_word' id='word_1_224' title='bbox 1231 1109 1311 1137; x_wconf 83' lang='lat' dir='ltr'><strong>Edd.</strong></span> <span class='ocrx_word' id='word_1_225' title='bbox 1325 1113 1402 1137; x_wconf 74' lang='lat' dir='ltr'><strong>vett.</strong></span> <span class='ocrx_word' id='word_1_226' title='bbox 1417 1112 1537 1139; x_wconf 81' lang='lat' dir='ltr'><strong>habent</strong></span> <span class='ocrx_word' id='word_1_227' title='bbox 1550 1109 1821 1149; x_wconf 76' lang='lat' dir='ltr'><strong>vesanafactio.</strong></span> <span class='ocrx_word' id='word_1_228' title='bbox 1832 1134 1838 1140; x_wconf 94' lang='lat'><strong>.</strong></span> <span class='ocrx_word' id='word_1_229' title='bbox 1849 1134 1857 1140; x_wconf 92' lang='lat'><strong>.</strong></span> 
     </span>
     <span class='ocr_line' id='line_1_19' title="bbox 40 1151 1857 1193; baseline 0.002 -12"><span class='ocrx_word' id='word_1_230' title='bbox 40 1161 129 1191; x_wconf 84' lang='lat' dir='ltr'><strong>pace</strong></span> <span class='ocrx_word' id='word_1_231' title='bbox 137 1151 276 1190; x_wconf 65' lang='lat' dir='ltr'><strong>publica</strong></span> <span class='ocrx_word' id='word_1_232' title='bbox 288 1152 422 1192; x_wconf 78' lang='lat' dir='ltr'><strong>infecta</strong></span> <span class='ocrx_word' id='word_1_233' title='bbox 432 1153 580 1189; x_wconf 70' lang='lat' dir='ltr'><strong>passim,</strong></span> <span class='ocrx_word' id='word_1_234' title='bbox 606 1153 674 1181; x_wconf 85' lang='lat' dir='ltr'><strong>nisi</strong></span> <span class='ocrx_word' id='word_1_235' title='bbox 695 1155 778 1187; x_wconf 82' lang='lat' dir='ltr'><strong>quod</strong></span> <span class='ocrx_word' id='word_1_236' title='bbox 794 1154 827 1182; x_wconf 90' lang='lat' dir='ltr'><strong>in</strong></span> <span class='ocrx_word' id='word_1_237' title='bbox 846 1155 930 1182; x_wconf 82' lang='lat' dir='ltr'><strong>Iunt.</strong></span> <span class='ocrx_word' id='word_1_238' title='bbox 947 1155 975 1182; x_wconf 91' lang='lat'><strong>1.</strong></span> <span class='ocrx_word' id='word_1_239' title='bbox 990 1155 1021 1182; x_wconf 78' lang='lat'><strong>2.</strong></span> <span class='ocrx_word' id='word_1_240' title='bbox 1035 1155 1111 1183; x_wconf 78' lang='lat' dir='ltr'><strong>Ald.</strong></span> <span class='ocrx_word' id='word_1_241' title='bbox 1124 1154 1245 1189; x_wconf 77' lang='lat' dir='ltr'><strong>legitur</strong></span> <span class='ocrx_word' id='word_1_242' title='bbox 1263 1161 1392 1182; x_wconf 80' lang='lat' dir='ltr'><strong>vesana</strong></span> <span class='ocrx_word' id='word_1_243' title='bbox 1396 1154 1570 1193; x_wconf 69' lang='lat' dir='ltr'><strong>factione.</strong></span> <span class='ocrx_word' id='word_1_244' title='bbox 1603 1155 1786 1192; x_wconf 70' lang='lat' dir='ltr'><strong>pube-rcum</strong></span> <span class='ocrx_word' id='word_1_245' title='bbox 1800 1164 1857 1190; x_wconf 87' lang='lat' dir='ltr'><strong>pro</strong></span> 
     </span>
     <span class='ocr_line' id='line_1_20' title="bbox 49 1196 1857 1238; baseline 0.002 -13"><span class='ocrx_word' id='word_1_246' title='bbox 49 1198 221 1237; x_wconf 76' lang='lat' dir='ltr'><strong>publicam</strong></span> <span class='ocrx_word' id='word_1_247' title='bbox 235 1200 271 1226; x_wconf 84' lang='lat' dir='ltr'><strong>G.</strong></span> <span class='ocrx_word' id='word_1_248' title='bbox 283 1200 315 1226; x_wconf 79' lang='lat'><strong>2.</strong></span> <span class='ocrx_word' id='word_1_249' title='bbox 337 1196 522 1234; x_wconf 69' lang='lat' dir='ltr'><strong>praesidiis</strong></span> <span class='ocrx_word' id='word_1_250' title='bbox 536 1198 570 1236; x_wconf 78' lang='grc' dir='ltr'><strong>β,</strong></span> <span class='ocrx_word' id='word_1_251' title='bbox 584 1196 751 1234; x_wconf 75' lang='lat' dir='ltr'><strong>pressidis</strong></span> <span class='ocrx_word' id='word_1_252' title='bbox 764 1200 800 1226; x_wconf 89' lang='lat' dir='ltr'><strong>G.</strong></span> <span class='ocrx_word' id='word_1_253' title='bbox 817 1200 846 1226; x_wconf 90' lang='lat'><strong>1.</strong></span> <span class='ocrx_word' id='word_1_254' title='bbox 879 1197 1018 1226; x_wconf 61' lang='lat' dir='ltr'><strong>aua-illa</strong></span> <span class='ocrx_word' id='word_1_255' title='bbox 1030 1200 1068 1227; x_wconf 87' lang='lat' dir='ltr'><strong>D.</strong></span> <span class='ocrx_word' id='word_1_256' title='bbox 1095 1198 1246 1226; x_wconf 74' lang='lat' dir='ltr'><strong>omnibus</strong></span> <span class='ocrx_word' id='word_1_257' title='bbox 1260 1206 1339 1226; x_wconf 73' lang='lat' dir='ltr'><strong>vero</strong></span> <span class='ocrx_word' id='word_1_258' title='bbox 1353 1206 1389 1227; x_wconf 87' lang='grc' dir='ltr'><strong>π.</strong></span> <span class='ocrx_word' id='word_1_259' title='bbox 1415 1199 1560 1235; x_wconf 78' lang='lat' dir='ltr'><strong>spendor</strong></span> <span class='ocrx_word' id='word_1_260' title='bbox 1578 1202 1614 1230; x_wconf 88' lang='lat' dir='ltr'><strong>P.</strong></span> <span class='ocrx_word' id='word_1_261' title='bbox 1646 1203 1857 1238; x_wconf 77' lang='lat' dir='ltr'><strong>contemptus</strong></span> 
     </span>
     <span class='ocr_line' id='line_1_21' title="bbox 43 1242 1856 1281; baseline 0.002 -10"><span class='ocrx_word' id='word_1_262' title='bbox 43 1245 147 1271; x_wconf 79' lang='lat' dir='ltr'><strong>eliam</strong></span> <span class='ocrx_word' id='word_1_263' title='bbox 161 1242 397 1280; x_wconf 74' lang='lat' dir='ltr'><strong>peregrinatio</strong></span> <span class='ocrx_word' id='word_1_264' title='bbox 411 1244 559 1272; x_wconf 75' lang='lat' dir='ltr'><strong>emendat</strong></span> <span class='ocrx_word' id='word_1_265' title='bbox 574 1245 753 1279; x_wconf 76' lang='lat' dir='ltr'><strong>Stewech.3</strong></span> <span class='ocrx_word' id='word_1_266' title='bbox 780 1243 932 1271; x_wconf 79' lang='lat' dir='ltr'><strong>Colvius:</strong></span> <span class='ocrx_word' id='word_1_267' title='bbox 947 1243 1089 1280; x_wconf 79' lang='lat' dir='ltr'><strong>peregri</strong></span> <span class='ocrx_word' id='word_1_268' title='bbox 1099 1243 1195 1270; x_wconf 74' lang='lat' dir='ltr'><strong>natio</strong></span> <span class='ocrx_word' id='word_1_269' title='bbox 1205 1247 1278 1280; x_wconf 82' lang='lat' dir='ltr'><strong>pot.</strong></span> <span class='ocrx_word' id='word_1_270' title='bbox 1292 1245 1422 1278; x_wconf 79' lang='lat' dir='ltr'><strong>Sciopp.</strong></span> <span class='ocrx_word' id='word_1_271' title='bbox 1444 1245 1477 1273; x_wconf 89' lang='lat' dir='ltr'><strong>in</strong></span> <span class='ocrx_word' id='word_1_272' title='bbox 1492 1248 1600 1280; x_wconf 74' lang='lat' dir='ltr'><strong>symb.</strong></span> <span class='ocrx_word' id='word_1_273' title='bbox 1615 1250 1645 1274; x_wconf 81' lang='lat' dir='ltr'><strong>et</strong></span> <span class='ocrx_word' id='word_1_274' title='bbox 1660 1248 1755 1281; x_wconf 84' lang='lat' dir='ltr'><strong>Susp.</strong></span> <span class='ocrx_word' id='word_1_275' title='bbox 1768 1249 1856 1276; x_wconf 79' lang='lat' dir='ltr'><strong>lectt.</strong></span> 
     </span>
     <span class='ocr_line' id='line_1_22' title="bbox 41 1287 1858 1331; baseline 0.004 -17"><span class='ocrx_word' id='word_1_276' title='bbox 41 1291 69 1318; x_wconf 79' lang='grc' dir='ltr'><strong>Ι,</strong></span> <span class='ocrx_word' id='word_1_277' title='bbox 86 1291 116 1318; x_wconf 84' lang='grc'><strong>6,</strong></span> <span class='ocrx_word' id='word_1_278' title='bbox 131 1288 354 1331; x_wconf 67' lang='lat' dir='ltr'><strong>peregm&#39;nato</strong></span> <span class='ocrx_word' id='word_1_279' title='bbox 373 1287 434 1316; x_wconf 70' lang='lat' dir='ltr'><strong>ris.</strong></span> <span class='ocrx_word' id='word_1_280' title='bbox 463 1289 630 1318; x_wconf 68' lang='lat' dir='ltr'><strong>Elmem:</strong></span> <span class='ocrx_word' id='word_1_281' title='bbox 649 1287 926 1324; x_wconf 67' lang='lat' dir='ltr'><strong>peregm&#39;nitato&#39;s.</strong></span> <span class='ocrx_word' id='word_1_282' title='bbox 958 1290 1060 1317; x_wconf 85' lang='lat' dir='ltr'><strong>Pric.:</strong></span> <span class='ocrx_word' id='word_1_283' title='bbox 1087 1291 1288 1316; x_wconf 74' lang='lat' dir='ltr'><strong>contemtum</strong></span> <span class='ocrx_word' id='word_1_284' title='bbox 1304 1290 1663 1327; x_wconf 72' lang='lat' dir='ltr'><strong>eln&#39;amperegrinatn&#39;O.</strong></span> <span class='ocrx_word' id='word_1_285' title='bbox 1688 1292 1751 1320; x_wconf 87' lang='lat' dir='ltr'><strong>Sed</strong></span> <span class='ocrx_word' id='word_1_286' title='bbox 1771 1295 1858 1321; x_wconf 81' lang='lat' dir='ltr'><strong>recte</strong></span> 
     </span>
     <span class='ocr_line' id='line_1_23' title="bbox 36 1326 1857 1374; baseline 0.001 -13"><span class='ocrx_word' id='word_1_287' title='bbox 36 1326 276 1374; x_wconf 34' lang='lat' dir='ltr'><strong>peregrinatio*</strong></span> <span class='ocrx_word' id='word_1_288' title='bbox 286 1333 339 1369; x_wconf 80' lang='lat' dir='ltr'><strong>hic</strong></span> <span class='ocrx_word' id='word_1_289' title='bbox 352 1336 401 1361; x_wconf 82' lang='lat' dir='ltr'><strong>est</strong></span> <span class='ocrx_word' id='word_1_290' title='bbox 410 1331 655 1370; x_wconf 66' lang='lat' dir='ltr'><strong>peregrinitas,</strong></span> <span class='ocrx_word' id='word_1_291' title='bbox 675 1332 718 1361; x_wconf 82' lang='lat' dir='ltr'><strong>cf.</strong></span> <span class='ocrx_word' id='word_1_292' title='bbox 739 1335 816 1361; x_wconf 78' lang='lat' dir='ltr'><strong>Met.</strong></span> <span class='ocrx_word' id='word_1_293' title='bbox 835 1333 890 1361; x_wconf 86' lang='lat' dir='ltr'><strong>XI.</strong></span> <span class='ocrx_word' id='word_1_294' title='bbox 906 1342 933 1367; x_wconf 81' lang='lat' dir='ltr'><strong>p.</strong></span> <span class='ocrx_word' id='word_1_295' title='bbox 948 1335 1025 1362; x_wconf 85' lang='grc'><strong>814.</strong></span> <span class='ocrx_word' id='word_1_296' title='bbox 1051 1341 1138 1371; x_wconf 83' lang='lat' dir='ltr'><strong>quae</strong></span> <span class='ocrx_word' id='word_1_297' title='bbox 1152 1341 1206 1361; x_wconf 85' lang='lat' dir='ltr'><strong>res</strong></span> <span class='ocrx_word' id='word_1_298' title='bbox 1220 1341 1383 1362; x_wconf 75' lang='lat' dir='ltr'><strong>sutumum</strong></span> <span class='ocrx_word' id='word_1_299' title='bbox 1400 1343 1424 1370; x_wconf 85' lang='lat' dir='ltr'><strong>p</strong></span> <span class='ocrx_word' id='word_1_300' title='bbox 1433 1342 1476 1361; x_wconf 86' lang='lat' dir='ltr'><strong>er</strong></span> <span class='ocrx_word' id='word_1_301' title='bbox 1485 1343 1528 1372; x_wconf 76' lang='lat' dir='ltr'><strong>eg</strong></span> <span class='ocrx_word' id='word_1_302' title='bbox 1537 1336 1601 1363; x_wconf 79' lang='lat' dir='ltr'><strong>rin</strong></span> <span class='ocrx_word' id='word_1_303' title='bbox 1610 1344 1632 1363; x_wconf 88' lang='lat' dir='ltr'><strong>a</strong></span> <span class='ocrx_word' id='word_1_304' title='bbox 1642 1336 1700 1363; x_wconf 77' lang='lat' dir='ltr'><strong>tio</strong></span> <span class='ocrx_word' id='word_1_305' title='bbox 1710 1336 1754 1364; x_wconf 81' lang='grc' dir='ltr'><strong>7ιί</strong></span> <span class='ocrx_word' id='word_1_306' title='bbox 1763 1344 1857 1364; x_wconf 80' lang='lat' dir='ltr'><strong>meae</strong></span> 
     </span>
     <span class='ocr_line' id='line_1_24' title="bbox 43 1375 1856 1418; baseline 0.002 -11"><span class='ocrx_word' id='word_1_307' title='bbox 43 1378 166 1407; x_wconf 51' lang='lat' dir='ltr'><strong>tribuit</strong></span> <span class='ocrx_word' id='word_1_308' title='bbox 177 1375 350 1407; x_wconf 75' lang='lat' dir='ltr'><strong>solatium.</strong></span> <span class='ocrx_word' id='word_1_309' title='bbox 397 1376 535 1415; x_wconf 70' lang='lat' dir='ltr'><strong>inquam</strong></span> <span class='ocrx_word' id='word_1_310' title='bbox 556 1377 603 1406; x_wconf 71' lang='lat' dir='ltr'><strong>sis</strong></span> <span class='ocrx_word' id='word_1_311' title='bbox 615 1379 652 1406; x_wconf 83' lang='lat' dir='ltr'><strong>F.</strong></span> <span class='ocrx_word' id='word_1_312' title='bbox 666 1379 696 1406; x_wconf 84' lang='lat'><strong>3.</strong></span> <span class='ocrx_word' id='word_1_313' title='bbox 712 1379 748 1405; x_wconf 85' lang='lat' dir='ltr'><strong>G.</strong></span> <span class='ocrx_word' id='word_1_314' title='bbox 764 1379 794 1406; x_wconf 92' lang='lat'><strong>1.</strong></span> <span class='ocrx_word' id='word_1_315' title='bbox 808 1379 840 1405; x_wconf 79' lang='lat'><strong>2.</strong></span> <span class='ocrx_word' id='word_1_316' title='bbox 854 1379 892 1406; x_wconf 88' lang='lat' dir='ltr'><strong>D.</strong></span> <span class='ocrx_word' id='word_1_317' title='bbox 906 1380 942 1407; x_wconf 90' lang='lat' dir='ltr'><strong>P.</strong></span> <span class='ocrx_word' id='word_1_318' title='bbox 956 1380 994 1407; x_wconf 80' lang='lat' dir='ltr'><strong>R.</strong></span> <span class='ocrx_word' id='word_1_319' title='bbox 1011 1379 1031 1407; x_wconf 81' lang='lat' dir='ltr'><strong>s.</strong></span> <span class='ocrx_word' id='word_1_320' title='bbox 1047 1387 1076 1413; x_wconf 79' lang='lat' dir='ltr'><strong>p.</strong></span> <span class='ocrx_word' id='word_1_321' title='bbox 1093 1376 1121 1407; x_wconf 81' lang='grc' dir='ltr'><strong>δ.</strong></span> <span class='ocrx_word' id='word_1_322' title='bbox 1137 1383 1166 1407; x_wconf 73' lang='lat' dir='ltr'><strong>et</strong></span> <span class='ocrx_word' id='word_1_323' title='bbox 1179 1387 1292 1408; x_wconf 84' lang='lat' dir='ltr'><strong>omnes</strong></span> <span class='ocrx_word' id='word_1_324' title='bbox 1305 1381 1376 1408; x_wconf 79' lang='lat' dir='ltr'><strong>edd.</strong></span> <span class='ocrx_word' id='word_1_325' title='bbox 1389 1384 1465 1408; x_wconf 77' lang='lat' dir='ltr'><strong>ven.</strong></span> <span class='ocrx_word' id='word_1_326' title='bbox 1491 1382 1526 1409; x_wconf 90' lang='lat' dir='ltr'><strong>In</strong></span> <span class='ocrx_word' id='word_1_327' title='bbox 1547 1385 1620 1409; x_wconf 79' lang='lat' dir='ltr'><strong>cett.</strong></span> <span class='ocrx_word' id='word_1_328' title='bbox 1641 1381 1690 1410; x_wconf 77' lang='lat' dir='ltr'><strong>sis</strong></span> <span class='ocrx_word' id='word_1_329' title='bbox 1706 1382 1856 1418; x_wconf 77' lang='lat' dir='ltr'><strong>inquam.</strong></span> 
     </span>
     <span class='ocr_line' id='line_1_25' title="bbox 40 1420 1860 1466; baseline 0.003 -14"><span class='ocrx_word' id='word_1_330' title='bbox 40 1422 238 1461; x_wconf 70' lang='lat' dir='ltr'><strong>meaphota&#39;s</strong></span> <span class='ocrx_word' id='word_1_331' title='bbox 247 1425 284 1453; x_wconf 77' lang='lat' dir='ltr'><strong>G.</strong></span> <span class='ocrx_word' id='word_1_332' title='bbox 294 1425 325 1452; x_wconf 76' lang='lat'><strong>2.</strong></span> <span class='ocrx_word' id='word_1_333' title='bbox 350 1430 443 1451; x_wconf 74' lang='lat' dir='ltr'><strong>meas</strong></span> <span class='ocrx_word' id='word_1_334' title='bbox 455 1425 549 1452; x_wconf 82' lang='lat' dir='ltr'><strong>abest</strong></span> <span class='ocrx_word' id='word_1_335' title='bbox 562 1424 629 1452; x_wconf 81' lang='lat' dir='ltr'><strong>al).</strong></span> <span class='ocrx_word' id='word_1_336' title='bbox 655 1422 831 1462; x_wconf 83' lang='lat' dir='ltr'><strong>auferrem</strong></span> <span class='ocrx_word' id='word_1_337' title='bbox 844 1425 884 1454; x_wconf 91' lang='lat' dir='ltr'><strong>D.</strong></span> <span class='ocrx_word' id='word_1_338' title='bbox 893 1431 914 1452; x_wconf 78' lang='lat' dir='ltr'><strong>a</strong></span> <span class='ocrx_word' id='word_1_339' title='bbox 926 1432 966 1452; x_wconf 90' lang='lat' dir='ltr'><strong>m.</strong></span> <span class='ocrx_word' id='word_1_340' title='bbox 979 1433 1008 1459; x_wconf 79' lang='lat' dir='ltr'><strong>p.</strong></span> <span class='ocrx_word' id='word_1_341' title='bbox 1029 1420 1087 1463; x_wconf 84' lang='lat' dir='ltr'><strong>(ex</strong></span> <span class='ocrx_word' id='word_1_342' title='bbox 1100 1425 1289 1460; x_wconf 80' lang='lat' dir='ltr'><strong>compendio</strong></span> <span class='ocrx_word' id='word_1_343' title='bbox 1302 1424 1465 1466; x_wconf 44' lang='lat' dir='ltr'><strong>‘dt-serrem</strong></span> <span class='ocrx_word' id='word_1_344' title='bbox 1479 1427 1662 1461; x_wconf 81' lang='lat' dir='ltr'><strong>depravata</strong></span> <span class='ocrx_word' id='word_1_345' title='bbox 1674 1430 1723 1456; x_wconf 86' lang='lat' dir='ltr'><strong>est</strong></span> <span class='ocrx_word' id='word_1_346' title='bbox 1736 1428 1860 1458; x_wconf 75' lang='lat' dir='ltr'><strong>lectio.)</strong></span> 
     </span>
     <span class='ocr_line' id='line_1_26' title="bbox 40 1466 1859 1507; baseline 0.002 -10"><span class='ocrx_word' id='word_1_347' title='bbox 40 1468 81 1499; x_wconf 81' lang='lat' dir='ltr'><strong>de</strong></span> <span class='ocrx_word' id='word_1_348' title='bbox 98 1477 173 1497; x_wconf 82' lang='lat' dir='ltr'><strong>mea</strong></span> <span class='ocrx_word' id='word_1_349' title='bbox 191 1477 221 1504; x_wconf 74' lang='lat' dir='ltr'><strong>n.</strong></span> <span class='ocrx_word' id='word_1_350' title='bbox 241 1467 280 1496; x_wconf 83' lang='lat' dir='ltr'><strong>de</strong></span> <span class='ocrx_word' id='word_1_351' title='bbox 299 1471 422 1497; x_wconf 82' lang='lat' dir='ltr'><strong>nostra</strong></span> <span class='ocrx_word' id='word_1_352' title='bbox 441 1469 462 1497; x_wconf 83' lang='lat' dir='ltr'><strong>f.</strong></span> <span class='ocrx_word' id='word_1_353' title='bbox 483 1476 541 1503; x_wconf 81' lang='lat' dir='ltr'><strong>pro</strong></span> <span class='ocrx_word' id='word_1_354' title='bbox 559 1466 699 1496; x_wconf 80' lang='lat' dir='ltr'><strong>demam.</strong></span> <span class='ocrx_word' id='word_1_355' title='bbox 744 1468 933 1497; x_wconf 72' lang='lat' dir='ltr'><strong>immatura</strong></span> <span class='ocrx_word' id='word_1_356' title='bbox 945 1471 984 1498; x_wconf 91' lang='lat' dir='ltr'><strong>D.</strong></span> <span class='ocrx_word' id='word_1_357' title='bbox 999 1477 1072 1498; x_wconf 84' lang='lat' dir='ltr'><strong>am.</strong></span> <span class='ocrx_word' id='word_1_358' title='bbox 1088 1478 1118 1504; x_wconf 80' lang='lat' dir='ltr'><strong>p.</strong></span> <span class='ocrx_word' id='word_1_359' title='bbox 1163 1468 1278 1507; x_wconf 73' lang='lat' dir='ltr'><strong>gladio</strong></span> <span class='ocrx_word' id='word_1_360' title='bbox 1293 1472 1329 1500; x_wconf 88' lang='lat' dir='ltr'><strong>G.</strong></span> <span class='ocrx_word' id='word_1_361' title='bbox 1346 1472 1374 1499; x_wconf 89' lang='lat'><strong>1.</strong></span> <span class='ocrx_word' id='word_1_362' title='bbox 1388 1472 1425 1500; x_wconf 91' lang='grc' dir='ltr'><strong>Ο.</strong></span> <span class='ocrx_word' id='word_1_363' title='bbox 1438 1472 1474 1499; x_wconf 91' lang='lat' dir='ltr'><strong>L.</strong></span> <span class='ocrx_word' id='word_1_364' title='bbox 1489 1472 1527 1500; x_wconf 87' lang='lat' dir='ltr'><strong>R.</strong></span> <span class='ocrx_word' id='word_1_365' title='bbox 1543 1471 1565 1500; x_wconf 83' lang='lat' dir='ltr'><strong>f.</strong></span> <span class='ocrx_word' id='word_1_366' title='bbox 1579 1472 1618 1500; x_wconf 92' lang='lat' dir='ltr'><strong>D.</strong></span> <span class='ocrx_word' id='word_1_367' title='bbox 1631 1479 1669 1501; x_wconf 88' lang='grc' dir='ltr'><strong>π.</strong></span> <span class='ocrx_word' id='word_1_368' title='bbox 1717 1475 1859 1500; x_wconf 78' lang='lat' dir='ltr'><strong>cunctus</strong></span> 
     </span>
     <span class='ocr_line' id='line_1_27' title="bbox 39 1512 1860 1554; baseline 0 -10"><span class='ocrx_word' id='word_1_369' title='bbox 39 1523 97 1551; x_wconf 78' lang='lat' dir='ltr'><strong>pro</strong></span> <span class='ocrx_word' id='word_1_370' title='bbox 111 1514 242 1543; x_wconf 78' lang='lat' dir='ltr'><strong>cinctus</strong></span> <span class='ocrx_word' id='word_1_371' title='bbox 253 1516 337 1544; x_wconf 81' lang='lat' dir='ltr'><strong>lunt.</strong></span> <span class='ocrx_word' id='word_1_372' title='bbox 352 1515 382 1542; x_wconf 89' lang='lat'><strong>1.</strong></span> <span class='ocrx_word' id='word_1_373' title='bbox 413 1512 599 1542; x_wconf 78' lang='lat' dir='ltr'><strong>altrisecus</strong></span> <span class='ocrx_word' id='word_1_374' title='bbox 611 1515 650 1543; x_wconf 90' lang='lat' dir='ltr'><strong>D.</strong></span> <span class='ocrx_word' id='word_1_375' title='bbox 687 1512 860 1542; x_wconf 70' lang='lat' dir='ltr'><strong>altriseeis</strong></span> <span class='ocrx_word' id='word_1_376' title='bbox 872 1515 1001 1543; x_wconf 75' lang='lat' dir='ltr'><strong>Vicent.</strong></span> <span class='ocrx_word' id='word_1_377' title='bbox 1014 1516 1130 1544; x_wconf 71' lang='lat' dir='ltr'><strong>Venet.</strong></span> <span class='ocrx_word' id='word_1_378' title='bbox 1145 1517 1174 1544; x_wconf 77' lang='lat'><strong>4.</strong></span> <span class='ocrx_word' id='word_1_379' title='bbox 1205 1518 1239 1541; x_wconf 82' lang='lat' dir='ltr'><strong>et</strong></span> <span class='ocrx_word' id='word_1_380' title='bbox 1252 1516 1322 1552; x_wconf 73' lang='lat' dir='ltr'><strong>ipse</strong></span> <span class='ocrx_word' id='word_1_381' title='bbox 1336 1525 1364 1550; x_wconf 76' lang='lat' dir='ltr'><strong>p.</strong></span> <span class='ocrx_word' id='word_1_382' title='bbox 1393 1515 1540 1554; x_wconf 71' lang='lat' dir='ltr'><strong>gustabo</strong></span> <span class='ocrx_word' id='word_1_383' title='bbox 1553 1517 1669 1546; x_wconf 73' lang='lat' dir='ltr'><strong>Venet.</strong></span> <span class='ocrx_word' id='word_1_384' title='bbox 1683 1519 1713 1545; x_wconf 72' lang='lat'><strong>2.</strong></span> <span class='ocrx_word' id='word_1_385' title='bbox 1745 1517 1860 1554; x_wconf 74' lang='lat' dir='ltr'><strong>sicque</strong></span> 
     </span>
    </p>
   </div>
   <div class='ocr_carea' id='block_1_5' title="bbox 40 1551 1859 1598">
    <p class='ocr_par' dir='ltr' id='par_1_5' title="bbox 40 1551 1859 1598">
     <span class='ocr_line' id='line_1_28' title="bbox 40 1551 1859 1598; baseline 0 -9"><span class='ocrx_word' id='word_1_386' title='bbox 40 1561 117 1589; x_wconf 80' lang='lat' dir='ltr'>F.1.</span> <span class='ocrx_word' id='word_1_387' title='bbox 135 1561 173 1589; x_wconf 74' lang='grc' dir='ltr'><strong>Ι..</strong></span> <span class='ocrx_word' id='word_1_388' title='bbox 189 1551 560 1589; x_wconf 74' lang='lat' dir='ltr'><strong>c01v.vuican.wow.</strong></span> <span class='ocrx_word' id='word_1_389' title='bbox 584 1561 621 1588; x_wconf 90' lang='grc'><strong>111</strong></span> <span class='ocrx_word' id='word_1_390' title='bbox 641 1559 746 1588; x_wconf 83' lang='lat' dir='ltr'><strong>Guelf.</strong></span> <span class='ocrx_word' id='word_1_391' title='bbox 763 1561 792 1588; x_wconf 90' lang='lat'><strong>1.</strong></span> <span class='ocrx_word' id='word_1_392' title='bbox 810 1561 911 1588; x_wconf 73' lang='lat' dir='ltr'><strong>verba</strong></span> <span class='ocrx_word' id='word_1_393' title='bbox 930 1561 978 1588; x_wconf 84' lang='lat' dir='ltr'><strong>sie</strong></span> <span class='ocrx_word' id='word_1_394' title='bbox 998 1561 1148 1589; x_wconf 77' lang='lat' dir='ltr'><strong>ordinata</strong></span> <span class='ocrx_word' id='word_1_395' title='bbox 1161 1564 1252 1589; x_wconf 79' lang='lat' dir='ltr'><strong>sunt:</strong></span> <span class='ocrx_word' id='word_1_396' title='bbox 1278 1558 1495 1598; x_wconf 65' lang='lat' dir='ltr'><strong>Sic-paratus</strong></span> <span class='ocrx_word' id='word_1_397' title='bbox 1509 1569 1634 1589; x_wconf 77' lang='lat' dir='ltr'><strong>coenae</strong></span> <span class='ocrx_word' id='word_1_398' title='bbox 1646 1570 1696 1590; x_wconf 81' lang='lat' dir='ltr'><strong>me</strong></span> <span class='ocrx_word' id='word_1_399' title='bbox 1709 1562 1859 1590; x_wconf 76' lang='lat' dir='ltr'><strong>comitto.</strong></span> 
     </span>
    </p>
   </div>
   <div class='ocr_carea' id='block_1_6' title="bbox 41 1602 1149 1643">
    <p class='ocr_par' dir='ltr' id='par_1_6' title="bbox 41 1602 1149 1643">
     <span class='ocr_line' id='line_1_29' title="bbox 41 1602 1149 1643; baseline 0 -10"><span class='ocrx_word' id='word_1_400' title='bbox 41 1603 111 1633; x_wconf 81' lang='lat' dir='ltr'><strong>Nec</strong></span> <span class='ocrx_word' id='word_1_401' title='bbox 126 1608 237 1633; x_wconf 83' lang='lat' dir='ltr'><strong>tamen</strong></span> <span class='ocrx_word' id='word_1_402' title='bbox 250 1605 317 1633; x_wconf 74' lang='lat' dir='ltr'>inc.</span> <span class='ocrx_word' id='word_1_403' title='bbox 332 1603 396 1632; x_wconf 69' lang='lat' dir='ltr'><strong>ibo.</strong></span> <span class='ocrx_word' id='word_1_404' title='bbox 410 1602 450 1631; x_wconf 82' lang='grc' dir='ltr'><strong>Ν.</strong></span> <span class='ocrx_word' id='word_1_405' title='bbox 461 1602 553 1642; x_wconf 80' lang='lat' dir='ltr'>glad.</span> <span class='ocrx_word' id='word_1_406' title='bbox 567 1607 601 1632; x_wconf 79' lang='lat' dir='ltr'><strong>et</strong></span> <span class='ocrx_word' id='word_1_407' title='bbox 615 1612 699 1639; x_wconf 87' lang='lat' dir='ltr'><strong>quae</strong></span> <span class='ocrx_word' id='word_1_408' title='bbox 712 1612 801 1639; x_wconf 83' lang='lat' dir='ltr'><strong>seqq.</strong></span> <span class='ocrx_word' id='word_1_409' title='bbox 827 1612 931 1639; x_wconf 77' lang='lat' dir='ltr'><strong>usque</strong></span> <span class='ocrx_word' id='word_1_410' title='bbox 945 1607 985 1634; x_wconf 85' lang='lat' dir='ltr'><strong>ad</strong></span> <span class='ocrx_word' id='word_1_411' title='bbox 997 1604 1149 1643; x_wconf 77' lang='lat' dir='ltr'><strong>gestabo.</strong></span> 
     </span>
    </p>
   </div>
   <div class='ocr_carea' id='block_1_7' title="bbox 39 1702 921 2288">
    <p class='ocr_par' dir='ltr' id='par_1_7' title="bbox 40 1702 921 1871">
     <span class='ocr_line' id='line_1_30' title="bbox 98 1702 921 1756; baseline -0.001 -12"><span class='ocrx_word' id='word_1_412' title='bbox 98 1710 371 1746; x_wconf 68' lang='lat' dir='ltr'><strong>commeatum.</strong></span> <span class='ocrx_word' id='word_1_413' title='bbox 422 1702 496 1756; x_wconf 87' lang='lat' dir='ltr'>[cf.</span> <span class='ocrx_word' id='word_1_414' title='bbox 528 1716 632 1754; x_wconf 88' lang='lat' dir='ltr'><strong>quae</strong></span> <span class='ocrx_word' id='word_1_415' title='bbox 658 1704 818 1755; x_wconf 82' lang='lat' dir='ltr'><strong>egregie</strong></span> <span class='ocrx_word' id='word_1_416' title='bbox 844 1704 921 1743; x_wconf 90' lang='lat' dir='ltr'><strong>dis·</strong></span> 
     </span>
     <span class='ocr_line' id='line_1_31' title="bbox 40 1759 919 1813; baseline 0 -13"><span class='ocrx_word' id='word_1_417' title='bbox 40 1761 191 1813; x_wconf 80' lang='lat' dir='ltr'><strong>putavit</strong></span> <span class='ocrx_word' id='word_1_418' title='bbox 224 1760 364 1799; x_wconf 89' lang='lat' dir='ltr'><strong>Munk.</strong></span> <span class='ocrx_word' id='word_1_419' title='bbox 399 1760 449 1798; x_wconf 89' lang='lat' dir='ltr'><strong>ad</strong></span> <span class='ocrx_word' id='word_1_420' title='bbox 480 1759 584 1812; x_wconf 81' lang='lat' dir='ltr'>Hyg.</span> <span class='ocrx_word' id='word_1_421' title='bbox 620 1760 696 1799; x_wconf 87' lang='lat' dir='ltr'>fab.</span> <span class='ocrx_word' id='word_1_422' title='bbox 732 1759 919 1800; x_wconf 76' lang='lat' dir='ltr'><strong>CCLVll.</strong></span> 
     </span>
     <span class='ocr_line' id='line_1_32' title="bbox 40 1818 224 1871; baseline -0.005 -13"><span class='ocrx_word' id='word_1_423' title='bbox 40 1833 78 1871; x_wconf 86' lang='lat' dir='ltr'><strong>p.</strong></span> <span class='ocrx_word' id='word_1_424' title='bbox 105 1818 224 1870; x_wconf 65' lang='lat'><strong>366]</strong></span> 
     </span>
    </p>

    <p class='ocr_par' dir='ltr' id='par_1_8' title="bbox 39 1896 921 2288">
     <span class='ocr_line' id='line_1_33' title="bbox 98 1896 921 1950; baseline -0.002 -13"><span class='ocrx_word' id='word_1_425' title='bbox 98 1911 194 1938; x_wconf 78' lang='lat' dir='ltr'><strong>care</strong></span> <span class='ocrx_word' id='word_1_426' title='bbox 218 1898 416 1937; x_wconf 68' lang='lat' dir='ltr'><strong>matur-ius</strong></span> <span class='ocrx_word' id='word_1_427' title='bbox 439 1897 693 1950; x_wconf 72' lang='lat' dir='ltr'><strong>reyredt‘are.</strong></span> <span class='ocrx_word' id='word_1_428' title='bbox 722 1896 921 1935; x_wconf 81' lang='lat' dir='ltr'><strong>Stewech.</strong></span> 
     </span>
     <span class='ocr_line' id='line_1_34' title="bbox 41 1952 920 2005; baseline -0.002 -12"><span class='ocrx_word' id='word_1_429' title='bbox 41 1968 91 1993; x_wconf 78' lang='lat' dir='ltr'><strong>ex</strong></span> <span class='ocrx_word' id='word_1_430' title='bbox 121 1958 253 1993; x_wconf 89' lang='lat' dir='ltr'><strong>mente</strong></span> <span class='ocrx_word' id='word_1_431' title='bbox 283 1953 441 1992; x_wconf 81' lang='lat' dir='ltr'><strong>Fotidis</strong></span> <span class='ocrx_word' id='word_1_432' title='bbox 476 1966 670 2005; x_wconf 85' lang='lat' dir='ltr'><strong>reponere</strong></span> <span class='ocrx_word' id='word_1_433' title='bbox 700 1952 823 1992; x_wconf 89' lang='lat' dir='ltr'><strong>voluit</strong></span> <span class='ocrx_word' id='word_1_434' title='bbox 853 1955 920 1991; x_wconf 84' lang='lat' dir='ltr'><strong>im—</strong></span> 
     </span>
     <span class='ocr_line' id='line_1_35' title="bbox 41 2009 919 2062; baseline -0.002 -11"><span class='ocrx_word' id='word_1_435' title='bbox 41 2012 252 2062; x_wconf 68' lang='lat' dir='ltr'><strong>maturius.</strong></span> <span class='ocrx_word' id='word_1_436' title='bbox 313 2009 396 2048; x_wconf 89' lang='lat' dir='ltr'><strong>Sed</strong></span> <span class='ocrx_word' id='word_1_437' title='bbox 428 2009 533 2049; x_wconf 91' lang='lat' dir='ltr'><strong>Oud.</strong></span> <span class='ocrx_word' id='word_1_438' title='bbox 559 2023 703 2049; x_wconf 76' lang='lat' dir='ltr'><strong>carere</strong></span> <span class='ocrx_word' id='word_1_439' title='bbox 727 2023 797 2061; x_wconf 89' lang='lat' dir='ltr'><strong>pro</strong></span> <span class='ocrx_word' id='word_1_440' title='bbox 825 2024 919 2049; x_wconf 78' lang='lat' dir='ltr'><strong>can-</strong></span> 
     </span>
     <span class='ocr_line' id='line_1_36' title="bbox 40 2066 919 2112; baseline -0.005 -5"><span class='ocrx_word' id='word_1_441' title='bbox 40 2069 189 2107; x_wconf 76' lang='lat' dir='ltr'><strong>tionem</strong></span> <span class='ocrx_word' id='word_1_442' title='bbox 202 2067 417 2112; x_wconf 76' lang='lat' dir='ltr'><strong>adhibere,</strong></span> <span class='ocrx_word' id='word_1_443' title='bbox 438 2066 597 2112; x_wconf 72' lang='lat' dir='ltr'><strong>videre,</strong></span> <span class='ocrx_word' id='word_1_444' title='bbox 612 2080 762 2105; x_wconf 80' lang='lat' dir='ltr'><strong>curare</strong></span> <span class='ocrx_word' id='word_1_445' title='bbox 774 2066 919 2104; x_wconf 85' lang='lat' dir='ltr'><strong>dictum</strong></span> 
     </span>
     <span class='ocr_line' id='line_1_37' title="bbox 42 2121 919 2174; baseline -0.003 -11"><span class='ocrx_word' id='word_1_446' title='bbox 42 2137 136 2163; x_wconf 81' lang='lat' dir='ltr'><strong>esse</strong></span> <span class='ocrx_word' id='word_1_447' title='bbox 166 2123 319 2174; x_wconf 85' lang='lat' dir='ltr'><strong>probat.</strong></span> <span class='ocrx_word' id='word_1_448' title='bbox 355 2121 424 2174; x_wconf 82' lang='lat' dir='ltr'><strong>[cf.</strong></span> <span class='ocrx_word' id='word_1_449' title='bbox 450 2121 644 2173; x_wconf 85' lang='lat' dir='ltr'><strong>Heusing.</strong></span> <span class='ocrx_word' id='word_1_450' title='bbox 675 2122 725 2160; x_wconf 86' lang='lat' dir='ltr'><strong>ad</strong></span> <span class='ocrx_word' id='word_1_451' title='bbox 758 2122 836 2160; x_wconf 83' lang='lat' dir='ltr'><strong>Cic.</strong></span> <span class='ocrx_word' id='word_1_452' title='bbox 869 2122 919 2160; x_wconf 90' lang='lat' dir='ltr'><strong>de</strong></span> 
     </span>
     <span class='ocr_line' id='line_1_38' title="bbox 39 2173 917 2229; baseline -0.003 -10"><span class='ocrx_word' id='word_1_453' title='bbox 39 2180 120 2219; x_wconf 85' lang='lat' dir='ltr'><strong>Off.</strong></span> <span class='ocrx_word' id='word_1_454' title='bbox 137 2185 172 2220; x_wconf 87' lang='lat'><strong>1.</strong></span> <span class='ocrx_word' id='word_1_455' title='bbox 187 2183 253 2220; x_wconf 83' lang='lat'><strong>39.</strong></span> <span class='ocrx_word' id='word_1_456' title='bbox 273 2178 305 2229; x_wconf 79' lang='grc' dir='ltr'><strong>δ.</strong></span> <span class='ocrx_word' id='word_1_457' title='bbox 324 2183 415 2219; x_wconf 87' lang='lat'>141.</span> <span class='ocrx_word' id='word_1_458' title='bbox 441 2177 569 2218; x_wconf 81' lang='lat' dir='ltr'><strong>Periz.</strong></span> <span class='ocrx_word' id='word_1_459' title='bbox 595 2178 654 2216; x_wconf 87' lang='lat' dir='ltr'><strong>ad·</strong></span> <span class='ocrx_word' id='word_1_460' title='bbox 672 2178 806 2218; x_wconf 88' lang='lat' dir='ltr'><strong>Sanct.</strong></span> <span class='ocrx_word' id='word_1_461' title='bbox 819 2173 917 2217; x_wconf 77' lang='lat' dir='ltr'><strong>Min.</strong></span> 
     </span>
     <span class='ocr_line' id='line_1_39' title="bbox 42 2234 491 2288; baseline -0.002 -13"><span class='ocrx_word' id='word_1_462' title='bbox 42 2236 88 2275; x_wconf 90' lang='lat'><strong>11.</strong></span> <span class='ocrx_word' id='word_1_463' title='bbox 114 2241 209 2278; x_wconf 85' lang='lat'>515.</span> <span class='ocrx_word' id='word_1_464' title='bbox 235 2235 296 2274; x_wconf 79' lang='lat' dir='ltr'><strong>ed.</strong></span> <span class='ocrx_word' id='word_1_465' title='bbox 321 2234 491 2288; x_wconf 60' lang='lat' dir='ltr'><strong>Rauen]</strong></span> 
     </span>
    </p>
   </div>
   <div class='ocr_carea' id='block_1_8' title="bbox 38 2313 918 2762">
    <p class='ocr_par' dir='ltr' id='par_1_9' title="bbox 38 2313 918 2762">
     <span class='ocr_line' id='line_1_40' title="bbox 93 2313 917 2368; baseline -0.004 -13"><span class='ocrx_word' id='word_1_466' title='bbox 93 2315 233 2368; x_wconf 80' lang='lat' dir='ltr'><strong>factio</strong></span> <span class='ocrx_word' id='word_1_467' title='bbox 246 2314 588 2354; x_wconf 79' lang='lat' dir='ltr'><strong>nobilissimormn</strong></span> <span class='ocrx_word' id='word_1_468' title='bbox 598 2315 793 2354; x_wconf 74' lang='lat' dir='ltr'><strong>iuvenum.</strong></span> <span class='ocrx_word' id='word_1_469' title='bbox 810 2313 917 2366; x_wconf 83' lang='lat' dir='ltr'><strong>[Non</strong></span> 
     </span>
     <span class='ocr_line' id='line_1_41' title="bbox 39 2370 917 2422; baseline -0.005 -10"><span class='ocrx_word' id='word_1_470' title='bbox 39 2386 125 2415; x_wconf 87' lang='lat' dir='ltr'><strong>raro</strong></span> <span class='ocrx_word' id='word_1_471' title='bbox 151 2371 254 2410; x_wconf 87' lang='lat' dir='ltr'><strong>enim</strong></span> <span class='ocrx_word' id='word_1_472' title='bbox 277 2371 396 2411; x_wconf 85' lang='lat' dir='ltr'><strong>fiebat</strong></span> <span class='ocrx_word' id='word_1_473' title='bbox 420 2371 658 2422; x_wconf 85' lang='lat' dir='ltr'><strong>praeceteris</strong></span> <span class='ocrx_word' id='word_1_474' title='bbox 685 2372 722 2409; x_wconf 90' lang='lat' dir='ltr'><strong>in</strong></span> <span class='ocrx_word' id='word_1_475' title='bbox 738 2370 917 2417; x_wconf 85' lang='lat' dir='ltr'><strong>Graecia,</strong></span> 
     </span>
     <span class='ocr_line' id='line_1_42' title="bbox 38 2427 918 2478; baseline -0.001 -11"><span class='ocrx_word' id='word_1_476' title='bbox 38 2433 81 2467; x_wconf 87' lang='lat' dir='ltr'><strong>ut</strong></span> <span class='ocrx_word' id='word_1_477' title='bbox 118 2427 351 2468; x_wconf 80' lang='lat' dir='ltr'><strong>nobilissimi</strong></span> <span class='ocrx_word' id='word_1_478' title='bbox 389 2428 552 2466; x_wconf 85' lang='lat' dir='ltr'><strong>iuvenes</strong></span> <span class='ocrx_word' id='word_1_479' title='bbox 588 2431 704 2466; x_wconf 89' lang='lat' dir='ltr'><strong>noctu</strong></span> <span class='ocrx_word' id='word_1_480' title='bbox 747 2429 918 2478; x_wconf 79' lang='lat' dir='ltr'><strong>grassati</strong></span> 
     </span>
     <span class='ocr_line' id='line_1_43' title="bbox 38 2483 917 2538; baseline -0.002 -15"><span class='ocrx_word' id='word_1_481' title='bbox 38 2485 236 2538; x_wconf 85' lang='lat' dir='ltr'><strong>publicam</strong></span> <span class='ocrx_word' id='word_1_482' title='bbox 249 2497 388 2536; x_wconf 87' lang='lat' dir='ltr'><strong>pacem</strong></span> <span class='ocrx_word' id='word_1_483' title='bbox 404 2483 620 2530; x_wconf 86' lang='lat' dir='ltr'><strong>inficerent,</strong></span> <span class='ocrx_word' id='word_1_484' title='bbox 635 2484 778 2522; x_wconf 79' lang='lat' dir='ltr'><strong>obvios</strong></span> <span class='ocrx_word' id='word_1_485' title='bbox 792 2497 917 2535; x_wconf 81' lang='lat' dir='ltr'><strong>saepe</strong></span> 
     </span>
     <span class='ocr_line' id='line_1_44' title="bbox 38 2539 916 2591; baseline 0.002 -13"><span class='ocrx_word' id='word_1_486' title='bbox 38 2540 104 2579; x_wconf 83' lang='lat' dir='ltr'><strong>vel</strong></span> <span class='ocrx_word' id='word_1_487' title='bbox 118 2541 344 2579; x_wconf 84' lang='lat' dir='ltr'><strong>verberibus</strong></span> <span class='ocrx_word' id='word_1_488' title='bbox 367 2540 580 2579; x_wconf 86' lang='lat' dir='ltr'><strong>caedentes</strong></span> <span class='ocrx_word' id='word_1_489' title='bbox 601 2540 663 2578; x_wconf 83' lang='lat' dir='ltr'><strong>vel</strong></span> <span class='ocrx_word' id='word_1_490' title='bbox 684 2539 916 2591; x_wconf 82' lang='lat' dir='ltr'><strong>spoliantes.</strong></span> 
     </span>
     <span class='ocr_line' id='line_1_45' title="bbox 41 2595 916 2648; baseline -0.002 -11"><span class='ocrx_word' id='word_1_491' title='bbox 41 2598 87 2637; x_wconf 86' lang='lat' dir='ltr'><strong>cs.</strong></span> <span class='ocrx_word' id='word_1_492' title='bbox 115 2596 280 2636; x_wconf 79' lang='lat' dir='ltr'><strong>Taubm.</strong></span> <span class='ocrx_word' id='word_1_493' title='bbox 308 2596 359 2635; x_wconf 86' lang='lat' dir='ltr'><strong>ad</strong></span> <span class='ocrx_word' id='word_1_494' title='bbox 384 2595 513 2635; x_wconf 87' lang='lat' dir='ltr'><strong>Plaut.</strong></span> <span class='ocrx_word' id='word_1_495' title='bbox 539 2596 734 2648; x_wconf 78' lang='lat' dir='ltr'><strong>Amphitr.</strong></span> <span class='ocrx_word' id='word_1_496' title='bbox 760 2596 787 2634; x_wconf 89' lang='lat' dir='ltr'><strong>I.</strong></span> <span class='ocrx_word' id='word_1_497' title='bbox 818 2601 851 2636; x_wconf 91' lang='lat'><strong>1.</strong></span> <span class='ocrx_word' id='word_1_498' title='bbox 879 2600 916 2637; x_wconf 83' lang='lat'><strong>2.</strong></span> 
     </span>
     <span class='ocr_line' id='line_1_46' title="bbox 39 2651 918 2706; baseline -0.001 -13"><span class='ocrx_word' id='word_1_499' title='bbox 39 2654 202 2706; x_wconf 88' lang='lat' dir='ltr'><strong>Rupert.</strong></span> <span class='ocrx_word' id='word_1_500' title='bbox 227 2653 279 2692; x_wconf 87' lang='lat' dir='ltr'><strong>ad</strong></span> <span class='ocrx_word' id='word_1_501' title='bbox 302 2652 434 2692; x_wconf 81' lang='lat' dir='ltr'><strong>Iuven.</strong></span> <span class='ocrx_word' id='word_1_502' title='bbox 460 2652 524 2692; x_wconf 89' lang='lat' dir='ltr'>III.</span> <span class='ocrx_word' id='word_1_503' title='bbox 551 2651 644 2694; x_wconf 76' lang='lat'>278.</span> <span class='ocrx_word' id='word_1_504' title='bbox 673 2652 773 2691; x_wconf 89' lang='lat' dir='ltr'><strong>Sunt</strong></span> <span class='ocrx_word' id='word_1_505' title='bbox 794 2667 918 2705; x_wconf 77' lang='lat' dir='ltr'><strong>prae-</strong></span> 
     </span>
     <span class='ocr_line' id='line_1_47' title="bbox 41 2709 767 2762; baseline -0.001 -13"><span class='ocrx_word' id='word_1_506' title='bbox 41 2711 233 2750; x_wconf 80' lang='lat' dir='ltr'><strong>miatores</strong></span> <span class='ocrx_word' id='word_1_507' title='bbox 259 2709 306 2747; x_wconf 85' lang='lat' dir='ltr'><strong>cf.</strong></span> <span class='ocrx_word' id='word_1_508' title='bbox 332 2709 435 2748; x_wconf 83' lang='lat' dir='ltr'><strong>Non.</strong></span> <span class='ocrx_word' id='word_1_509' title='bbox 462 2723 494 2748; x_wconf 82' lang='lat' dir='ltr'><strong>s.</strong></span> <span class='ocrx_word' id='word_1_510' title='bbox 519 2724 554 2749; x_wconf 77' lang='lat' dir='ltr'><strong>v.</strong></span> <span class='ocrx_word' id='word_1_511' title='bbox 582 2723 619 2760; x_wconf 88' lang='lat' dir='ltr'>p.</span> <span class='ocrx_word' id='word_1_512' title='bbox 652 2709 767 2762; x_wconf 82' lang='lat'>150.]</span> 
     </span>
    </p>
   </div>
   <div class='ocr_carea' id='block_1_9' title="bbox 41 2787 920 3180">
    <p class='ocr_par' dir='ltr' id='par_1_10' title="bbox 41 2787 920 3180">
     <span class='ocr_line' id='line_1_48' title="bbox 51 2787 919 2842; baseline -0.005 -12"><span class='ocrx_word' id='word_1_513' title='bbox 51 2820 53 2822; x_wconf 62' lang='grc'><em>»</em></span> <span class='ocrx_word' id='word_1_514' title='bbox 94 2789 309 2842; x_wconf 76' lang='lat' dir='ltr'><strong>publicam</strong></span> <span class='ocrx_word' id='word_1_515' title='bbox 329 2803 477 2841; x_wconf 78' lang='lat' dir='ltr'><strong>pacem</strong></span> <span class='ocrx_word' id='word_1_516' title='bbox 502 2789 690 2841; x_wconf 79' lang='lat' dir='ltr'><strong>infectat.</strong></span> <span class='ocrx_word' id='word_1_517' title='bbox 716 2787 843 2840; x_wconf 88' lang='lat' dir='ltr'><strong>[Oud.</strong></span> <span class='ocrx_word' id='word_1_518' title='bbox 870 2802 919 2827; x_wconf 83' lang='lat' dir='ltr'><strong>ex</strong></span> 
     </span>
     <span class='ocr_line' id='line_1_49' title="bbox 41 2845 919 2897; baseline -0.001 -12"><span class='ocrx_word' id='word_1_519' title='bbox 41 2846 195 2897; x_wconf 82' lang='lat' dir='ltr'><strong>ingenio</strong></span> <span class='ocrx_word' id='word_1_520' title='bbox 229 2847 366 2896; x_wconf 83' lang='lat' dir='ltr'><strong>reponi</strong></span> <span class='ocrx_word' id='word_1_521' title='bbox 404 2845 525 2883; x_wconf 85' lang='lat' dir='ltr'><strong>voluit</strong></span> <span class='ocrx_word' id='word_1_522' title='bbox 560 2846 776 2897; x_wconf 80' lang='lat' dir='ltr'><strong>infestant,</strong></span> <span class='ocrx_word' id='word_1_523' title='bbox 813 2845 919 2895; x_wconf 88' lang='lat' dir='ltr'><strong>quod</strong></span> 
     </span>
     <span class='ocr_line' id='line_1_50' title="bbox 41 2901 917 2954; baseline -0.003 -13"><span class='ocrx_word' id='word_1_524' title='bbox 41 2902 158 2945; x_wconf 82' lang='lat' dir='ltr'><strong>valde</strong></span> <span class='ocrx_word' id='word_1_525' title='bbox 182 2902 379 2954; x_wconf 85' lang='lat' dir='ltr'><strong>probatur,</strong></span> <span class='ocrx_word' id='word_1_526' title='bbox 405 2915 522 2952; x_wconf 88' lang='lat' dir='ltr'><strong>quum</strong></span> <span class='ocrx_word' id='word_1_527' title='bbox 549 2901 734 2940; x_wconf 84' lang='lat' dir='ltr'><strong>facillimo</strong></span> <span class='ocrx_word' id='word_1_528' title='bbox 759 2902 917 2952; x_wconf 82' lang='lat' dir='ltr'><strong>negotio</strong></span> 
     </span>
     <span class='ocr_line' id='line_1_51' title="bbox 43 2957 917 3010; baseline 0 -13"><span class='ocrx_word' id='word_1_529' title='bbox 43 2958 245 3010; x_wconf 77' lang='lat' dir='ltr'><strong>depravari</strong></span> <span class='ocrx_word' id='word_1_530' title='bbox 281 2962 435 3010; x_wconf 86' lang='lat' dir='ltr'><strong>posset.</strong></span> <span class='ocrx_word' id='word_1_531' title='bbox 489 2958 538 2997; x_wconf 84' lang='lat' dir='ltr'><strong>cs.</strong></span> <span class='ocrx_word' id='word_1_532' title='bbox 574 2957 673 2997; x_wconf 85' lang='lat' dir='ltr'><strong>Met.</strong></span> <span class='ocrx_word' id='word_1_533' title='bbox 710 2957 738 2997; x_wconf 85' lang='lat'><strong>1.</strong></span> <span class='ocrx_word' id='word_1_534' title='bbox 774 2970 812 3008; x_wconf 86' lang='lat' dir='ltr'><strong>p.</strong></span> <span class='ocrx_word' id='word_1_535' title='bbox 850 2961 917 2999; x_wconf 84' lang='lat'><strong>53.</strong></span> 
     </span>
     <span class='ocr_line' id='line_1_52' title="bbox 44 3013 918 3067; baseline 0.002 -15"><span class='ocrx_word' id='word_1_536' title='bbox 44 3014 147 3055; x_wconf 82' lang='lat' dir='ltr'>VIII.</span> <span class='ocrx_word' id='word_1_537' title='bbox 170 3029 209 3066; x_wconf 90' lang='lat' dir='ltr'>p.</span> <span class='ocrx_word' id='word_1_538' title='bbox 235 3018 330 3055; x_wconf 86' lang='lat'>549.</span> <span class='ocrx_word' id='word_1_539' title='bbox 355 3015 462 3054; x_wconf 71' lang='lat' dir='ltr'><strong>Veli.</strong></span> <span class='ocrx_word' id='word_1_540' title='bbox 489 3013 535 3053; x_wconf 85' lang='lat'><strong>11.</strong></span> <span class='ocrx_word' id='word_1_541' title='bbox 562 3028 596 3053; x_wconf 89' lang='grc'><strong>8.</strong></span> <span class='ocrx_word' id='word_1_542' title='bbox 622 3017 690 3054; x_wconf 88' lang='grc'><strong>73.</strong></span> <span class='ocrx_word' id='word_1_543' title='bbox 731 3013 790 3052; x_wconf 81' lang='lat' dir='ltr'><strong>lta</strong></span> <span class='ocrx_word' id='word_1_544' title='bbox 812 3015 918 3067; x_wconf 87' lang='lat' dir='ltr'><strong>apud</strong></span> 
     </span>
     <span class='ocr_line' id='line_1_53' title="bbox 42 3071 917 3123; baseline 0 -13"><span class='ocrx_word' id='word_1_545' title='bbox 42 3071 186 3123; x_wconf 84' lang='lat' dir='ltr'><strong>Hygin.</strong></span> <span class='ocrx_word' id='word_1_546' title='bbox 219 3071 296 3109; x_wconf 84' lang='lat' dir='ltr'>fab.</span> <span class='ocrx_word' id='word_1_547' title='bbox 330 3075 396 3112; x_wconf 85' lang='lat'><strong>37.</strong></span> <span class='ocrx_word' id='word_1_548' title='bbox 426 3071 713 3110; x_wconf 66' lang='lat' dir='ltr'><strong>emmudandmn</strong></span> <span class='ocrx_word' id='word_1_549' title='bbox 744 3074 806 3109; x_wconf 89' lang='lat' dir='ltr'><strong>est</strong></span> <span class='ocrx_word' id='word_1_550' title='bbox 837 3085 917 3110; x_wconf 54' lang='lat' dir='ltr'><strong>eos*-</strong></span> 
     </span>
     <span class='ocr_line' id='line_1_54' title="bbox 46 3127 920 3180; baseline -0.001 -13"><span class='ocrx_word' id='word_1_551' title='bbox 46 3141 122 3180; x_wconf 80' lang='lat' dir='ltr'><strong>que</strong></span> <span class='ocrx_word' id='word_1_552' title='bbox 154 3129 225 3180; x_wconf 76' lang='lat' dir='ltr'><strong>qui</strong></span> <span class='ocrx_word' id='word_1_553' title='bbox 255 3128 344 3166; x_wconf 73' lang='lat' dir='ltr'><em>illic</em></span> <span class='ocrx_word' id='word_1_554' title='bbox 375 3132 456 3167; x_wconf 78' lang='lat' dir='ltr'><strong>tum</strong></span> <span class='ocrx_word' id='word_1_555' title='bbox 488 3129 633 3167; x_wconf 73' lang='lat' dir='ltr'><strong>itinere</strong></span> <span class='ocrx_word' id='word_1_556' title='bbox 664 3127 920 3179; x_wconf 72' lang='lat' dir='ltr'><strong>infestabant</strong></span> 
     </span>
    </p>
   </div>
   <div class='ocr_carea' id='block_1_10' title="bbox 976 1607 1858 2549">
    <p class='ocr_par' dir='ltr' id='par_1_11' title="bbox 976 1607 1858 2549">
     <span class='ocr_line' id='line_1_55' title="bbox 1199 1607 1595 1636; baseline 0.008 -3"><span class='ocrx_word' id='word_1_557' title='bbox 1199 1614 1265 1634; x_wconf 82' lang='lat' dir='ltr'><strong>non</strong></span> <span class='ocrx_word' id='word_1_558' title='bbox 1279 1607 1452 1634; x_wconf 77' lang='lat' dir='ltr'><strong>conmn&#39;lto</strong></span> <span class='ocrx_word' id='word_1_559' title='bbox 1465 1609 1549 1636; x_wconf 71' lang='lat' dir='ltr'><strong>Iuni.</strong></span> <span class='ocrx_word' id='word_1_560' title='bbox 1567 1609 1595 1636; x_wconf 93' lang='lat'><strong>1.</strong></span> 
     </span>
     <span class='ocr_line' id='line_1_56' title="bbox 982 1706 1856 1759; baseline 0.003 -15"><span class='ocrx_word' id='word_1_561' title='bbox 982 1719 1085 1751; x_wconf 82' lang='lat' dir='ltr'><strong>evm,</strong></span> <span class='ocrx_word' id='word_1_562' title='bbox 1118 1719 1253 1745; x_wconf 79' lang='lat' dir='ltr'><strong>omnes</strong></span> <span class='ocrx_word' id='word_1_563' title='bbox 1279 1707 1447 1746; x_wconf 81' lang='lat' dir='ltr'><strong>occidit.</strong></span> <span class='ocrx_word' id='word_1_564' title='bbox 1503 1706 1597 1745; x_wconf 86' lang='lat' dir='ltr'><strong>Erat</strong></span> <span class='ocrx_word' id='word_1_565' title='bbox 1620 1720 1739 1759; x_wconf 86' lang='lat' dir='ltr'><strong>quum</strong></span> <span class='ocrx_word' id='word_1_566' title='bbox 1762 1708 1856 1747; x_wconf 89' lang='lat' dir='ltr'><strong>Ber-</strong></span> 
     </span>
     <span class='ocr_line' id='line_1_57' title="bbox 981 1763 1858 1804; baseline 0.005 -4"><span class='ocrx_word' id='word_1_567' title='bbox 981 1763 1046 1801; x_wconf 88' lang='lat' dir='ltr'><strong>tin.</strong></span> <span class='ocrx_word' id='word_1_568' title='bbox 1090 1766 1129 1801; x_wconf 84' lang='lat' dir='ltr'><strong>et</strong></span> <span class='ocrx_word' id='word_1_569' title='bbox 1166 1763 1256 1802; x_wconf 86' lang='lat' dir='ltr'><strong>edd.</strong></span> <span class='ocrx_word' id='word_1_570' title='bbox 1293 1767 1387 1802; x_wconf 81' lang='lat' dir='ltr'><strong>vett.</strong></span> <span class='ocrx_word' id='word_1_571' title='bbox 1423 1767 1586 1802; x_wconf 86' lang='lat' dir='ltr'><strong>secutus</strong></span> <span class='ocrx_word' id='word_1_572' title='bbox 1623 1765 1858 1804; x_wconf 87' lang='lat' dir='ltr'><strong>coniicerem</strong></span> 
     </span>
     <span class='ocr_line' id='line_1_58' title="bbox 980 1819 1857 1875; baseline 0.007 -19"><span class='ocrx_word' id='word_1_573' title='bbox 980 1832 1075 1857; x_wconf 81' lang='lat' dir='ltr'><strong>esse</strong></span> <span class='ocrx_word' id='word_1_574' title='bbox 1108 1819 1316 1871; x_wconf 76' lang='lat' dir='ltr'><strong>legendnm</strong></span> <span class='ocrx_word' id='word_1_575' title='bbox 1344 1822 1535 1872; x_wconf 78' lang='lat' dir='ltr'><strong>factione</strong></span> <span class='ocrx_word' id='word_1_576' title='bbox 1643 1835 1754 1873; x_wconf 82' lang='lat' dir='ltr'><strong>pace</strong></span> <span class='ocrx_word' id='word_1_577' title='bbox 1778 1836 1857 1875; x_wconf 82' lang='lat' dir='ltr'><strong>pu-</strong></span> 
     </span>
     <span class='ocr_line' id='line_1_59' title="bbox 981 1876 1842 1931; baseline 0.005 -17"><span class='ocrx_word' id='word_1_578' title='bbox 981 1876 1092 1915; x_wconf 77' lang='lat' dir='ltr'><strong>blica.</strong></span> <span class='ocrx_word' id='word_1_579' title='bbox 1118 1878 1277 1930; x_wconf 75' lang='lat' dir='ltr'><strong>z‘nfecta</strong></span> <span class='ocrx_word' id='word_1_580' title='bbox 1307 1877 1330 1915; x_wconf 92' lang='lat' dir='ltr'><strong>i.</strong></span> <span class='ocrx_word' id='word_1_581' title='bbox 1356 1889 1391 1915; x_wconf 86' lang='lat' dir='ltr'><strong>e.</strong></span> <span class='ocrx_word' id='word_1_582' title='bbox 1424 1881 1628 1928; x_wconf 71' lang='lat' dir='ltr'><strong>corrupta</strong></span> <span class='ocrx_word' id='word_1_583' title='bbox 1658 1891 1692 1916; x_wconf 83' lang='lat' dir='ltr'><strong>s.</strong></span> <span class='ocrx_word' id='word_1_584' title='bbox 1722 1879 1842 1931; x_wconf 78' lang='lat' dir='ltr'><strong>inqui</strong></span> 
     </span>
     <span class='ocr_line' id='line_1_60' title="bbox 978 1932 1856 1985; baseline 0.002 -14"><span class='ocrx_word' id='word_1_585' title='bbox 978 1937 1079 1971; x_wconf 74' lang='lat' dir='ltr'><strong>nata</strong></span> <span class='ocrx_word' id='word_1_586' title='bbox 1103 1932 1253 1972; x_wconf 88' lang='lat' dir='ltr'><strong>Lucan.</strong></span> <span class='ocrx_word' id='word_1_587' title='bbox 1274 1932 1342 1971; x_wconf 79' lang='lat' dir='ltr'><strong>IV.</strong></span> <span class='ocrx_word' id='word_1_588' title='bbox 1365 1937 1458 1975; x_wconf 82' lang='lat'>736.</span> <span class='ocrx_word' id='word_1_589' title='bbox 1488 1932 1634 1985; x_wconf 70' lang='lat' dir='ltr'><strong>Bottig.</strong></span> <span class='ocrx_word' id='word_1_590' title='bbox 1659 1934 1760 1973; x_wconf 86' lang='lat' dir='ltr'><strong>Lex.</strong></span> <span class='ocrx_word' id='word_1_591' title='bbox 1781 1934 1856 1974; x_wconf 86' lang='lat' dir='ltr'><strong>Ta-</strong></span> 
     </span>
     <span class='ocr_line' id='line_1_61' title="bbox 980 1989 1857 2044; baseline 0.006 -17"><span class='ocrx_word' id='word_1_592' title='bbox 980 1989 1043 2027; x_wconf 92' lang='lat' dir='ltr'><strong>cit.</strong></span> <span class='ocrx_word' id='word_1_593' title='bbox 1074 2002 1112 2040; x_wconf 88' lang='lat' dir='ltr'><strong>p.</strong></span> <span class='ocrx_word' id='word_1_594' title='bbox 1141 1993 1234 2030; x_wconf 80' lang='lat'>261.</span> <span class='ocrx_word' id='word_1_595' title='bbox 1268 1989 1331 2026; x_wconf 77' lang='lat' dir='ltr'><strong>vel</strong></span> <span class='ocrx_word' id='word_1_596' title='bbox 1357 1990 1534 2041; x_wconf 77' lang='lat' dir='ltr'><strong>publica</strong></span> <span class='ocrx_word' id='word_1_597' title='bbox 1561 2004 1673 2041; x_wconf 79' lang='lat' dir='ltr'><strong>pace</strong></span> <span class='ocrx_word' id='word_1_598' title='bbox 1704 1992 1857 2044; x_wconf 78' lang='lat' dir='ltr'><strong>inse-sta</strong></span> 
     </span>
     <span class='ocr_line' id='line_1_62' title="bbox 978 2045 1856 2101; baseline 0.008 -20"><span class='ocrx_word' id='word_1_599' title='bbox 978 2045 1042 2083; x_wconf 81' lang='lat' dir='ltr'><strong>vel</strong></span> <span class='ocrx_word' id='word_1_600' title='bbox 1074 2047 1252 2098; x_wconf 74' lang='lat' dir='ltr'><strong>infensa.</strong></span> <span class='ocrx_word' id='word_1_601' title='bbox 1286 2046 1391 2096; x_wconf 90' lang='lat' dir='ltr'><strong>quod</strong></span> <span class='ocrx_word' id='word_1_602' title='bbox 1422 2047 1621 2097; x_wconf 81' lang='lat' dir='ltr'><strong>posterius</strong></span> <span class='ocrx_word' id='word_1_603' title='bbox 1653 2060 1722 2098; x_wconf 86' lang='lat' dir='ltr'><strong>pro</strong></span> <span class='ocrx_word' id='word_1_604' title='bbox 1748 2049 1856 2101; x_wconf 71' lang='lat' dir='ltr'><strong>infe-</strong></span> 
     </span>
     <span class='ocr_line' id='line_1_63' title="bbox 978 2101 1855 2152; baseline 0.007 -12"><span class='ocrx_word' id='word_1_605' title='bbox 978 2107 1078 2140; x_wconf 76' lang='lat' dir='ltr'><strong>stum</strong></span> <span class='ocrx_word' id='word_1_606' title='bbox 1104 2103 1275 2152; x_wconf 80' lang='lat' dir='ltr'><strong>positum</strong></span> <span class='ocrx_word' id='word_1_607' title='bbox 1300 2102 1454 2140; x_wconf 79' lang='lat' dir='ltr'><strong>videbis</strong></span> <span class='ocrx_word' id='word_1_608' title='bbox 1480 2101 1772 2143; x_wconf 75' lang='lat' dir='ltr'>Tac.Ann.VI.</span> <span class='ocrx_word' id='word_1_609' title='bbox 1789 2109 1855 2146; x_wconf 85' lang='grc'><strong>34.</strong></span> 
     </span>
     <span class='ocr_line' id='line_1_64' title="bbox 978 2157 1855 2207; baseline 0.007 -12"><span class='ocrx_word' id='word_1_610' title='bbox 978 2157 1008 2207; x_wconf 78' lang='lat'><strong>§.</strong></span> <span class='ocrx_word' id='word_1_611' title='bbox 1039 2162 1072 2197; x_wconf 89' lang='lat'><strong>1.</strong></span> <span class='ocrx_word' id='word_1_612' title='bbox 1099 2157 1169 2196; x_wconf 90' lang='lat' dir='ltr'><strong>XI.</strong></span> <span class='ocrx_word' id='word_1_613' title='bbox 1195 2157 1287 2197; x_wconf 89' lang='lat' dir='ltr'><strong>XV.</strong></span> <span class='ocrx_word' id='word_1_614' title='bbox 1312 2163 1379 2199; x_wconf 86' lang='lat'><strong>10:</strong></span> <span class='ocrx_word' id='word_1_615' title='bbox 1406 2159 1456 2197; x_wconf 88' lang='lat' dir='ltr'><strong>de</strong></span> <span class='ocrx_word' id='word_1_616' title='bbox 1482 2162 1769 2199; x_wconf 84' lang='lat' dir='ltr'><strong>constructione</strong></span> <span class='ocrx_word' id='word_1_617' title='bbox 1806 2161 1855 2201; x_wconf 84' lang='lat' dir='ltr'><strong>cf.</strong></span> 
     </span>
     <span class='ocr_line' id='line_1_65' title="bbox 977 2213 1855 2266; baseline 0.007 -15"><span class='ocrx_word' id='word_1_618' title='bbox 977 2213 1082 2265; x_wconf 85' lang='lat' dir='ltr'><strong>Rup.</strong></span> <span class='ocrx_word' id='word_1_619' title='bbox 1111 2213 1206 2253; x_wconf 84' lang='lat' dir='ltr'><strong>Tac.</strong></span> <span class='ocrx_word' id='word_1_620' title='bbox 1233 2214 1314 2253; x_wconf 87' lang='lat' dir='ltr'><strong>lnd.</strong></span> <span class='ocrx_word' id='word_1_621' title='bbox 1341 2214 1405 2253; x_wconf 86' lang='lat' dir='ltr'>III.</span> <span class='ocrx_word' id='word_1_622' title='bbox 1433 2229 1470 2266; x_wconf 86' lang='grc'><strong>1).</strong></span> <span class='ocrx_word' id='word_1_623' title='bbox 1496 2219 1590 2256; x_wconf 86' lang='grc'><strong>840.</strong></span> <span class='ocrx_word' id='word_1_624' title='bbox 1617 2217 1777 2256; x_wconf 80' lang='lat' dir='ltr'><strong>walch.</strong></span> <span class='ocrx_word' id='word_1_625' title='bbox 1804 2218 1855 2257; x_wconf 85' lang='lat' dir='ltr'><strong>ad</strong></span> 
     </span>
     <span class='ocr_line' id='line_1_66' title="bbox 979 2269 1855 2324; baseline 0.006 -16"><span class='ocrx_word' id='word_1_626' title='bbox 979 2269 1072 2309; x_wconf 89' lang='lat' dir='ltr'><strong>Tae.</strong></span> <span class='ocrx_word' id='word_1_627' title='bbox 1098 2270 1193 2322; x_wconf 82' lang='lat' dir='ltr'><strong>Agr.</strong></span> <span class='ocrx_word' id='word_1_628' title='bbox 1223 2276 1285 2312; x_wconf 91' lang='grc'><strong>10.</strong></span> <span class='ocrx_word' id='word_1_629' title='bbox 1317 2285 1356 2323; x_wconf 87' lang='grc'><strong>11.</strong></span> <span class='ocrx_word' id='word_1_630' title='bbox 1385 2276 1476 2313; x_wconf 87' lang='grc'><strong>181.</strong></span> <span class='ocrx_word' id='word_1_631' title='bbox 1509 2276 1550 2311; x_wconf 89' lang='lat' dir='ltr'><strong>et</strong></span> <span class='ocrx_word' id='word_1_632' title='bbox 1581 2273 1631 2311; x_wconf 91' lang='lat' dir='ltr'><strong>de</strong></span> <span class='ocrx_word' id='word_1_633' title='bbox 1663 2279 1855 2324; x_wconf 81' lang='lat' dir='ltr'><strong>permuta-</strong></span> 
     </span>
     <span class='ocr_line' id='line_1_67' title="bbox 976 2328 1855 2382; baseline 0.006 -18"><span class='ocrx_word' id='word_1_634' title='bbox 976 2328 1083 2365; x_wconf 81' lang='lat' dir='ltr'><strong>tione</strong></span> <span class='ocrx_word' id='word_1_635' title='bbox 1119 2328 1252 2366; x_wconf 87' lang='lat' dir='ltr'><strong>verbb.</strong></span> <span class='ocrx_word' id='word_1_636' title='bbox 1291 2330 1464 2381; x_wconf 79' lang='lat' dir='ltr'><strong>infestus</strong></span> <span class='ocrx_word' id='word_1_637' title='bbox 1502 2333 1542 2367; x_wconf 91' lang='lat' dir='ltr'><strong>et</strong></span> <span class='ocrx_word' id='word_1_638' title='bbox 1579 2331 1757 2382; x_wconf 74' lang='lat' dir='ltr'><strong>infectus</strong></span> <span class='ocrx_word' id='word_1_639' title='bbox 1806 2331 1855 2370; x_wconf 84' lang='lat' dir='ltr'><strong>cf.</strong></span> 
     </span>
     <span class='ocr_line' id='line_1_68' title="bbox 976 2382 1854 2427; baseline 0.005 -6"><span class='ocrx_word' id='word_1_640' title='bbox 976 2382 1113 2422; x_wconf 83' lang='lat' dir='ltr'><strong>Heius.</strong></span> <span class='ocrx_word' id='word_1_641' title='bbox 1146 2384 1198 2422; x_wconf 91' lang='lat' dir='ltr'><strong>ad</strong></span> <span class='ocrx_word' id='word_1_642' title='bbox 1227 2384 1344 2422; x_wconf 84' lang='lat' dir='ltr'><strong>Ovid.</strong></span> <span class='ocrx_word' id='word_1_643' title='bbox 1376 2385 1472 2424; x_wconf 71' lang='lat' dir='ltr'><strong>Met.</strong></span> <span class='ocrx_word' id='word_1_644' title='bbox 1500 2385 1567 2424; x_wconf 71' lang='lat' dir='ltr'>lV.</span> <span class='ocrx_word' id='word_1_645' title='bbox 1595 2390 1688 2427; x_wconf 89' lang='grc'><strong>618.</strong></span> <span class='ocrx_word' id='word_1_646' title='bbox 1721 2386 1854 2426; x_wconf 75' lang='lat' dir='ltr'><strong>Burni.</strong></span> 
     </span>
     <span class='ocr_line' id='line_1_69' title="bbox 976 2439 1854 2494; baseline 0.005 -17"><span class='ocrx_word' id='word_1_647' title='bbox 976 2439 1027 2478; x_wconf 86' lang='lat' dir='ltr'><strong>ad</strong></span> <span class='ocrx_word' id='word_1_648' title='bbox 1052 2440 1176 2478; x_wconf 85' lang='lat' dir='ltr'><strong>einsd.</strong></span> <span class='ocrx_word' id='word_1_649' title='bbox 1213 2440 1308 2479; x_wconf 88' lang='lat' dir='ltr'><strong>Ibid.</strong></span> <span class='ocrx_word' id='word_1_650' title='bbox 1336 2445 1428 2482; x_wconf 85' lang='grc'><strong>246.</strong></span> <span class='ocrx_word' id='word_1_651' title='bbox 1466 2441 1582 2481; x_wconf 80' lang='lat' dir='ltr'><strong>Nunc</strong></span> <span class='ocrx_word' id='word_1_652' title='bbox 1605 2447 1735 2481; x_wconf 86' lang='lat' dir='ltr'><strong>tamen</strong></span> <span class='ocrx_word' id='word_1_653' title='bbox 1763 2443 1854 2494; x_wconf 79' lang='lat' dir='ltr'><strong>lego</strong></span> 
     </span>
     <span class='ocr_line' id='line_1_70' title="bbox 976 2498 1856 2549; baseline 0.003 -14"><span class='ocrx_word' id='word_1_654' title='bbox 976 2498 1170 2549; x_wconf 79' lang='lat' dir='ltr'><strong>infectat,</strong></span> <span class='ocrx_word' id='word_1_655' title='bbox 1209 2511 1286 2548; x_wconf 84' lang='lat' dir='ltr'><strong>qua</strong></span> <span class='ocrx_word' id='word_1_656' title='bbox 1318 2499 1542 2537; x_wconf 85' lang='lat' dir='ltr'><strong>coniectura</strong></span> <span class='ocrx_word' id='word_1_657' title='bbox 1565 2512 1629 2537; x_wconf 89' lang='lat' dir='ltr'><strong>me</strong></span> <span class='ocrx_word' id='word_1_658' title='bbox 1654 2500 1856 2539; x_wconf 81' lang='lat' dir='ltr'><strong>confirmat</strong></span> 
     </span>
    </p>
   </div>
   <div class='ocr_carea' id='block_1_11' title="bbox 974 2557 1854 3179">
    <p class='ocr_par' dir='ltr' id='par_1_12' title="bbox 975 2557 1853 2900">
     <span class='ocr_line' id='line_1_71' title="bbox 976 2557 1853 2620; baseline 0.007 -19"><span class='ocrx_word' id='word_1_659' title='bbox 976 2564 1166 2616; x_wconf 82' lang='lat' dir='ltr'><strong>scriptura</strong></span> <span class='ocrx_word' id='word_1_660' title='bbox 1186 2557 1614 2618; x_wconf 67' lang='lat' dir='ltr'><strong>c0‹l.D1·esd.2·nfeEet.</strong></span> <span class='ocrx_word' id='word_1_661' title='bbox 1630 2567 1853 2620; x_wconf 76' lang='lat' dir='ltr'><strong>Insectare,</strong></span> 
     </span>
     <span class='ocr_line' id='line_1_72' title="bbox 977 2620 1853 2675; baseline 0.006 -17"><span class='ocrx_word' id='word_1_662' title='bbox 977 2620 1081 2672; x_wconf 88' lang='lat' dir='ltr'><strong>quod</strong></span> <span class='ocrx_word' id='word_1_663' title='bbox 1107 2634 1157 2659; x_wconf 84' lang='lat' dir='ltr'><strong>ex</strong></span> <span class='ocrx_word' id='word_1_664' title='bbox 1183 2621 1363 2672; x_wconf 75' lang='lat' dir='ltr'><strong>analogia</strong></span> <span class='ocrx_word' id='word_1_665' title='bbox 1388 2635 1515 2673; x_wconf 86' lang='lat' dir='ltr'><strong>neque</strong></span> <span class='ocrx_word' id='word_1_666' title='bbox 1541 2636 1632 2660; x_wconf 74' lang='lat' dir='ltr'><strong>vero</strong></span> <span class='ocrx_word' id='word_1_667' title='bbox 1659 2624 1853 2675; x_wconf 78' lang='lat' dir='ltr'><strong>exemplis</strong></span> 
     </span>
     <span class='ocr_line' id='line_1_73' title="bbox 975 2677 1853 2730; baseline 0.005 -16"><span class='ocrx_word' id='word_1_668' title='bbox 975 2681 1111 2727; x_wconf 83' lang='lat' dir='ltr'><strong>potest</strong></span> <span class='ocrx_word' id='word_1_669' title='bbox 1153 2677 1334 2723; x_wconf 77' lang='lat' dir='ltr'><strong>stabiliri,</strong></span> <span class='ocrx_word' id='word_1_670' title='bbox 1379 2692 1496 2729; x_wconf 85' lang='lat' dir='ltr'><strong>quum</strong></span> <span class='ocrx_word' id='word_1_671' title='bbox 1536 2679 1697 2718; x_wconf 84' lang='lat' dir='ltr'><strong>librariis</strong></span> <span class='ocrx_word' id='word_1_672' title='bbox 1735 2679 1853 2730; x_wconf 85' lang='lat' dir='ltr'><strong>plane</strong></span> 
     </span>
     <span class='ocr_line' id='line_1_74' title="bbox 977 2733 1853 2788; baseline 0.006 -17"><span class='ocrx_word' id='word_1_673' title='bbox 977 2733 1151 2783; x_wconf 80' lang='lat' dir='ltr'><strong>ignotum</strong></span> <span class='ocrx_word' id='word_1_674' title='bbox 1176 2739 1306 2780; x_wconf 77' lang='lat' dir='ltr'><strong>esset,</strong></span> <span class='ocrx_word' id='word_1_675' title='bbox 1339 2734 1454 2773; x_wconf 82' lang='lat' dir='ltr'><strong>facile</strong></span> <span class='ocrx_word' id='word_1_676' title='bbox 1486 2735 1521 2772; x_wconf 92' lang='lat' dir='ltr'><strong>in</strong></span> <span class='ocrx_word' id='word_1_677' title='bbox 1549 2737 1707 2788; x_wconf 79' lang='lat' dir='ltr'><strong>infecta</strong></span> <span class='ocrx_word' id='word_1_678' title='bbox 1734 2736 1853 2787; x_wconf 72' lang='lat' dir='ltr'><strong>longe</strong></span> 
     </span>
     <span class='ocr_line' id='line_1_75' title="bbox 976 2791 1852 2843; baseline 0.005 -15"><span class='ocrx_word' id='word_1_679' title='bbox 976 2791 1214 2830; x_wconf 82' lang='lat' dir='ltr'><strong>tritissimum</strong></span> <span class='ocrx_word' id='word_1_680' title='bbox 1253 2791 1316 2828; x_wconf 79' lang='lat' dir='ltr'><strong>vel</strong></span> <span class='ocrx_word' id='word_1_681' title='bbox 1348 2792 1495 2843; x_wconf 75' lang='lat' dir='ltr'><strong>infece&#39;t</strong></span> <span class='ocrx_word' id='word_1_682' title='bbox 1532 2797 1570 2830; x_wconf 78' lang='lat' dir='ltr'><strong>et</strong></span> <span class='ocrx_word' id='word_1_683' title='bbox 1605 2796 1761 2843; x_wconf 83' lang='lat' dir='ltr'><strong>poterat</strong></span> <span class='ocrx_word' id='word_1_684' title='bbox 1786 2793 1852 2832; x_wconf 81' lang='lat' dir='ltr'><strong>(le-</strong></span> 
     </span>
     <span class='ocr_line' id='line_1_76' title="bbox 977 2847 1167 2900; baseline 0.021 -18"><span class='ocrx_word' id='word_1_685' title='bbox 977 2847 1167 2900; x_wconf 64' lang='lat' dir='ltr'><strong>pravari]</strong></span> 
     </span>
    </p>

    <p class='ocr_par' dir='ltr' id='par_1_13' title="bbox 974 2903 1854 3179">
     <span class='ocr_line' id='line_1_77' title="bbox 1034 2903 1852 2955; baseline 0.005 -12"><span class='ocrx_word' id='word_1_686' title='bbox 1034 2904 1240 2955; x_wconf 70' lang='lat' dir='ltr'><strong>qladiolo.</strong></span> <span class='ocrx_word' id='word_1_687' title='bbox 1308 2903 1405 2942; x_wconf 86' lang='lat' dir='ltr'><strong>Met.</strong></span> <span class='ocrx_word' id='word_1_688' title='bbox 1432 2903 1495 2942; x_wconf 86' lang='grc'><strong>111.</strong></span> <span class='ocrx_word' id='word_1_689' title='bbox 1523 2918 1561 2955; x_wconf 87' lang='grc'><strong>11.</strong></span> <span class='ocrx_word' id='word_1_690' title='bbox 1592 2909 1681 2946; x_wconf 82' lang='lat'>182.</span> <span class='ocrx_word' id='word_1_691' title='bbox 1714 2905 1852 2947; x_wconf 85' lang='lat' dir='ltr'><strong>Gloss.</strong></span> 
     </span>
     <span class='ocr_line' id='line_1_78' title="bbox 976 2957 1854 3012; baseline 0.006 -15"><span class='ocrx_word' id='word_1_692' title='bbox 976 2957 1077 2999; x_wconf 89' lang='lat' dir='ltr'><strong>Phil.</strong></span> <span class='ocrx_word' id='word_1_693' title='bbox 1090 2960 1308 3012; x_wconf 70' lang='lat' dir='ltr'><strong>yladiolus</strong></span> <span class='ocrx_word' id='word_1_694' title='bbox 1320 2960 1553 3011; x_wconf 35' lang='lat' dir='ltr'><strong>‘qladiolum</strong></span> <span class='ocrx_word' id='word_1_695' title='bbox 1572 2961 1732 3012; x_wconf 73' lang='grc' dir='ltr'><strong>ξιφιδίον</strong></span> <span class='ocrx_word' id='word_1_696' title='bbox 1747 2964 1854 3004; x_wconf 88' lang='lat' dir='ltr'><strong>unde</strong></span> 
     </span>
     <span class='ocr_line' id='line_1_79' title="bbox 974 3016 1850 3072; baseline 0.006 -17"><span class='ocrx_word' id='word_1_697' title='bbox 974 3017 1172 3067; x_wconf 67' lang='lat' dir='ltr'><strong>ylatliola</strong></span> <span class='ocrx_word' id='word_1_698' title='bbox 1214 3017 1251 3054; x_wconf 90' lang='lat' dir='ltr'><strong>in</strong></span> <span class='ocrx_word' id='word_1_699' title='bbox 1295 3016 1393 3067; x_wconf 85' lang='lat' dir='ltr'><strong>plur.</strong></span> <span class='ocrx_word' id='word_1_700' title='bbox 1438 3016 1536 3055; x_wconf 79' lang='lat' dir='ltr'><strong>dixit</strong></span> <span class='ocrx_word' id='word_1_701' title='bbox 1569 3017 1752 3061; x_wconf 78' lang='lat' dir='ltr'><strong>Messala</strong></span> <span class='ocrx_word' id='word_1_702' title='bbox 1788 3034 1850 3072; x_wconf 87' lang='lat' dir='ltr'><strong>ap.</strong></span> 
     </span>
     <span class='ocr_line' id='line_1_80' title="bbox 977 3070 1850 3123; baseline 0.006 -13"><span class='ocrx_word' id='word_1_703' title='bbox 977 3071 1104 3118; x_wconf 82' lang='lat' dir='ltr'><strong>Quint.</strong></span> <span class='ocrx_word' id='word_1_704' title='bbox 1139 3070 1247 3111; x_wconf 77' lang='lat' dir='ltr'><strong>Instt.</strong></span> <span class='ocrx_word' id='word_1_705' title='bbox 1274 3072 1301 3110; x_wconf 91' lang='lat' dir='ltr'><strong>l.</strong></span> <span class='ocrx_word' id='word_1_706' title='bbox 1339 3086 1369 3110; x_wconf 91' lang='grc'><strong>8.</strong></span> <span class='ocrx_word' id='word_1_707' title='bbox 1398 3075 1434 3117; x_wconf 76' lang='grc'><strong>6.</strong></span> <span class='ocrx_word' id='word_1_708' title='bbox 1460 3072 1489 3123; x_wconf 61' lang='grc' dir='ltr'><strong>ᾧ.</strong></span> <span class='ocrx_word' id='word_1_709' title='bbox 1517 3078 1582 3114; x_wconf 78' lang='lat'><strong>42.</strong></span> <span class='ocrx_word' id='word_1_710' title='bbox 1607 3074 1722 3115; x_wconf 87' lang='lat' dir='ltr'><strong>Misc.</strong></span> <span class='ocrx_word' id='word_1_711' title='bbox 1748 3076 1850 3115; x_wconf 75' lang='lat' dir='ltr'><strong>Nov.</strong></span> 
     </span>
     <span class='ocr_line' id='line_1_81' title="bbox 976 3127 1397 3179; baseline 0 -14"><span class='ocrx_word' id='word_1_712' title='bbox 976 3127 1086 3179; x_wconf 82' lang='lat' dir='ltr'><strong>Lips.</strong></span> <span class='ocrx_word' id='word_1_713' title='bbox 1112 3128 1203 3166; x_wconf 72' lang='lat' dir='ltr'><strong>Vol.</strong></span> <span class='ocrx_word' id='word_1_714' title='bbox 1232 3127 1274 3166; x_wconf 87' lang='lat' dir='ltr'><strong>ll.</strong></span> <span class='ocrx_word' id='word_1_715' title='bbox 1303 3142 1335 3166; x_wconf 85' lang='lat' dir='ltr'><strong>s.</strong></span> <span class='ocrx_word' id='word_1_716' title='bbox 1361 3132 1397 3169; x_wconf 89' lang='lat'><strong>3.</strong></span> 
     </span>
    </p>
   </div>
   <div class='ocr_carea' id='block_1_12' title="bbox 1879 436 1945 470">
    <p class='ocr_par' dir='ltr' id='par_1_14' title="bbox 1879 436 1945 470">
     <span class='ocr_line' id='line_1_82' title="bbox 1879 436 1945 470; baseline -0.03 0"><span class='ocrx_word' id='word_1_717' title='bbox 1879 436 1945 470; x_wconf 75' lang='lat'><strong>134</strong></span> 
     </span>
    </p>
   </div>
  </div>
 </body>
</html>
