2155 3590
685 138 876 180 LIBER
906 139 978 181 111.

1040 139 1167 181 CAP.
1200 138 1252 179 ΙΙ.
1276 139 1352 181 111.
1841 140 1920 183 155

125 256 191 294 ria
223 253 492 308 negligebant.
541 251 656 294 Tune
686 267 748 294 me
778 268 847 308 per
876 254 1124 308 proscenium
1153 253 1322 294 medium
1352 253 1459 294 velut
1497 253 1692 307 quandam
1724 253 1922 295 victimam

124 310 274 366 publica
299 310 517 350 ministeria
543 309 759 364 perduc-unt
784 317 823 350 et
847 311 1075 351 orchestrae
1099 310 1250 350 mediae
1274 309 1434 350 sistunt.

706 459 1145 508 CAPUT

1232 459 1336 508 III.

234 591 302 635 sio
326 607 483 634 rursum
508 593 717 647 praeconis
737 594 863 647 amplo
887 594 1006 634 boatu
1025 594 1166 634 citatus
1186 600 1395 634 accusator
1413 593 1568 647 quidam
1587 594 1722 634 senior
1740 594 1924 647 exsurgit

121 657 159 690 et
191 650 239 690 ad
269 649 422 690 dicendi
454 650 622 704 spatium
653 650 814 690 vasculo
840 651 1005 704 quodam
1032 651 1071 690 in
1097 651 1223 691 vic-em
1249 650 1324 690 coli
1350 650 1555 704 graciliter
1586 650 1759 690 fistulato
1784 664 1830 690 ac
1854 664 1926 704 per

121 757 202 785 }'.-1.
217 758 247 785 ³.
260 757 299 785 D.
314 756 347 784 in
360 764 461 792 marg.
475 757 512 785 B.
559 754 774 793 neclegebant
787 757 823 784 F.
839 758 868 785 3.
917 765 967 783 me
986 760 1078 786 abest
1098 764 1117 786 a
1137 765 1164 791 ρ.
1209 760 1418 793 prostomum
1439 764 1493 791 pro
1508 756 1722 793 proscenium
1743 757 1781 785 R.
1796 755 1818 784 f.
1840 763 1925 792 pro-

121 799 249 829 sellt’um
274 798 303 830 δ.
329 801 475 829 Scem'um
488 802 524 829 P.
571 799 797 829 horcheserae
810 803 846 830 G.
864 804 890 830 1.
917 805 1048 829 ore—este
1061 799 1089 831 δ.

210 845 322 884 amplo
336 849 428 876 abest
441 849 482 875 ab
496 847 530 876 Ο.
556 848 593 875 In
607 848 642 875 G.
659 848 687 876 1.
702 851 791 876 extat
817 846 912 874 ambo
927 847 1030 875 boatu
1054 849 1111 876 sed
1132 848 1223 882 prius
1237 849 1433 876 vocabulum
1451 848 1543 876 linea
1563 853 1611 876 est
1626 848 1799 876 obductum
1813 854 1833 875 a
1845 855 1886 876 m.
1900 855 1926 875 s.

122 891 275 929 assurgit
287 892 309 920 f.
335 891 447 929 surgit
458 893 494 920 G.
507 893 533 920 1.
549 892 583 920 Ο.
609 890 728 920 baculu
743 900 799 926 pro
816 891 953 920 vasculo
966 894 1002 921 F.
1012 894 1042 921 3.
1058 891 1135 927 (sed
1149 901 1191 921 ex
1202 893 1409 922 correctione.
1435 895 1515 921 Nam
1529 893 1665 926 antiqua
1676 892 1773 921 lectio
1786 893 1927 921 habebat

120 945 166 964 cz·
180 936 333 971 vasculo)
348 939 386 965 D.
401 945 420 966 a
434 945 475 965 m.
488 945 516 971 ιι.
538 936 596 972 (at
610 937 644 965 in
657 938 804 973 margine
818 942 905 966 extat
921 945 941 966 a
953 946 993 967 m.
1008 946 1033 966 s.
1047 936 1208 972 vasculo)
1238 940 1273 966 G.
1285 940 1314 967 1.
1328 940 1358 966 2.
1373 939 1408 966 P.
1424 938 1445 966 f.
1459 939 1495 966 L.
1511 935 1540 966 δ.
1554 944 1595 966 ex
1608 942 1763 972 perpetua.
1775 944 1927 972 praeser-

121 983 178 1011 tim
194 984 248 1011 his
266 983 301 1010 in
320 983 411 1011 codd.
431 983 624 1011 confusione
642 983 821 1011 litterarum
836 982 854 1010 b
867 988 897 1012 et
911 991 940 1012 v.
965 984 1064 1011 Voss.
1078 990 1180 1019 marg.
1193 983 1482 1022 adlevitformsse
1495 981 1615 1010 vat-illo
1630 982 1734 1017 (quod
1747 986 1855 1011 tamen
1867 990 1927 1010 vo-

120 1029 272 1056 cabulum
285 1028 337 1056 hic
350 1030 457 1056 locum
468 1030 589 1056 habere
602 1028 723 1062 nequit.
749 1028 1238 1058 cf.casaub.'1¹1·eb.P011.Diu.
1255 1029 1369 1057 Claud.
1384 1037 1411 1057 c.
1430 1031 1480 1057 14.
1495 1030 1583 1057 Tum.
1599 1030 1638 1057 11.
1660 1037 1689 1063 p.
1704 1029 1781 1056 391.
1806 1028 1925 1056 mina.

119 1074 159 1101 ad
174 1075 284 1102 Horat.
298 1074 365 1101 Sat.
378 1075 401 1101 I.
417 1076 446 1101 5.
461 1073 535 1108 36.)
583 1071 725 1110 quodam
739 1074 827 1102 deest
843 1074 875 1101 in
889 1082 918 1108 p.
964 1080 1026 1109 per
1037 1070 1098 1100 laec
1111 1075 1147 1102 G.
1165 1071 1193 1101 l.

121 1159 166 1199 ll.
195 1164 287 1201 103.
312 1164 350 1198 et
375 1173 475 1211 quos
500 1159 720 1210 largissima
745 1173 860 1199 manu
885 1173 993 1198 accu-

119 1221 202 1255 rate
223 1220 423 1255 enumerat
442 1215 576 1254 Eckst.
597 1216 648 1254 ad
661 1216 781 1254 Voss.
796 1217 913 1254 Arist.
928 1215 993 1254 lll.

120 1287 156 1324 p.
183 1276 276 1314 918.
326 1272 460 1324 [Haec
491 1274 709 1310 coniectura
739 1285 809 1323 per
832 1285 879 1310 se
902 1271 995 1309 licet

120 1329 407 1380 comprobetur,
433 1333 562 1366 tamen
582 1342 667 1367 cum
687 1341 709 1366 a
730 1328 908 1366 librorum
930 1341 993 1365 ve·

118 1386 246 1437 stigiis
277 1386 391 1423 nimis
421 1385 597 1425 recedat.
631 1383 742 1424 aliter
774 1384 882 1424 locus
912 1388 991 1422 ten-

118 1442 261 1481 tandus
276 1445 348 1479 est.
410 1440 577 1487 Qualem
594 1455 668 1492 ego
684 1442 864 1480 constitui
879 1454 993 1479 nemo

120 1500 191 1538 crit
210 1499 298 1550 quin
325 1499 558 1537 sententiam
578 1498 780 1549 intelligat.
803 1511 903 1549 quae
919 1498 991 1535 levi

118 1559 265 1595 tantum
313 1554 522 1593 litterarum
570 1556 780 1594 mutatione
821 1554 994 1592 efficitur.

120 1612 391 1651 convenerant
411 1611 511 1649 enim
532 1611 724 1650 homines.
744 1616 786 1650 ut
802 1611 992 1663 peris-ula

121 1669 295 1708 viderent
317 1668 484 1706 hominis
511 1669 644 1706 caedis
670 1668 822 1709 inducti.
856 1672 894 1706 et
919 1667 995 1705 hoc

119 1726 249 1764 studio
274 1725 430 1763 videndi
459 1727 561 1776 capti
586 1724 702 1776 plane
728 1729 768 1762 et
793 1725 994 1762 obcoecati

121 1795 233 1820 suam
265 1795 338 1819 non
369 1782 634 1833 respiciebant
664 1781 851 1823 salutem.
890 1780 995 1818 fene-

119 1839 231 1883 stris,
256 1839 397 1877 statuis
429 1842 468 1876 et
504 1838 694 1877 columnis
731 1837 995 1876 inhaerentes.

120 1894 178 1934 lta
200 1896 303 1933 bene
328 1895 404 1933 sibi
429 1895 668 1946 respondent
694 1896 864 1934 alterins
886 1895 995 1946 peri-

122 1952 215 1991 cula
240 1955 280 1990 et
304 1952 566 2004 ipsorumque
584 1952 704 1997 salus,
732 1951 837 2001 qnod
856 1964 992 1989 neces—

120 2008 222 2047 sario
253 2008 318 2046 hic
347 2008 556 2046 tenendum
588 2021 681 2046 esse
706 2007 808 2045 Oud.
842 2008 916 2046 iam
942 2008 993 2045 in-

121 2063 283 2103 tellexit.
345 2064 560 2103 salutaria
595 2064 737 2102 dictum
762 2068 840 2110 est,
867 2067 907 2102 ut
932 2077 992 2114 ap.

123 2120 217 2159 Tac.
238 2119 441 2159 Ann.XV.
457 2123 523 2160 29.
549 2122 646 2159 esm'n
674 2121 883 2160 Romanus
909 2120 994 2159 lan·

123 2178 199 2216 dat
214 2179 391 2216 iurenem
407 2178 560 2215 omissis
570 2177 870 2229 praecipitibus
889 2181 936 2215 tu
948 2182 992 2215 ta

124 2238 167 2272 et
201 2233 449 2273 salutaria
483 2238 749 2284 capessentem
823 2233 994 2272 Pericu-

124 2290 205 2329 lum
230 2289 280 2327 de
299 2293 403 2328 statu
422 2289 489 2333 rei,
516 2291 574 2328 cui
594 2289 790 2328 damnatio
812 2291 993 2335 imminet,

122 2347 285 2397 saepius
304 2346 445 2384 dietum
467 2347 671 2396 reperitur;
704 2345 750 2383 cf.
766 2345 923 2383 Ruhnk.
944 2346 992 2383 ad

122 2401 243 2441 Rutit.
268 2401 370 2453 Lup.
391 2401 418 2440 l.
444 2402 473 2451 ξ.
490 2407 525 2442 7.
552 2416 588 2453 p.
607 2406 698 2442 102.
724 2401 901 2440 Frotsch.
929 2401 995 2440 Er-

123 2462 224 2497 nest.
244 2457 351 2497 Clav.
374 2458 450 2497 (fic.
465 2472 495 2497 s¹
512 2472 546 2497 v.
570 2458 692 2496 Bach.
708 2459 755 2497 ad
771 2458 997 2498 Ovid.Met.

122 2513 212 2553 XV.
243 2520 332 2555 155.
360 2514 436 2553 Cic.
461 2528 531 2566 pro
559 2514 656 2553 Sall.
685 2515 710 2553 l.
736 2515 766 2566 δ
782 2519 817 2555 2.
845 2514 922 2553 (Ἳίο.
947 2515 996 2553 ad

124 2571 263 2610 Famil.
290 2572 339 2610 V.
365 2575 427 2611 17.
488 2571 546 2610 lta
567 2571 808 2623 pericnlum,
835 2571 885 2609 de
909 2572 995 2622 ipsa

122 2632 247 2666 morte
273 2630 442 2679 ponitur:
473 2627 660 2666 cnoren.
687 2628 735 2665 ad
755 2627 997 2667 ArnobAss.

124 2697 156 2723 c.
182 2688 218 2725 2.
246 2684 291 2723 Τ.
318 2683 364 2723 ll.
391 2698 428 2735 p.
457 2685 567 2736 399]

180 2741 452 2794 neqliyebcmt
463 2740 744 2793 [necleyebant
757 2742 925 2792 optimus
934 2741 998 2779 de-

125 2797 180 2836 dit
209 2797 298 2835 cod.
331 2797 506 2836 Florent.
538 2800 577 2837 3.
613 2810 713 2847 quae
744 2798 934 2848 scriptura
963 2799 997 2836 si

126 2857 348 2892 constanter
372 2854 421 2892 ab
447 2867 494 2892 eo
519 2857 801 2899 reservaretur,
828 2854 863 2892 in
888 2857 998 2893 textu

124 2923 366 2961 reponerem.
428 2910 511 2949 Sed
546 2923 595 2948 ne
626 2911 793 2949 incertus
825 2923 997 2962 vagarer,

125 2967 270 3018 ubique
295 2968 475 3006 usitatam
502 2967 698 3005 scribendi
721 2967 910 3005 rationem
935 2981 995 3006 se·

127 3027 240 3062 cutus
275 3036 376 3063 sum.
437 3024 720 3074 Antiquissima
753 3037 843 3061 vero
875 3024 998 3062 torma

128 3084 211 3118 erat
240 3080 469 3132 nec-leyen,
500 3080 604 3118 unde
634 3079 764 3118 Bentl.
790 3081 825 3118 in
852 3078 996 3119 Teren-

127 3135 179 3173 tio
197 3149 270 3175 suo
292 3149 379 3176 eam
398 3137 524 3175 ubivis
542 3137 788 3176 scribendam
802 3150 896 3176 esse
910 3151 996 3176 cen-

1054 1159 1146 1206 suit;
1185 1160 1232 1198 cf.
1265 1161 1341 1200 ind.
1373 1175 1404 1199 s.
1438 1174 1470 1199 v.
1503 1161 1570 1200 Dr.
1603 1161 1651 1200 ad
1678 1159 1838 1200 Liv.11.
1862 1165 1926 1201 48.

1053 1217 1084 1266 ξ.
1099 1219 1136 1254 7.
1167 1215 1334 1255 Omnino
1349 1218 1381 1254 si
1397 1218 1615 1256 accuratius
1631 1218 1800 1268 optimos
1813 1216 1926 1255 codd.

1054 1272 1283 1317 contuleris,
1332 1273 1516 1311 facillime
1565 1287 1650 1312 eam
1695 1275 1929 1312 sententiam

1053 1328 1320 1378 amplecteris.
1356 1329 1519 1368 sormam
1544 1330 1780 1382 veyleyere,
1815 1329 1928 1369 intel-

1054 1385 1200 1437 leyere.
1227 1385 1336 1424 alteri
1365 1385 1480 1436 longe
1505 1399 1600 1424 esse
1619 1386 1929 1437 praeferendam.

1054 1441 1109 1479 lta
1122 1441 1158 1478 in
1173 1441 1286 1487 Livii,
1303 1441 1482 1481 Sallustii
1496 1442 1720 1480 melioribus
1728 1441 1829 1481 Mss.
1846 1442 1930 1481 sere

1053 1511 1210 1549 semper
1230 1503 1354 1545 extat3
1386 1498 1434 1537 cf.
1451 1498 1517 1537 Dr.
1538 1499 1588 1537 ad
1602 1498 1687 1537 Liv.
1704 1498 1750 1538 ll.
1767 1504 1829 1539 11.
1845 1500 1875 1550 ξ.
1892 1504 1928 1539 4.

1053 1554 1181 1593 Bentl.
1215 1555 1263 1592 ad
1290 1554 1423 1594 Horat.
1451 1554 1576 1594 sarm.
1605 1554 1670 1594 ΙΙΙ.
1698 1559 1762 1596 21.
1789 1560 1850 1596 10.
1876 1561 1930 1598 ut.

1052 1612 1116 1650 ubi
1149 1624 1197 1650 ea
1229 1625 1302 1649 non
1335 1612 1557 1653 exhibetur.
1596 1611 1834 1650 librariorum
1867 1625 1931 1650 ne-

1055 1668 1241 1719 gligentia
1273 1669 1309 1706 id
1344 1668 1486 1707 sactum
1519 1682 1614 1707 esse
1643 1669 1845 1719 probabile
1870 1670 1932 1708 sit.

1057 1725 1096 1763 ln
1125 1724 1305 1763 Fronton.
1339 1725 1520 1776 palimps.
1553 1726 1773 1778 rteyleyere
1804 1729 1844 1764 et
1873 1727 1930 1764 in-

1056 1781 1249 1834 telleyere
1280 1795 1439 1833 semper
1465 1783 1602 1820 inveni.
1653 1782 1700 1820 cf.
1726 1781 1857 1821 Beier.
1881 1781 1932 1820 ad

1057 1839 1135 1877 Cic.
1167 1842 1276 1876 oratt.
1312 1838 1448 1889 fragm.
1475 1842 1567 1878 336.
1600 1835 1751 1878 Moser.
1781 1840 1818 1877 in
1844 1852 1930 1877 con-

1055 1898 1195 1945 spectu
1210 1894 1390 1945 Orthogr.
1407 1894 1491 1933 cod.
1509 1895 1600 1933 vat.
1618 1894 1693 1933 Cic.
1716 1895 1767 1933 de
1779 1894 1929 1946 republ.

1054 1965 1088 2003 p.
1106 1955 1199 1991 623.
1226 1950 1318 1989 Mai.
1340 1951 1390 1989 ad
1406 1949 1482 1988 Cic.
1498 1955 1593 1990 orat.
1609 1965 1646 2002 p.
1663 1951 1767 1990 Tull.
1792 1951 1824 2001 ᾗ.
1848 1951 1929 2004 18.]

1111 2006 1210 2045 Cn».
1238 2006 1299 2045 ΙΙΙ.
1346 2008 1482 2047 boatu.
1543 2007 1625 2059 [De
1655 2021 1797 2059 magno
1821 2021 1931 2059 prae-

1054 2065 1161 2102 conis
1177 2063 1346 2101 clamore
1361 2064 1498 2102 dicitur
1512 2065 1666 2109 bootem,
1686 2066 1829 2116 quires
1844 2078 1931 2103 con-

1054 2121 1152 2158 cioni
1186 2122 1416 2171 pronuntiat.
1478 2120 1517 2158 ln
1543 2122 1767 2159 universum
1793 2134 1932 2159 omnes

1054 2177 1229 2215 dicuntur
1266 2177 1390 2215 boare
1427 2176 1488 2214 vel
1525 2178 1698 2217 ‘reboare
1741 2178 1932 2223 homines,

1054 2234 1117 2284 qui
1143 2247 1322 2285 magnam
1346 2246 1426 2271 rem
1455 2233 1720 2273 vociferantur.
1780 2233 1932 2273 Eodem

1053 2292 1132 2329 iure
1158 2289 1272 2328 Mart.
1299 2289 1393 2340 Cap.
1414 2290 1460 2329 ll.
1487 2291 1517 2341 6.
1534 2294 1598 2331 98.
1638 2290 1798 2337 Famae,
1823 2291 1932 2329 vices

1054 2347 1259 2398 praeconis
1285 2347 1320 2384 in
1336 2346 1440 2385 lovis
1465 2347 1611 2398 palatio
1637 2348 1844 2386 sustinenti
1865 2348 1931 2387 bo-

1056 2408 1164 2442 atum
1186 2418 1379 2455 maymtm
1397 2404 1544 2444 tribuit:
1576 2403 1622 2442 cf.
1638 2403 1769 2455 Kopp.
1789 2403 1840 2443 ad
1853 2404 1890 2443 h.
1907 2404 1930 2442 Ι.

1057 2473 1092 2510 p.
1112 2463 1200 2500 140.
1250 2459 1406 2497 Deinde
1426 2460 1476 2498 de
1496 2460 1760 2505 histrionibus,
1781 2462 1845 2512 qui
1859 2464 1932 2499 tur-

1056 2515 1145 2566 gido
1169 2515 1259 2555 flatu
1287 2520 1325 2554 et
1351 2530 1447 2555 voce
1472 2519 1694 2556 acutissima
1720 2521 1852 2567 partes
1875 2529 1932 2555 re-

1056 2573 1185 2613 citant.
1212 2587 1286 2611 non
1306 2586 1391 2611 raro
1406 2574 1610 2621 invenitur;
1643 2573 1690 2611 cf.
1705 2571 1852 2612 Florid.
1868 2577 1931 2614 17.

1056 2642 1092 2679 p.
1108 2632 1173 2669 79.
1190 2629 1320 2680 Kopp.
1335 2630 1384 2668 ad
1397 2627 1513 2669 Mart.
1529 2629 1622 2680 Cap.
1637 2631 1667 2679 ς.
1681 2633 1774 2669 121.
1789 2643 1826 2680 p.
1841 2633 1931 2672 168.

1057 2689 1097 2723 et
1126 2686 1176 2723 de
1207 2686 1456 2737 philosophis
1487 2686 1629 2737 placita
1659 2699 1732 2724 sua
1762 2686 1932 2725 clamore

1056 2742 1343 2780 venditantibus
1369 2743 1456 2780 ibid.
1483 2743 1512 2792 ξ.
1541 2746 1633 2782 ⁴213.
1661 2742 1833 2781 Macrob.
1860 2743 1931 2782 Sa-

1055 2802 1125 2838 tur.
1151 2799 1218 2837 Vl.
1245 2799 1299 2852 4.]

1116 2856 1223 2895 etad
1244 2856 1413 2895 dicendi
1425 2857 1601 2908 spatiani
1618 2856 1793 2895 vascula
1826 2855 1930 2910 [Mo-

1056 2925 1137 2950 rem
1175 2912 1299 2950 suisse
1336 2912 1440 2963 apud
1472 2912 1649 2950 Graecos
1686 2913 1930 2951 notissimum

1055 2973 1118 3007 est
1147 2969 1195 3007 ad
1223 2968 1472 3019 clepsydram
1499 2981 1666 3007 caussas
1696 2970 1855 3021 agendi,
1882 2983 1929 3007 eo

1053 3026 1129 3064 fine
1155 3030 1195 3063 ut
1220 3030 1298 3062 tam
1321 3038 1389 3062 reo
1416 3038 1531 3075 quam
1551 3026 1764 3064 accusatori
1785 3030 1930 3064 certum

1056 3081 1251 3132 quoddam
1275 3086 1431 3132 tempus
1458 3086 1569 3119 esset
1592 3083 1850 3133 propositum,
1876 3083 1928 3120 in-

1053 3141 1113 3178 tra
1148 3138 1252 3191 quod
1289 3138 1419 3176 dicere
1458 3137 1600 3178 liceret.
1659 3138 1722 3178 De
1766 3139 1928 3179 Graecis
