2155 3590
689 94 877 136 LIBER
904 95 934 138 1.
991 94 1122 137 CAP.
1149 94 1237 136 vn.
1807 94 1862 140 35

64 207 204 249 ctaculi
233 207 330 248 satis
361 207 643 262 famigerabilis
673 215 882 250 consector
910 209 953 250 in
981 209 1052 249 has
1083 220 1292 248 aerumnas
1322 205 1480 264 incidil.
1545 206 1674 258 Nam,
1708 214 1752 248 ut
1780 208 1858 249 scis
1883 211 1926 246 33

61 263 225 318 optime,
252 264 464 305 secundum
493 271 700 318 quaestum
728 264 966 306 Macedonia
995 265 1216 320 profectus,
1251 264 1340 304 dum
1371 277 1506 304 mense
1537 264 1687 304 decimo
1717 265 1860 306 ibidem

60 327 234 361 attentus
270 320 508 361 nummatior
543 329 727 363 revertor
768 322 921 362 modico
962 321 1071 376 prius
1118 334 1234 375 quam
1264 319 1471 361 Larissam
1502 321 1752 372 accederem,
1791 336 1861 376 per

60 376 268 418 transitum
288 377 550 432 spectaculum
576 378 776 429 obiturus,
803 378 844 418 in
869 379 1034 433 quadam
1060 377 1149 420 avia
1173 384 1214 418 et
1236 377 1426 418 lacunosa
1451 377 1621 418 convalli
1646 392 1669 418 a
1690 376 1697 434 Ι
1716 378 1858 419 vastis-
1883 374 1928 410 34

58 432 168 474 simis
193 433 411 474 latronibus
437 434 622 475 obsessus
648 441 764 488 atque
790 435 969 476 omnibus
996 435 1172 489 privatus
1204 434 1362 474 tandem
1393 434 1538 485 evad0‚
1573 440 1613 474 et
1643 441 1776 488 utpote
1801 435 1859 475 ul-

57 489 150 530 time
176 489 338 530 affectus
364 491 411 531 ad
437 491 628 544 quandam
656 504 871 545 cauponam
896 490 1065 532 Meroen
1091 505 1208 532 anum
1245 491 1313 531 sed
1344 491 1549 531 admodum
1582 491 1762 531 scitulam
1794 492 1859 532 de-

55 551 189 587 vorto:
215 546 327 601 eique
346 560 508 588 caussas
527 554 568 588 et
584 548 917 603 peregrinationis
938 548 1146 589 diuturnae
1166 554 1205 588 et
1222 547 1474 588 domuitionis
1494 547 1638 588 anxiae
1658 554 1698 588 et
1717 548 1859 602 spolia-

97 650 328 689 gladiatorum
345 654 420 683 Ald.
459 652 684 692 famigerulis
704 653 726 683 f.
772 653 916 683 secundo
937 657 1057 693 questu
1071 664 1104 689 φ.
1117 656 1156 684 Ζ.
1173 652 1232 682 sed
1249 656 1426 692 quaestum
1445 655 1484 682 D.
1505 653 1554 689 [in
1574 661 1675 690 marg.
1695 662 1752 689 per
1770 653 1860 690 glos-

54 704 126 727 sam
145 700 280 726 secutus
304 698 508 736 quaestum]
556 697 792 728 Macedoniam
811 702 847 729 G.
861 701 897 730 P.
916 702 954 729 R.
968 702 1007 729 Z.
1019 708 1057 729 π.
1071 702 1108 729 Β.
1122 701 1160 729 D.
1174 701 1289 729 venet.
1302 701 1334 728 2.
1346 701 1431 728 lunt.
1449 700 1525 728 Ald.
1548 697 1761 728 Macedonici
1774 708 1858 736 pro-

45 741 167 782 fectus
181 744 216 772 0.
263 741 302 770 de
319 753 376 780 pro
395 742 472 772 dum
485 745 508 774 f.
555 747 592 773 ae
599 745 724 773 tentius
740 743 960 774 Numantiam
974 747 1011 775 P.
1070 745 1268 774 uumautz'or
1281 747 1318 774 G.
1329 746 1370 773 D.
1416 747 1577 772 reum-tor
1590 746 1627 774 G.
1645 746 1684 774 D.
1699 746 1734 774 Ο.
1748 747 1796 774 ed.
1811 753 1860 780 pr.

54 788 159 818 Venet
175 789 207 818 2.
225 790 309 818 lunt.
325 791 353 819 1.
368 790 463 819 Paris
476 791 553 820 Ald.
602 789 793 818 obiecturus
806 792 845 819 D.
860 798 881 820 a
894 800 934 820 m.
948 800 974 821 s.
990 791 1024 819 in
1037 799 1138 827 marg.
1185 793 1219 817 et
1232 795 1308 819 ante
1321 789 1385 818 lac.
1400 793 1491 819 abest
1506 790 1540 818 in
1553 791 1591 818 D.
1640 789 1809 818 laciniosa
1822 792 1858 820 B.

53 836 85 861 et
107 834 143 862 F.
161 835 190 863 1.
210 837 245 862 ut
268 836 402 864 adnotat
423 836 569 871 modius,
590 837 674 871 quod
693 840 800 865 tamen
818 836 977 866 Lindenb.
998 838 1074 865 coll.
1092 844 1156 865 non
1176 838 1413 871 comprobatur.
1431 834 1598 863 lacavosa
1617 836 1708 864 codd.
1726 836 1860 866 Becich.

52 877 224 907 convallia
242 887 270 908 v.
292 882 329 909 G.
348 882 386 910 D.
434 889 578 917 caupam
597 882 692 910 Vulc.
711 883 743 910 2.
793 880 950 909 Maeoeen
969 883 1005 910 P.
1027 885 1109 911 teste
1128 883 1212 910 Elm.
1232 883 1290 910 sed
1309 881 1343 910 in
1356 881 1521 916 excerptis
1542 882 1622 910 oud.
1636 885 1707 910 erat
1721 879 1860 909 Menum

50 931 108 958 pro
127 922 275 954 Meroen.
322 927 385 954 Pro
405 933 530 954 causas
549 926 733 955 Groslqus
751 934 852 963 marg.
872 927 995 956 adlevit
1010 927 1046 965 f.
1065 933 1166 955 casus
1213 929 1249 954 et
1266 930 1341 956 ante
1355 934 1488 964 peregr.
1509 928 1601 955 abest
1621 934 1642 955 a
1655 926 1678 955 f.
1721 934 1857 964 per-egr.

51 967 240 998 ductumae
253 978 289 1000 π.
337 971 446 1000 afrae
458 979 494 1000 n.
509 978 572 1000 non
586 972 694 1000 addito
709 970 847 1000 devenit.
895 980 941 1010 sp.
956 971 1140 1001 diuturnae
1147 972 1184 1001 F.
1195 974 1222 1001 1.
1234 973 1264 1001 3.
1278 969 1457 1000 duz‘lcruae
1470 980 1506 1000 π.
1555 969 1690 1000 florinae
1702 973 1858 1002 venena).

50 1014 179 1046 Vicent.
225 1016 356 1045 ana-iae
368 1025 471 1052 usque
484 1018 527 1047 ad
538 1017 640 1046 miser
653 1018 767 1047 desunt
780 1025 809 1053 p.

49 1103 204 1142 trudere
239 1104 321 1143 vult
355 1106 493 1151 textui,
531 1118 648 1156 quum
684 1106 733 1144 ab
765 1105 919 1157 optimis

50 1158 155 1198 libris
180 1160 241 1200 hic
265 1162 431 1213 spiritus
453 1162 696 1214 praebeatur.
740 1161 920 1213 Suspiri-

48 1221 112 1256 τας
142 1217 279 1268 legitur
308 1219 424 1256 etiam
452 1217 549 1256 Met.
580 1217 631 1256 X.
662 1231 700 1269 p.
732 1221 826 1258 682.
853 1216 919 1256 VI.

48 1286 85 1325 p.
109 1277 200 1314 441.
217 1271 382 1313 Taubm.
404 1273 454 1313 ad
473 1273 602 1313 Plaut.
625 1272 717 1313 Cist.
738 1272 766 1312 Ι.
785 1278 818 1314 1.
834 1274 919 1326 58.]

103 1329 354 1382 replaudens
390 1329 471 1382 [De
497 1329 584 1370 loco
621 1329 668 1369 cf.
699 1329 837 1369 Heins.
875 1331 925 1370 ad

47 1384 163 1426 Ovid.
177 1385 273 1426 Met.
286 1385 332 1425 II.
359 1391 453 1428 867.
478 1386 542 1425 De
566 1401 673 1426 more
697 1388 926 1439 impotenter

46 1443 322 1494 indignantium
352 1443 515 1482 frontem
542 1443 702 1482 feriendi
725 1443 772 1482 cf.
788 1443 923 1483 Munk.

47 1500 99 1538 ad«
122 1498 235 1552 Fulg.
261 1499 430 1552 Mythol.
455 1499 482 1540 l.
508 1501 604 1552 prol.
630 1515 668 1553 p.
695 1500 807 1553 615]

103 1557 350 1610 voluptatem
359 1556 568 1610 [voluptas
579 1557 628 1596 de
642 1557 744 1596 ludis
754 1556 920 1609 publicis

47 1613 198 1662 dicitur;
213 1613 260 1652 cs.
274 1610 410 1654 Isidos.
426 1613 532 1666 Orig.
541 1613 687 1653 XVIII.
709 1628 740 1653 c.
758 1617 821 1655 16.
840 1615 872 1666 ξ.
892 1619 926 1655 1.

46 1669 165 1722 Apul.
180 1669 278 1709 Met.
287 1669 353 1710 IV.
366 1674 507 1723 p.267.
523 1674 562 1710 et
575 1674 667 1712 270.
688 1670 738 1710 al.
753 1670 853 1709 Elm.
876 1671 927 1710 ad

46 1725 189 1766 Minue.
214 1724 300 1766 Fel.
325 1741 365 1780 p.
388 1731 451 1769 19.
478 1727 541 1766 ed.
569 1731 676 1769 1612
703 1727 767 1767 fol.
793 1726 925 1767 d'Orv.

46 1782 97 1822 ad
123 1781 264 1823 Charit.
284 1783 388 1822 VIII.
415 1798 446 1823 c.
473 1788 509 1825 8.
535 1798 572 1837 p.
597 1787 689 1825 649.
710 1784 771 1823 ed.
792 1782 922 1837 Lips.]

103 1840 324 1880 secundum
356 1846 563 1894 quaestura
587 1841 842 1881 Macedonia
874 1855 923 1879 ex

45 1894 92 1935 F.
128 1897 288 1937 restitui.
332 1896 460 1949 [Oud.
498 1898 611 1936 unius
653 1896 782 1937 Oxon.
831 1899 922 1936 Scri-

44 1957 197 2004 pturam
222 1954 461 2005 praeferens,
499 1954 658 1994 lucrum
678 1955 923 2007 pereyrt’ua·

45 2011 167 2049 tionis
200 2009 498 2050 Macedonicae
528 2010 710 2063 explicat.
758 2009 845 2062 Ego
870 2011 923 2050 ita

46 2067 289 2119 interpretor:
315 2065 533 2118 Postquam
551 2066 700 2119 largum
716 2071 921 2118 quaestum

47 2123 229 2170 feceram,
256 2137 304 2162 ex
325 2123 571 2169 Macedonia,
598 2124 663 2162 ubi
687 2138 757 2176 per
782 2136 921 2162 novem

45 2193 205 2219 menses
238 2184 417 2219 versatus
449 2194 572 2225 eram,
610 2180 761 2219 decimo
791 2180 920 2233 prose-

50 2240 134 2276 ctus
183 2238 411 2276 nummatior
459 2238 494 2275 in
540 2238 701 2290 patriam
738 2241 920 2283 revertor,

44 2293 118 2332 sed
143 2308 213 2346 per
237 2295 306 2333 iter
325 2309 349 2333 a
375 2294 585 2333 latronibus
610 2294 803 2333 obsessus
829 2294 921 2332 divi-

44 2351 106 2389 tiis
131 2352 229 2389 meis
255 2350 413 2404 spolior.
444 2350 554 2390 Male
580 2354 714 2402 agunt,
741 2351 805 2401 qui
831 2351 921 2389 Ma-

46 2408 261 2447 cedoniam
282 2410 500 2460 profectus
525 2408 670 2459 legunt,
694 2411 735 2446 ut
754 2405 919 2446 Taubm.

45 2463 95 2503 ad
119 2462 239 2503 Plaut
253 2463 362 2504 Cure.
388 2463 433 2502 lI.
460 2468 498 2505 3.
526 2468 604 2510 60„
631 2477 749 2515 quum
774 2463 921 2503 nullum

44 2520 188 2560 habeat
212 2534 386 2560 sensum.
422 2519 575 2560 Eadem
599 2522 749 2559 ratione
772 2519 918 2559 Fronto

44 2577 177 2618 Arion.
210 2592 249 2630 p.
286 2581 380 2620 223.
407 2578 467 2616 ed.
497 2577 612 2616 Rom.
643 2577 750 2617 dicit:
788 2577 921 2618 Arion

49 2633 243 2674 Corintho
279 2635 499 2675 secundum
537 2638 743 2687 quaestum
774 2636 919 2686 profe-

46 2695 150 2737 ctus,
185 2691 290 2730 unde
314 2705 403 2731 mea
433 2691 547 2730 lectio
572 2690 659 2729 luce
685 2690 825 2729 clarius
850 2689 919 2729 de-

45 2746 220 2788 fenditur.
270 2748 504 2788 Secundum
524 2748 624 2786 enim
649 2750 713 2785 est
732 2749 859 2799 post]

101 2808 285 2844 revertor
309 2818 359 2843 ex
384 2808 480 2857 optt.
503 2802 609 2843 Mss.
641 2804 801 2843 restitui.
845 2801 920 2842 Cur

45 2863 175 2900 autem
211 2859 315 2901 oud..
357 2865 514 2900 reverto
556 2859 621 2899 hic
654 2861 921 2913 praetulisset,

46 2918 117 2956 nisi
142 2916 244 2957 Mss.
276 2917 472 2957 adversati
503 2919 658 2963 essent,
696 2930 812 2968 quam
849 2916 922 2955 sor-

44 2986 148 3012 mam
190 2973 369 3014 classicis
412 2974 664 3027 scriptoribus
701 2974 922 3012 inusitatam

45 3031 233 3070 nominat:
260 3031 349 3070 coll.
375 3031 442 3070 Dr.
469 3031 519 3070 ad
543 3029 628 3068 Liv.
643 3029 771 3069 XLV.
798 3044 829 3069 c.
856 3033 920 3071 28.

45 3087 97 3126 ad
121 3086 234 3127 Caes.
261 3087 308 3127 B.
336 3087 382 3127 G.
402 3087 487 3126 Vll.
516 3092 552 3128 5.
577 3086 712 3125 Heius.
745 3087 796 3126 ad
819 3086 921 3139 Nep.

980 1104 1117 1144 Them.
1139 1119 1170 1144 c.
1187 1109 1223 1145 5.
1244 1104 1340 1143 Met.
1355 1103 1422 1143 IX.
1443 1120 1481 1157 p.
1498 1110 1590 1147 648.
1613 1104 1787 1158 [Forbig.
1808 1106 1860 1146 ad

977 1161 1136 1201 Lucret.
1160 1161 1281 1213 praef.
1297 1161 1443 1200 XVIII.
1469 1166 1508 1200 et
1522 1161 1657 1202 Eckst.
1672 1163 1724 1202 ad
1737 1163 1859 1202 Voss.

978 1219 1097 1257 Arist.
1118 1217 1164 1256 H.
1184 1232 1222 1270 p.
1240 1217 1352 1270 771]
1373 1219 1554 1267 equidem
1575 1234 1649 1257 non
1670 1219 1857 1271 intelligo.

1037 1275 1230 1314 obiturus.
1256 1273 1358 1312 Elm.
1381 1275 1417 1311 in
1438 1275 1514 1314 ind.
1533 1289 1565 1314 S.
1580 1289 1633 1315 ν.;
1661 1277 1773 1315 obire
1798 1280 1861 1315 est

987 1332 1201 1370 circumire
1259 1331 1524 1382 inspiciendae
1584 1333 1747 1372 alicuius
1805 1334 1860 1372 rei

983 1401 1139 1427 caussa.
1167 1385 1328 1426 Tertull.
1361 1387 1410 1425 de
1441 1388 1596 1439 pudicit.
1629 1394 1694 1430 22.
1727 1392 1862 1429 omnia

981 1449 1146 1484 sanctus
1177 1457 1262 1496 pro
1288 1445 1581 1497 peccatoribus
1613 1446 1754 1485 obiret.
1794 1446 1859 1498 [cf.

980 1499 1137 1539 Ruhnk.
1151 1501 1253 1540 Dict.
1268 1500 1317 1540 ad
1331 1500 1444 1539 Ovid.
1465 1500 1621 1540 Heroid.
1636 1501 1745 1541 XVI.
1769 1507 1860 1543 176.

979 1571 1016 1609 p.
1027 1561 1093 1599 95.
1108 1556 1307 1597 ed.Fried.
1319 1556 1734 1598 C‹›1·t.a‹1Lucan.vH.
1746 1559 1859 1612 565]

1044 1615 1242 1654 lacunosa
1274 1613 1385 1652 Colv.
1417 1615 1554 1666 probat
1586 1615 1786 1655 laciniosa
1811 1629 1862 1654 ex

984 1670 1105 1723 Apul.
1133 1671 1230 1710 Met.
1256 1670 1324 1709 Vl.
1350 1685 1388 1723 p.
1415 1675 1508 1711 405.
1543 1671 1625 1724 [ubi
1649 1676 1776 1711 tamen
1804 1674 1860 1713 la-

985 1729 1099 1767 cunis
1124 1728 1333 1779 legendum
1354 1727 1430 1780 est]
1453 1732 1491 1766 et
1506 1727 1667 1768 Tei-tull.
1688 1729 1738 1768 de
1754 1730 1859 1781 Virg.

984 1783 1072 1824 Vel.
1098 1783 1165 1823 IV.
1199 1787 1256 1834 (ut
1286 1788 1390 1823 reete
1422 1784 1560 1835 legitur
1591 1786 1695 1838 apud
1726 1786 1860 1825 Hiero-

983 1854 1084 1892 nym.
1112 1842 1147 1879 in
1173 1840 1330 1880 Daniel.
1365 1840 1414 1885 11,
1442 1846 1507 1882 22.
1546 1856 1725 1882 sermone
1751 1844 1860 1884 lucu·

982 1897 1198 1937 lentissimo
1224 1899 1246 1937 i.
1278 1912 1310 1936 e.
1343 1899 1378 1936 in
1405 1898 1695 1938 diversissimas
1726 1904 1861 1951 partes

982 1953 1145 2006 diffuso)
1189 1957 1228 1992 et
1270 1955 1320 1993 de
1361 1954 1538 1994 flexuosa
1584 1960 1861 2007 meatuumque

980 2010 1100 2062 plena
1116 2011 1283 2049 convalli
1302 2011 1491 2062 intelligit.
1518 2012 1682 2064 [Melius
1702 2013 1859 2052 defendi

980 2069 1120 2119 poterit
1144 2069 1331 2120 scriptura
1357 2081 1406 2106 ex
1426 2069 1542 2120 Apul.
1568 2070 1683 2122 Apol.
1705 2085 1741 2122 p.
1764 2074 1858 2111 430.

979 2125 1133 2164 sanitas
1152 2125 1351 2176 expedita
1376 2126 1635 2165 imbecillitas
1656 2127 1861 2167 laciniosa

980 2185 1046 2219 cst.
1081 2179 1241 2219 Tertull.
1269 2182 1355 2221 adv.
1387 2181 1509 2222 Marc.
1546 2181 1614 2222 lv,
1653 2187 1718 2224 29.
1755 2185 1859 2223 med.

980 2236 1063 2276 Sed
1089 2251 1175 2276 cum
1190 2237 1292 2277 Mss.
1308 2241 1416 2290 optt.‚
1443 2239 1582 2289 quibus
1597 2238 1701 2279 Oud.
1722 2255 1858 2280 assen-

979 2295 1078 2339 titur,
1102 2294 1248 2332 retineo
1281 2296 1517 2341 lacunosae,
1550 2298 1640 2347 quia
1664 2298 1699 2335 in
1733 2298 1858 2336 valles

980 2350 1173 2389 confluunt
1208 2365 1334 2403 aquae
1380 2355 1417 2390 ct
1462 2354 1582 2392 instar
1629 2353 1738 2394 lacus
1781 2359 1859 2393 sta-

979 2411 1109 2458 gnant.
1164 2407 1221 2447 Ita
1250 2413 1341 2447 sunt
1378 2409 1580 2448 convalles
1616 2411 1784 2450 rimosae
1821 2415 1860 2450 et

978 2468 1225 2517 praeruptae.
1251 2465 1299 2504 cf.
1325 2465 1420 2505 Met.
1448 2465 1513 2504 Vl.
1540 2481 1577 2518 p.
1604 2471 1697 2507 405.
1724 2467 1792 2506 IX.
1820 2482 1857 2521 p.

980 2524 1072 2562 610.
1099 2520 1212 2561 Ovid.
1228 2522 1324 2562 Met.
1340 2521 1442 2560 VIII.
1470 2523 1683 2575 334.Virg·.
1712 2524 1856 2575 Georg.

977 2576 1003 2617 I.
1035 2582 1126 2619 117.
1159 2578 1207 2618 cs.
1241 2576 1403 2617 Tanbm.
1436 2579 1483 2617 ad
1513 2578 1638 2618 I'laut.
1662 2581 1772 2619 Asin.
1793 2580 1857 2621 III.

978 2639 1016 2675 2.
1043 2639 1107 2675 41.
1135 2638 1174 2673 et
1197 2636 1318 2674 Voss.
1339 2635 1508 2686 Etymol.
1534 2650 1567 2675 s.
1587 2649 1621 2675 v.
1649 2637 1833 2690 lacinia]

1034 2705 1276 2744 cauponam.
1309 2692 1487 2743 Scaliger
1510 2693 1645 2731 maluit
1670 2709 1858 2747 caupam.

982 2747 1184 2801 Caupona
1216 2750 1316 2787 enim
1347 2749 1514 2787 testibus
1541 2749 1675 2788 Gloss.
1708 2749 1859 2804 Papiae

977 2806 1247 2858 manuscriptis
1263 2809 1301 2844 et
1319 2805 1531 2851 mulierem,
1552 2819 1653 2856 quae
1674 2808 1800 2846 vinum
1820 2811 1860 2847 et

980 2861 1303 2901 esculentavenui
1317 2861 1448 2907 habet,
1464 2866 1502 2900 et
1514 2863 1714 2902 tabernam
1729 2865 1856 2916 ipsam

979 2918 1179 2969 signifieat.
1216 2918 1340 2957 Prisc.
1380 2918 1444 2957 W.
1482 2933 1518 2970 p.
1559 2923 1651 2960 684.
1695 2919 1856 2959 Putseh.

980 2973 1116 3014 Gloss.
1143 2989 1338 3028 caupona
1363 2977 1533 3026 καπηλίς.
1561 2975 1677 3028 Apul.
1705 2977 1803 3016 Met.
1832 2977 1857 3016 l.

979 3045 1019 3084 p.
1046 3035 1110 3072 37.
1137 3033 1285 3085 rcyt‘ua
1310 3046 1516 3084 caupona.

1038 3089 1224 3134 sellulam
1251 3089 1299 3128 dc
1325 3088 1450 3127 calido
1475 3088 1538 3128 hic
1556 3089 1734 3130 aniculae
1755 3103 1857 3129 amo-

1541 3145 1598 3186 3.
