2155 3590
582 161 766 202 LIBER
789 161 884 202 VII.
945 161 1072 202 CAP.
1102 159 1220 201 xlv,
1245 159 1340 199 XV.

1794 159 1874 201 575

82 275 202 324 alius,
230 273 296 327 qui
319 286 431 313 meae
455 272 628 314 libertati
653 281 934 328 prospexerat,
961 273 1148 324 suadens,
1176 279 1220 313 ut
1241 270 1485 312 rurestribus
1510 271 1639 325 potius
1664 270 1810 324 eampis
1834 271 1877 310 in

82 343 224 384 greges
249 329 412 383 equinos
436 329 649 370 lasciviens
675 330 958 381 discurrerem,
987 330 1149 370 daturus
1175 327 1342 369 dominis
1367 340 1556 381 equarum
1589 327 1776 368 inscensu
1808 341 1874 381 ge-

81 399 224 427 neroso
247 386 391 426 multas
415 385 542 426 mulas
568 386 763 427 alumnas.

669 534 1108 582 CAPUT
1200 533 1324 582 XV.

192 643 303 698 Ergo
327 644 451 698 igitur
474 651 639 685 evocato
665 644 797 685 statim
829 645 1072 685 armentario
1104 644 1313 697 equisone,
1351 656 1495 697 magna
1521 657 1607 684 cum
1633 643 1878 696 praefatione

79 702 326 741 deducendus
364 700 561 752 assignor.
608 699 664 740 Et
698 714 794 741 sane
831 701 1007 754 gaudens
1042 701 1248 754 laetusque
1284 700 1608 754 praecurreham,
1648 699 1816 739 sarcinis
1843 707 1882 739 et

79 757 222 798 ceteris
242 757 428 798 oneribus
446 757 525 797 iam
549 771 652 797 nunc
673 756 995 809 renuntiaturu53
1023 764 1245 811 nanctaque
1264 756 1468 807 libertate,
1496 755 1603 797 veris
1625 754 1736 795 initio
1757 756 1880 808 pratis

79 873 268 902 rure-stibus
287 875 323 902 F.
344 875 375 902 3.
394 875 430 902 G.
449 875 480 901 2.
499 875 539 902 D.
564 873 791 903 cf.Me1.'VIII.
811 882 842 908 ῃ.
856 875 934 902 522.
957 875 996 902 In
1014 876 1087 902 cett.
1101 872 1324 902 rurestribus.
1371 873 1405 900 in
1419 872 1547 909 campis
1559 873 1594 901 0.
1642 870 1784 908 equinas
1798 873 1835 900 G.
1853 873 1880 899 1.

78 918 224 956 eqnz'tios
238 928 270 953 φ.
317 918 352 947 in
366 925 499 946 censam
509 925 707 956 generosam
721 916 750 948 δ’.
797 918 934 947 incensa
948 919 1075 948 Vicent.
1122 917 1247 947 multos
1260 917 1419 947 alumnas
1431 919 1470 946 D.
1506 917 1617 945 mulas
1630 917 1836 946 desideratur
1847 917 1882 945 in

80 966 116 993 G.
130 966 161 994 2.
176 965 213 993 Ρ.
227 965 266 992 D.

169 1017 227 1045 ego
241 1008 348 1046 igilur
359 1010 474 1038 Venet.
488 1010 519 1038 2.
554 1008 663 1046 igitur
679 1012 773 1038 abest
785 1016 804 1038 a
819 1006 848 1038 ὃ.
885 1004 1057 1036 ανηιῐάνίσ
1072 1010 1108 1037 G.
1122 1010 1155 1037 2.
1191 1011 1351 1036 armenta
1365 1005 1394 1037 δ’.
1431 1016 1533 1045 maga
1545 1015 1601 1042 pro
1614 1014 1740 1044 magna
1751 1007 1880 1036 Vicsnt.

78 1053 250 1091 eqalsione
263 1055 297 1082 0.
310 1056 394 1082 Iuni.
410 1055 438 1083 1.
452 1056 483 1082 2.
496 1055 572 1083 Am.
586 1054 691 1083 Coun.
704 1055 819 1083 Venet.
833 1056 864 1083 4.
877 1055 956 1083 Bas.
971 1054 1061 1083 c01v.
1074 1055 1170 1082 Vch.
1187 1055 1215 1083 1.
1230 1055 1263 1083 2.
1294 1053 1447 1091 eqaz‘lone
1461 1054 1483 1082 s.
1526 1051 1780 1090 praephatione
1800 1053 1836 1080 G.
1849 1054 1880 1081 2.

79 1101 118 1128 l).
138 1099 383 1138 praefactz‘one
395 1100 544 1128 Beroald.
563 1101 640 1128 Bas.
663 1101 691 1127 1.
734 1098 980 1136 percurrebam
994 1095 1022 1127 ὃ.
1037 1099 1117 1128 oud.
1135 1101 1263 1127 mavult
1276 1097 1534 1135 procurrebam.
1582 1097 1729 1126 sarcinis
1748 1099 1784 1124 et
1802 1095 1883 1124 aliis

79 1143 235 1172 oneribus
249 1144 270 1172 f.
285 1152 326 1173 ex
339 1146 545 1179 glossemate.
593 1146 629 1170 et
641 1144 763 1171 ceteris
777 1143 932 1172 oneribus
944 1144 981 1171 F.
998 1145 1026 1172 1.
1040 1145 1072 1172 3.
1087 1145 1123 1172 G.
1139 1145 1168 1172 1.
1183 1145 1214 1173 2.
1228 1145 1264 1172 Ρ.
1292 1139 1343 1182 (in
1357 1144 1519 1178 excerptis
1533 1145 1575 1172 ad
1587 1150 1688 1177 marg.
1709 1143 1757 1171 ed.
1773 1137 1882 1181 Colv.)

79 1188 149 1218 D.a
162 1197 202 1218 m.
217 1197 248 1224 p.
263 1188 358 1223 [nam
371 1196 392 1217 a
404 1197 445 1217 m.
459 1196 486 1217 s.
500 1191 596 1217 habet
609 1186 809 1224 honoribus)
824 1191 907 1217 Elin.
924 1190 1069 1217 §Vowen
1094 1187 1243 1216 sarcinis
1256 1191 1292 1215 ec
1304 1186 1488 1216 honoribus
1496 1187 1582 1225 β.Μ.
1606 1190 1644 1216 ln
1659 1190 1732 1216 cett.
1748 1188 1838 1221 codd.
1853 1190 1886 1215 et

79 1236 149 1263 edd.
163 1233 318 1261 oneribus
332 1236 434 1262 abest.
460 1232 673 1268 [corruptela
684 1232 996 1273 honoribnsgexorta
1009 1236 1059 1262 est
1072 1241 1113 1261 ex
1126 1234 1266 1262 lectione
1279 1231 1470 1270 honeribus,
1484 1241 1591 1271 'quum
1604 1233 1739 1267 saepius
1752 1233 1884 1266 aspira-

78 1280 165 1308 tione
178 1280 444 1308 nocvocabulum
457 1279 616 1307 efferatur.
632 1278 672 1307 cf.
683 1281 738 1307 Dr.
748 1280 788 1307 ad
797 1279 867 1308 Liv.
876 1281 916 1307 11.
926 1279 978 1307 49.
989 1274 1209 1317 §.Lxxxvr
1219 1280 1272 1307 40.
1282 1274 1374 1317 §·9-]
1383 1278 1617 1307 Oud.incertus
1632 1281 1692 1314 est,
1702 1278 1778 1312 quid
1793 1278 1882 1305 codd.

75 1326 243 1361 legant‚et
255 1322 377 1351 cetere‘s
391 1322 546 1351 oneribus
555 1325 608 1351 vel
620 1321 848 1353 honoribusF.
860 1325 888 1352 1.
897 1320 925 1352 ὃ.
936 1324 971 1352 O.
982 1331 1012 1357 p.
1021 1324 1056 1351 G.
1068 1324 1081 1350 1
1091 1344 1097 1351 .
1106 1324 1136 1351 2.
1150 1325 1270 1351 habere
1283 1324 1509 1358 pronuntians.
1549 1325 1584 1350 et
1597 1322 1720 1350 ceteris
1735 1321 1885 1349 ominibus

77 1370 115 1397 B.
139 1370 177 1397 In
191 1368 376 1409 reliquisdet
387 1366 509 1395 ceteris
523 1368 591 1396 iam
605 1376 703 1398 tinne.
739 1371 936 1405 nanctaque
945 1369 981 1397 F.
996 1369 1026 1396 3.
1042 1368 1126 1402 quod
1140 1367 1278 1397 restitui.
1314 1371 1492 1404 nuptaque
1506 1369 1541 1396 Ο.
1566 1369 1605 1396 In
1621 1369 1886 1404 cettmactaque.

77 1460 138 1494 tur
161 1456 196 1494 in
216 1468 314 1494 usus
334 1468 533 1506 equorum,
560 1468 769 1506 numquam
787 1459 949 1494 sectum.

78 1511 131 1550 Et
149 1512 209 1550 cui
227 1512 330 1550 bono
350 1511 426 1549 hoc
438 1512 534 1550 asini
549 1512 743 1558 dentibus,
762 1511 952 1550 hordeum

80 1569 176 1606 satis
201 1567 381 1619 frangere
404 1568 585 1607 valentis.
640 1566 767 1608 Lecto
792 1568 952 1608 lzorcleo

80 1628 143 1663 est
173 1623 320 1670 electo,
356 1638 472 1676 pure,
510 1625 666 1676 optimo,
703 1638 776 1663 nce
803 1628 953 1664 tantum

79 1684 256 1726 recente,
281 1680 355 1719 sed
379 1693 429 1718 ex
454 1694 530 1731 quo
557 1694 695 1719 omnes
721 1680 888 1720 furfures
913 1685 953 1719 et

80 1736 205 1788 lapilli
234 1740 343 1775 erant
371 1739 531 1784 secreti,
565 1750 665 1787 quos
697 1742 832 1777 contra
862 1751 954 1788 que-

80 1795 171 1831 ritur
206 1793 281 1831 sibi
317 1794 525 1844 appositos
561 1793 659 1833 infra
690 1808 726 1845 p.
752 1798 845 1834 475.
881 1794 954 1834 sab

80 1850 173 1901 ipsa
209 1863 374 1901 vespera
402 1852 595 1902 fai-fares
624 1851 864 1901 apponebat
893 1852 954 1888 in-

80 1910 213 1945 cretos
254 1920 305 1945 ac
339 1907 534 1945 sordidos
568 1906 777 1959 multoque
813 1906 956 1957 lapide

81 1961 321 2000 salebrosos.
358 1961 489 2001 Lecto
515 1961 581 2000 alii
600 1963 757 2013 capiunt
775 1963 957 2000 substau-

83 2018 161 2055 tive
185 2031 253 2068 pro
279 2017 394 2056 cubili
417 2017 596 2056 molliori.
639 2019 694 2056 At
718 2032 765 2057 eo
791 2033 866 2056 uon
891 2032 954 2057 sa-

83 2073 260 2124 ginantur
302 2074 401 2112 asini
437 2078 476 2112 et
511 2077 616 2112 certe
650 2078 732 2112 tum
766 2075 955 2126 praeponi

84 2129 259 2168 deberet.
332 2128 474 2180 [Colvii
527 2130 737 2168 lectionem
784 2130 956 2182 amplexi

86 2189 177 2223 sunt
217 2184 413 2237 Interpres
455 2185 740 2236 Francogallus
782 2190 956 2225 vertens:

84 2241 382 2292 m’engraissant
421 2255 519 2280 avec
559 2242 610 2280 de
645 2242 765 2294 l'orge
800 2244 958 2295 broyee,

86 2302 126 2335 et
149 2297 320 2335 Rodius:
350 2298 423 2336 mit
444 2301 715 2351 qestampfter
743 2299 912 2352 Gerste]

146 2352 337 2392 CunXV.
369 2355 617 2393 armentario
642 2356 844 2407 equisone.
878 2355 959 2408 [De

86 2410 290 2461 equisone,
327 2411 392 2460 qui
426 2410 517 2449 alibi
552 2411 711 2451 villicus
745 2413 960 2450 nominatur

88 2467 253 2517 eiusque
278 2465 415 2504 officiis
441 2466 690 2517 conf.A1·gol.
717 2471 794 2506 not.
820 2472 882 2508 13.
906 2468 958 2507 ad

87 2521 264 2573 Onuphr.
282 2521 446 2562 Panvin.
471 2523 522 2561 de
546 2522 646 2562 Lud.
672 2523 841 2563 Circens.
865 2523 892 2562 Ι.
919 2528 956 2564 5.

88 2580 124 2616 in
151 2578 291 2617 Graev.
320 2577 442 2617 Thes.
466 2579 599 2630 Antiq.
628 2579 672 2618 T.
698 2579 767 2618 IX.
792 2594 829 2632 p.
854 2581 963 2634 190]

88 2634 219 2672 Burm.
245 2634 295 2674 ad
318 2634 480 2673 Anthol.
507 2635 596 2674 Lat.
623 2635 667 2674 Τ.
693 2635 739 2674 Π.
765 2649 801 2687 p.
828 2637 940 2689 310]

145 2692 321 2730 sarcinis
345 2696 385 2730 et
407 2693 548 2731 ceteris
573 2693 771 2732 oneribus.
816 2693 965 2731 Stewe-

91 2746 202 2785 chius
227 2760 344 2797 quum
368 2747 527 2795 videret,
553 2751 756 2799 tantopere
781 2749 894 2788 codd.
914 2750 966 2788 iu-

90 2807 150 2840 ter
179 2816 226 2841 se
250 2803 492 2855 discrepare,
523 2805 703 2850 coniecit,
733 2807 905 2844 sarcinis
929 2811 969 2845 et

95 2858 271 2904 clitellis,
302 2873 404 2910 quae
434 2861 656 2900 coniectura
679 2860 781 2899 Oud.
814 2875 888 2899 non
914 2863 967 2900 ita

95 2915 362 2964 improbabilis
393 2920 457 2954 est
493 2918 543 2955 ob
580 2918 750 2967 scriptae
786 2916 965 2956 lectionis

94 2969 132 3007 in
169 2970 255 3009 aliis
291 2972 405 3010 codd.
444 2973 703 3017 variationem,
740 2977 779 3012 et
809 2974 967 3012 exilium

95 3027 204 3064 vocis
230 3029 434 3074 oneribus,
471 3033 513 3067 ut
549 3043 667 3079 quum
696 3031 771 3068 iam
805 3030 967 3069 clitellis

95 3081 348 3132 depravatum
371 3089 484 3123 esset
507 3087 542 3124 in
569 3085 680 3131 aliis,
712 3087 872 3133 ceteris,
897 3086 966 3124 lib-

96 3137 220 3177 rarius
245 3139 332 3190 quis
354 3143 505 3180 temere
529 3142 676 3181 addere
696 3143 864 3194 potuerit
877 3156 966 3182 one-

1009 1455 1133 1495 ribus.
1172 1453 1281 1493 Conf.
1309 1454 1397 1493 Intt.
1423 1454 1472 1492 ad
1498 1453 1666 1493 phaedr.
1693 1453 1719 1491 I.
1737 1458 1803 1494 15.
1820 1458 1883 1495 10.

1010 1512 1061 1550 de
1086 1512 1208 1550 asino.
1260 1510 1442 1550 Clitellas
1467 1511 1564 1550 dnm
1584 1514 1747 1563 portem
1770 1523 1886 1549 meas.

1009 1568 1066 1607 At
1095 1567 1135 1606 id
1164 1571 1312 1606 tantum
1341 1569 1512 1613 miratur,
1546 1566 1651 1617 quod
1681 1570 1815 1604 auctor
1839 1579 1889 1605 ea

1011 1637 1108 1662 voce
1133 1637 1202 1675 per
1227 1628 1348 1662 totam
1372 1623 1474 1662 hanc
1499 1622 1688 1662 fabellam
1700 1635 1798 1660 usus
1811 1636 1887 1660 non

1011 1680 1136 1720 suerit.
1163 1679 1247 1732 [Ad
1266 1684 1508 1732 postremum
1533 1682 1801 1730 argumentum
1825 1680 1889 1717 vix

1012 1742 1092 1783 est,
1130 1736 1236 1788 quod
1271 1737 1480 1776 absurdius
1516 1736 1660 1775 dictum
1696 1748 1788 1774 esse
1819 1749 1889 1786 po-

1012 1793 1136 1832 tuerit.
1189 1791 1289 1832 Eam
1314 1795 1415 1831 euim
1440 1793 1489 1831 ob
1515 1805 1698 1831 caussam
1725 1793 1873 1831 vocabu

1013 1849 1092 1888 lum
1123 1862 1174 1887 ex
1203 1850 1393 1901 scriptore
1424 1850 1527 1894 eiici,
1559 1849 1664 1899 quod
1695 1848 1771 1887 alio
1804 1849 1890 1886 eius

1012 1905 1101 1944 loco
1128 1920 1202 1944 non
1227 1907 1456 1956 reperiatur,
1488 1919 1563 1943 non
1589 1905 1790 1943 ferendum
1815 1908 1890 1942 est.

1019 1962 1191 2001 Clitellis
1227 1975 1318 1999 vero
1354 1961 1448 1999 mihi
1485 1960 1628 2012 duplici
1666 1961 1715 1999 de
1747 1974 1890 1998 caussa

1012 2018 1265 2069 improbatur,
1300 2019 1464 2069 primum
1494 2018 1601 2070 quod
1631 2018 1797 2056 omnium
1828 2031 1875 2055 co

1014 2075 1140 2113 dicum
1166 2074 1374 2113 auctoritas
1393 2078 1598 2126 repugnat,
1624 2074 1766 2112 deinde
1786 2073 1891 2124 quod

1014 2143 1208 2181 nusquam
1241 2134 1378 2169 noster
1407 2130 1542 2169 asinus
1573 2133 1892 2169 commemoratur

1015 2187 1194 2226 homiues
1203 2199 1251 2224 ex
1260 2186 1442 2226 mandato
1451 2188 1486 2225 in
1495 2191 1604 2238 tergo
1612 2200 1686 2225 suo
1695 2190 1892 2227 veetasse,

1016 2243 1090 2282 sed
1103 2244 1277 2283 sarcinas
1295 2246 1443 2281 tantum
1463 2247 1502 2281 et
1521 2257 1650 2282 onera.
1687 2242 1781 2281 Inde
1799 2243 1891 2281 mihi

1018 2299 1176 2351 quidem
1185 2298 1388 2351 probabile
1400 2299 1456 2346 fit,
1484 2299 1661 2338 librarios
1676 2299 1892 2338 offendisse

1016 2357 1052 2394 in
1088 2369 1228 2395 vocum
1252 2356 1438 2395 sarcinas
1474 2359 1513 2394 et
1550 2356 1738 2396 oneribus
1773 2367 1893 2406 prava

1017 2425 1135 2463 quam
1177 2412 1366 2463 putabant
1399 2413 1652 2464 repetitione,
1696 2411 1892 2464 quomodo

1013 2472 1218 2519 utrumque
1231 2467 1395 2515 differat,
1409 2469 1644 2507 nescientes.
1694 2469 1894 2508 Sarcinas

1015 2525 1134 2563 refert
1162 2524 1359 2576 Apuleius
1394 2525 1446 2563 ad
1481 2524 1671 2563 latronum
1710 2523 1892 2575 praedas,

1024 2594 1125 2632 quae
1149 2581 1185 2619 in
1211 2580 1411 2620 involucra
1436 2583 1663 2619 convinctae
1689 2580 1772 2618 sere
1791 2592 1893 2618 sem-

1022 2651 1093 2690 per
1116 2639 1170 2675 ita
1189 2638 1430 2676 nominantur
1448 2637 1496 2676 cs.
1522 2637 1588 2676 IV.
1609 2651 1646 2688 p.
1667 2641 1759 2677 235.
1788 2637 1896 2674 omni

1023 2695 1223 2733 sarcina
1253 2708 1289 2745 p.
1317 2697 1410 2734 243.
1446 2695 1676 2733 sarcinae
1706 2692 1896 2744 pondere

1024 2750 1239 2801 depressas
1267 2749 1358 2788 alib.
1420 2749 1559 2788 Onera
1587 2762 1681 2787 vero
1707 2748 1836 2786 omnia
1859 2749 1895 2786 in

1023 2807 1245 2844 universum
1291 2805 1508 2857 significant
1547 2805 1745 2857 pondera,
1794 2817 1896 2855 quae

1023 2865 1202 2913 premunt
1225 2866 1266 2900 et
1294 2862 1408 2912 quasi
1433 2866 1588 2912 angunt.
1647 2860 1733 2899 Sed
1755 2864 1798 2899 ut
1820 2860 1896 2899 hoc

1024 2918 1231 2957 discrimen
1279 2918 1475 2969 Apuleius
1529 2932 1603 2955 non
1657 2918 1895 2962 servaverit,

1025 2978 1065 3012 et
1099 2987 1322 3025 synonyma
1352 2974 1451 3011 haec
1491 2973 1686 3012 vocabula
1714 2973 1809 3020 sint,
1847 2986 1895 3011 eo

1024 3033 1154 3068 tamen
1202 3030 1427 3069 alterutrum
1475 3029 1754 3081 expellendum
1802 3043 1897 3068 esse

1025 3100 1099 3124 non
1135 3086 1365 3124 crediderim
1395 3087 1432 3123 in
1464 3090 1641 3131 auctore,
1678 3087 1743 3137 qui
1779 3099 1897 3137 syno-

1026 3155 1142 3193 nyma
1172 3146 1250 3181 tam
1281 3142 1531 3181 vehementer
1559 3141 1726 3182 affectat.
1775 3142 1823 3182 cf.
1848 3142 1898 3181 ad
