2221 3667
301 146 410 192 1058
558 149 602 188 L.
633 147 855 188 APULEII
886 144 1289 186 MADAURENSIS
1319 144 1865 188 METAMORPHOSEON

298 261 470 302 nentiam
504 260 600 300 satis
633 260 816 311 arduam,
851 266 1044 314 cautoque
1076 258 1362 313 circumspectu
1392 258 1512 300 vitam
1545 272 1645 312 quae
1676 260 1808 301 multis
1829 259 1989 301 casibus
2012 258 2104 300 sub-

207 326 273 358 794
298 319 401 358 iacet
426 330 513 357 esse
546 317 814 357 muniendam.
849 315 856 371 Ι
889 314 1000 356 Haec
1030 315 1252 356 idemtidem
1291 329 1443 371 mecum
1476 322 1661 371 reputans
1701 316 1833 357 nescio
1866 330 1943 370 quo
1973 311 2103 370 modo,

298 386 531 429 quamquam
559 374 774 426 festinans,
803 371 1046 414 differebam.

873 546 1271 594 CAPUT
1388 546 1524 593 XX.

409 682 540 723 Nocte
572 681 738 736 quadam
780 680 936 734 plenum
968 679 1161 731 gremium
1190 692 1302 719 suum
1335 679 1446 719 visus
1482 685 1544 719 est
1579 678 1672 719 mihi
1709 692 1884 718 summus
1921 678 2108 719 sacerdos

297 740 461 791 offerre,
490 753 536 779 ae
561 737 800 792 requirenti,
829 736 919 790 quid
944 736 1079 789 utique
1104 736 1229 786 istud,
1258 736 1531 790 respondisse,
1560 742 1692 789 partes
1718 735 1804 775 illas
1831 736 1876 776 de
1901 735 2110 776 Thessalia

295 797 389 837 mihi
428 796 592 847 missas,
631 808 791 836 servum
828 793 947 833 etiam
985 807 1112 833 meum
1146 792 1315 832 indidem
1348 792 1652 847 supervenisse,
1687 793 1845 832 nomine
1870 788 2106 832 Candidum.

296 853 411 893 Hanc
437 858 697 907 experrectus
723 850 935 904 imaginem
961 850 1026 889 diu
1051 850 1194 903 diuque
1215 850 1315 902 apud
1337 849 1601 903 cogitationes
1622 862 1729 889 meas
1751 848 2004 889 revolvebam
2019 848 2108 902 quid

296 910 354 951 rei
392 910 668 964 portenderet,
717 907 951 962 praesertim
994 921 1081 946 cum
1120 906 1268 946 nullum
1301 919 1483 960 umquam
1518 905 1701 946 habuisse
1738 919 1799 945 me
1836 919 1995 946 servum
2035 905 2109 945 isto

296 967 454 1007 nomine
481 972 746 1020 nuncupatum
771 971 903 1004 certus
930 977 1073 1004 essem.
1114 961 1167 1004 Ut
1186 970 1317 1003 tamen
1337 976 1426 1003 sese
1446 962 1695 1017 praesagium
1716 962 1843 1003 somni
1868 962 2107 1017 porrigeret,

295 1104 397 1130 supra
410 1095 585 1125 habuimus
600 1097 675 1123 Met.
690 1096 728 1123 X.
745 1102 774 1128 p.
790 1094 864 1121 722.
888 1101 974 1130 prae
1000 1091 1193 1120 ubseinen
1204 1091 1267 1119 tia
1292 1091 1429 1126 taurici,
1456 1096 1489 1120 ut
1515 1091 1626 1127 optimi
1651 1092 1742 1120 codd.
1769 1093 1933 1126 praebent.
1958 1090 2110 1119 Forsitan

295 1150 336 1170 ex
349 1142 612 1176 compendiorum
626 1140 818 1168 confusione
831 1138 978 1167 abstzam
993 1142 1023 1167 et
1038 1137 1214 1167 absectum.
1265 1140 1429 1175 tantoque
1444 1139 1479 1167 B.
1526 1137 1753 1165 circumve-ceu
1768 1138 1916 1166 Beroald.
1964 1139 2110 1165 uzeticen-

296 1186 373 1214 rlam
386 1188 423 1216 Ι..
461 1184 672 1214 minuendam
687 1186 735 1214 ed.
749 1193 795 1219 pr.
810 1184 883 1214 Vic.
897 1185 1011 1214 Venet.
1027 1186 1058 1213 2.
1096 1182 1292 1211 veniendum
1306 1184 1421 1213 Venet.
1438 1185 1468 1212 4.
1483 1184 1559 1212 Bas.
1580 1184 1605 1212 1.
1655 1183 1726 1210 vice
1741 1181 1962 1211 muniendam.
1990 1180 2066 1210 Hoc
2080 1190 2109 1217 p.

295 1231 437 1260 r’ndz‘dem
457 1234 540 1261 Iunt-
560 1233 588 1260 1.
610 1232 684 1260 Ald.
734 1228 828 1257 modo
849 1238 912 1259 non
932 1233 1093 1265 comparet
1113 1230 1145 1258 in
1167 1231 1204 1258 R.
1229 1228 1290 1264 (ex
1310 1229 1497 1264 compendio
1518 1226 1581 1266 qut]
1603 1224 1814 1265 corruptum.)
1860 1225 2065 1265 defferebmu
2081 1225 2110 1256 d.

297 1277 500 1306 disserebam
514 1278 610 1306 Vulc.
625 1277 737 1304 XVow.
752 1276 838 1304 Prie.

388 1327 427 1351 at
445 1321 638 1361 requirenti
653 1318 682 1350 δ’.
702 1323 773 1350 edd.
794 1325 870 1350 ante
889 1321 979 1349 Colv.
1027 1319 1090 1348 illa
1108 1317 1136 1349 δ’.
1186 1327 1319 1348 servum
1332 1323 1365 1347 et
1379 1326 1485 1347 meum
1499 1320 1569 1347 edd.
1584 1322 1661 1347 vett.
1678 1322 1807 1354 praeter
1819 1320 1934 1348 Venet.
1948 1320 1979 1347 4.
2002 1318 2109 1347 Pari-1.

296 1368 363 1397 Ιιηι·
375 1371 599 1405 experrectus
613 1367 760 1404 imagine
773 1368 809 1395 G.
823 1368 860 1396 P.
874 1368 914 1394 D.
928 1368 965 1395 L.
981 1366 1003 1394 t.
1016 1363 1046 1395 δ.
1061 1368 1097 1395 R.
1113 1367 1204 1395 colv.
1217 1367 1313 1395 Vulc.
1330 1367 1444 1395 Wow.
1459 1366 1546 1394 Prie.
1594 1373 1633 1392 re
1646 1367 1684 1394 D.
1729 1363 1952 1401 protenderet
1963 1365 2000 1393 B.
2028 1371 2109 1400 per—

298 1413 453 1442 tenderet
470 1415 507 1443 P.
555 1416 669 1441 certus
689 1420 761 1440 esse
780 1413 815 1441 0.
864 1410 918 1439 ait
938 1414 1049 1439 tamen
1070 1417 1127 1447 pro
1146 1414 1185 1439 ut
1206 1414 1317 1439 tumen
1337 1412 1414 1440 Bas.
1441 1412 1465 1439 l.
1485 1411 1567 1439 oud.
1588 1410 1731 1446 reposuit
1757 1417 1798 1440 ex
1818 1411 1903 1439 Prie.
1923 1410 2110 1446 coniectura

298 1463 393 1500 utut,
419 1465 450 1489 et
462 1461 592 1489 Ruhnk.
607 1461 783 1488 obsecutus
796 1460 856 1486 est.

299 1570 387 1610 luit.
413 1570 463 1609 ad
502 1569 631 1609 iuven.
662 1567 731 1606 VI.
758 1572 838 1609 535
865 1581 925 1619 sq.
982 1567 1173 1606 Schmidt.

299 1628 349 1666 de
376 1626 538 1666 sacerd.
562 1626 738 1678 Aegypt.
763 1639 799 1676 p.
828 1625 911 1678 63]

347 1688 551 1736 cautoque
566 1685 876 1734 circumspectu.
895 1680 1040 1719 Rex-tin.
1056 1680 1176 1719 habet

301 1746 511 1792 tantoque,
539 1740 642 1791 quod
668 1739 878 1790 Scioppius
903 1738 1042 1790 probat
1065 1738 1177 1776 inter-

300 1801 459 1850 pretans
492 1810 657 1840 summio,
690 1809 859 1847 mayuo,
887 1808 964 1845 qua
986 1794 1175 1845 significa-

300 1855 406 1893 tione
426 1854 502 1892 hoc
528 1852 761 1891 vocabulum
786 1866 859 1890 non
886 1865 970 1890 raro
992 1853 1082 1902 poni
1104 1851 1178 1888 cui-

302 1924 379 1962 que
403 1914 535 1949 notum
570 1913 649 1957 est3
683 1908 729 1948 ci.
756 1908 826 1947 Dr.
850 1908 900 1946 ad
926 1907 1012 1947 Liv.
1040 1907 1084 1946 Π.
1111 1911 1178 1948 37.

302 1968 373 2007 Sil.
389 1967 439 2006 X.
455 1970 547 2008 234.
574 1966 662 2004 Hoc
686 1970 813 2004 tamen
840 1966 927 2004 loco
950 1971 1072 2005 cauto
1094 1978 1178 2016 pro-

302 2026 393 2064 bum
420 2037 514 2062 esse
540 2023 656 2061 docet
681 2021 782 2061 Prie.
809 2020 1094 2060 exGell.X1{1.
1112 2025 1176 2063 26.

303 2081 520 2132 fragmento
552 2078 747 2118 Panaetii:
786 2081 868 2118 vita
893 2079 1097 2118 homiuum
1122 2109 1130 2117 .
1145 2109 1153 2117 .
1169 2109 1177 2117 .

301 2139 470 2190 neyott'a
489 2136 765 2189 periculaque
790 2150 843 2175 ea:
873 2137 1094 2188 intprot·1’so
1119 2150 1178 2175 as-

302 2195 425 2234 sidua
452 2194 780 2247 quotidianaque
801 2194 897 2243 fert.
961 2192 1032 2231 Act
1051 2196 1096 2232 e'a
1113 2207 1178 2232 ca-

302 2251 438 2290 venda
463 2256 589 2303 atque
616 2250 876 2289 declinanda
896 2250 1074 2302 perinde
1099 2263 1179 2288 esse

304 2312 469 2359 oportet
492 2308 629 2346 animo
653 2320 808 2358 semper
837 2311 1033 2358 prompto
1059 2312 1098 2345 et
1121 2307 1177 2345 in-

307 2369 436 2410 tento,
479 2370 524 2403 ut
559 2368 652 2403 suut
687 2363 932 2402 athletarum
970 2364 1042 2416 qui
1076 2377 1178 2415 pau-

310 2422 532 2460 cratiastae
545 2424 758 2459 vocantur.
828 2420 902 2458 Tam
915 2421 1019 2460 sieut
1033 2420 1096 2459 illi
1121 2419 1178 2459 ad

305 2478 546 2516 certandum
582 2477 719 2515 vocati
751 2477 950 2528 proiectIS
982 2476 1064 2516 alte
1090 2477 1178 2516 bra-

306 2534 408 2573 rltf'is
427 2534 726 2573 circumsistunt
745 2538 783 2572 et
803 2547 845 2572 os
864 2548 976 2573 suum
995 2534 1179 2573 manibus

306 2592 511 2643 opposih's
537 2590 655 2643 quasi
683 2589 792 2628 vallo
812 2591 1175 2641 praemuniunt,

307 2648 564 2700 membraque
589 2660 726 2686 eorum
753 2648 904 2692 omnia,
934 2648 1178 2699 priusquam

302 2718 451 2756 puynu
471 2708 579 2742 mola
600 2708 672 2743 est.
699 2708 772 2743 (ιιιί
790 2704 847 2742 ad
868 2704 1055 2742 vitandos
1076 2704 1178 2743 ictus

307 2765 451 2799 cauta
475 2764 568 2799 suut
592 2765 662 2799 aut
687 2759 745 2799 ad
766 2761 988 2810 faciendos
1004 2765 1176 2812 ραν-αἴας

305 2818 364 2855 itu
378 2818 533 2856 animus
547 2821 671 2869 atque
684 2830 789 2855 mens
810 2818 887 2855 riri
895 2818 1115 2869 prudentis
1130 2847 1137 2854 .
1150 2847 1157 2854 .
1168 2846 1176 2855 .

309 2874 416 2911 omui
430 2874 472 2912 ἰη
487 2873 579 2912 loco
594 2878 717 2925 atque
731 2873 772 2911 ἱη
788 2878 968 2925 tempore
983 2888 1015 2926 Ι)
1025 2889 1043 2912 r
1055 2888 1139 2925 osp
1149 2874 1177 2910 i-

308 2931 438 2968 et'ens
463 2930 581 2969 (lebet
605 2943 696 2968 esse.
760 2929 841 2982 [De
867 2932 1183 2983 circumspectus

308 2986 355 3025 cl'.
371 2985 455 3024 Intt.
477 2986 526 3024 ad
546 2986 675 3024 Amin.
697 2985 876 3025 Marcell.
891 2986 1001 3026 XIV.
1023 2992 1059 3028 6.
1074 2987 1109 3036 ξ.
1126 2987 1180 3040 6.]

367 3043 636 3082 mmziemlam.
698 3042 866 3082 Diverso
916 3043 1032 3083 modo
1082 3043 1182 3084 hunc

308 3098 433 3136 locum
467 3100 502 3137 in
535 3099 690 3138 dubium
722 3104 908 3139 vocarunt
937 3101 1179 3154 interpretes.

310 3155 506 3196 slew-ech.
533 3156 715 3212 emendat
739 3158 968 3204 vivendum,
1001 3157 1103 3210 quod
1131 3171 1181 3197 cx

903 1456 1026 1485 somnii
1038 1459 1073 1486 G.
1088 1458 1126 1486 D.
1143 1457 1162 1485 f.
1178 1457 1262 1486 Prie.

1233 1570 1390 1606 vetusta
1403 1566 1598 1605 scribendi
1612 1566 1760 1605 ratione
1782 1566 2012 1605 veit-endam
2032 1579 2111 1603 cor-

1234 1628 1388 1676 ruptum
1412 1623 1475 1669 sit,
1501 1622 1683 1661 Brantius
1710 1622 1849 1660 eadem
1874 1622 2111 1672 antiquitatis

1234 1681 1428 1732 prurigine
1443 1683 1582 1730 captus
1601 1679 1891 1719 moeniendam.
1932 1677 2016 1733 Sed
2035 1691 2112 1723 me-

1235 1750 1302 1776 rae
1321 1740 1412 1775 sunt
1434 1736 1700 1774 aberrationes
1729 1735 1967 1774 librariorum
1993 1739 2032 1773 et
2057 1739 2112 1786 ty-

1235 1793 1486 1845 pothetarum
1511 1793 1764 1831 metuendam
1792 1795 1829 1829 et
1853 1792 2111 1832 miuuemlam

1238 1854 1276 1889 et
1302 1852 1552 1890 contendam.
1601 1846 1865 1888 Nihilominus
1885 1847 1988 1888 Oud.
2015 1862 2038 1887 a
2060 1848 2110 1886 le-

1238 1908 1366 1945 ctione
1381 1906 1662 1946 moenc'eudam
1677 1920 1752 1948 non
1768 1906 1918 1945 alienus
1934 1910 2008 1950 est,
2035 1918 2112 1956 quo

1238 1978 1321 2003 voc.
1338 1964 1509 2002 Gellium
1530 1975 1654 2013 saepe
1675 1977 1787 2001 usum
1808 1976 1903 2001 esse
1929 1962 2044 2001 docet
2062 1975 2111 2000 ex

1237 2019 1323 2059 ΧΠ.
1334 2025 1370 2061 4.
1381 2019 1482 2059 ΧΙΠ.
1494 2024 1557 2061 27.
1584 2018 1660 2072 [Ita
1674 2018 1776 2072 apud
1786 2018 1916 2058 Front.
1927 2018 1976 2058 de
1985 2017 2113 2058 Feriis

1236 2077 1412 2116 Alsiens.
1439 2091 1476 2128 p.
1503 2080 1597 2118 212.
1624 2077 1685 2115 ed.
1711 2076 1803 2115 Mai.
1831 2076 2111 2116 commoem're.

1238 2135 1508 2175 ῘΙΙιιηίειιιῐαηι
1552 2133 1761 2185 legendum
1802 2147 1896 2172 esse
1938 2132 2115 2172 defendit

1240 2192 1356 2231 Gellii
1385 2191 1494 2230 locus
1521 2191 1637 2229 modo
1663 2190 1799 2243 excit]

1298 2247 1384 2287 Ου’.
1410 2247 1503 2287 XX.
1553 2248 1660 2288 hanc
1681 2252 1947 2300 experrectus
1967 2246 2112 2300 ’ἱππαρί-

1237 2320 1337 2345 nem.
1382 2304 1456 2352 Qui
1483 2305 1586 2343 hunc
1610 2318 1724 2343 usum
1750 2304 1934 2356 loquendi
1961 2317 2032 2343 non
2059 2303 2113 2341 in-

1237 2362 1469 2413 telligebant
1483 2362 1715 2413 interpretes
1725 2390 1737 2410 ,
1760 2360 2021 2400 emendabant
2034 2359 2113 2399 ltuc

1237 2420 1426 2472 imayine.
1467 2423 1523 2458 At
1548 2418 1669 2469 iungit
1693 2422 1828 2457 auctor
1852 2417 1967 2470 priori
1993 2417 2112 2455 verbo

1236 2475 1466 2515 revolvebat
1479 2477 1695 2528 imaginem
1706 2489 1774 2527 per
1787 2474 1997 2527 syllepsin.
2011 2471 2113 2513 Sub-

1237 2532 1462 2584 intelligitur
1487 2532 1588 2571 enim
1614 2545 1770 2576 rursus,
1803 2531 1907 2584 quid
1930 2531 1992 2572 rei
2010 2543 2113 2582 por-

1237 2590 1424 2629 tenderet
1437 2589 1535 2628 haec
1549 2590 1688 2640 imago.
1739 2588 1807 2627 Sic
1820 2588 1970 2640 passim
1984 2586 2115 2625 solent

1236 2646 1459 2699 politissimi
1485 2647 1712 2697 scriptores,
1738 2645 1787 2685 cf.
1811 2643 1916 2684 Oud.
1940 2643 1990 2682 ad
2014 2643 2113 2682 Hirt.

1236 2702 1285 2742 B.
1303 2703 1388 2741 Asr.
1409 2717 1442 2743 c.
1457 2707 1521 2744 20.
1535 2704 1712 2755 sagittas
1726 2703 1940 2755 utlfiereut
1951 2713 2110 2740 curare.

1239 2759 1434 2812 [Munker.
1460 2760 1509 2799 ad
1533 2758 1731 2812 Hyginffp.
1753 2762 1817 2799 95.
1839 2757 1900 2796 ed.
1917 2756 2112 2808 stau-een]

1282 2822 1328 2856 ut
1341 2822 1469 2857 tamen
1484 2813 1564 2856 sese
1572 2817 1697 2869 porri
1697 2820 1822 2869 yeret.
1844 2812 1995 2867 [Minus
2010 2815 2114 2852 recte

1237 2878 1397 2912 secutus
1434 2873 1525 2912 mihi
1566 2873 1715 2911 videtur
1751 2885 1844 2910 esse
1875 2868 1976 2909 Oud.
2011 2868 2113 2908 Pric.

1241 2931 1492 2978 sententiam,
1520 2931 1583 2981 qui
1605 2944 1672 2982 pro
1694 2934 1757 2969 ut:
1788 2927 1964 2978 utntlegi
1980 2926 2115 2965 voluit.

1242 2985 1438 3032 Quantum
1453 2988 1553 3025 enim
1568 2987 1693 3033 video,
1709 2984 1903 3037 Apuleius
1920 2996 2112 3035 nunquam

1241 3043 1384 3096 duplici
1423 3050 1468 3084 ut
1496 3043 1612 3083 utitur
1649 3041 1711 3080 vel
1745 3043 1791 3080 iis
1825 3041 1860 3078 in
1894 3040 2011 3086 locis,
2049 3040 2112 3077 ubi

1239 3115 1310 3153 pro
1345 3101 1571 3154 quomoda,
1609 3104 1814 3152 uteunque
1838 3097 2007 3149 positum
2035 3100 2114 3142 est;

1240 3161 1280 3196 at
1312 3157 1392 3197 scre
1425 3171 1561 3197 omnes
1593 3156 1681 3196 edd.
1714 3169 1787 3194 suo
1814 3168 1923 3193 moro
1948 3158 2038 3195 utut
2063 3153 2113 3192 iu-
