2155 3590
693 135 876 176 LIBER
901 136 954 176 X.
1002 136 1129 176 CAP.
1155 136 1299 175 xvll.
1796 136 1879 178 919

88 247 270 285 facerem.
323 247 400 285 Sed
425 246 613 294 verebar,
642 260 689 286 ne
714 248 746 286 si
774 248 873 287 forte
899 247 983 287 sine
1009 247 1198 301 magistro
1231 246 1398 287 humano
1429 247 1508 287 ritu
1539 247 1716 295 ederem,
1752 247 1876 300 plera-

87 315 160 354 que
185 302 259 340 rati
284 314 467 341 scaevum
493 303 738 355 praesagium
764 303 1012 356 portendere,
1045 303 1153 343 velut
1176 309 1394 343 monstrum
1420 309 1691 354 ostentumque
1718 315 1777 342 me
1807 302 1874 342 ob-

86 363 307 397 truncatum
328 356 335 409 Ι
355 357 534 398 vulturiis
565 358 731 411 opimum
762 359 940 412 pabulum
966 359 1191 399 redderent.

82 413 263 462 bruerat,
291 427 366 466 quo
391 420 638 467 conspectum
665 421 779 467 atque
796 415 1101 468 famigerabilem
1117 414 1212 454 meis
1232 414 1342 454 miris
1356 413 1504 453 artibus
1525 414 1731 454 effeceram
1751 414 1873 454 domi-

83 482 186 508 num.
235 468 309 508 Hic
339 475 420 518 est,
454 470 517 522 qui
549 470 719 509 sodalem
751 471 1035 523 convivamque
1059 470 1233 524 possidet
1255 469 1429 519 asinum,
1463 470 1675 510 luctantem
1700 470 1870 521 asinum,

82 524 288 565 saltantem
312 524 486 576 asinum,
519 539 637 566 voces
663 527 851 566 humanas
875 526 1173 578 intelligentem,
1201 539 1361 565 sensum
1385 525 1543 565 nutibus
1569 526 1869 580 exprimentem.

78 628 158 666 hoc,
184 630 267 664 quod
280 632 355 659 ante
368 628 497 657 ederem
510 631 543 658 in
555 631 724 659 nonnullis
737 631 827 660 codd.
841 634 872 659 et
884 631 953 660 edd.
966 632 1063 666 longe
1076 630 1225 666 plurimis
1237 630 1358 665 legitur
1368 637 1432 658 non
1445 629 1542 658 estin
1553 630 1589 659 F.
1606 631 1635 658 1.
1649 631 1680 660 3.
1695 632 1732 659 G.
1748 632 1776 660 1.
1790 633 1819 659 2.
1834 633 1869 661 P.

79 676 116 703 0.
129 675 167 703 D.
181 672 212 702 δ.
231 677 316 704 lunt.
333 677 365 704 2.
402 673 501 703 Haec
514 676 689 710 adscripsit
702 677 843 705 Salmas.
890 673 1042 703 heredem
1053 684 1084 711 p.
1124 674 1292 713 pleraque
1304 675 1341 704 F.
1358 676 1385 703 1.
1399 676 1430 703 3.
1445 675 1481 702 G.
1496 675 1525 703 1.
1538 676 1570 704 2.
1583 675 1667 712 P.,n.
1683 675 1705 703 f.
1736 674 1830 712 pleri
1841 673 1870 706 δ.

79 721 116 748 In
129 722 201 749 cett.
210 718 376 757 plerique.
411 726 544 748 saevum
559 721 594 749 B.
609 724 640 749 et
653 721 723 749 edd.
738 724 812 750 ante
826 721 984 750 Colvium.
1008 727 1140 748 scenam
1155 722 1191 749 G.
1204 722 1236 748 2.
1250 721 1286 748 D.
1317 717 1523 757 portendere
1535 727 1599 748 non
1613 723 1773 755 comparet
1786 721 1821 749 in
1833 721 1870 750 B.

72 763 308 800 portenderent
322 765 345 794 f.
387 768 648 802 portentumque
666 773 722 800 pro
741 767 974 802 ostentumque
991 766 1027 794 F.
1043 767 1089 802 1.‚
1115 765 1197 800 quod
1215 764 1382 794 efficacius
1401 767 1493 799 putat
1511 771 1585 792 esse
1598 764 1696 801 eud„
1721 765 1751 793 si
1769 773 1871 800 supra

76 809 222 838 deleatur
233 812 345 839 vocab.
354 809 567 846 portendere.
591 812 659 845 Ego
673 818 729 846 pro
743 812 938 846 glossemate
951 812 1063 840 habeo.
1111 809 1364 846 obsecratumque
1377 811 1412 838 G.
1429 810 1456 838 1.
1483 807 1643 836 vulturiis
1655 809 1691 837 F.
1705 810 1735 837 3.
1750 810 1786 838 G.
1798 811 1823 837 1.
1834 810 1868 838 Ο.

74 855 113 883 R.
126 855 163 882 L.
178 862 207 888 ρ.
222 851 251 883 δ.
264 856 300 883 B.
315 856 384 884 edd.
398 859 473 884 ante
486 856 576 884 colv.
591 858 618 883 et
633 855 774 884 scriver.
797 857 834 885 In
847 859 920 884 cett.
935 853 1134 884 vulturibus.
1165 854 1324 891 optimum
1337 856 1416 884 Bas.
1427 855 1455 883 1.
1469 853 1628 888 frequenti
1640 861 1757 882 errore.
1793 861 1868 881 cre-

73 897 217 927 bruerat
230 900 266 928 F.
285 901 313 928 l.
327 901 357 927 3.
371 900 393 928 f.
407 902 441 929 0.
455 897 484 928 ὃ.
499 901 568 928 edd.
588 904 663 929 vett.
684 908 784 934 usque
802 901 843 929 ad
863 901 952 929 Colv.
974 902 1013 929 111
1030 904 1103 929 cett.
1117 899 1307 928 crebuerat.
1354 901 1532 936 conspectu
1546 907 1576 934 p.
1614 898 1773 938 feceram
1787 900 1823 927 G.
1837 901 1868 928 2.

75 951 97 972 a
114 952 143 978 p.
162 952 204 973 m.
228 944 283 980 (ut
300 945 378 973 dicit
397 946 492 980 oud,
517 946 574 973 sed
592 952 609 971 e
627 947 666 973 ab
688 947 801 974 eadem
814 952 913 974 manu
924 945 1089 980 adpictum
1102 945 1182 980 est.)
1229 943 1403 972 convivam
1417 942 1631 980 socialemque
1644 952 1675 979 p.
1717 941 1868 980 possidet

73 987 258 1017 luctantem
282 990 430 1025 asinum,
461 988 646 1018 saltantem
671 990 820 1025 asinum,
846 997 941 1017 voces
960 987 1127 1018 humanas
1150 988 1406 1026 intelligentem,
1431 996 1562 1017 sensum
1588 987 1724 1016 nutibus
1748 989 1867 1025 expri-

73 1036 225 1062 mentem.
262 1032 328 1062 Sed
348 1035 384 1064 F.
409 1036 440 1063 3.
471 1033 624 1071 possidet
650 1033 835 1063 luctantem
865 1034 1013 1071 asinum,
1036 1033 1222 1063 saltantem
1247 1033 1396 1071 asinum,
1421 1033 1589 1061 iocantem
1613 1032 1746 1061 asinum
1770 1040 1868 1061 voces

72 1077 240 1108 humanas
263 1078 501 1117 intelligentem
525 1079 672 1115 asinum,
697 1087 829 1107 sensum
853 1078 989 1107 nutibus
1007 1080 1248 1116 exprimentem
1273 1079 1404 1108 asinum
1418 1080 1454 1107 F.
1476 1081 1504 1108 1.
1523 1080 1607 1107 Elm.
1627 1079 1732 1107 Scriv.
1747 1078 1866 1107 Floria.

65 1122 220 1160 possidet
241 1123 389 1160 asinum,
415 1131 511 1152 voces
536 1122 702 1152 humanas
726 1123 982 1161 intelligentem,
1007 1131 1139 1152 sensum
1169 1124 1304 1152 nutibus
1328 1125 1582 1160 exprimentem.
1631 1121 1696 1150 Sed
1718 1125 1754 1152 G.
1782 1125 1809 1151 1.
1834 1126 1865 1152 2.

71 1170 111 1198 D.
135 1170 172 1197 P.
191 1170 227 1198 0.
245 1171 282 1198 L.
308 1171 346 1197 R.
370 1169 392 1197 f.
424 1168 576 1205 possidet
604 1168 788 1196 luctantem
814 1168 962 1205 asinum,
988 1168 1173 1197 saltantem
1187 1169 1337 1206 asinum,
1363 1176 1460 1196 voces
1484 1167 1651 1196 humanas
1676 1166 1866 1205 intelligen-

73 1216 154 1250 tem,
177 1220 308 1242 sensum
333 1213 467 1242 nutibus
491 1213 732 1250 exprimentem
757 1215 827 1243 edd.
852 1218 928 1243 velt.
954 1215 1042 1243 Colv.
1066 1215 1161 1243 Vulc.
1180 1215 1311 1243 2.Pric.
1344 1211 1497 1251 possidet
1515 1212 1701 1241 luctantem
1719 1214 1863 1247 asinum,

1250 356 1411 411 Iamque
1440 371 1577 398 rumor
1607 358 1757 412 publice
1788 371 1873 398 cre·
1898 364 1959 399 711

70 1257 256 1286 saltantem
282 1259 432 1293 asinum,
463 1259 646 1294 iocantem,
679 1266 775 1286 voces
798 1257 967 1286 humanas
997 1258 1256 1296 intelligentem,
1289 1266 1421 1287 sensum
1453 1258 1590 1286 nutibus
1621 1258 1864 1294 exprimentem

68 1303 201 1330 asinum
221 1312 253 1337 φ.
299 1304 463 1331 iacentem
483 1303 615 1331 asinum
634 1305 732 1332 habet
749 1300 779 1332 δ.
826 1302 1067 1341 intelligentem
1085 1304 1218 1332 asinum
1233 1301 1262 1333 δ.
1311 1302 1522 1331 e.z·h1'beueem
1541 1311 1598 1338 pro
1619 1302 1862 1340 exprimentem

67 1348 347 1383 negligentissime
358 1348 478 1377 Florid.
490 1349 601 1377 edidit.

66 1423 278 1475 percupio
310 1423 510 1475 obsequi
536 1427 668 1475 ynato
692 1437 794 1468 meo,
832 1421 935 1462 Gell.

70 1478 116 1517 ΙΙ.
132 1483 168 1519 7.
194 1483 233 1517 et
256 1492 315 1524 ea,
342 1493 464 1531 quae
492 1479 689 1530 obsequi
712 1493 794 1518 non
816 1493 936 1530 opor-

69 1540 136 1574 tet.
177 1534 250 1573 His
280 1534 473 1585 exemplis
504 1538 720 1573 commotus
755 1549 859 1581 sum,
896 1539 937 1573 ut

65 1591 131 1629 ubi
156 1595 301 1629 certum
325 1591 475 1630 additur
499 1592 794 1636 substantivum,
826 1591 937 1630 obire

66 1647 316 1693 restituerim‚
340 1651 381 1685 ut
401 1646 496 1685 Met.
517 1646 585 1685 lv,
604 1661 640 1699 p.
662 1651 756 1687 272.
777 1652 816 1686 et
831 1646 932 1685 Vlll.

66 1718 103 1755 p.
130 1708 242 1748 527„
271 1703 346 1741 hoc
380 1707 509 1741 tamen
547 1702 632 1741 loco
668 1704 934 1743 accusativum

67 1760 301 1798 retinuerim.
352 1759 415 1798 De
453 1759 537 1797 loco
575 1759 624 1796 de
659 1759 746 1797 Deo
785 1761 933 1798 Socrat.

65 1830 101 1868 p.
131 1820 221 1857 135.
248 1815 344 1856 infra
369 1815 574 1853 disseram.
630 1815 729 1853 Hinc
771 1816 933 1866 probare

67 1886 218 1924 nequeo
255 1872 564 1910 emendationem
596 1871 742 1909 Floridi
774 1871 933 1923 Azlque,

66 1929 170 1979 quod
194 1929 296 1967 initio
322 1930 490 1979 positum
514 1927 642 1966 nullas
672 1940 838 1965 veneres
869 1927 935 1965 ha-

68 1986 150 2031 bet,
188 1997 420 2035 quamquam
443 1984 607 2035 probata
637 1997 685 2022 ea
714 1988 776 2022 est
806 1983 932 2021 Hand.

66 2039 236 2079 Tursell.
261 2039 306 2079 T.
333 2039 361 2079 l.
385 2053 421 2090 p.
448 2039 536 2091 98.]

116 2097 332 2149 pleraque.
398 2095 621 2148 [Plerique
657 2096 747 2134 mihi
784 2096 932 2134 videtur

65 2166 160 2191 esse
197 2153 434 2191 librariorum
476 2152 711 2202 corruptela,
755 2153 817 2203 qui
855 2165 930 2203 quo

63 2210 207 2248 relerre
231 2208 416 2247 deberent
438 2209 521 2247 rati
551 2208 786 2247 nesciebant.
829 2207 929 2246 Dein

64 2280 137 2305 non
162 2265 289 2304 omnia
313 2277 414 2315 quae
438 2265 610 2315 agitabat
633 2266 766 2303 asinus
791 2265 843 2302 ita
863 2265 930 2302 mi-

60 2321 197 2360 rabilia
226 2326 351 2366 erant,
387 2324 429 2359 ut
461 2333 528 2371 pro
560 2321 726 2359 ostentis
756 2333 781 2358 a
811 2319 930 2372 plebe

61 2377 220 2418 credula
252 2377 500 2422 haberentur,
526 2376 601 2414 sed
625 2380 770 2415 tantum
790 2377 928 2429 plera-

65 2448 154 2488 que.
207 2433 308 2472 Tum
346 2433 538 2485 plerique
574 2432 775 2478 indicaret,
809 2433 928 2471 maxi-

62 2504 162 2530 mam
194 2490 388 2528 hominum
419 2493 566 2540 partem
596 2488 659 2527 his
688 2489 834 2528 artibus
864 2489 929 2527 ob-

61 2547 282 2598 stupuisse,
330 2558 445 2597 quum
489 2558 625 2583 omnes
661 2546 814 2583 omnino
857 2558 926 2595 pro

61 2604 245 2642 monstris
275 2602 438 2640 duxisse
474 2614 544 2640 eas
574 2601 768 2652 Apuleius
805 2602 928 2652 expri-

60 2672 166 2698 mere
189 2658 293 2697 velit.
332 2657 441 2696 Haec
466 2659 565 2695 enim
590 2660 745 2708 captum
769 2670 927 2708 supera-

59 2716 154 2755 bant
183 2715 406 2754 humanum.
448 2713 550 2752 Oud.
576 2727 598 2750 e
629 2714 814 2752 contrario
841 2713 928 2765 ple-

59 2785 189 2824 raque
234 2771 412 2823 glossam
467 2770 705 2808 librariorum
753 2769 929 2822 opinatur

60 2841 166 2867 esse.

116 2827 316 2923 vulturiis.
399 2881 677 2934 [Vulturibus,
704 2881 809 2932 quod
834 2895 923 2920 non-

62 2939 155 2979 nulli
180 2938 294 2978 codd.
317 2939 521 2988 praebent,
553 2952 627 2975 non
652 2937 781 2977 solum
806 2938 925 2990 impu·-

59 2999 152 3047 gnat
180 2995 387 3034 auctoritas
417 2995 538 3039 Mss„
573 2994 647 3032 sed
683 3007 779 3032 usus
810 2995 925 3033 etiam

60 3050 237 3103 Apuleii,
280 3064 396 3102 quem
436 3051 581 3101 ubique
615 3051 812 3090 vulturius
848 3048 926 3088 sor-

60 3121 161 3146 mam
186 3120 402 3158 usurpasse
427 3107 648 3146 observavi.
679 3105 728 3145 es.
752 3106 804 3146 ad
827 3105 925 3145 Met.

994 1422 1061 1461 lv.
1086 1437 1123 1475 p.
1150 1427 1243 1463 245.
1277 1424 1385 1475 lupis
1414 1429 1452 1462 et
1482 1424 1715 1462 vulturiis
1738 1437 1861 1474 prae-

994 1479 1089 1517 dam
1119 1481 1360 1522 reieelnrns‚·
1403 1478 1470 1518 x‘l.
1502 1493 1539 1530 p.
1572 1482 1666 1519 430.
1704 1479 1860 1518 vultu-

994 1536 1083 1574 riis
1129 1536 1402 1587 ιιμἀἰίεεῐιηηηι
1443 1535 1641 1586 pabulum
1674 1537 1861 1586 futuras,·

993 1591 1090 1630 Met.
1105 1590 1154 1628 X.
1171 1605 1205 1642 p.
1223 1594 1314 1631 746.
1342 1592 1477 1643 toyati
1498 1591 1722 1635 culturi&
1741 1589 1859 1641 Apol.

992 1661 1028 1697 p.
1045 1652 1136 1688 522.
1164 1661 1283 1687 canes
1307 1652 1345 1686 et
1369 1647 1622 1687 vulturios.
1657 1646 1733 1686 Cui
1757 1647 1859 1685 enim

992 1706 1097 1749 cani,
1125 1705 1192 1743 cui
1217 1704 1445 1742 waltario.
1493 1701 1578 1741 Uno
1604 1701 1702 1741 Met.
1726 1701 1794 1741 Vl.
1820 1716 1858 1754 p.

991 1764 1084 1800 445.
1116 1760 1202 1797 loco
1234 1760 1408 1798 vultures
1437 1759 1618 1810 praetulit
1647 1756 1857 1810 Apuleius:

992 1829 1080 1854 eum
1113 1829 1232 1856 canes
1262 1820 1301 1854 et
1337 1814 1550 1854 vultures
1585 1815 1726 1853 intima
1757 1827 1859 1865 pro-

993 1872 1199 1910 traherent
1223 1872 1386 1910 viscera.
1440 1869 1619 1909 Forsitan
1651 1869 1819 1908 molesta
1844 1870 1859 1907 i

992 1927 1144 1965 litterae
1183 1927 1362 1977 repetitio
1404 1926 1570 1972 obstitit,
1613 1939 1662 1964 ne
1697 1925 1859 1965 alteram

991 1983 1153 2022 formam
1189 1982 1253 2021 hie
1282 1986 1498 2033 usurparet.
1563 1981 1857 2033 Antiquioribus

991 2040 1166 2078 usitatior
1201 2038 1327 2077 fuisse
1364 2038 1513 2077 videtur
1551 2039 1768 2085 vulturius,
1816 2042 1858 2076 ut

989 2094 1131 2134 Plauto
1157 2099 1196 2134 et
1219 2094 1437 2147 Lucretia]

1046 2156 1314 2204 conspectum.
1374 2150 1461 2202 [De
1484 2150 1558 2190 hac
1584 2151 1690 2190 vocis
1716 2150 1855 2200 signifi-

989 2209 1139 2247 catione
1170 2207 1220 2246 cf.
1245 2207 1387 2258 VVagn.
1418 2207 1468 2246 ad
1492 2207 1601 2256 virg.
1625 2207 1729 2246 Aen.
1752 2205 1854 2244 Vlll,

988 2268 1100 2309 588„
1135 2263 1186 2302 ad
1217 2276 1330 2314 quem
1362 2263 1436 2302 loc.
1467 2262 1514 2302 cf.
1548 2264 1659 2303 Serv.
1687 2263 1852 2302 Gronov.

987 2321 1037 2359 ad
1062 2320 1148 2359 Liv.
1173 2319 1238 2358 lv.
1257 2323 1318 2360 13.
1334 2323 1373 2360 3.
1398 2323 1438 2358 et
1460 2318 1853 2370 Forbig.Virg.Aeu.

985 2376 1048 2416 111.
1075 2375 1191 2428 275.]

1045 2434 1115 2485 qui
1137 2431 1319 2471 sodalem
1333 2460 1342 2469 .
1359 2460 1368 2469 .
1384 2461 1394 2471 .
1408 2462 1417 2472 .
1432 2432 1732 2484 exprimentem.
1760 2430 1854 2483 [Qui

985 2489 1178 2527 intrudunt
1219 2489 1418 2528 iocantem
1449 2489 1623 2535 asinum,
1659 2488 1734 2526 loci
1766 2501 1853 2525 con-

985 2546 1202 2584 cinnitatem
1237 2545 1355 2595 plane
1390 2547 1583 2591 evertunt3
1626 2557 1741 2595 quum
1777 2543 1852 2580 sin-

986 2601 1078 2652 gula
1102 2601 1221 2639 verba
1245 2601 1298 2639 ita
1318 2601 1395 2647 *sibi
1428 2600 1710 2651 respondeant:
1734 2599 1853 2638 soclu-

987 2658 1061 2697 lem
1085 2663 1208 2710 atque
1233 2658 1438 2696 convivam
1469 2657 1635 2707 pertinet
1659 2655 1708 2694 ad
1734 2655 1852 2693 verba

984 2728 1022 2765 p.
1049 2717 1161 2755 709.:
1202 2726 1373 2752 mensam
1407 2712 1659 2758 accumbere,
1697 2711 1851 2751 luctan-

987 2775 1061 2809 tem
1097 2770 1252 2809 asinum
1288 2769 1338 2806 ad
1373 2769 1605 2808 aclluctari=
1640 2767 1852 2807 saltantem

987 2826 1140 2865 asimcm
1165 2825 1216 2863 ad
1239 2825 1408 2870 saltare,
1434 2837 1546 2863 voees
1570 2824 1765 2864 humanas
1789 2823 1852 2860 iu·

983 2881 1228 2933 telliqerztetn
1259 2880 1326 2919 ad:
1358 2881 1484 2919 verbis
1514 2884 1653 2920 nectum
1684 2891 1851 2918 commo-

983 2937 1098 2983 dare,
1119 2950 1273 2976 sensam
1293 2936 1455 2976 nutibus
1480 2936 1770 2987 exprimentem
1783 2933 1850 2972 ad:

981 2997 1028 3032 ut
1052 2993 1165 3046 quod
1188 2992 1334 3032 nollem
1359 2995 1430 3030 etc.
1482 2990 1540 3030 lta
1564 3004 1719 3042 quoque
1742 3002 1853 3042 repe-

984 3050 1063 3087 titio
1100 3061 1183 3086 voe.
1227 3049 1402 3087 asinum:
1446 3047 1738 3100 irztelliyentent
1773 3048 1851 3086 asi·

984 3119 1095 3152 uum,
1127 3105 1413 3156 exprimentem
1437 3103 1591 3144 asinum
1617 3102 1849 3142 librariorum
