2155 3590
740 86 769 125 C
795 86 828 126 A
857 86 889 125 P
915 85 950 125 U
975 85 1008 125 T
1089 84 1162 124 111.
1716 96 1847 122 Lxxlu

56 203 230 248 videntur
254 200 628 252 Metamorphoseon
653 199 778 250 Libri,
804 201 854 238 de
879 200 966 239 Deo
994 200 1100 238 Socr.
1127 203 1166 240 et
1190 198 1239 237 de
1263 197 1405 248 Dogm.
1429 196 1532 235 Plat.
1555 197 1661 236 Libri
1687 195 1714 235 I.
1740 201 1779 234 et
1803 195 1849 234 11.

57 258 145 297 licet
170 258 298 296 5Vow.
325 257 346 295 1.
373 271 405 295 c.
437 257 539 305 dicat
562 270 608 294 se
634 270 682 294 ex
707 256 885 296 Palatino
913 256 1005 295 cod.
1032 255 1144 297 solos
1168 253 1541 305 Metamorphoseon
1575 254 1695 292 libros
1721 267 1851 291 emen-

57 315 189 353 dasse.
250 314 348 353 Sunt
383 327 478 352 sane
508 315 638 355 variae
670 313 858 351 lectiones
889 314 924 352 in
951 313 1063 351 Libb.
1095 312 1145 349 de
1170 311 1310 362 Dogm.
1338 309 1437 349 Plat.
1470 324 1492 348 a
1518 310 1681 348 Grutcro
1706 309 1851 348 adscri-

55 376 164 421 ptae,
200 370 407 409 admodum
444 383 611 421 paucae,
651 370 725 407 sed
756 372 789 408 in
822 371 870 408 de
905 370 991 415 Deo
1018 368 1125 407 Socr.
1157 367 1302 420 plures.
1364 367 1541 405 Eundem
1573 380 1727 417 quoque
1758 379 1852 404 esse

54 427 144 465 MS.
178 439 292 478 quem
323 426 497 465 adhibuit
522 426 751 471 Vulcanius,
791 427 884 474 (vid.
917 427 1001 464 eius
1027 424 1206 476 praefat.)
1239 424 1401 463 affirmat
1432 423 1614 461 Oudend.
1677 421 1791 469 Quod
1819 423 1852 460 si

55 496 185 521 verum
210 488 288 526 est,
315 484 483 520 continet
507 483 621 520 etiam
648 483 696 520 de
722 483 870 520 Mundo
896 482 1072 528 Librum,
1099 486 1136 520 et
1155 480 1350 519 Hermetis
1371 479 1616 530 Trismegisti
1643 480 1851 530 dialogum.

167 542 209 588 7)
244 539 331 577 MS.
357 538 605 583 REGIUS‚
633 539 666 576 in
694 538 794 577 Bibl.
822 539 922 589 Reg.
951 538 1072 577 Paris.
1098 552 1159 576 no.
1186 536 1328 578 53012.
1354 536 1566 574 secundum
1593 536 1852 580 collationem,

55 600 93 634 et
117 595 254 633 Montl'.
280 595 383 633 Bibl.
410 609 446 647 p.
474 600 566 637 756.
591 596 663 633 sed
692 594 813 633 Catal.
839 595 961 633 MSS.
989 609 1074 632 eum
1102 609 1161 632 00.
1188 598 1308 634 8668.
1335 593 1525 643 adsignat.
1553 593 1627 630 vid.
1644 592 1852 630 Ruhnken.

56 651 178 704 praef.
203 666 238 703 p.
264 650 330 690 IX.
358 652 421 689 ubi
448 652 712 702 corrigendum
739 666 800 690 no.
828 657 936 693 8667
968 653 1002 690 10
1031 655 1150 692 8668.
1177 651 1224 689 cl'.
1252 649 1373 689 (fatal.
1399 649 1520 687 MSS.
1549 649 1648 687 Bibl.
1678 648 1780 699 Reg.
1807 646 1852 686 Τ.

54 708 118 746 lv.
152 722 186 758 p.
213 713 305 748 481.
368 706 503 746 sodex
534 710 872 749 membranaceus.
905 709 995 746 olim
1024 707 1286 751 Tellerianus,
1316 706 1407 745 XV.
1433 706 1600 750 saeculi,
1634 718 1708 755 quo
1742 704 1854 743 solae

53 765 290 803 continentur
321 765 687 816 Metamorphoses,
721 766 755 802 in
790 765 909 803 libros
939 770 1085 803 tantum
1116 763 1165 803 X.
1197 764 1358 802 divisae.
1417 762 1519 801 Nam
1551 762 1636 800 Lib.
1665 761 1731 800 IV.
1764 775 1853 812 pag.

54 821 165 859 huius
196 821 298 859 Edit.
329 826 421 862 300.
454 822 552 860 haec
586 822 778 873 leguntur:
813 822 936 861 Lucii
960 821 1138 872 Apuleii
1168 819 1375 860 Platonici
1398 817 1690 858 dlaclaureusis
1719 816 1854 857 Meta-

53 878 320 930 πων-1111036011
345 876 471 924 Liber
498 883 666 931 quartus
703 879 894 929 explicit,
933 879 1083 930 incipit
1112 878 1284 916 eiusdem
1317 877 1420 915 liber
1451 877 1612 928 quintus
1648 876 1856 914 continens

50 935 235 983 fabulam
270 935 414 986 plesice
446 936 734 986 formosissime
769 934 916 986 puelle.
978 934 1077 972 Dein
1110 933 1158 973 L.
1183 933 1248 971 Vl.
1275 932 1378 972 Oud.
1405 932 1476 970 Ed.
1502 935 1597 972 429.
1626 932 1674 970 L.
1701 929 1761 970 A.
1787 931 1854 970 Pl.

50 988 111 1028 M.
136 988 237 1029 Met.
264 991 390 1030 Liber
421 993 585 1043 quintus
616 992 807 1042 explicit,
845 992 994 1042 incipit
1028 996 1164 1029 sextus
1202 990 1302 1029 liber
1339 990 1522 1028 eiusdem.
1584 987 1682 1026 Tum
1714 988 1748 1039 in
1781 988 1855 1026 tine

51 1047 157 1085 Libri
185 1047 284 1085 Vlll.
318 1048 366 1085 L.
392 1047 448 1086 A.
482 1048 550 1086 Pl.
582 1045 682 1086 JIet.
716 1048 840 1086 Liber
870 1053 1006 1086 sextus
1037 1047 1229 1098 explicit,
1261 1048 1411 1097 incipit
1439 1046 1628 1097 septimus
1660 1045 1856 1089 eiusdem,-

51 1110 90 1142 et
113 1104 172 1142 sic
196 1117 323 1155 porro.

165 1159 341 1199 Collatus
368 1165 429 1199 est
455 1161 516 1200 hic
530 1160 617 1198 MS.
645 1159 1073 1211 sumtuOudendorpii‚
1100 1158 1280 1203 Parisiis,
1307 1173 1330 1196 a
1349 1159 1482 1197 nescio
1505 1172 1599 1209 quo,
1627 1158 1689 1209 qui
1711 1158 1855 1202 scribit,

51 1230 146 1255 esse
176 1222 378 1267 praeterea
410 1218 444 1255 10
478 1217 616 1254 eadem
647 1216 895 1255 Bibliotheca
926 1216 1046 1255 sodd.
1075 1220 1110 1256 2.
1143 1216 1241 1254 alios
1267 1216 1607 1259 membranaceos,
1633 1215 1668 1252 in
1695 1228 1856 1265 quorum

51 1273 318 1324 antiquissimo
346 1279 474 1312 exstat
502 1274 641 1311 Latina
666 1274 928 1324 interpretatio
951 1272 1142 1324 isagoges
1169 1271 1480 1323 Porphyrianae,
1507 1271 1676 1322 Apuleio
1697 1272 1855 1318 tributa3

53 1331 86 1367 in
114 1330 254 1374 altem,
279 1331 408 1368 versio
434 1330 539 1367 Libri
567 1327 648 1380 moi
674 1329 872 1381 ἑρμηνείας.

164 1389 206 1435 8)
238 1386 326 1425 MS.
358 1386 765 1431 OXONIENfflS,
806 1387 891 1424 sive
917 1384 1305 1430 LAL'DIANPS,
1336 1385 1462 1423 dictus
1493 1399 1514 1423 a
1546 1385 1664 1422 veteri
1697 1398 1858 1436 posses-

51 1457 142 1482 sore
174 1443 367 1482 Gulielmo
407 1443 561 1488 Laudo,
601 1443 912 1495 Archiepiscopo
951 1442 1235 1487 cantuariensi,
1273 1442 1362 1480 olim
1400 1440 1567 1486 Pricaei,
1612 1442 1674 1492 qui
1712 1446 1858 1480 emerat

52 1500 248 1545 Yenetiis,
274 1514 332 1538 an.
359 1504 476 1541 1629.
503 1500 669 1538 collatus
696 1515 718 1539 a
743 1499 816 1538 lac.
838 1500 1056 1544 (kronos-io,
1082 1503 1120 1536 et
1146 1500 1285 1537 citatus
1306 1500 1451 1550 passim
1474 1498 1682 1537 aPricaeo.
1715 1498 1857 1536 Variae

53 1556 240 1595 lectiones
271 1557 321 1610 ad
353 1557 730 1609 Metamorphoseon
765 1557 885 1596 libros
917 1560 1064 1596 tantum
1097 1560 1279 1595 enotatae
1309 1559 1410 1594 sunt.
1471 1556 1532 1593 An
1564 1559 1602 1592 et
1633 1555 1709 1593 alia
1740 1568 1858 1607 opera

51 1614 259 1658 contineat,
287 1615 433 1652 nescio.

166 1672 208 1719 9)
240 1670 328 1717 MS.
363 1669 961 1715 CANTABRIGIENSIS,
992 1670 1040 1709 ab
1073 1669 1212 1707 eodem
1241 1669 1437 1708 Gronovio
1465 1668 1632 1708 collatus
1663 1667 1858 1710 Cantabri-

53 1728 149 1777 giae.
211 1726 388 1770 Continet
413 1728 462 1765 de
488 1727 574 1765 Deo
602 1728 777 1766 Socratis
802 1727 974 1766 Librum.
1033 1726 1196 1764 Videtur
1222 1740 1316 1764 esse
1343 1725 1438 1764 sod.
1464 1725 1548 1771 ille,
1581 1724 1643 1776 qui
1671 1727 1706 1764 in
1734 1724 1858 1765 Catal.

53 1783 172 1821 MSS.
200 1784 367 1833 Angliae
393 1789 431 1822 et
454 1784 664 1822 Hiberniae
691 1788 750 1821 est
776 1799 807 1822 11.
837 1788 965 1830 2375,
992 1788 1082 1835 post
1104 1784 1330 1831 Gregorium
1352 1782 1660 1827 Nazianzenum,
1688 1780 1857 1834 Trogum

53 1838 301 1892 Pompeium,
333 1842 525 1885 solinum,
558 1841 713 1891 aliaque
744 1841 901 1892 scripta.
961 1841 1076 1879 Alius
1103 1840 1435 1889 Cantabris-ricensis
1461 1839 1551 1878 ibid.
1583 1843 1643 1877 est
1674 1853 1707 1878 n.
1738 1843 1856 1879 1009.

52 1896 140 1934 MS.
174 1897 429 1936 nitidissimae
460 1898 698 1948 scriptionis,
729 1898 931 1936 continens
964 1898 1013 1936 de
1040 1897 1128 1935 Deo
1156 1896 1265 1935 Socr.
1292 1895 1468 1941 Librum,
1500 1896 1696 1934 Hermetis
1720 1895 1857 1944 Dialo-

53 1966 160 2004 gum,
187 1953 249 1991 De
279 1954 470 2003 Dogmate
494 1953 594 1992 Plat.
621 1953 667 1992 L.
694 1953 721 1991 1.
748 1959 786 1991 et
811 1953 858 1993 ll.

171 2015 239 2052 10)
282 2010 368 2048 MS.
404 2009 892 2056 BENEDlsTlNUS,
931 2010 1033 2048 idem
1071 2023 1095 2047 a
1132 2009 1329 2047 Gronovio
1366 2009 1533 2048 collatus
1571 2007 1857 2059 Cantabrigiae,

56 2068 256 2104 continens
277 2066 417 2105 Libros
443 2067 492 2104 de
512 2066 598 2104 Deo
621 2066 729 2104 Socr.
756 2067 804 2104 de
825 2066 966 2117 Dogm.
982 2066 1157 2104 Platonis
1184 2065 1209 2103 l.
1236 2070 1274 2104 et
1299 2065 1342 2103 ll.
1370 2070 1408 2103 et
1433 2066 1482 2103 (16
1497 2066 1656 2104 Mundo.
1699 2066 1857 2104 Librum

56 2135 149 2160 esse
174 2123 354 2161 minimae
383 2124 623 2162 auctoritatis
655 2122 816 2160 affirmat
847 2122 1026 2161 Oudend.
1059 2123 1106 2160 ad
1139 2123 1189 2160 de
1221 2122 1309 2161 Deo
1337 2124 1448 2162 Socr.
1471 2137 1509 2175 p.
1540 2127 1628 2163 160.
1659 2136 1757 2161 suae
1784 2122 1856 2161 Ed.

57 2178 96 2216 ln
126 2177 246 2217 Catal.
273 2179 360 2217 MS.
382 2179 546 2229 Angliae
571 2184 610 2216 et
636 2179 847 2217 Hiberniae
874 2179 1050 2217 laudatur
1074 2179 1163 2217 MS.
1185 2178 1462 2217 Benedictinus
1489 2194 1521 2218 11.
1552 2184 1671 2221 1566.
1694 2179 1769 2218 sed
1795 2181 1857 2231 qui

56 2238 199 2273 tantum
225 2234 382 2273 Librum
410 2236 459 2273 de
484 2235 571 2274 Deo
599 2235 793 2280 Socratis,
820 2240 909 2287 post
935 2236 1195 2282 Macrobium,
1222 2237 1401 2275 continet.

172 2296 239 2341 11)
270 2289 392 2329 MSS.
420 2291 741 2338 FULWANI,
768 2292 861 2331 duo:
889 2306 973 2331 nam
1000 2293 1099 2330 duos
1125 2306 1236 2337 esse,
1261 2292 1426 2343 colligas
1452 2306 1500 2331 ex
1526 2294 1699 2345 Scioppii
1727 2293 1858 2331 notula

54 2347 103 2385 ad
128 2348 222 2386 Met.
250 2347 294 2386 L.
316 2347 379 2387 111.
407 2348 508 2386 Oud.
538 2348 609 2386 Ed.
631 2354 743 2394 216„
776 2349 812 2387 b.
839 2348 929 2387 licet
954 2349 1123 2388 Wower.
1151 2349 1186 2387 in
1211 2349 1333 2401 praef.
1360 2364 1474 2388 unum
1501 2354 1644 2390 tantum
1670 2354 1859 2387 memoret

53 2403 178 2442 Fulvii
207 2403 333 2443 Ursini
360 2405 552 2451 codicem,
579 2405 660 2456 qui,
687 2419 771 2443 cum
798 2405 943 2456 aliquot
969 2419 1081 2444 mauu
1108 2407 1278 2444 exaratis
1305 2406 1413 2444 libris
1435 2412 1699 2457 comparatuS,
1728 2406 1857 2444 lectio-

53 2474 124 2499 nes
150 2466 188 2499 et
213 2461 505 2500 emendationes
530 2461 748 2512 adscriptas
774 2461 997 2507 exhibebat,
1023 2476 1215 2513 quemque
1229 2462 1382 2501 Romae
1408 2478 1430 2502 a
1456 2464 1641 2514 Scioppio
1667 2462 1739 2500 sibi
1766 2477 1856 2514 sup-

53 2517 264 2569 peditatum
290 2517 434 2558 scribit.
483 2518 742 2570 Reperiuntur
767 2520 801 2556 in
829 2518 889 2556 1115
915 2520 1147 2557 membranis
1174 2533 1310 2571 opera,
1338 2534 1438 2571 quae
1463 2520 1632 2571 Apuleio
1659 2520 1745 2558 sine
1771 2533 1857 2558 con-

54 2575 244 2613 troversia
273 2575 476 2614 tribuenda
506 2580 614 2620 sunt,
646 2577 790 2615 omnia.
824 2580 988 2627 excepto
1021 2576 1152 2614 libello
1184 2574 1265 2627 περῖ
1299 2579 1498 2628 ἑρλιιηιᾙίις.
1558 2576 1700 2614 Varias
1725 2589 1856 2614 earum

55 2629 242 2669 lectiones
273 2631 459 2669 exhibent
488 2632 709 2669 Wowerius
742 2635 781 2669 et
812 2632 1022 2684 Scioppius
1053 2633 1087 2671 in
1122 2633 1314 2686 Symbola
1348 2630 1504 2672 Criticu
1536 2634 1576 2670 in
1610 2633 1660 2671 L.
1695 2632 1858 2684 Apulei

55 2685 261 2728 Platonici
287 2688 446 2739 Opera,
473 2688 575 2727 edita
600 2689 702 2738 Aug.
728 2688 883 2726 Vindel.
908 2702 969 2728 an.
997 2694 1134 2736 1605„
1166 2689 1252 2727 dein
1279 2690 1443 2740 repetita
1471 2689 1595 2739 Lugd.
1623 2689 1707 2728 Bar.
1738 2694 1856 2729 1644.

55 2749 95 2782 et
130 2744 256 2783 Amst.
298 2749 414 2786 1664.
475 2744 586 2783 Hunc
619 2744 712 2783 Cod.
747 2745 806 2782 vel
839 2758 969 2784 eorum
1000 2745 1161 2785 alterum
1193 2746 1413 2797 suspicatur
1439 2745 1618 2785 Oudend.
1650 2759 1742 2784 esse
1767 2746 1857 2784 MS.

55 2801 303 2846 Vaticanum,
340 2802 387 2839 ab
419 2800 507 2839 aliis
540 2802 712 2839 citatum:
749 2815 770 2839 a
804 2800 878 2840 lac.
913 2802 1115 2841 Sirmondo
1147 2816 1305 2854 nempe,
1342 2802 1389 2839 ad
1418 2802 1552 2840 Sidon.
1582 2803 1749 2854 Apollin.
1780 2803 1855 2840 vid.

55 2857 191 2896 Heius,
215 2859 249 2895 in
272 2857 344 2909 Ep.
372 2858 419 2896 ad
446 2858 637 2908 Reginam
661 2857 888 2896 Christinam
915 2858 1011 2897 inter
1036 2860 1202 2898 Gudian.
1227 2874 1263 2911 p.
1285 2862 1321 2899 9.
1350 2863 1387 2896 et
1412 2861 1444 2896 10
1467 2858 1635 2911 Sylloge
1649 2858 1857 2898 Burmann.

57 2913 102 2952 T.
130 2914 176 2952 V.
208 2927 244 2965 p.
277 2918 368 2955 783.
435 2913 550 2960 Quod
581 2915 614 2952 si
648 2928 777 2952 verum
809 2919 887 2959 est,
919 2918 1161 2955 veterrimum
1193 2921 1255 2953 est
1286 2915 1503 2967 exemplar,
1539 2915 1572 2954 si
1604 2916 1743 2954 credas
1776 2916 1856 2953 Sir-

54 2970 209 3008 mondo.
270 2971 351 3009 Sed
383 2970 578 3009 Burnetus
609 2971 643 3008 in
676 2970 801 3011 ltiner.
828 2970 982 3011 Helvet.
1014 2986 1050 3024 p.
1087 2977 1176 3013 138.
1204 2971 1277 3010 Ed.
1302 2971 1414 3022 Belg.
1440 2972 1618 3017 affirmat,
1650 2973 1685 3010 in
1711 2972 1855 3010 Biblio-

54 3026 170 3066 theca
193 3027 383 3067 Yaticana
410 3027 571 3066 Latinos
597 3027 719 3067 MSS.
750 3032 928 3067 vetustos
959 3030 1165 3069 admodum
1198 3042 1244 3067 se
1270 3043 1342 3067 non
1371 3028 1536 3074 vidisse,
1568 3030 1747 3081 exceptis
1772 3029 1855 3067 vir-

56 3083 219 3135 gilianis.
