2155 3590
651 133 836 174 menn
871 122 919 174 v.
978 133 1104 174 GAP.
1131 131 1274 172 xvu.

614 383 946 431 CAPU

1775 131 1856 173 349

1003 383 1046 430 Τ
1135 380 1330 430 XVII.

200 513 265 558 Sic
289 514 570 566 inflammatae,
598 514 822 568 parentibus
848 514 1092 556 fastidienter
1116 514 1337 569 appellatis,
1365 519 1404 552 et
1428 518 1541 552 nocte
1568 512 1734 552 turbatis
1759 512 1858 566 vigi-

179 640 398 681 n'nflmmnatis
422 645 457 672 G.
472 644 500 672 1.
515 644 550 672 Ο.

90 751 254 791 fallaciis
311 750 508 803 Psychen)
567 765 705 803 capere
753 753 946 797 studeant,

92 821 284 860 quumque
308 809 343 846 in
368 809 604 860 praegressis
626 822 699 846 non
720 822 947 846 commemo-

90 869 191 903 retur
209 866 285 904 ista
298 866 434 909 oratio,
454 878 524 903 nec
543 865 736 915 quomodo
750 865 947 903 instituere

91 934 177 958 eam
192 921 389 967 voluerint,
403 921 578 971 dignosci
598 922 736 972 possit,
762 921 847 958 hinc
862 935 947 959 con-

91 978 296 1015 sectarium
321 990 424 1022 esse,
449 977 551 1015 hunc
576 977 701 1015 locum
727 990 817 1015 esse
841 978 947 1015 muti-

1004 753 1119 804 stigio
1144 751 1328 802 Psychae
1354 752 1403 790 de
1427 751 1586 789 veritate
1611 750 1693 787 eius
1708 761 1862 800 persua-

1005 809 1149 847 derent.
1165 809 1390 847 Fallaciam
1405 821 1452 845 ex
1466 805 1601 845 cod.F.
1611 810 1646 846 3.
1657 805 1863 856 legendum

1005 878 1110 910 esse,
1136 878 1208 901 non
1223 864 1347 902 solum
1362 865 1474 902 huius
1494 863 1638 902 codicis
1656 861 1863 900 auctoritas

1006 921 1079 959 sed
1103 920 1293 958 sententia
1321 920 1392 957 loci
1418 919 1590 971 suadet]

1063 976 1150 1014 Cn».
1181 974 1305 1013 XVII.
1351 977 1548 1027 perditae.

1604 974 1761 1013 Colvius
1770 1004 1780 1019 ,
1806 974 1864 1010 cui

94 1033 228 1078 latum,
253 1036 292 1070 et
315 1034 603 1084 praecessisse,
630 1047 703 1083 quo
724 1033 835 1071 suerit
852 1033 950 1071 haee
1002 1032 1194 1084 perditae
1219 1033 1446 1069 sententiam
1472 1031 1613 1069 nullam
1645 1030 1788 1069 habere
1815 1029 1864 1066 vi-

93 1090 211 1127 oratio
238 1089 362 1127 fusius
388 1090 592 1140 descripta.
620 1088 745 1135 Quale
771 1089 845 1127 hoc
869 1089 948 1126 sue-

93 1147 148 1190 rit,
174 1158 222 1183 ex
234 1146 410 1195 sequenti
425 1145 510 1196 ipso
525 1158 702 1183 sermone
717 1146 815 1182 bene
829 1158 949 1195 posse

91 1202 247 1253 percipi.
287 1201 384 1239 Tum
411 1201 569 1240 offendit
591 1200 882 1251 Bernbardyius
914 1202 947 1238 in

92 1271 188 1296 voce
231 1258 481 1302 concolores,
530 1256 634 1307 quod
675 1261 783 1308 putat
819 1271 864 1294 ne
901 1258 948 1295 ab

93 1314 262 1364 Apuleio
277 1314 429 1364 quidem
442 1327 509 1365 pro
522 1312 671 1358 similis,
688 1327 771 1364 par
785 1327 950 1364 unquam

95 1370 167 1407 dici
196 1370 383 1420 potuisse.
430 1369 569 1407 Maluit
598 1369 684 1420 ipse
716 1370 949 1409 concordes.

95 1425 176 1464 Sed
202 1425 366 1464 fortasse
394 1425 477 1464 loco
503 1427 553 1463 ita
573 1439 781 1476 possumus
800 1439 950 1463 succur-

93 1495 189 1520 rere.
216 1481 403 1532 Equidem
430 1486 556 1520 statuo
584 1480 838 1532 Bernhardyii
863 1496 950 1520 sen-

93 1539 249 1576 tentiam
274 1542 449 1583 secutus,
479 1539 575 1575 inter
600 1538 714 1575 verba
743 1539 951 1577 redeamus

96 1598 134 1632 et
147 1594 321 1633 eoeordio
335 1595 524 1633 sermonis
543 1594 660 1633 leuius
674 1593 846 1632 lacunam
862 1608 953 1632 esse

95 1664 168 1689 non
184 1651 234 1688 ita
247 1663 436 1701 magnam.
474 1649 607 1688 Cetera
622 1651 720 1688 bene
731 1650 954 1701 procedunt,

95 1707 128 1744 si
167 1720 233 1757 pro
271 1707 500 1746 concolor-is
536 1706 682 1756 legatur
718 1706 858 1746 dolose
894 1707 954 1745 vel

95 1763 222 1800 simile
254 1763 363 1812 quid;
399 1762 530 1813 optimi
561 1763 660 1800 enim
700 1763 856 1801 codices
893 1763 953 1801 vel

97 1819 253 1858 colores
277 1819 339 1856 vel
355 1819 505 1858 coloris
523 1820 719 1870 praebent,
747 1823 784 1856 et
804 1819 953 1857 facilius

97 1875 173 1913 fieri
188 1878 347 1926 poterat,
365 1879 406 1912 ut
425 1876 545 1926 prima
557 1876 757 1925 sequentis
778 1875 953 1914 vocabuli

98 1931 222 1969 littera
247 1944 502 1982 praegressae
527 1933 611 1969 voci
649 1931 790 1971 dolose
814 1932 865 1969 ita
890 1931 953 1969 ad-

96 1987 290 2032 haereret,
320 1991 361 2025 ut
391 1987 478 2025 inde
510 1988 667 2027 doloses
697 1992 953 2026 enasceretur.

98 2042 214 2089 Quod
245 2044 470 2081 adiectivum
502 2056 614 2093 quum
647 2044 807 2082 librariis
831 2045 953 2081 minus

97 2103 224 2150 aptum
240 2099 429 2137 videretur
442 2113 550 2144 esse,
566 2099 812 2137 emendarunt
826 2100 954 2137 nescio

97 2155 200 2206 quod
215 2159 425 2193 monstrum
437 2155 625 2194 vocabuli.
669 2154 768 2193 Tum
786 2156 955 2195 adtexa-

97 2226 182 2250 mns
199 2225 266 2262 pro
285 2211 448 2262 simplici
467 2217 648 2251 texamus
666 2211 806 2250 dictum
821 2212 957 2249 retinet

96 2267 412 2318 significationem
426 2268 552 2317 graeci
571 2267 746 2305 vocabuli
761 2264 957 2307 συνάπτειν

99 2328 136 2362 et
160 2324 210 2362 de
236 2326 424 2362 communi
448 2337 620 2362 sororum
640 2324 766 2362 studio
786 2325 954 2374 positum

99 2383 176 2426 est,
203 2393 278 2430 quo
294 2381 521 2419 concinnant
535 2380 733 2418 mendacia
745 2383 783 2418 et
795 2385 954 2430 utraque

97 2434 297 2488 Psychem
323 2437 473 2487 decipit.
511 2436 567 2474 lta
591 2437 768 2476 exordio
793 2451 864 2475 non
891 2436 954 2474 da-

99 2493 200 2531 tivus
230 2497 308 2538 est,
346 2494 408 2543 qui
445 2507 467 2530 e
499 2493 686 2531 vocabulo
718 2493 956 2532 adlexamus

98 2549 261 2600 pendet,
286 2549 359 2588 sed
372 2549 580 2588 ablativus:
606 2548 885 2600 utprlncipio:
911 2565 956 2589 zu

101 2604 297 2658 Anfanye
327 2606 456 2645 dieser
491 2606 602 2645 Hede
630 2605 775 2644 wollen
810 2607 884 2645 wir
913 2619 957 2645 so

101 2661 212 2714 listiy
226 2663 286 2700 als
298 2662 482 2714 nn'iylt'clz
497 2662 740 2713 Tit'ztscltuny
755 2663 955 2701 anst'nneu.

101 2715 213 2763 Quae
236 2718 428 2756 sententia
449 2719 550 2756 bene
574 2717 783 2768 respondet
801 2718 958 2756 orationi

99 2773 187 2824 ipsi,
213 2787 325 2824 quam
339 2775 374 2812 in
389 2787 500 2826 seqq.
516 2774 689 2825 legimus.
715 2773 816 2812 Nam
829 2774 957 2813 statim

100 2829 150 2867 ab
168 2829 272 2869 initio
290 2830 363 2869 has
384 2830 561 2869 fallacias
580 2830 956 2881 proteruntsorores,

100 2885 241 2935 quibus
282 2887 522 2925 miserandae
557 2886 741 2937 Psychae
783 2888 955 2926 timorem

99 2941 275 2981 iniiciant.
308 2942 387 2981 lsta
417 2943 516 2981 enim
548 2942 704 2981 fallacia
728 2955 777 2981 ea
800 2947 893 2989 erat,
917 2947 959 2981 ut

99 2997 286 3044 dicerent,
299 2997 480 3050 Psyches
494 3000 665 3038 maritum
679 3012 752 3037 non
766 2999 958 3038 hominem

100 3066 194 3092 esse
217 3055 290 3093 sed
314 3059 552 3108 serpentem:
585 3055 687 3106 quod
718 3056 958 3095 mendacium

99 3112 176 3148 tam
210 3110 354 3150 vafrum
387 3116 469 3152 erat
493 3116 532 3150 et
557 3111 753 3158 dolosum,
785 3116 826 3151 ut
849 3126 871 3150 e
895 3125 958 3151 ve-

1007 1102 1092 1126 sum
1118 1092 1195 1132 est,
1233 1087 1448 1125 emendavit
1467 1089 1667 1139 percitae,
1704 1085 1808 1137 quod
1843 1099 1866 1124 a

1007 1144 1284 1196 posterioribus
1307 1142 1392 1180 edd.
1416 1148 1476 1181 est
1500 1148 1705 1194 receptum.
1746 1142 1866 1180 Aliter

1008 1200 1151 1251 placuit
1161 1199 1344 1237 Pricaeus
1358 1199 1559 1250 perditae,
1570 1200 1631 1248 qui
1642 1202 1865 1250 confectae,

1009 1262 1170 1295 enectae
1196 1255 1379 1306 explicat,
1406 1258 1444 1292 et
1468 1254 1588 1299 Oud.‚
1615 1256 1677 1304 qui
1704 1267 1867 1293 vesanae

1010 1314 1183 1364 exponit,
1216 1311 1353 1362 quales
1383 1311 1460 1349 sint
1489 1311 1664 1349 homines
1694 1312 1798 1361 pravi
1831 1313 1868 1346 et

1009 1369 1155 1420 perditi.
1182 1368 1329 1406 Gruter.
1344 1367 1506 1418 denique
1521 1367 1866 1417 coniecitperdita,

1010 1429 1050 1463 ut
1074 1426 1187 1463 tacite
1201 1424 1319 1462 edidit
1333 1424 1500 1461 xvower.
1522 1427 1559 1460 et
1572 1422 1705 1460 hinein
1724 1421 1868 1460 Pricaei

1011 1482 1215 1520 editionem
1232 1480 1392 1531 irrepsit.
1443 1480 1524 1517 Sed
1545 1479 1579 1517 id
1596 1478 1681 1516 huic
1697 1478 1779 1516 loco
1795 1491 1866 1515 non

1011 1538 1159 1575 videtur
1173 1537 1386 1575 convenire.
1412 1535 1510 1573 Nam
1527 1535 1702 1587 perdere
1716 1539 1870 1573 noctem

1016 1599 1077 1632 est
1095 1595 1179 1631 sine
1193 1593 1312 1632 fructu
1325 1605 1526 1643 peragere,
1552 1595 1592 1629 ut
1607 1591 1782 1642 perdere
1801 1604 1868 1630 an-

1015 1665 1105 1694 nos,
1137 1655 1288 1701 tempus
1311 1662 1504 1695 somnum,
1529 1648 1578 1686 de
1604 1660 1679 1697 qua
1704 1647 1869 1685 dictione

1014 1706 1115 1745 Oud.
1151 1709 1346 1756 comparat
1383 1704 1465 1742 lntt.
1504 1703 1648 1742 Lucan.
1683 1702 1744 1741 ΠΙ.
1778 1706 1868 1743 756.

1013 1762 1079 1801 lv,
1100 1767 1190 1803 280.
1212 1766 1303 1802 483.
1329 1759 1394 1798 Vl.
1417 1766 1478 1801 54.
1506 1759 1554 1798 Χ.
1577 1763 1668 1800 506.
1717 1759 1871 1810 Siquid

1012 1819 1233 1857 mutandum
1257 1819 1319 1862 sit,
1344 1818 1481 1868 probat
1499 1816 1600 1854 Oud.
1616 1815 1869 1854 coniecturam

1015 1875 1134 1926 Lipsii
1157 1875 1339 1925 percitae
1369 1874 1389 1910 i.
1405 1887 1439 1911 e.
1465 1886 1532 1923 per
1557 1872 1674 1910 furias
1698 1872 1870 1909 turbatas

1012 1931 1168 1981 vigiliis,
1205 1931 1344 1980 quibus
1379 1929 1626 1980 agitabantur.
1663 1927 1749 1966 coll.
1788 1926 1872 1968 lntt.

1013 1987 1061 2025 ad
1086 1987 1170 2025 Liv.
1187 1985 1252 2024 vl.
1279 1989 1344 2026 38.
1370 1985 1471 2023 Dict.
1497 1983 1630 2023 Crit.1.
1661 1989 1722 2024 11.
1748 1983 1870 2036 [Nihil

1012 2044 1146 2081 horum
1172 2042 1262 2080 mihi
1287 2040 1539 2080 satisfaciunt.
1576 2039 1743 2079 Primum
1759 2041 1868 2085 enim,

1016 2099 1105 2150 quid
1129 2098 1342 2148 significant
1362 2097 1527 2150 ciyilt’ae
1546 2101 1663 2136 nocte
1688 2097 1871 2136 turbatae

1015 2155 1118 2206 quod
1149 2154 1327 2192 Floridus
1358 2154 1540 2204 explicat:
1577 2154 1779 2192 excitatae
1814 2153 1870 2190 in·

1013 2212 1192 2256 somniis,
1231 2211 1372 2263 qulbus
1402 2211 1586 2249 turbatae
1611 2212 1779 2261 fuerant
1802 2223 1870 2247 no-

1014 2273 1094 2307 ctu.
1151 2268 1205 2305 At
1228 2266 1304 2304 hoc
1338 2267 1371 2304 in
1399 2266 1526 2304 verbis
1552 2266 1647 2317 ipsis
1672 2279 1745 2303 non
1772 2267 1870 2303 inest

1013 2329 1050 2362 et
1065 2323 1164 2361 falsa
1175 2326 1320 2361 tantum
1338 2322 1592 2374 explicatione
1612 2321 1868 2373 proficiscitur.

1012 2380 1110 2419 Hinc
1133 2379 1276 2418 Baiteri
1300 2392 1442 2430 sequor
1467 2381 1695 2418 sententiam
1720 2379 1754 2415 in
1781 2377 1868 2416 edit.

1013 2436 1135 2475 Orell.
1159 2435 1411 2488 adscriptam,
1438 2437 1500 2486 qui
1526 2436 1696 2474 turbatis
1727 2434 1774 2471 ad
1796 2447 1870 2485 pa·

1013 2493 1190 2532 rentibus
1229 2492 1346 2531 refert
1381 2505 1428 2530 eo
1469 2505 1606 2530 sensu:
1655 2490 1869 2540 Postquam

1013 2553 1196 2601 parentes
1219 2548 1455 2588 fastidienter
1473 2548 1627 2586 salutati
1647 2550 1685 2585 et
1704 2545 1871 2598 compel-

1016 2606 1081 2644 lati
1119 2609 1254 2644 essent
1278 2619 1300 2644 a
1325 2606 1427 2652 liliis,
1465 2609 1504 2642 et
1538 2607 1695 2656 propter
1732 2602 1871 2642 falsum

1015 2662 1183 2701 nuntium
1207 2662 1256 2700 de
1274 2661 1432 2713 Psyche
1457 2661 1583 2699 denuo
1609 2660 1718 2698 dolor
1742 2671 1871 2697 eorum

1014 2721 1237 2765 renovatus,
1264 2717 1329 2770 [ef.
1355 2731 1391 2769 p.
1417 2721 1508 2758 342.
1540 2721 1579 2756 et
1606 2717 1663 2754 sic
1686 2719 1873 2767 parentes

1014 2775 1272 2814 redulcerato
1292 2788 1463 2826 prorsus
1487 2770 1650 2824 dolore]
1675 2772 1873 2810 insomnes

1015 2845 1061 2870 ac
1083 2831 1223 2882 vigiles
1243 2831 1294 2868 illi
1317 2834 1464 2868 noctem
1487 2832 1715 2880 peregerant
1732 2828 1872 2867 turbati

1014 2901 1108 2940 prae
1137 2887 1281 2926 dolore.
1329 2886 1526 2925 Per-ditae
1560 2898 1650 2922 vero
1681 2898 1754 2923 non
1784 2887 1874 2923 sunt

1014 2958 1195 2989 vesanae,
1221 2948 1261 2982 ut
1284 2942 1456 2981 Orellius
1480 2954 1633 2993 quoque
1657 2944 1776 2992 putat,
1799 2940 1874 2979 sed

1015 3001 1212 3039 scelestae
1237 3003 1275 3038 et
1299 2999 1508 3051 improbae,
1534 3010 1633 3049 quae
1659 3011 1729 3036 nec
1751 2996 1873 3036 sorori

1017 3071 1088 3095 nec
1111 3056 1335 3108 parentibus
1361 3057 1531 3106 parcunt.
1580 3053 1626 3092 cf.
1654 3052 1730 3092 Cic.
1760 3053 1871 3092 Verr.

1015 3113 1060 3152 ll.
1086 3117 1122 3154 3.
1149 3117 1212 3153 58.
1237 3111 1426 3163 saepius]
