2221 3667
313 131 370 173 32

562 129 611 171 L.
642 128 863 171 APULEII
892 129 1293 172 MADAURENSIS
1322 128 1869 171 METAMORPHOSEON

315 243 555 293 deformata,
595 244 752 285 diffletis
779 259 900 299 paene
927 245 973 285 ad
1000 252 1218 285 extremam
1246 242 1511 296 captivitatem
1537 244 1660 283 oculis
1687 243 1790 292 suis,
1831 243 1965 282 domus
1991 242 2113 282 insor-

314 299 464 338 tunium
493 313 683 340 novarum
717 302 937 354 nuptiarum
972 301 1123 355 gaudiis
1151 314 1172 338 a
1198 299 1279 339 suis
1305 299 1378 338 sibi
1404 300 1631 352 parentibus
1658 300 1827 339 hilarare
1853 299 2110 352 compellitur.

313 355 368 394 At
390 362 430 394 tu
457 355 516 395 hie
543 356 692 396 larvale
718 358 966 397 simulacrum
995 371 1080 395 cum
1107 370 1257 395 summo
1280 355 1469 394 dedecore
1491 362 1627 394 nostro
1650 355 1808 394 viseris.
1842 355 2112 403 Aristomene,

315 411 461 464 inquit,
500 426 572 452 nae
605 420 644 453 tu
678 414 922 453 fortunarum
955 413 1125 453 lubricas
1157 410 1343 463 ambages
1376 417 1414 450 et
1445 410 1649 450 instabiles
1681 410 1928 450 incursiones
1955 418 1993 450 et
2016 411 2116 450 reci-

193 455 294 535 [lffi]
315 482 454 522 procas
486 469 779 509 vicissitudines
812 470 994 522 ignoras!
1058 466 1111 506 Et
1148 481 1234 506 cum
1265 467 1368 506 dicto
1400 467 1506 507 sutili
1539 467 1772 507 centunculo
1803 465 1809 522 Ι
1838 466 1975 506 faciem
2008 480 2116 506 suam

313 525 390 564 iam
423 525 563 565 dudum
596 526 843 579 punicantem
878 537 970 578 prae
1004 524 1149 577 pudore
1175 523 1349 573 obtexit,
1384 523 1438 562 ita
1464 529 1507 562 ut
1531 523 1578 563 ab
1605 523 1788 563 umbilico
1814 523 2029 576 pubetenus
2055 536 2118 563 ce-

309 650 442 691 dessete's
457 656 493 683 D.
509 658 536 683 et
553 657 596 683 M.
612 655 722 683 Μαίη.
737 658 764 681 et
782 653 946 681 Pa1·is.—
959 651 1029 679 suis
1045 653 1133 680 deest
1147 659 1167 681 a
1181 655 1242 681 Ms.
1258 653 1366 681 Barth.
1383 650 1442 687 [ef.
1462 652 1578 689 supra]
1616 651 1732 680 domus
1745 653 1780 681 F.
1795 654 1825 681 3.
1840 654 1880 681 ab
1894 653 2007 681 eadem
2020 659 2118 681 manu

310 699 365 727 rel
381 698 508 727 deumne
523 702 616 728 nabet
632 713 675 717 —
689 697 879 737 infin-nmio
900 698 941 725 P-
958 696 1088 734 gradus
1103 699 1138 725 B.
1154 706 1211 732 pro
1233 696 1379 734 gaudiis.
1394 713 1437 717 ——-
1451 697 1516 725 sibu·
1527 699 1614 726 deest
1630 706 1649 727 a
1662 700 1699 726 11.
1714 698 1737 726 s.
1758 713 1789 716 —
1807 696 1964 725 inlarare
1981 699 2016 726 F.
2030 699 2060 726 3.
2074 713 2119 718 -—

309 747 349 772 at
370 748 405 772 tu
426 743 489 772 hoc
505 745 524 773 f.
541 746 688 773 c‹›1x·.—-
703 747 815 771 cestro
831 742 889 769 cis.
903 744 941 771 R.
955 758 999 762 —
1014 742 1143 770 eia-eris
1157 745 1194 771 Z.
1215 751 1256 771 ex
1271 743 1538 777 frequentissima
1551 743 1731 772 litterarum
1745 750 1760 771 s
1774 747 1802 772 et
1818 751 1844 771 ,τ
1858 743 2118 772 commutatione.

310 791 349 817 rs.
365 791 418 818 Dr.
434 792 472 819 ad
488 791 596 818 Liv.1.
612 791 663 816 25.
679 785 704 826 ξ.
727 790 750 816 2.
779 785 992 814 mis-tunam
1007 788 1074 816 ml.
1101 785 1308 815 Aris-[omine
1327 790 1360 816 Ο.
1378 787 1576 827 -futila'R
1593 790 1628 817 G.
1642 790 1680 817 D.
1695 796 1713 817 a
1729 797 1773 822 pr.
1789 797 1828 817 ni.
1847 786 1966 828 fetlula’
1977 788 1998 817 f.
2013 786 2121 817 sucula·

309 837 434 863 Vim-nt.
448 849 494 855 —
508 833 682 861 centnenlo
699 835 732 861 P.
749 834 783 860 G.
800 832 820 860 f.
837 841 864 867 p.
880 834 914 861 Ο.
932 833 1056 861 vic-mn.
1074 832 1174 867 [quod
1194 834 1411 867 improbatur:
1438 836 1477 862 ab
1492 831 1588 860 sumto
1603 834 1689 862 enim
1702 834 1731 862 fit
1747 832 1984 870 homunculus,
2000 841 2019 863 a
2033 831 2117 871 leno,

308 879 505 908 lenunculus
520 881 626 909 Plaut.
642 880 739 907 Poen.
754 880 793 907 V.
808 880 839 906 5.
854 879 884 907 7.
899 879 939 906 cs.
955 880 1052 907 Voss.
1068 880 1105 907 de
1119 879 1219 907 Aual.
1233 880 1273 907 11.
1288 880 1341 907 29.
1357 887 1386 913 n.
1402 880 1464 907 698
1480 887 1527 913 sq.
1542 878 1670 915 lectis-¹41
1696 878 1839 908 imbilico
1854 880 1890 909 G.

308 979 429 1031 praes.
453 994 536 1025 auf-¹.
554 977 653 1015 Huic
678 977 876 1029 praesecto
898 978 1062 1016 subiecti
1077 982 1185 1016 eraut

309 1036 486 1073 iuritiicus
505 1039 541 1071 et
558 1034 772 1080 rationalis3
799 1034 845 1072 ct'.
862 1034 992 1085 Spart.
1010 1035 1101 1073 Sev.
1122 1039 1184 1074 17.

310 1092 500 1129 Waltbcr.
527 1092 561 1128 in
586 1090 697 1128 libro:
729 1088 972 1130 Gesclzieliie
992 1092 1062 1130 cles
1085 1096 1183 1129 νῦν).

309 1148 465 1188 Rechts
493 1161 535 1198 p.
564 1150 656 1186 318.
695 1147 770 1184 Atii
804 1150 938 1199 putant
971 1147 1071 1186 hune
1103 1149 1184 1185 iuri-

308 1205 433 1243 dicum
472 1203 736 1241 Alexandriae
773 1207 918 1241 tantum
962 1204 1184 1256 praefuisse

306 1262 407 1306 urbi,
433 1274 526 1312 prae
553 1261 690 1298 ceteris
716 1259 949 1305 seditiosae3
973 1262 1022 1299 ct'.
1048 1260 1184 1299 Ritter.

307 1318 357 1357 ad
382 1316 564 1355 Heinecc.
592 1316 692 1354 Hist.
726 1315 796 1354 lur.
821 1314 850 1352 Ι.
882 1319 970 1356 172.
998 1318 1105 1355 Grut.
1128 1317 1184 1354 lu-

307 1375 454 1427 scriptt.
483 1378 576 1419 373,
602 1378 638 1413 4.
666 1372 878 1415 luridicum,
906 1373 969 1423 qui
996 1372 1185 1412 Graeciae

306 1432 556 1484 praepositus
583 1430 711 1474 fuerit,
738 1444 811 1467 non
837 1428 1020 1481 invenio]

359 1488 583 1540 persolutis
615 1486 676 1538 [Si
711 1487 798 1536 quis
831 1486 1035 1524 lectionem
1063 1499 1185 1537 proe-

308 1545 452 1584 solutis
472 1543 676 1587 defendat,
703 1542 863 1593 intelligi
890 1546 1036 1580 tantum
1056 1546 1189 1593 potest

308 1602 358 1639 de
384 1602 583 1651 exsequiis
611 1600 741 1644 factis,
767 1602 993 1651 priusquam
1018 1612 1114 1637 uxor
1139 1598 1188 1636 de

308 1662 431 1697 morte
456 1658 521 1696 viri
550 1657 686 1695 certior
710 1660 792 1695 erat
817 1655 954 1707 saeta]

367 1715 534 1768 clifflctiS
561 1712 686 1765 [quod
701 1712 836 1751 Heins.
853 1712 1022 1750 Advers.
1038 1726 1074 1763 p.
1093 1716 1187 1752 771.

309 1774 344 1810 in
377 1771 521 1824 efflelis
552 1773 786 1809 commutare
819 1783 894 1807 non
931 1769 1113 1813 debebat,
1139 1781 1188 1806 ex

309 1828 422 1868 codd.
439 1829 665 1865 auctoritate
690 1827 833 1878 recepi,
860 1839 1095 1877 quamquam
1121 1825 1187 1863 de-

306 1887 406 1938 flere
428 1884 507 1922 fere
533 1884 671 1922 eadem
695 1883 893 1921 sententia
917 1883 1061 1920 dictum
1086 1895 1187 1920 eom-

308 1942 461 1995 probari
481 1942 608 1993 possit
627 1940 675 1979 es.
702 1939 798 1978 Met.
815 1939 863 1977 V.
884 1953 922 1990 p.
949 1943 1041 1979 332.
1057 1938 1186 1977 Burni.

309 1999 359 2038 ad
385 1997 502 2050 Prop.
530 1996 555 2035 l.
588 2001 656 2043 18,
687 2001 747 2037 16.
774 2011 811 2048 p.
844 2000 934 2036 170.
962 1996 1122 2034 Santen.
1150 1998 1189 2032 et

312 2055 464 2102 Quinct.
491 2054 605 2092 Dect.
636 2057 698 2094 16.
731 2054 880 2107 efflecz'l
913 2052 1083 2104 oeulos]

366 2113 449 2151 suis
475 2111 552 2150 sibi
584 2110 705 2162 [Nihil
733 2114 794 2148 est
819 2108 989 2161 Apuleio
1015 2109 1091 2147 hac
1117 2108 1189 2146 t'or-

311 2169 428 2214 mula,
443 2183 465 2207 a
479 2169 637 2207 comicis
651 2168 844 2211 desumto,
861 2167 1120 2216 t'requentius3
1142 2165 1189 2204 cf.

312 2225 340 2264 l.
372 2239 410 2277 p.
438 2226 505 2266 29.
533 2229 596 2265 41.
631 2223 697 2262 IV.
728 2238 765 2275 p.
800 2226 892 2264 309.
927 2221 993 2260 Vl.
1028 2237 1063 2274 p.
1096 2226 1189 2262 443.

313 2282 400 2320 Vll.
427 2296 463 2334 p.
490 2286 582 2321 471.
610 2285 647 2318 et
672 2295 708 2332 p.
737 2284 828 2320 501.
856 2283 944 2318 cett.
982 2278 1037 2317 lta
1063 2292 1191 2317 emen-

313 2339 482 2378 dandum
514 2342 606 2390 puto
640 2337 743 2389 apud
776 2336 875 2375 Dict.
915 2335 1016 2374 Cret.
1054 2335 1122 2374 Vt.
1155 2339 1191 2376 2.

312 2396 462 2435 mobile
486 2408 557 2434 sua
582 2394 658 2434 sibi
684 2398 852 2439 natura,
884 2393 946 2430 ubi
974 2392 1086 2430 codd.
1113 2407 1192 2430 mo-

314 2453 395 2492 bile
426 2466 547 2491 suasu
578 2455 729 2489 natura
757 2449 914 2488 habent.
948 2448 997 2487 ef.
1036 2448 1191 2487 Ruhnk.

314 2509 365 2548 ad
391 2507 478 2547 Ter.
505 2507 609 2546 And.
634 2507 684 2546 Y.
711 2511 746 2547 8.
775 2510 839 2546 35.
865 2505 1012 2557 Schop.
1034 2519 1072 2557 p.
1099 2509 1192 2546 209.

313 2565 444 2604 Burni.
477 2565 524 2604 ad
557 2563 713 2602 Petron.
745 2577 776 2601 c.
810 2566 873 2603 66.
906 2577 942 2614 p.
976 2566 1068 2602 430.
1101 2575 1194 2601 suns

315 2624 414 2661 enim
452 2622 501 2660 de
539 2622 655 2660 rebus
681 2620 827 2665 dieitur,
859 2634 883 2658 a
913 2622 1043 2657 natura
1082 2619 1193 2656 nobis

315 2680 528 2717 distributis
564 2679 628 2716 vel
668 2690 828 2728 quarum
859 2678 1095 2728 potestatem
1127 2675 1192 2714 ha-

314 2734 482 2788 bemus]

374 2793 531 2832 larvale
555 2791 819 2831 simulacrum
843 2789 929 2842 [Sic
948 2789 1096 2828 maffl‘es
1117 2789 1195 2827 lar-

316 2849 418 2888 valis
461 2850 495 2887 in
542 2847 670 2900 Priap.
714 2844 900 2886 XXXIII.
956 2859 1019 2897 ap.
1063 2846 1195 2884 Burni.

315 2905 476 2945 Anthol.
500 2904 544 2943 Il.
570 2919 608 2957 p.
634 2909 699 2945 50.
727 2904 752 2942 s.
778 2902 907 2943 Ptaut.
933 2902 1054 2942 Mero.
1084 2903 1131 2941 V.
1157 2906 1194 2942 4.

317 2967 383 3004 20.
410 2963 498 3012 ibiq.
527 2960 709 3013 Taubm.]

371 3019 633 3059 Aristomene.
645 3018 711 3070 [dc
726 3017 800 3056 hoe
809 3018 982 3056 vocativo
992 3014 1193 3054 crochsn.

318 3075 369 3115 ad
395 3075 472 3113 Cic.
499 3074 583 3113 Ecl.
610 3089 648 3127 p.
675 3079 769 3114 388.
796 3074 858 3112 ed.
885 3077 921 3114 3.
954 3072 1118 3113 Meerm.
1147 3072 1195 3109 de

318 3132 409 3172 dial.
438 3132 552 3172 Aeol.
579 3132 610 3183 ξ.
636 3130 764 3171 XXX.
789 3146 827 3184 p.
856 3134 950 3173 662.
977 3128 1155 3182 Schuetz]

1297 981 1562 1030 fortunarum
1578 978 1768 1017 lubi-[cas.
1785 978 1897 1017 Hunc
1911 978 2119 1030 pluralem,

1245 1036 1308 1085 qui
1340 1035 1534 1072 rarissime
1559 1034 1634 1072 hac
1659 1035 1813 1085 quidem
1844 1036 2120 1085 significatione

1244 1092 1447 1143 reperItur,
1480 1090 1692 1129 defendunt
1717 1091 1790 1130 loci
1821 1091 1935 1130 Mart.
1967 1090 2061 1144 Cap.
2092 1088 2119 1129 l.

1245 1148 1275 1198 ξ.
1306 1152 1366 1187 15.
1399 1151 1437 1185 et
1462 1147 1610 1186 Moser.
1642 1148 1691 1186 ad
1724 1147 1801 1186 Cic.
1829 1147 1946 1187 Tusc.
1973 1148 2022 1187 V.
2055 1150 2120 1188 39.

1245 1219 1280 1255 p.
1310 1208 1402 1244 253.
1434 1203 1497 1242 De
1522 1205 1716 1242 sententia
1748 1205 1795 1243 ct'.
1823 1218 1926 1255 quae
1950 1203 2121 1243 cumula-

1243 1261 1296 1298 vit
1322 1260 1452 1313 Kopp.
1479 1261 1527 1299 ad
1560 1261 1673 1300 Mart.
1701 1260 1851 1313 Capeti.
1878 1260 1902 1299 l.
1930 1262 1959 1313 ᾧ.
1991 1265 2057 1302 88.
2083 1274 2121 1313 p.

1248 1321 1325 1358 126
1347 1332 1406 1367 sq.
1434 1317 1565 1356 Burin.
1586 1317 1633 1356 ad
1650 1317 1811 1356 Anthot.
1838 1317 1866 1356 Ι.
1887 1332 1924 1370 p.
1944 1316 2120 1369 557sq.]

1301 1375 1423 1413 sutili.
1459 1374 1620 1419 Facilis,
1647 1375 1749 1425 quod
1765 1374 1867 1413 Oud.
1883 1389 1957 1412 non
1984 1376 2122 1426 impro-

1243 1431 1321 1475 bat,
1349 1430 1488 1468 dictum
1515 1444 1607 1469 esse
1632 1435 1743 1482 putat
1768 1431 1817 1469 de
1843 1435 2008 1469 centone
2027 1428 2122 1469 rnul-

1245 1489 1292 1522 13<
1324 1489 1426 1525 rimis
1458 1491 1634 1538 patente,
1669 1488 1758 1538 quia
1784 1488 1892 1526 sutile
1922 1489 1991 1532 sit,
2018 1486 2123 1538 quod

1248 1545 1426 1581 contineri
1454 1548 1633 1594 nequeat.
1674 1544 1723 1582 ct'.
1755 1543 1840 1582 lntt.
1872 1544 1921 1583 ad
1952 1543 2120 1583 Phaedr.

1249 1597 1347 1636 Tab.
1374 1605 1436 1640 74.
1473 1599 1594 1651 [Mos.
1629 1601 1677 1639 ad
1705 1599 1781 1639 Cic.
1810 1600 1926 1640 Tusc.
1953 1600 2022 1639 IV.
2059 1604 2120 1640 17.

1247 1655 1277 1705 ᾧ.
1295 1653 1407 1706 351.]
1435 1656 1514 1695 Sed
1540 1662 1644 1695 recte
1670 1657 1838 1709 praefert
1856 1658 2014 1697 sutilem
2035 1671 2122 1696 cen·

1247 1716 1379 1749 ionem
1411 1711 1538 1748 multis
1571 1715 1768 1764 variisque
1797 1715 1937 1766 pannis
1968 1727 2122 1753 consar-

1245 1771 1325 1806 tum
1352 1771 1391 1805 et
1421 1767 1508 1805 hinc
1539 1771 1765 1809 vuissimum
1798 1770 1845 1809 cf.
1873 1770 1961 1810 Vat.
1988 1770 2121 1809 Flacc.

1247 1823 1314 1861 Vl.
1346 1828 1412 1863 81.
1439 1824 1543 1874 quod
1569 1823 1726 1866 Luciau.
1754 1827 1910 1878 Dialog.
1941 1827 2058 1866 Mort.
2087 1831 2122 1867 1.

1247 1895 1286 1932 p.
1303 1884 1395 1921 332.
1417 1882 1594 1932 exprimit
1613 1889 1693 1927 mi,-
1716 1888 1935 1937 ἐπιπτυχαῖς
1957 1888 2033 1923 τῶν
2057 1887 2122 1936 ῥα-

1247 1939 1336 1977 κίων
1360 1939 1543 1977 ποικίλον.

1302 1995 1456 2046 soeiem
1478 1994 1635 2033 obleaeit
1652 1994 1832 2046 [Faciem
1852 1998 2042 2050 obteyere
2061 2001 2124 2036 est

1248 2064 1400 2096 eorum,
1439 2052 1502 2101 qui
1540 2047 1687 2089 rubore
1715 2064 1785 2102 per
1819 2054 2007 2106 pudorem
2043 2053 2123 2093 suf.

1251 2108 1326 2146 susi
1363 2112 1471 2153 sunt,
1510 2107 1557 2145 ct'.
1590 2107 1684 2145 Met.
1711 2107 1759 2146 X.
1787 2121 1820 2159 p.
1849 2114 1941 2151 684,
1968 2111 2123 2151 lacinia

1251 2169 1470 2216 conteqens
1492 2165 1646 2217 faciem
1671 2164 1720 2201 de
1746 2178 1924 2213 noverca,
1951 2180 2053 2218 quae
2077 2167 2123 2206 li-

1250 2220 1379 2259 bidine
1421 2221 1582 2273 privigni
1625 2225 1757 2272 capta,
1800 2224 1868 2259 sed
1913 2226 2014 2263 omni
2056 2238 2124 2277 pu-

1251 2278 1344 2315 dore
1372 2292 1445 2316 non
1473 2281 1588 2315 exuta
1614 2291 1785 2316 amorem
1812 2277 1979 2319 illicitum
2003 2282 2039 2319 ei
2064 2294 2126 2320 re-

1251 2334 1367 2373 velat.
1402 2334 1550 2372 Eodem
1575 2334 1691 2372 modo
1718 2335 1767 2372 ob
1792 2335 1968 2383 subitam,
1994 2351 2125 2391 crepe-

1251 2404 1332 2429 ram
1352 2394 1389 2428 et
1409 2391 1658 2443 desperatam
1672 2405 1752 2429 rem
1767 2394 1882 2442 caput
1896 2395 2127 2434 obvelabant

1252 2451 1407 2486 veteres
1439 2448 1487 2486 cf.
1513 2445 1602 2486 lntt.
1628 2446 1679 2486 ad
1705 2446 1860 2486 Petron.
1886 2447 1966 2489 Ut.
1993 2466 2030 2504 p.
2057 2454 2124 2492 46.

1252 2504 1382 2543 Burm.
1432 2504 1518 2543 Nec
1542 2505 1680 2549 minus,
1718 2505 1782 2555 qui
1814 2503 1864 2542 ad
1900 2507 2126 2547 adulterium

1251 2561 1526 2599 meretricesve
1560 2561 1813 2605 festinabant,
1846 2573 1894 2597 ne
1926 2561 1970 2600 ab
2002 2565 2126 2604 obviis

1253 2621 1525 2663 noscerentur,
1551 2617 1600 2656 cf.
1621 2616 1705 2655 lntt.
1732 2616 1783 2655 ad
1808 2615 2060 2660 Petron.Vll.
2087 2635 2125 2672 p.

1253 2678 1319 2715 43.
1347 2679 1412 2714 44.
1439 2674 1558 2726 Apul.
1584 2673 1680 2711 Met.
1708 2672 1758 2712 X.
1784 2687 1821 2725 p.
1850 2676 1942 2714 630.
1963 2674 2063 2717 Vm.
2088 2691 2125 2729 p.

1255 2735 1349 2772 537.
1381 2730 1516 2769 Heius.
1543 2731 1593 2769 ad
1619 2729 1733 2769 Ovtd.
1759 2730 1842 2768 Art.
1869 2730 1957 2768 Am.
1979 2733 2004 2772 1.
2033 2738 2126 2774 754.

1253 2787 1356 2840 Rup.
1394 2787 1444 2826 ad
1479 2786 1557 2827 luv.
1596 2785 1658 2825 lll.
1700 2790 1790 2827 170.
1829 2785 1908 2824 luv.
1948 2786 2026 2829 Sat.
2057 2788 2125 2829 Vl.

1310 2844 1537 2954 pzibetenus
1563 2900 1632 2953 [de
1656 2900 1730 2939 hac
1754 2901 1938 2945 iunctura,
1960 2913 2056 2951 quae
2077 2904 2127 2941 vi-

1253 2971 1338 2997 cem
1353 2958 1620 2996 abverbiorum
1634 2958 1827 2996 sustinere
1843 2956 2003 3002 videtur,
2023 2971 2128 2999 accu-

1253 3016 1374 3053 ratius
1413 3015 1492 3065 egit
1526 3012 1663 3052 Muuk.
1703 3013 1751 3051 ad
1788 3012 1902 3063 Fulg.
1939 3012 2061 3064 Myth,
2100 3015 2128 3054 l,

1254 3071 1376 3123 praes.
1404 3085 1441 3123 p.
1470 3074 1560 3111 619.
1589 3070 1710 3115 δῖαν..
1736 3070 1839 3108 uude
1864 3070 2025 3120 intelligi
2051 3077 2128 3121 pot-

1256 3132 1333 3173 est,
1360 3127 1572 3181 Apuleium
1596 3130 1829 3178 ceterosque
1854 3126 2059 3166 Africanos
2083 3144 2130 3172 ea
