2155 3590
678 153 870 194 LIBER
898 154 994 197 vll.
1055 153 1184 194 CA-P.
1214 153 1334 194 XIV.
1833 154 1915 197 573

117 266 361 322 nuptialrum
387 266 449 307 die
473 267 720 321 praesepium
748 264 877 307 meum
907 266 1053 307 hordeo
1083 266 1229 321 passim
1258 264 1404 319 repleri
1429 265 1558 318 iubet,
1591 267 1827 320 foenumque
1851 282 1915 308 ca·
1939 271 2007 308 472

116 323 217 363 melo
231 321 446 363 Bactrinae
459 322 654 364 sufficiens
669 323 825 377 apponi.
854 320 932 364 Sed
947 336 1042 376 quas
1068 336 1142 376 ego
1168 321 1383 376 condignas
1397 319 1529 362 Fotidi
1553 322 1660 363 diras
1684 323 1917 365 devotiones

114 458 165 478 me
177 458 273 479 suum
291 451 431 480 correxit
443 453 642 488 Beroaldus,
668 459 762 485 quem
776 451 973 486 posteriores
986 451 1125 480 editores
1138 450 1243 480 secut-i
1261 458 1374 479 omnes
1386 453 1479 487 sunt,
1506 453 1536 479 et
1557 451 1760 486 negligentia
1770 451 1915 480 Linden-

111 496 216 531 brogii
228 504 294 524 non
306 499 486 525 correctum
497 497 626 525 videtur
639 505 712 525 esse
725 497 759 524 iu
774 496 948 524 collatione
962 497 997 525 F.
1014 498 1041 525 1.
1056 497 1093 524 B.
1141 503 1247 523 meum
1260 503 1317 530 pro
1331 503 1382 522 me
1395 502 1490 523 suum
1504 498 1622 525 habent
1636 496 1672 524 F.
1687 498 1717 524 3.
1732 498 1769 525 G.
1785 498 1814 524 1.
1827 499 1860 525 2.
1873 499 1913 526 D.

111 550 143 576 p.
160 541 181 569 f.
195 538 224 570 ὃ.
238 542 286 569 ed.
301 549 348 575 pr.
361 542 492 570 Vicent.
506 543 620 570 Venet.
635 543 665 570 2.
680 542 762 576 Quid
776 541 875 569 ceteri
889 541 980 569 codd.
994 543 1188 577 praebeant,
1214 542 1293 570 Oud.
1314 548 1378 569 non
1395 540 1540 575 protulit.
1587 540 1668 567 exin
1687 548 1737 567 me
1755 548 1842 577 sosp.
1862 542 1914 570 vir

110 587 226 614 doctus
240 587 389 614 emendat
402 587 436 614 in
451 593 552 621 marg.
567 587 615 614 ed.
630 593 722 614 meae
734 587 861 615 Vicent.
902 584 1044 621 prolixe
1056 593 1121 614 non
1135 589 1297 620 comparet
1310 585 1345 614 in
1358 587 1394 614 G.
1409 587 1438 613 1.
1453 587 1485 614 2.
1498 586 1536 613 Ρ.
1550 585 1584 613 Ο.
1599 592 1636 613 π.
1684 585 1862 614 cur-itabat
1874 594 1911 615 π.

110 630 308 668 qm'rz‘tabat
318 632 355 660 F.
368 633 398 660 3.
425 630 499 666 [sed
512 632 546 660 in
559 632 707 666 margine
720 639 761 660 ex
773 632 886 659 eadem
898 638 999 659 manu
1012 629 1226 666 cnrutabat]
1242 633 1278 659 G.
1294 632 1324 659 1.
1337 633 1370 660 2.
1383 632 1423 660 Ι).
1436 631 1474 659 Ρ.
1487 633 1532 658 Μ.
1546 629 1579 667 β.
1599 627 1628 658 ὃ.
1646 632 1731 659 lunt.
1743 633 1775 659 2.
1801 631 1912 668 quiri-

111 676 235 704 tabant
246 676 268 704 f.
283 677 317 705 Ο.
353 676 543 704 curueabac
554 677 589 705 F.
606 678 634 704 1.
672 675 731 713 que·
742 675 921 703 curitabat
932 684 962 710 p.
994 674 1204 703 currutabat
1213 677 1292 705 Bas.
1309 678 1338 705 1.
1380 675 1440 713 qui
1451 674 1639 703 curutabat
1651 677 1698 703 ed.
1713 684 1760 709 pr.
1775 680 1913 710 utraque

107 721 250 750 lectione
262 721 400 749 conflata
415 720 677 758 quaeritabam.
692 722 762 750 edd.
776 724 852 749 vett.
868 719 985 754 [etiam
998 722 1112 749 Venet.
1128 723 1159 749 2.
1169 743 1177 755 ,
1203 729 1246 749 ex
1258 729 1323 756 qua
1336 722 1416 754 Oud.
1428 723 1514 749 male
1528 721 1665 749 excitat:
1691 720 1910 756 curre'tabac)

108 774 213 800 usque
226 767 265 794 ad
279 767 374 795 Vulc.
388 768 420 794 2.
431 788 438 801 ,
465 773 548 800 quae
560 769 655 795 hahet
671 773 772 803 quam
787 764 949 802 curabat,
975 772 1071 799 quam
1090 766 1262 795 lectionem
1281 769 1415 795 secutae
1434 768 1511 794 sunt
1530 767 1600 794 edd.
1613 767 1697 794 Elm.
1711 766 1815 794 Scriv.
1830 767 1912 794 XVe-

107 814 205 839 sterh.
221 813 261 840 ad
275 813 402 840 Terent.
415 813 499 840 Eun.
513 812 551 840 V.
567 813 595 840 9.
610 813 664 841 53.
703 810 938 850 seminumque
957 819 1012 843 nro
1023 810 1234 849 foenumque
1250 812 1287 840 F.
1308 812 1338 840 1.
1387 809 1526 838 camella
1547 812 1583 838 G.
1599 812 1627 839 1.
1642 812 1673 838 2.
1694 811 1732 838 D.
1751 812 1866 839 Vener.
1881 813 1911 839 4.

107 855 263 883 bae-trine
276 857 311 885 F.
324 858 354 884 3.
368 857 417 884 ed.
431 864 476 890 pr.
489 858 604 885 Venet.
619 858 649 885 4.
663 857 771 885 Paris.
785 857 862 885 Bas.
878 858 907 884 1.
950 854 1139 883 Vae-trinae
1151 864 1183 890 p.
1219 855 1376 883 bac-trino
1396 858 1432 884 G.
1452 858 1484 885 2.
1507 857 1546 884 D.
1560 857 1585 884 B
1622 854 1706 889 [non
1719 854 1912 885 bactriana.

107 904 140 929 ut
155 902 234 930 Oud.
248 900 377 935 habet.)
391 901 518 930 vicent.
531 903 646 931 Venet.
660 903 691 930 2.
706 905 735 930 et
749 902 820 930 edd.
835 904 966 929 recentt.
992 899 1128 928 butrino
1144 903 1181 930 G.
1198 902 1226 930 1.
1241 902 1276 930 Ο.
1306 900 1473 929 Vae-trino
1488 898 1516 931 δ,
1541 899 1724 928 bactriana
1735 902 1820 930 Iunt.
1836 902 1866 929 1.
1882 902 1913 928 2.

106 947 181 975 ΑΜ.
196 947 300 975 Colin.
347 944 480 974 Fotidis
496 948 532 975 G.
548 948 576 975 1.
591 948 627 975 0.
675 944 836 983 dirasque
849 946 871 974 f.
895 947 994 984 Bene,
1009 946 1038 974 si
1052 944 1246 974 devotiones
1259 946 1461 982 praemittas.

103 1054 248 1093 Forma
261 1060 407 1100 memet,
433 1068 534 1106 quae
549 1055 715 1094 Cornicis
734 1055 980 1106 potissimum
1090 1057 1365 1108 praesepium.
1443 1055 1603 1109 [Forma
1648 1057 1725 1094 ista
1769 1056 1920 1094 rariore>

104 1111 348 1162 frequentata
383 1115 462 1158 est,
498 1112 661 1163 saepius
698 1111 840 1162 legitur
875 1111 979 1163 apud
1038 1124 1197 1162 semper
1227 1113 1343 1151 utitur
1366 1114 1464 1151 inter
1493 1113 1670 1150 diversas
1696 1113 1781 1150 eius
1805 1113 1914 1151 vocis

102 1167 314 1219 Apuleium
344 1165 441 1207 Met.
472 1167 516 1206 Π.
547 1181 585 1218 p.
612 1171 676 1209 99.
714 1172 874 1206 memet
909 1181 976 1206 ea:-
1036 1168 1326 1206 terminationes
1349 1169 1546 1219 Apuleius
1566 1169 1662 1207 Met.
1676 1167 1739 1207 ΙΙΙ.
1766 1182 1803 1219 p.
1819 1173 1912 1209 224.

98 1225 230 1276 peclio
248 1223 311 1262 111.
328 1237 363 1274 p.
380 1228 473 1264 212.
487 1223 555 1261 IV.
568 1238 605 1275 p.
621 1227 714 1263 243.
729 1222 814 1260 Vll.
829 1237 867 1274 p.
883 1227 977 1263 485.
1029 1225 1304 1276 praesepio
1333 1226 1472 1264 videre
1497 1226 1809 1277 proximantem
1827 1222 1914 1263 Vll.

100 1294 138 1331 p.
164 1283 257 1320 492.
329 1279 398 1317 Vir
433 1279 574 1317 doctus
609 1280 646 1317 in
685 1279 853 1316 editione
889 1292 979 1317 mea
1034 1293 1072 1331 p.
1110 1283 1204 1320 499.
1241 1282 1472 1320 incumbens
1504 1281 1775 1332 praesepio.
1808 1279 1914 1321 VIII.

99 1334 286 1374 Colviana
311 1336 532 1373 emendavit
554 1349 686 1381 meme,
713 1335 759 1373 cf.
786 1336 886 1373 Aen.
906 1333 974 1374 IX.

99 1396 207 1437 427„
232 1393 297 1430 ubi
312 1391 489 1430 Servius:
522 1392 653 1430 IlIeme
666 1391 832 1429 subaudi
854 1392 974 1429 inter-

94 1449 231 1500 fictio,
263 1451 303 1485 et
327 1452 390 1486 est
420 1449 631 1498 interrupta
663 1447 805 1485 locutio
838 1447 975 1485 dolore

95 1505 319 1556 perturbati.
379 1503 492 1551 Quae
516 1504 695 1555 repetitio
720 1504 753 1541 si
779 1503 891 1541 aliter
917 1507 974 1542 at-

96 1574 174 1611 que
209 1561 245 1598 in
283 1561 398 1599 animi
433 1560 758 1598 commotionibus
788 1563 975 1611 usurpata

97 1617 250 1662 suisset,
275 1617 377 1655 hunc
402 1616 529 1655 locum
553 1615 744 1668 sanaret]

154 1674 370 1713 curitabat.
443 1672 686 1711 Schikeradii
733 1672 835 1711 hanc
873 1673 972 1723 opti-

93 1743 198 1768 mam
244 1731 503 1768 coniecturam
551 1730 587 1767 in
630 1733 778 1767 textum
819 1728 973 1774 admisi,

93 1799 212 1836 quam
236 1787 350 1825 etiam
363 1785 540 1837 Lipsius,
564 1786 753 1830 IVower„
777 1785 973 1829 Brantius,

92 1841 282 1881 Pricaeus
307 1847 346 1880 et
371 1841 554 1880 Floridus
578 1842 790 1894 probarunt
815 1845 853 1879 et
877 1840 974 1880 Cod.

91 1896 284 1937 Paraean.
321 1899 466 1936 diserte
502 1901 677 1937 testatur.
721 1897 971 1936 stewechius

92 1967 163 2005 pro
194 1968 302 1993 more
330 1968 403 1993 suo
436 1954 560 1993 multa
591 1955 641 1992 de
672 1967 770 1992 voce
796 1955 971 2006 quirita-

92 2010 174 2055 bat,
210 2024 327 2061 quam
361 2011 448 2061 ipse
484 2010 673 2061 praefert,
711 2010 972 2048 commiscens

92 2065 205 2116 legit:
250 2067 366 2105 Exin
396 2080 456 2105 me
486 2080 558 2106 suo
589 2067 837 2117 sospitatore
871 2080 970 2106 nun-

92 2127 269 2174 cupato,
305 2127 495 2161 matrona
527 2122 700 2173 prolixe
731 2122 970 2172 quii-itabat.

93 2178 206 2228 quasi
231 2178 351 2216 dicat:
382 2178 655 2229 triumphabat,
681 2181 817 2216 exerte
841 2177 969 2217 clami-

89 2235 209 2273 tabat.
280 2233 392 2273 Haec
432 2247 526 2272 vero
567 2238 727 2286 propter
761 2235 970 2284 sequentia

89 2290 181 2328 ferri
215 2295 430 2341 nequeunt,
467 2304 703 2342 quamquam
738 2291 967 2342 significatio

89 2347 199 2385 vocis
224 2361 300 2385 non
327 2347 573 2395 adversatur3
605 2346 656 2386 cs.
676 2360 779 2398 quae
800 2348 968 2398 exposui

86 2403 140 2441 ad
163 2402 263 2442 Met.
287 2403 335 2441 V.
361 2417 399 2454 p.
426 2407 520 2443 374.
581 2402 740 2441 Colvius
765 2403 966 2442 emendat:

83 2459 258 2511 prolixe
274 2473 394 2511 quam
408 2459 581 2499 curabat
588 2473 602 2505 ,·
633 2472 734 2511 quae
748 2460 970 2498 coniectura

86 2529 135 2553 eo
165 2528 229 2553 me
259 2515 439 2561 offendit,
476 2515 582 2566 quod
619 2530 742 2568 quam
770 2516 969 2567 postposi-

85 2575 168 2610 tum
185 2572 250 2610 vix
270 2573 424 2623 probari
443 2575 588 2622 potest.
642 2571 857 2612 Curitabat
874 2586 966 2610 vero

88 2631 150 2666 est
173 2628 295 2667 valde
327 2629 509 2667 curabat.
558 2627 612 2666 Ut
636 2628 738 2666 enim
770 2642 795 2667 a
819 2629 966 2674 clamo,

86 2684 272 2729 clamito,
304 2685 438 2729 (licto,
464 2685 633 2729 dictito,
658 2684 709 2722 al.
734 2684 794 2723 sic
817 2698 841 2722 a
865 2699 966 2725 curo

86 2741 231 2779 cuv-ito.
280 2741 460 2780 Prolixe
485 2744 616 2779 autem
639 2744 710 2784 ,est
739 2741 794 2778 rei
825 2740 965 2779 culina-

84 2796 166 2833 riae
194 2798 411 2848 proprium,
442 2796 546 2834 unde
578 2800 618 2834 et
649 2797 764 2835 lixae
793 2802 834 2835 et
864 2810 965 2836 caro

87 2851 238 2892 elixa.
286 2853 471 2892 cflVoss
497 2854 533 2890 in
559 2852 595 2892 d.
622 2866 656 2891 v.
693 2852 964 2905 Qurarevero

85 2907 228 2947 millies
247 2909 297 2947 de
316 2923 358 2948 re
379 2910 522 2948 cibaria
541 2909 704 2947 occurrit
728 2908 775 2947 cf.
792 2909 965 2948 Broukh.

83 2963 137 3001 ad
173 2963 257 3003 Tib.
287 2965 314 3003 I.
347 2970 386 3006 5.
411 2969 476 3006 33.
527 2965 709 3017 [Taubm.
747 2965 799 3003 ad
835 2965 962 3005 Plaut.

84 3017 232 3058 Pseud.
256 3020 324 3060 IV.
351 3026 389 3061 7.
415 3025 499 3067 34..
537 3023 603 3073 qui
639 3021 755 3060 etiam
788 3023 966 3074 prolixe

86 3088 206 3126 quam
242 3078 417 3117 curabat
450 3078 513 3116 hic
548 3077 730 3129 praefert.
791 3077 876 3117 lntt.
914 3077 965 3117 ad

82 3129 218 3171 Horat.
244 3131 370 3184 Epist.
395 3133 423 3174 I.
450 3138 489 3175 2.
514 3134 599 3186 29]

1034 1349 1071 1386 p.
1099 1340 1193 1376 577.
1219 1334 1286 1374 lx.
1312 1349 1349 1386 p.
1377 1341 1470 1377 614.
1495 1338 1696 1376 instruxit
1713 1350 1913 1389 praese-

1029 1393 1163 1443 pium
1187 1405 1224 1442 p.
1252 1395 1345 1432 617.
1368 1397 1460 1434 621.
1485 1392 1537 1431 X.
1563 1407 1601 1445 p.
1629 1397 1721 1433 677.
1744 1397 1838 1434 692.
1864 1393 1910 1433 cs.

1034 1447 1217 1498 Excerpt.
1249 1461 1300 1486 ex
1330 1453 1406 1487 vet.
1436 1448 1573 1487 Lexic.
1605 1463 1641 1500 p.
1669 1453 1763 1490 265.
1788 1463 1913 1501 prae-

1033 1505 1188 1555 sepium
1207 1502 1327 1555 φάτιή
1346 1505 1482 1544 Gloss.
1505 1505 1635 1556 Cyrill.
1651 1519 1690 1558 p.
1705 1509 1768 1546 65.
1789 1502 1911 1557 φάτνῃ

1027 1574 1243 1613 praesepe,
1265 1563 1527 1613 praesepium
1552 1561 1674 1600 Voss.
1694 1561 1911 1601 Aristarch.

1033 1615 1079 1655 Τ.
1104 1615 1133 1654 1.
1159 1630 1197 1667 p.
1223 1617 1336 1669 419]

1088 1673 1334 1712 Bactrinae.
1389 1673 1638 1725 Quamquam
1657 1673 1759 1713 Oud.
1784 1675 1911 1713 termi-

1031 1729 1228 1768 nationem
1248 1730 1509 1770 Bactrianus
1533 1731 1651 1781 longe
1670 1731 1913 1770 usitatiorem

1033 1799 1128 1824 esse
1152 1786 1338 1831 nominat,
1364 1785 1526 1824 alteram
1550 1790 1679 1825 tamen
1705 1787 1912 1838 analogiae

1031 1856 1107 1880 non
1133 1842 1333 1881 adversari
1359 1842 1632 1881 demonstrans
1658 1843 1751 1883 coll.
1771 1843 1911 1896 Auyu-

1029 1899 1158 1937 stinus
1183 1903 1223 1937 et
1250 1897 1540 1950 Aztyustiauus,
1567 1899 1742 1946 Drusus,
1767 1900 1911 1940 Drusi-

1030 1968 1106 1994 nus
1131 1958 1170 1992 et
1194 1954 1430 1994 Drusianus
1455 1956 1565 1994 Suet.
1593 1954 1727 1995 Claud.
1757 1961 1819 1996 11.
1846 1957 1910 1995 ibi-

1031 2023 1108 2060 que
1138 2010 1225 2048 dict.
1251 2011 1520 2049 auctoritatem
1546 2013 1778 2063 optimoriun
1804 2013 1910 2051 codi-

1030 2080 1117 2117 cum
1137 2070 1299 2105 secutus
1319 2067 1490 2118 praefert
1510 2068 1718 2106 lectionem
1740 2069 1909 2108 Bactri-

1029 2137 1125 2168 nae,
1163 2122 1269 2174 quod
1304 2137 1378 2161 non
1417 2124 1558 2163 Graeci
1593 2128 1741 2164 tantum
1777 2130 1910 2164 ament

1028 2175 1198 2230 κάμηλον
1223 2180 1353 2230 potius
1380 2180 1518 2218 efferre
1547 2195 1692 2231 genere
1724 2181 1907 2220 feminino

1027 2235 1104 2273 sed
1135 2239 1175 2274 et
1204 2235 1333 2274 Latini
1365 2240 1404 2274 et
1434 2237 1606 2288 inprimis
1631 2237 1796 2276 Plinius.
1857 2237 1907 2278 cf.

1027 2291 1213 2330 Harduin.
1238 2292 1289 2330 ad
1314 2291 1415 2332 Plin.
1439 2293 1488 2332 H.
1515 2293 1563 2332 N.
1590 2293 1693 2332 VIII.
1715 2298 1780 2336 26.
1833 2294 1906 2334 Ca-

1025 2348 1150 2387 melos
1195 2349 1300 2387 inter
1346 2355 1528 2389 armenta
1567 2352 1706 2402 pascit
1748 2350 1905 2399 Oriens,

1027 2418 1202 2456 quarum
1227 2405 1313 2445 «luo
1336 2420 1492 2457 *qenera
1512 2407 1718 2446 Bactriae
1742 2412 1783 2445 et
1801 2406 1905 2446 Ara-

1029 2461 1139 2500 biae.-
1165 2461 1364 2514 differunt
1388 2463 1503 2515 quod
1522 2463 1620 2502 illae
1640 2463 1737 2502 bina
1756 2463 1908 2502 habent

1027 2517 1170 2556 tubera
1195 2519 1239 2555 iu
1264 2518 1403 2564 dorm,
1428 2519 1507 2558 liae
1530 2520 1697 2571 siuqula
1722 2548 1754 2558 ..
1770 2547 1778 2556 .
1794 2549 1803 2558 .
1833 2521 1904 2567 [vi-

1025 2578 1124 2612 vunt
1160 2575 1463 2626 qztinquaqenis
1492 2577 1627 2621 annis,
1668 2575 1905 2627 quaedam

1025 2634 1065 2667 et
1077 2630 1264 2668 centenis.
1309 2630 1524 2683 Utcunque
1536 2632 1689 2670 rabiem
1708 2636 1748 2670 et
1766 2632 1904 2682 ipsae

1023 2687 1213 2735 sentiunt.
1273 2686 1459 2726 Harum
1496 2688 1641 2740 aliqua
1676 2687 1904 2726 similitudo

1025 2744 1114 2780 cett.
1127 2740 1196 2779 XI.
1207 2745 1273 2782 62.
1287 2742 1470 2782 Camelus
1484 2758 1576 2782 una
1591 2757 1648 2782 ex
1662 2741 1902 2788 iis,Trebell.

1025 2797 1127 2836 Gall.
1161 2797 1298 2837 Claud.
1329 2811 1361 2836 c.
1390 2803 1453 2838 14.
1481 2798 1526 2837 Τ.
1552 2798 1597 2838 Π.
1630 2813 1667 2850 p.
1694 2803 1806 2844 382„
1835 2800 1903 2838 uhi

1024 2866 1131 2892 vero·
1149 2867 1200 2892 ex
1230 2854 1315 2892 cod.
1340 2853 1468 2893 Palat.
1501 2856 1677 2894 camelas
1706 2855 1902 2906 praetule-

1024 2911 1105 2948 rim.
1162 2909 1284 2948 Plura
1319 2910 1370 2948 de
1405 2910 1481 2948 hac
1516 2924 1614 2949 voce
1646 2911 1754 2949 dabit
1778 2911 1900 2951 Voss.

1022 2966 1144 3004 Arist.
1153 2965 1236 3004 T.1.
1247 2980 1284 3017 p.
1295 2970 1387 3007 390.
1403 2966 1464 3004 ed.
1480 2966 1692 3013 Foertsch,
1707 2967 1771 3018 qui
1786 2973 1902 3019 negat

1023 3035 1192 3072 unquam
1206 3035 1342 3061 vocem
1367 3022 1385 3060 s
1383 3023 1496 3062 emin.
1517 3023 1622 3075 apud
1636 3028 1794 3063 veteres
1808 3023 1900 3075 legi.

1024 3078 1084 3115 cui
1094 3079 1314 3116 sententiae
1327 3079 1584 3118 adversantur
1596 3080 1778 3119 Ruddim.
1787 3094 1827 3132 p.
1835 3085 1899 3122 32,

1023 3148 1058 3173 n.
1085 3138 1152 3175 79.
1182 3138 1222 3172 et
1247 3134 1475 3175 Schneider.
1500 3135 1566 3175 Gr.
1591 3136 1680 3176 Lat.
1706 3151 1743 3189 p.
1770 3137 1830 3190 9.]
