2155 3590
670 172 854 213 LIBER
877 172 1001 214 vill.
1048 172 1176 212 CAP.
1200 171 1298 211 VII.
1818 169 1901 212 665

101 285 237 326 illuvie
261 298 385 339 paene
410 284 581 338 collapsa
606 284 781 325 membra
804 286 987 336 lavacro,
1015 285 1102 325 cibo
1128 284 1295 337 denique
1320 284 1566 324 confoveret.
1593 282 1649 323 At
1675 282 1741 323 illa
1761 295 1902 346 paren-

103 348 185 381 tum
216 355 377 381 suorum
408 340 581 393 alioquin
612 355 682 381 rev
686 355 824 392 erens,
862 342 988 382 invita
1019 341 1194 395 quidem,
1233 353 1372 381 verum
1403 339 1476 380 reli
1504 339 1639 393 giosae
1675 339 1902 380 necessitati
1928 342 1990 377 527

103 397 362 438 succumbens
392 397 504 437 vultu
528 411 608 436 non
639 397 793 450 quidem
818 398 964 448 hilaro,
988 411 1128 438 verum
1153 397 1267 451 paulo
1292 395 1497 437 sereniore
1504 373 1688 446 Dobiens,
1723 402 1766 435 ut
1794 395 1903 435 iube-

101 454 239 504 batur,
277 453 496 494 viventium
533 453 687 504 munia,
727 468 891 508 prorsus
915 454 956 494 in
981 461 1161 508 pectore,
1203 453 1318 493 immo
1345 465 1441 493 vero
1472 453 1628 506 penitus
1657 452 1699 492 in
1723 451 1903 492 medullis

100 509 210 549 luctu
246 524 291 550 ac
326 523 508 550 moerore
545 510 731 564 carpebat
766 511 959 560 animum,
999 517 1039 551 et
1069 510 1151 550 dies
1183 517 1287 552 totos
1312 515 1494 562 totasque
1520 515 1656 548 noctes
1681 507 1905 548 insumebat

101 565 280 606 luctuoso
318 566 539 617 desiderio,
579 573 618 606 et
654 566 848 621 imagines
886 567 1088 617 defuncti,
1128 580 1224 620 quas
1250 566 1298 607 ad
1323 564 1496 606 habitum
1535 564 1596 605 dei
1619 564 1796 604 Liberi*
1822 566 1903 604 for-

100 704 135 732 r'u
148 703 236 732 lucie
250 707 286 734 G.
303 706 331 733 ·1.
356 703 496 733 illuvz'ae
503 713 634 742 poenae
646 706 774 735 Vicent.
812 705 954 734 colitura
968 709 1004 736 G.
1018 708 1049 735 2.
1064 708 1100 736 P.
1114 707 1152 734 D.
1188 711 1367 733 rererrens
1380 705 1494 734 Venet-
1508 706 1539 734 2.
1577 711 1691 732 verunt
1706 703 1808 731 elsam
1822 704 1858 733 F.
1876 705 1904 732 1.

100 749 258 787 religiose
270 751 400 780 vicent.
413 752 526 779 Venet.
542 753 669 780 2.1unt.
685 753 714 780 1.
728 753 759 780 2.
773 752 848 780 Ald.
863 755 892 780 et
907 751 953 781 ita
966 752 1032 788 legi
1046 752 1079 780 in
1092 750 1128 780 F.
1145 753 1173 780 1.
1189 752 1376 780 adnotatum
1391 754 1441 779 est
1453 750 1487 778 in
1501 749 1665 784 excerptis
1685 750 1725 777 ad
1738 756 1840 783 marg.
1855 749 1905 778 ed.

101 796 193 824 Colv.
213 797 297 830 quod
316 804 380 824 non
399 797 609 825 dubitandum
628 800 693 833 est,
720 804 817 830 quum
837 798 928 826 codd.
947 798 1068 831 ubique
1088 798 1134 826 ita
1153 796 1298 825 scribant
1317 799 1395 824 vett.
1419 797 1458 824 In
1478 797 1514 824 G.
1529 797 1559 823 2.
1579 791 1801 823 est'7·el⁷'m‘ose
1825 795 1906 822 Oud.

101 841 237 870 coniecit
250 839 422 877 religiosa.
470 841 722 870 uec-ceritati&
739 843 768 871 1.
816 841 993 870 succubuit
1005 844 1042 870 G.
1058 844 1087 871 1.
1100 844 1131 871 2.
1145 843 1185 870 D.
1198 842 1232 870 0.
1248 843 1284 870 P.
1298 842 1336 869 R.
1352 840 1372 869 f.
1386 842 1423 870 L.
1437 838 1468 870 δ.
1503 838 1600 868 vultu
1614 847 1692 867 vero
1708 841 1744 868 G.
1762 841 1789 868 1.
1829 838 1905 876 qm·-

101 883 171 912 ἄρηι
187 890 256 920 post
272 885 366 914 vultu
379 894 442 914 non
456 891 618 921 comparet
633 887 666 915 in
680 888 715 915 G.
733 888 760 916 ¹1.
775 889 806 915 2.
820 889 856 916 Ρ.
871 889 908 916 D.
924 888 958 916 0.
975 888 995 916 f.
1011 888 1091 916 Coll.
1106 888 1203 915 voss.
1251 883 1371 922 hylari
1386 893 1498 914 omnes
1517 886 1588 914 edd.
1608 889 1684 914 ante
1704 885 1800 914 Colv.
1821 881 1851 912 ὃ.
1873 893 1904 920 p.

101 934 130 959 et
145 929 181 959 F.
197 933 226 961 1.
241 932 275 960 in
289 931 452 966 excerptis
466 933 506 960 ad
521 940 621 967 marg.
635 933 684 960 ed.
699 933 788 961 Colv.
824 933 935 962 Verba
947 940 1061 960 cerum
1071 930 1176 968 paulo
1191 939 1296 965 usque
1309 932 1350 960 ad
1364 929 1547 958 cruciabat
1558 933 1676 959 absunt
1692 938 1712 959 a
1725 932 1761 959 G.
1778 931 1806 958 1.
1820 931 1852 958 2.
1865 931 1905 959 D.

100 976 137 1004 P.
159 977 193 1004 O.
213 984 250 1005 π.
299 974 450 1004 obediens
469 985 523 1011 pro
543 976 654 1004 obiens
674 978 710 1006 F.
733 978 760 1006 1.
782 985 812 1011 p.
831 975 861 1006 δ.
881 979 917 1006 L.
939 978 959 1006 f.
985 977 1026 1006 cf.
1041 979 1081 1005 ad
1095 980 1171 1005 Met.
1185 977 1240 1005 lV.
1254 985 1284 1011 p.
1299 978 1376 1005 272.
1424 974 1605 1003 videbatur
1615 977 1652 1004 L.
1666 977 1705 1005 R.
1720 972 1748 1003 ὃ.
1763 976 1799 1003 Β.
1816 975 1906 1004 Colv.

100 1021 196 1049 Yutc.
212 1024 311 1050 Merc.
326 1023 437 1050 ivow.
453 1022 538 1050 Pric.
563 1021 743 1050 iubebatur
756 1022 789 1051 in
804 1023 838 1051 F.
855 1025 883 1051 1.
902 1023 967 1058 legi
982 1027 1110 1057 praeter
1122 1022 1356 1056 Lindenbrogii
1375 1022 1584 1050 coluuionem
1603 1025 1733 1049 mouent
1753 1023 1908 1054 excerpta

99 1067 139 1094 ad
155 1073 256 1102 marg.
266 1068 314 1095 ed.
324 1067 414 1096 Colv.
463 1074 583 1095 rursus
591 1065 620 1096 δ.
630 1067 651 1096 f.
675 1068 795 1097 111F.3.
809 1068 967 1102 scriptum
980 1068 1110 1096 videtur
1118 1073 1320 1103 prorursu8‚
1341 1074 1416 1095 nam
1430 1069 1541 1101 aperte
1555 1066 1631 1100 quid
1645 1066 1801 1094 librarius
1814 1073 1907 1093 meus

100 1111 268 1145 scripserit
283 1112 431 1148 dignosci
445 1120 508 1140 non
522 1117 640 1149 potest,
666 1120 763 1146 quum
778 1113 869 1147 prius
885 1113 917 1141 in
932 1113 1049 1141 litteris
1070 1112 1317 1145 conscribendis
1336 1114 1453 1147 lapsus
1472 1111 1563 1140 linea
1582 1111 1722 1146 priorem
1741 1112 1907 1145 syllabam

100 1157 288 1194 obduxerit,
316 1161 348 1185 ut
368 1164 490 1185 rursus
511 1161 633 1186 tantum
652 1157 861 1186 manifestum
879 1158 932 1186 sit.
956 1159 1009 1186 Ex
1030 1157 1167 1192 reliquis
1182 1164 1248 1192 pro
1269 1164 1356 1185 eruo.
1403 1156 1596 1193 inspectore
1609 1154 1644 1185 F.
1659 1157 1690 1185 3.
1739 1154 1906 1184 sedimmo

101 1208 179 1228 tero
193 1203 277 1230 Elm.
292 1203 397 1230 Scriv.
411 1203 531 1230 Florid.
542 1224 549 1236 ,
570 1204 651 1236 quod
667 1204 751 1230 unde
763 1205 904 1231 habeant
918 1211 982 1231 non
996 1205 1142 1237 apparet.
1190 1209 1268 1229 vere
1282 1199 1313 1230 ὃ.
1358 1200 1486 1238 penius
1498 1200 1533 1228 iu
1548 1199 1700 1228 medullis
1714 1202 1749 1230 F.
1767 1202 1795 1230 1.
1816 1201 1907 1230 co1v.

98 1247 193 1275 Vutc.
208 1248 335 1275 2.E1m.
350 1248 490 1275 Scriver.
503 1248 624 1276 Florid.
651 1247 692 1276 ct'.
706 1248 746 1275 ad
762 1250 838 1276 Met.
852 1249 876 1275 1.
892 1255 922 1281 p.
938 1249 991 1276 48.
1040 1245 1178 1284 diesque
1193 1248 1282 1274 totos
1297 1254 1327 1281 p.
1340 1243 1370 1275 ὃ.
1390 1247 1462 1275 edd.
1482 1250 1559 1275 vett.
1611 1245 1783 1274 inumebae
1800 1246 1908 1274 Paris.

100 1291 262 1328 itteoge'nes
275 1290 528 1329 defunc-liquos
542 1300 571 1326 p.
586 1293 635 1320 ed.
651 1300 696 1326 pr.
709 1292 837 1321 Vicent.
852 1294 968 1320 Venet-
980 1294 1108 1320 2.111nt.
1126 1293 1153 1320 1.
1168 1293 1200 1319 2.
1214 1292 1290 1320 Ald.
1303 1292 1339 1320 F.
1355 1293 1385 1320 ³.
1413 1290 1494 1326 (Sed
1517 1291 1551 1320 in
1571 1299 1608 1320 eo
1629 1292 1760 1320 videtur
1778 1298 1908 1319 errasse

100 1337 257 1365 librarius
272 1337 561 1372 diligentissimus,
588 1338 671 1371 quod
686 1345 785 1374 quam
800 1337 1004 1371 singularem
1018 1336 1235 1372 pronominis,
1262 1337 1317 1370 qui
1332 1338 1422 1364 nullo
1435 1337 1528 1364 modo
1542 1337 1589 1364 ita
1603 1336 1678 1365 ferri
1700 1339 1819 1372 potest,

100 1381 133 1409 in
149 1389 234 1418 quas
248 1382 421 1410 mutaverit
432 1404 439 1415 ,
455 1390 552 1415 (ntum
567 1386 652 1410 recte
666 1382 699 1410 in
712 1382 918 1417 praegressis
934 1381 1096 1419 ituaga’ues
1111 1380 1318 1416 correxerit.)
1344 1383 1380 1410 In
1394 1384 1468 1409 cett.
1483 1385 1532 1409 est
1546 1380 1725 1418 imaginem
1740 1400 1747 1407 .
1757 1400 1763 1407 .
1773 1401 1780 1409 .

101 1424 270 1463 Imagines
284 1434 370 1464 quas
384 1427 481 1455 etiam
495 1428 528 1455 in
542 1428 575 1455 F.
594 1428 622 1456 1.
635 1427 701 1463 legi
714 1431 843 1456 monent
857 1431 1010 1462 excerpta
1024 1428 1065 1456 ad
1078 1434 1181 1462 marg.
1197 1427 1245 1455 ed.
1261 1426 1349 1456 Colv.

96 1473 133 1501 L.
146 1473 185 1500 R.
200 1472 222 1500 f.
269 1469 337 1499 deli
348 1470 558 1501 Lt'bern‘lunt.
575 1473 604 1500 1.

154 1582 354 1634 collapsa.
417 1582 502 1635 [De
540 1583 647 1621 vocis
691 1582 973 1634 significatione

97 1637 146 1677 cs.
161 1635 436 1679 RuhnkDict.
450 1640 498 1678 ad
515 1640 735 1690 Suet.Aug.
751 1643 815 1680 99.
831 1643 971 1691 p.209.

99 1699 139 1733 et
162 1694 212 1733 ad
237 1695 395 1734 Heroid.
421 1709 460 1747 p.
486 1696 602 1749 208.]

148 1765 324 1804 prorsus
337 1753 378 1791 in
395 1757 576 1805 pectore.
615 1751 757 1791 Contra
780 1752 972 1790 inconcin-

96 1808 226 1847 nitatis
251 1809 559 1855 accusationem,
586 1822 702 1860 quam
727 1808 867 1847 Heins.
894 1822 971 1846 mo-

96 1869 207 1903 verat
232 1879 392 1917 pereso*
409 1871 579 1917 pectore
608 1866 838 1911 restituens,
870 1865 970 1904 haec

97 1922 214 1959 verba
227 1921 331 1961 Outl.
345 1922 397 1960 ita
411 1921 603 1960 defendit:
630 1921 717 1960 Non
733 1926 880 1960 temere
895 1935 968 1973 ego

97 1978 189 2028 quid
214 1979 338 2016 ausim
363 1981 528 2025 mutare,
555 1979 645 2028 quia
659 1979 733 2017 ista
747 1980 787 2017 in
798 1983 970 2029 pectore

96 2034 248 2072 videtur
289 2034 484 2085 Apuleius
532 2048 732 2086 opponere
780 2039 968 2073 externae

97 2091 237 2129 actioni
260 2089 303 2128 *et
326 2092 511 2129 sereniori
526 2089 704 2129 Charites
729 2090 863 2129 vultui.
888 2090 972 2130 Ex-

92 2148 289 2185 trinsecus
303 2147 490 2197 tingebat,
515 2160 562 2185 se
575 2161 649 2185 non
664 2147 764 2186 adeo
778 2151 970 2185 moestam

95 2203 281 2254 ampliuS,
307 2203 381 2241 sed
395 2205 496 2242 intus
511 2204 598 2242 etin
612 2207 773 2256 pectore
786 2204 972 2255 carpebat

96 2261 264 2297 animum
296 2261 380 2297 sive
410 2273 456 2298 se
489 2261 627 2311 ipsam.
661 2259 781 2299 lmmo
812 2262 970 2300 animas

96 2317 138 2355 in
161 2321 335 2367 pectore
361 2316 506 2363 dicitur,
532 2320 573 2354 ut
599 2317 762 2356 Graecis
787 2312 913 2368 θυμὸς
937 2320 974 2356 ἐν

94 2372 235 2424 ᾳρεσίν.
285 2373 368 2411 Sed
393 2376 432 2411 et
456 2372 608 2411 Latinis
634 2386 742 2413 meus
765 2374 907 2419 animi,
934 2377 974 2412 et

93 2442 204 2468 mens
225 2430 464 2482 animusque
481 2442 604 2481 saepe
619 2430 840 2480 iunguntur,
866 2430 971 2469 unde
992 2455 998 2463 ·

94 2484 199 2524 Veli,
225 2484 273 2524 ll.
300 2489 364 2527 66.
396 2499 610 2538 erumpens
633 2487 792 2524 animo
817 2500 874 2525 ac
893 2501 970 2538 pe-

95 2546 234 2581 ctore
257 2542 509 2594 indiynatio.
536 2542 600 2580 De
626 2543 753 2593 priore
774 2542 836 2581 adi
857 2544 974 2581 etiam

94 2598 236 2637 Graev.
262 2597 313 2635 ad
336 2597 500 2637 Hesiod.
517 2596 620 2651 Ἕργ.
644 2602 736 2639 381.
764 2597 829 2650 [cf.
844 2599 973 2638 Doed.

94 2655 190 2706 Syn.
214 2654 317 2693 TN.
332 2668 369 2705 p.
387 2655 470 2707 91.]
498 2655 682 2706 Alioquin
709 2668 778 2706 pro
802 2669 974 2707 prorsus

93 2711 130 2749 in
158 2711 353 2750 nonnullis
368 2711 481 2750 codd.
497 2716 603 2750 extat
614 2725 764 2751 rursus.
797 2711 879 2750 Sed
894 2725 973 2750 vox

87 2781 264 2819 prorsus
288 2768 456 2818 singulis
482 2768 565 2806 sere
597 2769 749 2819 paginis
781 2767 855 2806 hac
879 2781 968 2806 sen-

91 2824 212 2862 tentia
243 2826 406 2863 occurrit
434 2825 539 2876 apud
566 2828 758 2869 nostrum,
790 2826 968 2874 quamvis

91 2879 235 2926 fatear,
274 2893 465 2931 nusquam
496 2881 686 2931 subsequi
716 2882 836 2919 itmno
862 2894 967 2919 vero.

91 2935 193 2974 Huic
207 2935 291 2975 loco
304 2938 480 2988 proxime
494 2936 748 2977 acceditMet.
758 2936 967 2989 lV.p.288.

91 2992 247 3032 nnllam
270 2994 431 3045 quidem
448 3008 655 3046 prorsus
672 2995 877 3033 sarcinam
897 2994 971 3033 vel

93 3050 288 3087 omnino
313 3049 409 3089 licet
431 3051 548 3090 vilem
567 3051 761 3090 laciniam
776 3053 968 3103 ferentes.

92 3103 295 3157 [Prorsus
317 3118 410 3144 vero
437 3120 555 3159 quum
578 3120 668 3146 mea
699 3107 857 3158 quidem
881 3119 968 3144 sen·

88 3162 212 3200 tentia
236 3175 312 3201 non
337 3162 387 3200 ad
412 3165 531 3204 immo
555 3177 650 3204 vero
674 3163 750 3202 sed
768 3163 819 3202 ad
839 3164 882 3202 in
897 3177 968 3216 pe-

1845 1344 1908 1364 uon

1795 1388 1908 1417 quam.

1398 1424 1556 1465 defuncti
1571 1434 1634 1455 non
1655 1426 1856 1461 conspicitur
1875 1426 1910 1454 in

1034 1587 1147 1622 ctore
1183 1582 1317 1620 referri
1353 1582 1515 1627 debeat,
1559 1581 1805 1633 respondens
1847 1595 1909 1619 se-

1033 1639 1165 1689 quenti
1188 1640 1354 1690 pem'tas
1379 1640 1420 1677 iu
1453 1638 1652 1684 medullis,
1680 1652 1754 1676 non
1781 1637 1908 1684 video,

1033 1696 1122 1747 quid
1151 1695 1379 1734 offensionis
1404 1695 1466 1733 hic
1492 1694 1567 1733 loci
1594 1694 1766 1746 habeat]

1088 1753 1288 1804 imagyines
1302 1752 1509 1802 defuncti,
1537 1765 1639 1804 qnos
1658 1752 1717 1790 ad
1730 1751 1910 1790 habitum

1030 1809 1100 1848 dei
1115 1808 1258 1847 Liberi
1275 1811 1540 1861 formaverat.
1579 1806 1751 1845 Primum
1766 1807 1910 1846 librarii

1030 1864 1276 1903 offenderunt
1312 1865 1347 1902 in
1386 1864 1525 1915 plurali
1562 1877 1742 1909 numero,
1793 1876 1910 1914 quem

1029 1922 1161 1972 optimi
1182 1921 1296 1960 codd.
1317 1925 1357 1959 et
1377 1921 1465 1959 edd.
1481 1923 1571 1958 vett.
1593 1918 1782 1971 plurimae
1801 1933 1911 1971 prae·

1027 1978 1138 2023 bent,
1165 1990 1399 2028 quamquam
1426 1976 1539 2015 liuius
1566 1976 1745 2015 lectionis
1771 1989 1820 2015 ne
1843 1976 1911 2014 ad-

1027 2034 1174 2072 monuit
1193 2034 1349 2085 quidem
1370 2033 1472 2072 Oud.
1499 2033 1563 2071 De
1587 2046 1696 2070 more
1721 2037 1909 2079 veterum,

1029 2091 1103 2129 sub
1120 2090 1244 2128 forma
1258 2090 1319 2128 dei
1334 2090 1558 2128 defunctum
1570 2090 1777 2128 venerandi
1792 2093 1911 2139 agunt

1029 2145 1211 2185 Beroald.
1229 2147 1292 2198 qui
1303 2146 1545 2186 Laodamia-:-
1559 2150 1598 2184 et
1611 2145 1751 2184 Pollae
1760 2145 1910 2184 Lucani

1030 2204 1205 2254 coniugis
1231 2203 1417 2254 exempla
1446 2202 1612 2254 profert,
1646 2206 1685 2240 et
1709 2201 1910 2248 Pricaeus,

1029 2260 1154 2299 citans
1181 2259 1313 2306 Quint.
1339 2258 1455 2298 Dect.
1482 2257 1532 2297 X.
1563 2264 1627 2299 11.
1651 2273 1689 2310 p.
1706 2262 1799 2300 223.
1827 2259 1910 2298 cla-

1032 2322 1116 2356 mat
1140 2318 1298 2369 itaque,
1325 2317 1482 2356 clamat
1503 2321 1633 2355 mater
1657 2316 1831 2368 infelix.-
1865 2315 1912 2354 Si

1031 2373 1128 2412 milii
1157 2374 1340 2426 aliquam
1370 2373 1589 2425 imayiuem
1622 2373 1704 2425 filii
1731 2373 1808 2410 mei
1838 2376 1910 2411 etc.

1031 2431 1234 2480 auferres,
1260 2430 1469 2469 iniicerem
1500 2433 1632 2468 {amen
1657 2429 1801 2467 misera
1823 2432 1910 2466 iau-

1031 2500 1151 2539 quam
1177 2487 1351 2537 corpori
1374 2499 1554 2530 nimium,
1585 2485 1699 2523 illam
1722 2483 1910 2523 similitu-

1035 2543 1170 2581 dinem
1192 2544 1294 2596 flens
1318 2547 1511 2587 tenerem,
1544 2541 1640 2580 illos
1667 2541 1825 2586 oeulos,
1863 2540 1911 2578 il-

1034 2598 1112 2638 lam
1135 2599 1413 2652 yratissimam
1430 2599 1598 2649 faeiem,
1625 2602 1664 2636 et
1681 2598 1808 2636 rictus
1829 2597 1912 2635 oris

1033 2669 1247 2707 expressos
1266 2660 1305 2694 et
1321 2654 1588 2694 admnbraios
1602 2654 1776 2705 artificis
1789 2666 1912 2692 manu

1032 2711 1165 2751 vultus
1189 2714 1229 2750 et
1255 2711 1354 2749 Stat.
1382 2710 1479 2748 Silv.
1512 2709 1556 2747 ll.
1594 2714 1629 2750 7.
1660 2713 1753 2749 124.
1792 2708 1921 2747 Haec'

1028 2773 1066 2807 te
1102 2781 1186 2807 non
1224 2768 1365 2806 ilciasis
1398 2780 1570 2818 procax
1602 2766 1760 2804 dolosis
1795 2765 1910 2803 Falsa·

1027 2824 1201 2863 nominis
1214 2824 1353 2863 induit
1361 2825 1534 2875 stouras
1558 2821 1696 2873 Ipsum
1711 2821 1783 2860 sed
1797 2821 1910 2867 colit,

1028 2886 1067 2920 et
1088 2883 1330 2933 frequentat
1348 2881 1482 2931 ipsum
1496 2879 1591 2917 Imis
1610 2878 1734 2918 altius
1746 2878 1912 2916 insitum

1026 2936 1216 2976 medullis
1226 2935 1376 2987 Spanh.
1386 2935 1435 2972 (le
1447 2933 1598 2973 Praest.
1607 2933 1722 2972 Num.
1732 2932 1758 2971 I.
1770 2946 1806 2984 p.
1816 2936 1911 2974 439.

1027 2992 1160 3031 Burm.
1174 2993 1224 3031 ad
1240 2992 1348 3030 Suet.
1365 2991 1487 3040 Calig.
1500 2995 1534 3030 7.
1551 2991 1667 3030 cuius
1680 2990 1913 3043 effiyiem

1029 3048 1199 3088 habitu
1234 3047 1501 3100 Cupidinis
1538 3046 1762 3086 dedicavit.
1814 3045 1913 3098 [Hic

1027 3118 1135 3150 mos,
1167 3106 1242 3143 sub
1276 3105 1438 3143 deorum
1464 3102 1589 3141 forma
1614 3103 1823 3142 defunctos
1846 3115 1911 3140 ve-

1028 3161 1204 3208 nerandi,
1248 3159 1498 3213 potissimum
1544 3173 1592 3198 ex
1637 3161 1912 3211 imperatorum
