2221 3667
288 156 307 177 Γ

287 155 368 198 036
539 155 589 197 L.
620 154 835 196 APULEII
866 155 1268 197 MADAURENSIS
1298 155 1842 196 METAMORPHOSEON

285 266 470 307 luxmiae
496 267 666 319 deliciis,
694 269 882 323 fugientis
909 281 1038 308 comes
1064 272 1104 307 et
1127 266 1336 306 infortunii
1361 266 1491 316 socia,
1520 273 1635 307 tonso
1660 267 1798 321 capillo
1828 267 1869 307 in
1900 267 2082 307 masculi-

286 336 377 363 nam
403 323 542 364 faciem
567 326 783 366 reformato
816 324 969 373 habitu,
1005 322 1301 375 pretiosissimis
1331 322 1534 362 monilium
1565 329 1605 362 et
1636 335 1734 363 auro
1759 323 1945 364 monetali
1968 323 2082 364 zonis

284 450 488 490 infortuniis
507 452 602 481 socia
619 453 657 482 Β.
679 456 709 482 et
727 454 804 482 Bas.
827 452 868 489 1.,

285 493 479 536 deformato
492 498 530 527 B.

287 604 336 645 T.
360 604 405 643 ΙΙ.
438 619 477 657 p.
505 610 582 647 178
608 619 695 656 sqq.
747 604 873 649 Quam
906 616 1039 654 parum
1069 603 1158 643 Afri

286 663 533 712 potissimum
567 662 653 700 huic
696 660 904 698 discrimini
947 660 1159 705 tribuerint,

287 732 388 756 unus
402 719 597 756 Arnobius
611 716 792 766 exemplo
808 729 902 754 esse
915 720 1066 767 potest,
1094 717 1159 767 qui

286 773 406 812 lile.
420 778 482 814 64.
500 788 546 812 ea
560 772 745 810 cumulat:
771 777 816 812 ut
828 773 879 811 ab
894 773 1159 823 indulnqentia

281 830 519 882 principali
563 842 801 880 quemquam
842 828 1053 880 repellit
1087 833 1160 868 aut

287 887 513 937 respicit,
544 888 623 922 tum
648 886 940 936 aspernanti
962 886 1156 937 fnyien-

289 943 412 993 tique
437 941 668 992 lonyissime
686 944 725 978 et
746 940 862 991 paulo
878 944 970 991 post
994 955 1155 991 asper-

287 998 442 1041 naris,
475 998 742 1035 contemnis
773 1001 810 1035 et
834 997 1078 1048 despicis?
1113 1002 1156 1036 tec

288 1053 363 1092 tibi
375 1054 549 1091 munert's
561 1053 886 1092 commmlitatem
902 1053 1155 1104 probaveris,

288 1122 389 1159 quae
421 1109 568 1147 codicis
601 1109 716 1147 lectio
743 1109 989 1147 emendanda
1015 1114 1075 1147 est
1101 1110 1154 1147 in:

287 1170 332 1204 tec
353 1165 425 1203 tibi
443 1166 617 1204 numeris
637 1166 961 1204 commoditatem
986 1167 1044 1204 im
1051 1180 1082 1217 p
1092 1180 1159 1204 ro-

288 1221 480 1260 baveris
506 1223 526 1259 i.
553 1235 586 1259 e.
617 1222 813 1267 reieceris,
846 1222 986 1260 irritam
1018 1222 1160 1260 seceris

288 1290 335 1316 ac
354 1277 598 1329 despexeris.
635 1276 844 1316 Praecedit
863 1279 982 1316 enim:
1015 1280 1081 1318 Vis
1101 1293 1160 1318 szt-

287 1347 394 1372 mcre
416 1335 530 1386 qnod
551 1337 720 1388 offertur
739 1340 864 1387 atque
890 1336 932 1373 in
958 1340 1048 1374 tuos
1068 1349 1161 1375 usus

236 1421 239 1424 .
290 1392 548 1429 convertere?
573 1391 883 1430 consulueris
908 1396 957 1430 tu
981 1392 1102 1443 titul]

346 1446 524 1486 urbicae.
574 1446 638 1497 [cs.
669 1446 768 1484 Met.
793 1446 861 1485 XI.
892 1460 930 1498 p.
957 1451 1050 1488 813.
1078 1461 1162 1486 cro-

288 1503 478 1553 yationes
526 1518 552 1542 u
568 1517 590 1541 7·
604 1503 626 1541 b
644 1504 694 1541 ic
708 1517 733 1541 a
748 1517 768 1542 e
816 1503 950 1541 Barth.
992 1504 1161 1542 Advers.

289 1555 480 1596 XXXIII.
508 1563 546 1598 5.
571 1573 608 1610 p.
638 1559 775 1611 1513]

343 1616 547 1666 sufficietis
573 1629 703 1654 comes
728 1621 767 1654 et
789 1617 1012 1667 infortunii
1035 1617 1161 1655 socia.

289 1668 379 1708 Non
395 1671 688 1720 improbatOud.
699 1672 902 1710 lectionem
912 1674 1162 1724 infortuniis,

291 1726 382 1776 quia
411 1728 546 1766 socius
582 1728 641 1765 sic
672 1728 800 1766 dativo
833 1730 1010 1778 iungatur
1034 1742 1161 1778 aeque

289 1795 336 1820 ac
360 1783 528 1833 genitivo
555 1783 643 1821 coll.
670 1784 759 1822 dict.
783 1784 867 1822 suis
892 1788 931 1822 et
956 1784 1085 1822 Burni.
1112 1784 1163 1822 ad

288 1837 437 1876 Lucan.
475 1838 519 1877 ll.
552 1843 646 1880 346.
684 1840 791 1878 Non
828 1854 888 1879 me
925 1841 1163 1880 laetorum

288 1897 470 1933 sociam
496 1896 695 1948 rebusque
718 1910 860 1936 secun
871 1897 946 1935 dis
972 1897 1163 1948 Ασεὶμίες

287 1952 329 1989 iu
345 1964 467 1991 curas
481 1953 595 1990 venio
604 1957 768 2003 partem
783 1953 970 1992 laborum
991 1953 1061 1991 Sil.
1076 1952 1161 1993 Ital.

300 2005 356 2045 Q'l.
382 2011 475 2047 372.
512 2010 677 2061 ratique
715 2009 933 2060 lmpose‘tus
968 2011 1163 2049 moestis

287 2064 468 2102 socium
503 2078 564 2103 me
603 2066 797 2104 casibus
833 2066 960 2105 addo.
1026 2066 1164 2105 Comes

287 2123 417 2157 autem
444 2124 484 2158 et
506 2122 641 2159 socias
671 2123 820 2172 passim
851 2122 972 2172 iungi,
1004 2122 1162 2161 demon-

286 2179 384 2214 strat
392 2175 496 2214 Oud.
511 2190 561 2214 ex
574 2176 710 2216 Horat.
724 2178 800 2216 Od.
816 2177 842 2216 Ι.
860 2183 895 2218 7.
911 2182 974 2219 26.
991 2178 1161 2218 Sihxv.

287 2235 382 2272 345.
407 2232 542 2272 Manil.
569 2232 614 2272 II.
644 2238 735 2274 121.
773 2235 946 2273 vavass.
979 2235 1030 2273 dc
1056 2237 1092 2273 vi
1123 2239 1163 2274 et

286 2302 361 2326 usu
374 2290 524 2328 verbor.
551 2289 711 2341 [quibus
737 2290 839 2329 adde
853 2292 932 2330 Cic.
959 2291 1085 2342 Epist.
1112 2292 1164 2331 ad

285 2344 441 2384 Divers.
461 2345 568 2384 XIII.
591 2351 654 2386 71.
682 2348 726 2387 Τ.
742 2347 922 2398 Αἰιμιςίιιε
947 2353 985 2386 et
1010 2362 1164 2388 comes

286 2415 395 2441 meus
416 2403 504 2453 suit
532 2403 609 2441 illo
639 2404 863 2441 miserrimo
895 2409 1092 2456 tempore,
1125 2410 1164 2444 et

288 2459 461 2497 omnium
476 2460 681 2504 itinerum,
701 2462 1030 2512 uariyatioumn,
1053 2461 1163 2500 labo-

284 2527 392 2559 rum,
415 2515 697 2565 pert'culoram
722 2530 898 2555 meorum
927 2519 1090 2557 socius
1119 2521 1161 2556 ut

287 2568 380 2609 Tac.
397 2571 530 2610 Germ.
549 2576 610 2611 18.
627 2571 703 2610 Cic.
719 2586 788 2623 pro
805 2573 916 2611 Fout.
932 2587 961 2611 c.
977 2578 1038 2613 17.
1054 2574 1158 2625 §.39.

285 2627 387 2666 Τιιηι
424 2629 546 2674 enim,
586 2630 690 2667 vitae
720 2631 872 2674 socia,
909 2632 1052 2669 mortis
1083 2645 1159 2670 co-

283 2696 376 2722 mes
399 2684 543 2735 yloria
564 2686 728 2737 fassset,
754 2689 795 2723 ut
815 2686 849 2723 in
870 2699 1021 2736 praegr.
1045 2686 1074 2736 ὃ.
1093 2691 1158 2727 37.

284 2738 450 2778 dixerat:
493 2746 531 2779 et
565 2741 714 2780 habere
745 2743 857 2780 domi
889 2745 1157 2794 fortunarum

285 2797 460 2835 onmium
484 2811 502 2835 s
516 2811 539 2835 0
554 2799 598 2837 ci
612 2813 636 2836 u
650 2812 685 2836 ιιι
713 2812 747 2850 p
762 2813 785 2837 a
802 2813 821 2836 r
834 2804 850 2837 t
864 2801 877 2836 i
892 2814 914 2837 c
929 2800 984 2850 ip
1000 2814 1019 2838 e
1033 2814 1156 2852 mque

280 2858 450 2901 possunt
488 2852 602 2892 Caes.
641 2853 690 2891 de
721 2854 768 2892 B.
802 2854 842 2894 C.
870 2854 934 2893 Ill.
961 2860 1025 2896 80.
1059 2856 1089 2906 ξ.
1116 2860 1154 2896 3.

286 2920 406 2957 quum
430 2923 470 2947 se
496 2911 693 2949 victoriae
717 2912 914 2963 Pompeii
937 2914 1154 2952 comitem

284 2965 529 3011 essemallet,
558 2981 678 3018 quam
704 2971 886 3008 socium
915 2969 1104 3008 Caesaris
1116 2970 1159 3008 in

281 3019 399 3059 rebus
413 3022 603 3061 adversis.
629 3023 679 3062 cs.
689 3022 845 3063 Ruhnk.
863 3024 964 3063 Dict.
978 3025 1028 3062 ad
1042 3024 1156 3064 Ovid.

282 3073 538 3116 HeroidNH.
567 3083 659 3120 158.
685 3093 723 3130 p.
744 3084 808 3121 53.
835 3080 1156 3121 VarassAntib.

280 3143 318 3181 p.
345 3134 438 3172 507.
465 3137 557 3174 508.
584 3136 646 3175 ed.
677 3135 809 3189 Kapp.
839 3137 954 3177 Mart.
979 3137 1079 3189 Lag.
1105 3139 1157 3177 ad

902 450 986 484 quod
1010 456 1118 479 errore
1142 449 1266 479 factum
1290 454 1349 479 est.
1379 450 1462 479 Ceu.
1487 451 1577 479 codd.
1602 452 1632 479 et
1651 450 1722 478 edd.
1742 451 1863 479 liabent
1886 449 2081 490 infortunii.

1216 604 1366 644 Lucan.
1392 603 1437 643 II.
1465 607 1558 645 346.
1583 604 1768 643 Attamen
1795 617 1880 643 cum
1893 602 2085 643 Oud.non

1216 662 1460 712 probaverim
1475 662 1680 712 infortuni
1683 662 1731 706 t's,
1758 660 1862 710 quod
1877 659 1976 699 Cort.
1992 673 2083 711 quo-

1218 727 1293 767 que
1318 717 1367 755 ad
1387 717 1535 755 Lucan.
1559 716 1583 755 l.
1598 731 1629 755 c.
1655 716 1836 767 praefert.
1862 715 1962 755 Tota
1985 718 2088 755 enim

1216 772 1292 811 loci
1329 774 1569 812 concinnitas
1600 773 1793 824 postulat,
1829 777 1870 811 ut
1894 773 2086 824 genitivus

1216 829 1279 867 hic
1309 833 1590 880 praeponatur,
1626 829 1689 866 vel
1727 830 1877 879 legatur
1904 830 2089 881 fayienti

1216 899 1357 931 comes,
1382 890 1423 924 ut
1449 884 1614 924 Plautus
1640 885 1730 924 dicit
1754 884 1899 924 Pseud.
1920 884 1947 924 Ι.
1967 889 2001 925 1.
2024 889 2088 926 15.

1215 955 1274 980 me
1293 955 1521 992 supremum
1540 942 1718 981 habuisti
1743 943 1959 980 comitem
1983 955 2089 981 con-

1214 999 1346 1037 siliis
1377 999 1490 1043 tuis,
1523 999 1753 1048 praesertim
1779 1011 1895 1048 quum
1919 1011 1937 1036 s
1962 997 2090 1037 littera

1215 1067 1265 1092 ex
1289 1054 1470 1104 sequenti
1491 1053 1679 1092 vocabulo
1702 1054 1853 1093 facilius
1873 1052 2089 1093 adhaerere

1213 1111 1409 1163 potuerit]

1274 1180 1379 1206 auro
1393 1167 1584 1206 monetali
1597 1168 1706 1206 :onis
1717 1167 1883 1219 refertis
1895 1167 2090 1206 incincta.

1221 1221 1277 1275 [In
1316 1236 1414 1261 zoua
1445 1224 1738 1274 peregrinantes
1771 1227 1810 1262 et
1844 1223 2090 1273 negotiantes

1219 1281 1423 1330 pecuniam
1461 1280 1607 1318 habere
1644 1279 1827 1318 solebant
1875 1279 1923 1318 cf.
1960 1277 2089 1318 Plaut.

1218 1335 1405 1374 Poen.V.
1432 1340 1468 1376 2.
1495 1340 1560 1376 48.
1588 1337 1715 1389 Roya
1741 1349 1835 1376 num
1861 1335 1963 1388 quid
1988 1349 2091 1388 opus

1218 1394 1279 1431 sit.
1329 1394 1391 1432 Τιι
1418 1393 1488 1445 qui
1511 1406 1677 1431 zonam
1701 1407 1783 1431 non
1809 1393 1947 1437 habes,
1976 1392 2091 1438 Quid

1220 1450 1262 1487 in
1283 1449 1390 1488 lianc
1412 1449 1551 1487 venisti
1576 1449 1729 1494 urbem,
1755 1455 1828 1489 aut
1848 1448 1951 1501 quid
1971 1462 2090 1501 quae-

1220 1505 1322 1543 τίἰίε.
1354 1503 1527 1543 Phaedr.
1557 1504 1623 1543 IV.
1652 1509 1715 1545 21.
1746 1510 1807 1545 11.
1841 1505 1902 1543 Hi
1931 1518 2092 1547 zonas.

1220 1561 1286 1599 illi
1310 1574 1372 1599 res
1395 1562 1600 1611 pretiosas
1625 1562 1847 1614 colliyzmt,
1884 1561 1948 1599 ubi
1973 1574 2093 1599 zonas

1220 1617 1463 1655 retinendum
1500 1620 1580 1661 est,
1618 1618 1706 1667 quia
1745 1618 1806 1656 hic
1840 1631 1909 1669 pro
1939 1618 2093 1667 magnis

1222 1673 1382 1717 divitiis.
1409 1686 1478 1723 pro
1502 1674 1668 1724 pecunia
1693 1675 1728 1711 in
1754 1675 1977 1712 universum
2002 1673 2094 1711 dici-

1219 1733 1297 1774 tur,
1325 1728 1413 1766 licet
1439 1728 1594 1774 Heius„
1626 1730 1690 1780 qui
1714 1744 1816 1769 zoua
1842 1734 1881 1769 et
1903 1729 1969 1768 illi
1986 1727 2094 1780 legit,

1220 1785 1271 1823 ad
1296 1789 1470 1823 nostrum
1496 1785 1622 1824 locum
1646 1799 1860 1837 provocare
1885 1786 2094 1837 potuisset,

1221 1854 1272 1879 ex
1297 1855 1372 1892 quo
1394 1854 1471 1879 non
1491 1842 1618 1880 solum
1639 1844 1863 1893 pecuniam,
1888 1842 1962 1880 sed
1977 1843 2092 1880 etiam

1220 1912 1284 1936 res
1309 1898 1619 1950 pretiosissimas
1639 1899 1674 1936 in
1701 1900 1810 1937 zonis
1826 1898 2095 1937 recondidisse

1220 1958 1376 1993 veteres
1391 1959 1564 2006 apparet.
1586 1954 1748 1993 Taubm.
1763 1956 1810 1994 ad
1827 1955 1955 1994 Plaut.
1968 1955 2093 1994 Merc.

1220 2011 1270 2050 V.
1282 2015 1317 2051 2.
1327 2010 1487 2063 8411]ΐί
1497 2011 1546 2049 ad
1554 2010 1646 2050 Hor.
1657 2011 1783 2063 Epist.
1795 2011 1838 2050 II.
1849 2016 1887 2052 2.
1896 2016 1960 2052 40.
1971 2011 2093 2051 Salm.

1221 2068 1272 2105 ad
1287 2066 1454 2106 Pescen.
1475 2067 1583 2118 Nigr.
1604 2081 1635 2106 c.
1654 2072 1716 2108 10.
1733 2067 1776 2106 T.
1793 2067 1822 2109 Ι.
1840 2081 1876 2119 p.
1893 2071 2005 2113 669„
2029 2068 2095 2106 ubi

1222 2124 1431 2175 legendum
1457 2128 1519 2162 est
1544 2137 1594 2162 ex
1613 2124 1724 2163 codd.
1739 2123 1867 2164 Palat.
1888 2125 2094 2175 scriptura:

1220 2182 1327 2220 idem
1352 2182 1482 2226 iussit,
1507 2194 1557 2220 ue
1580 2194 1681 2220 zona
1706 2181 1850 2220 milites
1870 2182 1928 2220 acl
1948 2181 2097 2221 bellum

1220 2238 1313 2276 item.
1339 2250 1485 2277 aureos
1509 2237 1573 2276 vel
1594 2242 1810 2289 argenteos
1833 2251 1974 2277 numos
1993 2250 2094 2289 por-

1223 2298 1378 2333 tarent.-
1415 2307 1464 2332 ne
1492 2295 1535 2331 in
1565 2307 1668 2332 zona
1696 2294 1842 2333 milites
1866 2294 1923 2333 ad
1950 2293 2095 2333 bellum

1222 2351 1345 2389 ituri
1383 2364 1531 2389 aurcos
1566 2351 1631 2389 vel
1664 2355 1881 2402 arqenteos
1915 2363 2096 2389 nummos

1216 2411 1451 2458 portarent.
1495 2405 1680 2445 Salmasii
1707 2407 1930 2445 coniectura
1953 2419 2094 2445 zonam

1222 2463 1368 2502 milites
1387 2463 1434 2501 id
1453 2467 1510 2502 est
1523 2476 1669 2502 aureos
1684 2462 1746 2501 ccl
1756 2467 1972 2516 aryenteos
1984 2475 2094 2501 num·

1218 2533 1302 2558 mos
1327 2520 1481 2557 omnino
1507 2518 1697 2571 displicet.
1729 2519 1800 2558 Ad
1825 2519 1971 2558 bellum
1994 2519 2095 2557 ituri

1219 2580 1282 2613 est
1296 2577 1354 2614 ml
1363 2576 1570 2628 proelium
1583 2576 1694 2621 ituri,
1705 2575 1809 2626 quod
1823 2588 1936 2627 seqq.
1946 2575 2094 2627 optime

1218 2632 1452 2671 confirmant.
1489 2631 1581 2670 Non
1594 2631 1722 2670 solum
1736 2633 1857 2677 viros,
1882 2631 1958 2670 sed
1977 2631 2095 2669 etiam

1218 2688 1401 2726 mulieres
1426 2690 1462 2727 in
1489 2688 1590 2727 hunc
1613 2701 1726 2726 usum
1752 2701 1873 2726 zonas
1898 2691 2094 2739 portasse,

1215 2745 1355 2795 probat
1368 2744 1512 2783 Laxar.
1534 2744 1696 2796 Bayfius
1717 2744 1767 2782 de
1786 2744 1834 2783 R.
1849 2744 1964 2783 Vest.
1979 2758 2011 2782 c.
2029 2747 2094 2789 18,

1214 2801 1250 2839 in
1289 2801 1431 2840 Graev.
1471 2801 1594 2841 Thes.
1629 2800 1718 2839 Ant.
1751 2800 1796 2839 T.
1828 2799 1896 2839 Vl.
1927 2813 1966 2851 p.
1998 2803 2093 2841 597.

1214 2859 1278 2908 qui
1304 2858 1354 2896 de
1379 2859 1490 2896 zonis
1513 2859 1730 2896 accuratius
1754 2858 1851 2907 agit,
1876 2857 1998 2895 nostri
2018 2855 2094 2895 loci

1212 2913 1331 2965 plane
1358 2914 1512 2953 oblitus.
1541 2914 1721 2960 Quocum
1744 2917 1874 2951 tamen
1902 2927 1976 2952 non
2002 2926 2093 2952 con·

1218 2971 1364 3016 sentio,
1391 2972 1535 3010 citante
1560 2971 1611 3008 de
1630 2970 1705 3009 hoc
1726 2983 1834 3008 more
1853 2969 1983 3008 locum
2003 2969 2093 3008 Pla-

1217 3030 1296 3065 ton.
1310 3002 1440 3066 Alcib.
1456 3027 1483 3066 I.
1499 3027 1530 3077 ς’.
1545 3031 1613 3068 40.
1638 3027 1718 3092 me}
1742 3041 1817 3065 ποτ
1849 3023 1921 3078 ἐμὲ
1946 3041 2039 3078 ηκοι
2042 3041 2094 3066 σοι

1216 3081 1262 3122 ἀι
1265 3081 1385 3136 δρὸς
1366 3084 1587 3131 αξιοπιστου
1600 3085 1675 3122 τῶν
1688 3098 1734 3121 αι
1736 3079 1976 3148 rcsssssquozoev
1988 3097 2095 3133 παρα

1215 3139 1385 3191 βιισιλεα,
1422 3137 1464 3186 ὃς
1499 3138 1570 3191 ἔφη
1605 3140 1816 3192 παρελθεῖν
1845 3135 1972 3193 χώραν
1995 3154 2094 3178 nmo

2216 614 2220 622 ι

2215 627 2219 642 t
