2155 3590
641 126 828 167 LIBER
857 126 933 167 111.
992 125 1120 168 CAP.
1156 124 1300 165 xxii.
1794 122 1869 168 191

85 239 273 279 attonitus
297 239 337 278 in
363 235 570 279 amentiam
590 237 597 293 1
617 238 788 292 vigilans
820 239 1065 289 somniabam
1103 237 1278 278 defrictis
1310 236 1406 275 adeo
1440 236 1504 275 diu
1537 236 1709 290 pupulis,
1737 249 1784 276 an
1815 237 1876 276 vi-
1899 237 1964 270 215

85 295 247 348 gilarem
272 295 375 336 scire
411 295 658 348 quaerebam.
704 295 879 335 Tandem
907 296 1072 348 denique
1107 306 1293 334 reversus
1325 292 1372 331 ad
1403 306 1560 332 sensum
1593 293 1873 346 praesentium,

85 358 242 405 arrepta
278 365 395 391 manu
431 350 583 391 Fotidis
614 358 653 390 et
682 352 837 391 admota
873 352 970 392 meis
1002 350 1232 391 luminibus:
1281 347 1446 398 Patere,
1487 362 1556 388 oro
1593 355 1652 398 tc,
1692 349 1872 402 inquam,

85 408 172 447 dum
211 407 329 447 dictat
353 407 530 457 occasio,
568 420 711 460 magno
743 415 781 447 et
816 408 1029 461 singularis
1065 421 1126 447 me
1156 404 1374 446 affectionis
1406 411 1495 444 tuae
1528 405 1655 444 fructu
1675 404 1680 459 Ι
1703 405 1872 458 perfrui,
1902 404 2000 450 [139]

84 471 123 503 et
145 463 346 518 impartire
372 464 482 503 nobis
519 463 718 504 unctulum
749 464 936 514 indidem,
976 478 1045 518 per
1080 463 1176 503 istas
1214 469 1300 502 tuas
1327 460 1509 515 papillas,
1550 474 1636 500 mea
1666 461 1874 512 mellitula3

83 526 267 573 tuumque
303 519 536 574 mancipium
575 519 894 560 irremunerabili
931 519 1123 560 beneficio
1164 518 1220 559 sie
1260 517 1330 558 tibi
1361 524 1546 571 perpetuo
1574 516 1580 572 Ι
1607 516 1793 570 pignera,
1832 531 1878 557 ac
1902 518 1967 553 216

26 576 33 582 “
83 575 161 615 iam
196 576 360 630 perfice,
399 583 443 616 ut
478 590 588 617 meae
624 575 775 616 Veneri
813 574 964 630 Cupido
1007 576 1190 630 pinnatus
1227 574 1410 615 assistam
1435 573 1520 613 tibi.
1588 573 1690 623 Ain,
1729 573 1877 627 inquit,

83 706 185 741 atque
199 704 386 733 attonitus.
411 706 493 739 quod
507 705 640 733 dubium
653 705 805 739 relinquit
821 706 1037 737 Lindeubrog.
1051 706 1161 733 aiens:
1188 712 1252 732 non
1266 705 1369 740 atquc
1381 703 1439 731 sed
1453 705 1485 729 el
1499 702 1656 736 scriptum
1669 698 1773 730 fuisse
1787 710 1880 730 vero-

83 749 207 786 simile,
233 756 275 777 an
292 750 475 778 Florentini
493 750 582 778 istud
601 752 787 784 praebeant.
812 752 894 779 Nam
913 750 946 778 in
966 754 1038 778 cell.
1059 752 1141 778 Mss.
1161 750 1246 777 haud
1265 752 1444 782 comparet.
1468 755 1572 781 neque
1591 747 1625 775 in
1645 749 1713 775 ulla
1725 748 1785 776 Ed.
1806 752 1881 775 ante

81 794 221 823 Vulcan.
233 816 240 830 ,
264 795 312 823 uti
330 802 390 823 uec
408 795 443 823 iu
457 796 565 823 U'ow.
584 803 644 823 nec
663 799 710 823 est
731 796 920 824 necessaria
939 797 1057 828 copula
1074 794 1215 828 Apuleio
1234 801 1334 828 saepe
1347 786 1517 821 ἀσύνδετα
1530 793 1704 827 participia
1716 792 1880 827 iungente.

82 840 115 873 ls
136 843 241 868 tamen
262 842 399 875 copulae
419 840 565 868 desectus
585 839 690 868 fuisse
710 847 832 869 caussa
850 840 996 873 videtur,
1023 847 1079 867 cur
1102 839 1268 868 Meursius
1282 839 1452 872 sequentia
1466 838 1635 865 attonitus
1649 836 1683 864 ia
1697 837 1880 864 amentiam

83 888 114 911 ut
130 885 275 918 glossam
288 885 427 912 voluerit
441 885 551 913 induci
565 885 707 913 Exercit.
720 886 775 913 IV.
795 882 844 913 17.
892 884 925 912 -ιίι
940 884 1091 912 amentia
1105 885 1139 912 F.
1152 886 1179 913 l.
1205 884 1325 912 Mirum
1338 887 1385 912 est
1399 883 1482 912 istas
1496 891 1595 911 voces
1609 887 1673 911 lam
1686 890 1801 910 secure
1809 882 1882 910 Pri—

83 936 197 957 caeum
210 930 420 963 praeteriisse
431 952 438 966 ,
464 930 560 963 quasi
574 937 735 963 nusquam
748 935 911 960 extarent,
939 937 1035 963 quum
1049 932 1141 957 solus
1161 936 1218 957 eas
1233 937 1249 956 e
1264 932 1352 956 textu
1366 928 1497 956 eiecerit
1511 928 1710 962 Vulcanius,
1737 928 1812 955 dum
1827 935 1881 955 ce-

84 974 142 1001 teri
159 974 326 1003 ediderunt
341 973 516 1002 adtonitus
529 974 562 1001 in
577 982 672 1001 amen
679 974 759 1001 tiam
775 976 878 1003 Seriv.
892 975 925 1002 ite
940 975 1121 1001 canentiam
1137 972 1329 1003 adtonitus.
1355 975 1432 1002 Bas.
1450 975 1476 1002 l.
1491 976 1519 1000 e(
1534 973 1654 1001 Florid.
1674 972 1708 999 in
1719 972 1881 999 umentia.

84 1020 146 1047 Sed
171 1019 213 1047 cf.
234 1022 310 1048 Met.
328 1021 352 1047 Ι.
376 1028 403 1054 p.
418 1021 471 1048 37.
497 1019 530 1046 ia
550 1022 723 1055 stuporem
743 1017 928 1048 adtonitus.
948 1021 1003 1048 m.
1025 1027 1053 1053 p.
1078 1021 1149 1048 190.
1175 1019 1208 1046 in
1228 1018 1442 1046 contrariam
1469 1016 1726 1056 obstupefactus
1736 1016 1881 1056 faciem.

83 1063 278 1091 somm'abar
297 1065 334 1094 F.
348 1065 378 1093 3.
398 1066 434 1093 G.
447 1066 486 1093 Ι).
500 1066 535 1093 L.
552 1066 586 1093 P.
601 1062 629 1093 δ’.
644 1066 680 1092 R.
697 1064 718 1093 f.
739 1066 786 1093 ed.
806 1073 852 1099 pr.
871 1066 954 1093 Iuni.
969 1067 998 1093 ι).
1020 1065 1126 1092 Ceteri
1139 1065 1228 1092 codd.
1243 1067 1274 1091 et
1287 1065 1334 1092 ed.
1349 1062 1566 1091 smuniabam.
1613 1060 1787 1090 destrictis
1802 1072 1834 1096 φ.
1849 1062 1882 1101 β.

83 1106 251 1137 districtis
272 1106 301 1138 δ.
339 1109 490 1148 fricatis
509 1112 552 1137 M.
598 1108 735 1145 pupillis
755 1111 793 1138 D.
813 1118 833 1138 a
847 1117 887 1138 m.
902 1118 927 1137 S.
942 1110 978 1137 B.
993 1106 1021 1136 ὅ.
1040 1117 1068 1142 ρ.
1084 1110 1203 1137 1u111.1.
1219 1109 1310 1136 Colv.
1324 1109 1472 1137 Beroald.
1487 1108 1518 1136 in
1533 1108 1636 1141 notis,
1661 1109 1756 1136 Vulc.
1771 1108 1882 1136 u'ow.

82 1154 169 1182 Prie.
185 1161 224 1182 ac
236 1155 320 1183 Flor.
330 1153 478 1190 popullis
490 1156 526 1183 L.
547 1152 688 1190 papillis
701 1156 735 1182 Ο.
760 1156 801 1182 ΑΙ
817 1154 934 1187 reliqui
948 1156 1029 1181 Mss.
1045 1156 1073 1181 et
1087 1154 1167 1181 Edu.
1183 1161 1255 1181 cum
1269 1153 1428 1181 Gulielmo
1442 1153 1474 1180 in
1488 1153 1593 1181 Veris.
1610 1154 1725 1181 habent
1736 1151 1883 1189 pupulis.

83 1198 167 1226 scite
181 1198 382 1236 quaerebam
395 1201 509 1228 Venet.
525 1201 554 1227 4.
568 1199 673 1227 Paris.
716 1199 947 1234 praesentium
962 1199 996 1226 F.
1012 1200 1042 1226 3.
1057 1200 1093 1226 G.
1107 1199 1145 1226 D.
1161 1199 1196 1225 P.
1211 1199 1245 1226 Β.
1260 1202 1289 1226 el
1303 1199 1373 1226 edd.
1389 1202 1464 1226 vell.
1474 1197 1668 1233 praesentis
1692 1199 1729 1227 F.
1744 1200 1772 1226 1.
1805 1197 1883 1234 pri-

83 1243 207 1271 stinum
221 1243 253 1280 β.
268 1241 296 1272 ὃ.
311 1246 394 1277 quod
407 1244 524 1278 recepit
539 1244 679 1271 sci-iver.
704 1245 751 1272 De
765 1244 900 1277 reliquis
914 1244 1002 1271 codd.
1015 1243 1097 1271 ninii
1110 1245 1149 1270 ab
1164 1243 1243 1271 Oud.
1253 1243 1441 1271 adnotatum
1455 1247 1513 1271 est.
1543 1241 1735 1279 abreptoeL.
1783 1245 1883 1270 ante-

84 1296 185 1325 quam
197 1288 403 1326 projnqnam
416 1290 464 1317 ed.
479 1288 618 1316 Scriver.
666 1286 733 1319 sii-(it
748 1290 781 1317 P.
797 1296 852 1322 pro
867 1286 987 1316 dictat.
1035 1295 1154 1324 magne
1168 1287 1189 1315 f.
1237 1286 1422 1323 singularis
1435 1288 1470 1315 F.
1480 1289 1509 1316 3.
1524 1289 1560 1316 G.
1574 1294 1595 1315 a
1608 1296 1637 1322 p.
1653 1296 1693 1316 ιιι.
1708 1295 1738 1322 p.
1753 1289 1789 1316 B.
1802 1285 1831 1317 ὃ.
1846 1289 1884 1316 R.

84 1332 106 1362 f.
121 1334 170 1362 ed.
183 1341 230 1368 pr.
243 1335 328 1362 Iunl.
341 1335 372 1361 2.
387 1337 415 1362 et
431 1341 542 1361 omnes
553 1355 560 1364 ,
586 1336 618 1360 ut
634 1333 779 1367 videtur,
805 1337 881 1361 ante
894 1334 1034 1361 Vulcan.
1049 1332 1095 1360 uli
1110 1335 1138 1360 et
1151 1333 1300 1360 u'ower.
1325 1333 1362 1360 ln
1382 1332 1498 1360 celeris
1517 1336 1566 1360 est
1586 1331 1762 1369 st'ngulari.
1801 1332 1887 1372 frui

84 1378 120 1406 G.
135 1384 155 1406 a
167 1386 207 1407 m.
222 1386 252 1413 p.
300 1378 474 1414 impertire
487 1379 523 1406 G.
538 1375 566 1406 δ.
580 1379 618 1406 D.
667 1376 824 1415 ungulum
837 1378 952 1406 Venet.
969 1379 998 1406 4.
1012 1377 1118 1405 Paris.
1139 1378 1215 1405 Bas.
1231 1376 1260 1403 1.
1308 1376 1587 1404 irremunerabile
1602 1379 1649 1406 ed.
1664 1386 1709 1412 pr.
1723 1378 1838 1407 Venel.
1853 1380 1883 1406 4.

77 1422 228 1460 pignora
241 1431 270 1457 p.
286 1423 306 1451 f.
321 1425 359 1452 D.
373 1431 394 1451 a
406 1431 435 1451 ιιι
450 1432 478 1458 p.
494 1428 522 1451 et
537 1424 586 1452 ed.
597 1423 701 1451 Colin.
728 1425 764 1450 et
776 1422 843 1449 ιἰιηι
857 1423 892 1450 Ρ.
919 1425 959 1449 αἱ
972 1422 1039 1450 iam
1054 1423 1137 1450 (ss).
1167 1419 1293 1448 Veneri
1305 1421 1418 1450 1·‘.‘l.3.
1434 1423 1469 1449 G.
1483 1423 1521 1450 D.
1536 1423 1574 1452 P.
1589 1423 1609 1451 f.
1625 1424 1659 1452 0.
1674 1420 1702 1451 δ.
1717 1427 1747 1450 et
1761 1423 1806 1451 ila
1820 1423 1885 1452 iam

83 1468 267 1497 emendavit
280 1469 477 1504 Beroaldus,
501 1476 595 1502 quo-111
620 1475 721 1502 prave
739 1472 935 1501 spreverunt
949 1468 1087 1495 editores
1108 1474 1208 1500 usque
1223 1468 1263 1495 ad
1278 1467 1437 1495 Colvium.
1461 1468 1498 1494 In
1511 1468 1715 1502 ceu.1egiuir
1734 1466 1883 1495 Veneris.

77 1516 241 1549 pumatus
253 1514 292 1541 D.
307 1520 327 1541 a
341 1521 370 1548 p.
383 1521 424 1541 m.
437 1535 444 1549 ,
470 1514 552 1547 quod
567 1513 682 1541 deinde
695 1516 735 1541 ab
750 1515 862 1541 eadem
876 1520 975 1541 manu
989 1516 1166 1540 correctum
1180 1516 1245 1548 est.
1273 1512 1305 1539 in
1316 1509 1508 1547 plantatus,
1535 1515 1574 1540 ali
1590 1513 1658 1541 alia
1673 1520 1749 1540 vero
1764 1512 1884 1549 inpia-

83 1561 187 1586 natus
201 1562 229 1587 et
245 1558 279 1586 in
291 1559 438 1593 margine
451 1561 491 1586 ab
505 1558 574 1587 alia
587 1566 712 1592 quoque
726 1562 890 1586 enotatum
903 1562 951 1586 est
967 1556 1239 1593 ala‘e’pigneratus
1253 1560 1286 1585 ul
1300 1558 1415 1585 venet.
1429 1558 1460 1585 2.
1474 1557 1551 1585 Ald.
1564 1557 1692 1586 Vicent.
1714 1561 1741 1586 cl
1756 1559 1840 1586 lunt.
1855 1559 1884 1586 ⁶2.

84 1606 197 1632 contra
210 1604 360 1632 idoneum
373 1611 516 1632 sensum.
564 1602 622 1630 m‘n
636 1604 670 1632 F.
688 1604 716 1632 1.
731 1604 761 1631 3.
776 1611 804 1637 p.
818 1604 855 1631 B.
871 1607 900 1631 et
914 1610 1026 1631 omnes
1038 1603 1195 1630 edd.x·en.

1244 1599 1294 1628 ,4η
1308 1601 1428 1636 legitur
1440 1603 1473 1630 in
1487 1606 1559 1631 cell.
1575 1603 1665 1631 codd.
1680 1607 1709 1631 et
1723 1606 1886 1638 receptum

84 1652 131 1677 est
147 1649 283 1683 primum
296 1655 315 1677 a
329 1649 457 1685 como,
484 1656 578 1683 quem
590 1649 695 1677 secuti
707 1653 782 1677 sunl
796 1649 906 1677 u'ow.
921 1648 1027 1676 Scriv.
1041 1647 1126 1677 Prie.
1140 1651 1169 1676 et
1183 1647 1304 1676 Florid.

85 1746 137 1786 ad
159 1746 319 1785 Anthol.
344 1746 391 1785 L.
418 1746 463 1784 T.
490 1746 516 1786 Ι.
543 1761 578 1798 p.
598 1751 690 1787 554.
718 1747 839 1785 Voss.
856 1745 949 1797 Ety-

84 1803 174 1841 mol
208 1817 240 1842 s.
265 1817 300 1842 v.
333 1803 490 1855 extra}
541 1804 624 1842 Sed
649 1817 766 1854 quum
791 1807 953 1853 utraque

87 1872 163 1896 vox
200 1860 302 1898 idem
338 1859 553 1910 significare
591 1860 783 1907 videatur3
820 1859 952 1898 melio-

85 1915 190 1953 ribus
203 1915 305 1954 Mss.
321 1916 666 1967 obtemperandum
681 1920 753 1954 est.
780 1915 952 1954 cfiOvid.

84 1971 181 2009 Met.
207 1971 273 2010 IX.
301 1975 393 2013 409.
427 1972 548 2011 Salm.
582 1972 631 2010 ad
664 1970 826 2011 Tertull.
851 1971 952 2010 Pall.

88 2041 118 2066 c.
152 2033 192 2068 4.
222 2032 261 2066 et
293 2027 454 2066 Tertull.
487 2029 538 2066 de
570 2028 791 2080 Spectacul.
824 2042 855 2065 c.
890 2032 953 2068 17.

88 2097 123 2134 p.
149 2087 215 2124 80.
239 2083 410 2136 Rigalt]

87 2232 121 2257 c.
137 2162 808 2271 yglcllglrclgfieriflffi}igpgmgsseffiltitj
839 2161 954 2268 (cliiiiiii

87 2275 275 2326 antiquior
301 2288 393 2313 esse
417 2275 602 2314 videatur.
631 2274 703 2326 [lta
717 2275 821 2327 apud
835 2274 953 2313 Fron-

87 2335 164 2369 ton.
191 2331 242 2369 de
265 2331 371 2370 feriis
398 2332 572 2370 Alsiens.
598 2345 635 2382 p.
652 2335 743 2371 213.
763 2331 952 2369 ed.R0m.

86 2387 145 2426 ad
169 2388 355 2439 pupulas
378 2389 580 2427 hominum
606 2393 644 2427 et
659 2388 885 2439 palpebras
899 2388 953 2425 ἰη-

88 2444 269 2496 currere]
296 2443 410 2482 Ovid.
435 2445 568 2482 Amor.
593 2443 619 2481 Ι.
647 2447 681 2484 8.
713 2449 773 2484 15.
806 2442 953 2481 Canne-

88 2500 177 2550 giet.
204 2501 253 2538 ad
278 2499 648 2540 Avian.Fab.XHI.
677 2503 711 2540 6.
740 2499 951 2538 Comment.

85 2555 137 2594 ad
159 2555 308 2596 Arnob.
329 2556 371 2596 ll.
397 2571 434 2609 p.
455 2561 518 2597 46.
547 2556 685 2608 [Oi-cll.
702 2555 746 2594 T.
761 2555 803 2594 ll.
818 2570 853 2606 p.
872 2556 950 2608 13]

88 2612 189 2650 Gell.
215 2611 283 2651 IX.
316 2618 351 2653 4.
387 2613 523 2651 Isidor.
555 2612 689 2664 Origg.
715 2611 782 2650 Xl.
818 2617 851 2652 1.
889 2616 955 2653 37.

82 2669 255 2721 pupilla
281 2675 337 2709 est
366 2671 520 2709 medius
552 2670 693 2708 oculus
717 2697 768 2714 ..‚
785 2699 793 2707 .
830 2669 955 2708 Ham·

80 2725 272 2778 plerique
294 2727 497 2778 pupulam
522 2728 660 2764 vocant
686 2724 753 2778 [cs.
769 2724 955 2764 OrelLad

85 2781 233 2820 Arnob.
265 2780 328 2821 Ill.
364 2786 426 2822 18.
463 2781 549 2820 Intt.
576 2782 627 2820 ad
651 2780 728 2820 Cic.
755 2781 805 2819 de
828 2781 877 2819 N.
903 2781 955 2821 D.

86 2835 131 2876 Π.
158 2841 222 2878 57.
247 2852 286 2890 p.
312 2843 404 2879 449.
432 2837 590 2890 Creuz.]

136 2930 420 2979 praesentiam.
458 2928 586 2981 [Haec
605 2928 720 2967 lectio
741 2928 952 2967 verissima.

86 2985 162 3032 Qui
187 2986 286 3024 enim
312 2987 425 3024 animi
449 2990 513 3024 est
536 2986 663 3037 impos
688 2989 726 3023 et
751 2983 863 3035 qulasi
887 2985 954 3024 ab·

85 3055 198 3087 senS,
241 3042 362 3080 sicubi
405 3046 542 3093 stupor
578 3042 760 3087 recessit,
803 3041 853 3079 ad
889 3054 952 3079 res

84 3103 318 3151 praesentes
351 3102 389 3136 et
420 3098 469 3136 ud
494 3099 695 3150 pristinum
723 3098 783 3136 sui
809 3101 952 3136 statum

1012 1746 1119 1784 redit.
1146 1746 1249 1785 Oud.
1277 1745 1438 1784 alteram
1466 1746 1672 1785 lectionem
1692 1760 1884 1798 praesen-

1013 1804 1063 1842 tis
1088 1803 1314 1854 comprobat
1340 1802 1479 1840 eadem
1505 1806 1633 1841 tamen
1659 1804 1883 1856 sententia]
1912 1830 1917 1835 -

1064 1860 1265 1911 papillas.
1303 1857 1417 1910 [Sine
1443 1858 1559 1896 dubio
1586 1859 1661 1897 hoc
1684 1863 1790 1897 recte
1815 1860 1883 1898 de-

1012 1911 1134 1954 fendit
1165 1914 1288 1959 Oud.,
1326 1915 1416 1965 quia
1454 1929 1527 1952 non
1565 1915 1692 1953 solum
1732 1915 1883 1954 Lucius

1012 1972 1217 2010 durissime
1244 1971 1454 2022 pupillas,
1486 1975 1528 2009 ut
1559 1971 1670 2010 Fulv.
1703 1976 1742 2009 et
1773 1971 1886 2024 Lips.

1014 2026 1178 2065 Electl.
1199 2031 1259 2067 18.
1285 2041 1323 2078 p.
1338 2030 1430 2068 699.
1456 2027 1516 2065 ed.
1542 2027 1639 2066 Ves.
1665 2028 1884 2074 emendant,

1013 2098 1113 2126 suas,
1130 2084 1244 2128 istas,
1275 2083 1539 2134 appellasset,
1571 2084 1644 2122 sed
1670 2085 1786 2123 etiam
1805 2099 1883 2138 pa-

1008 2140 1134 2191 pulas
1157 2141 1288 2190 potius
1312 2140 1558 2178 scribendum
1583 2140 1743 2186 suisset,
1769 2155 1885 2192 quam

1015 2196 1178 2235 formam
1220 2196 1338 2235 modo
1374 2196 1545 2248 Apuleio
1589 2197 1883 2237 vindicavimus.

1015 2251 1204 2304 [Tertiam
1241 2252 1343 2291 hanc
1379 2252 1499 2292 affero
1538 2267 1733 2292 caussam.
1783 2253 1885 2300 Quia

1013 2310 1113 2346 enim
1137 2308 1254 2347 modo
1280 2309 1383 2348 idem
1398 2309 1629 2349 vocabulum
1654 2324 1883 2362 praecesse-

1011 2369 1081 2410 rat,
1095 2365 1157 2403 hic
1171 2365 1372 2404 ferendum
1387 2380 1459 2405 non
1475 2379 1569 2404 esse
1582 2380 1742 2412 censen,
1752 2380 1881 2417 quam-

1013 2435 1128 2472 quam
1151 2423 1393 2460 notissimum
1419 2426 1498 2468 est,
1525 2425 1639 2462 etiam
1660 2437 1730 2474 per
1744 2424 1881 2462 oculos

1012 2482 1165 2516 veteres
1191 2479 1351 2529 saepius
1376 2479 1547 2525 iurasse;
1575 2479 1625 2518 cs.
1640 2479 1816 2518 Hansen.
1831 2479 1882 2518 de

1010 2533 1162 2573 Iureiur.
1190 2539 1279 2573 vett.
1295 2549 1324 2573 c.
1341 2539 1405 2575 21.
1431 2536 1468 2574 in
1483 2535 1621 2574 Graev.
1638 2535 1758 2574 Thes.
1773 2536 1881 2575 Antt.

1015 2590 1060 2629 T.
1076 2591 1123 2629 V.
1139 2604 1174 2642 p.
1191 2595 1272 2632 850
1285 2605 1346 2641 sq.
1374 2591 1536 2630 Taubni.
1562 2592 1611 2630 ad
1632 2591 1758 2630 Plaut.
1773 2591 1880 2631 Men.

1012 2647 1061 2684 V.
1094 2652 1132 2688 9.
1167 2652 1199 2687 1.
1237 2647 1408 2686 Broukh.
1442 2648 1492 2686 ad
1529 2647 1615 2687 Tib.
1647 2647 1711 2686 ΙΙΙ.
1745 2651 1780 2688 6.
1814 2653 1879 2689 47.

1012 2702 1143 2742 Burm.
1168 2704 1220 2742 ad
1244 2703 1358 2755 Prop.
1375 2703 1402 2742 l.
1420 2709 1481 2744 15.
1504 2707 1567 2744 35.
1595 2704 1678 2742 Sed
1701 2705 1754 2742 ita
1777 2702 1879 2756 Psy-

1013 2759 1086 2798 che
1110 2760 1207 2799 iurat
1239 2774 1308 2811 per
1333 2759 1532 2811 Cupidinis
1561 2761 1621 2797 sui
1648 2759 1815 2811 capillos
1841 2765 1880 2799 et

1011 2829 1081 2867 per
1103 2821 1246 2868 pectus
1271 2818 1353 2855 eius
1374 2817 1591 2869 fervidum.
1629 2816 1677 2855 ef.
1702 2813 1802 2856 Met.
1829 2818 1878 2856 V.

1008 2885 1046 2923 p.
1073 2873 1189 2925 345.]

1067 2931 1147 2969 ain.
1198 2927 1276 2981 [lta
1308 2930 1464 2980 reposui
1497 2942 1546 2967 ex
1578 2930 1732 2981 optimis
1763 2930 1878 2971 codd.

1011 2990 1050 3024 et
1081 2986 1216 3024 mirum
1249 2990 1330 3031 est,
1368 2986 1431 3036 qui
1462 2984 1564 3024 Oud.
1596 2986 1780 3025 librorum
1811 3002 1878 3027 nu-

1010 3055 1114 3080 mero
1135 3046 1350 3080 commotus
1370 3057 1423 3083 an
1442 3043 1753 3093 interrogativum
1769 3058 1878 3096 prae-

1013 3098 1112 3136 seri-e
1149 3099 1331 3149 potuerit,
1375 3111 1490 3150 quum
1531 3099 1776 3137 verisimilius
1812 3102 1876 3147 sit,
