2155 3590
666 110 855 150 LIBER
883 111 936 150 11.

94 220 302 274 grabatulo
328 234 448 275 super
471 235 531 261 me
556 221 703 262 sensim
727 223 922 275 residens,
950 238 996 265 ac
1018 223 1024 280 Ι
1044 224 1182 265 erebra
1207 221 1434 272 subsiliens,
1461 221 1701 275 lubricisque
1721 221 1896 275 gestibus
1926 222 1987 257 132

996 111 1126 151 CAP.
1155 109 1300 150 XVII.

1819 109 1898 151 115

91 276 271 317 mobilem
317 278 468 332 spinam
506 277 685 332 quatiens
722 280 912 334 pendulae
947 280 1120 323 Veneris
1156 280 1287 321 fructu
1322 291 1384 319 me
1420 277 1601 319 satiavit:
1646 291 1770 333 usque
1806 278 1895 318 dum

89 403 205 432 subter
216 413 267 433 me
287 406 325 435 B.
374 407 497 435 sensim
511 405 661 435 resideres
685 410 767 437 Mss.
782 412 813 437 et
838 410 908 438 edd.
935 417 1057 439 omnes.
1105 407 1218 437 ridens
1242 416 1298 444 pro
1322 405 1473 436 residens
1499 408 1534 435 G.
1550 408 1580 436 1.

835 453 988 483 subsila'es
1000 457 1039 485 D.
1052 463 1072 485 a
1084 463 1114 490 p.
1128 463 1169 484 m.
1205 452 1396 483 subsillz'ens
1410 454 1446 483 G.
1463 454 1490 482 1.
1529 450 1665 480 moblem
1679 453 1717 481 D.
1749 450 1894 489 pendule

87 451 125 478 D.
139 451 175 479 P.
188 451 222 479 Ο.
236 452 276 479 R.
291 449 321 480 δ.
336 451 453 480 crebre
464 453 579 482 Venet.
593 455 623 481 4.
637 453 741 482 Basil.
757 454 786 482 1.

84 495 199 526 Venet.
214 498 244 525 4.
257 497 337 526 Bas.
352 499 380 526 1.
434 495 592 526 Venereis
605 499 645 528 D.
683 497 801 538 srictu
814 500 851 528 F.
867 501 896 529 1.

83 605 147 643 ubi
182 607 417 646 morientem
453 622 526 646 non
563 606 850 648 sollicitandum
887 614 958 649 est.

84 661 150 700 Sic
169 664 335 714 perire3
361 663 409 703 cf.
429 663 563 703 Barth.
585 664 752 704 Advers.
768 665 957 706 XXXIII.

85 721 145 758 12.
171 731 209 770 p.
238 719 386 773 1526]

135 777 278 815 sensim
308 776 432 830 [quod
458 791 593 816 omnes
619 778 731 818 codd.
751 778 897 818 babent
921 794 953 818 c.

78 829 180 870 Oud.
206 834 367 883 retinui,
396 834 539 873 reiecto
564 834 652 872 adv.
674 837 816 875 cossim
835 849 867 875 s,
889 850 953 875 co-

76 888 181 935 xim,
213 890 323 940 quod
348 891 383 928 in
409 895 556 929 textum
587 892 819 942 interpretes
844 892 953 931 multi

74 945 337 985 intrudebant.
398 948 491 998 Agit
521 947 571 986 de
607 947 643 986 b.
678 948 699 986 Ι.
737 950 952 987 accuratius

74 999 201 1040 Hand.
231 1001 405 1043 TurseII.
430 1003 474 1042 II.
501 1018 537 1056 p.
565 1008 631 1044 31.
656 1006 793 1044 coccini
817 1005 950 1043 ‹lesen-

75 1056 190 1103 dens,
223 1059 333 1109 quod
358 1074 382 1097 a
405 1074 568 1099 cossare
591 1074 624 1099 S.
651 1074 809 1100 comare
834 1063 947 1112 petit:

72 1114 174 1152 unde
200 1117 406 1155 incooeare
430 1116 534 1167 apud
558 1116 659 1155 Non.
680 1131 716 1168 p.
733 1121 796 1157 39.
817 1122 859 1155 et
883 1131 947 1156 co-

70 1171 272 1223 :ciyerare
299 1172 387 1210 ibid.
402 1186 439 1224 p.
456 1176 598 1212 615.v.
620 1187 781 1224 porcae
795 1187 818 1211 a
832 1172 946 1211 Pom-

69 1228 185 1277 ponio
230 1228 309 1266 dici
347 1229 504 1278 probat,
549 1233 587 1266 et
627 1242 697 1279 per
739 1230 946 1268 varic-atus

68 1296 154 1320 cum
182 1282 335 1335 Scalig.
368 1284 418 1322 ad
445 1284 550 1324 Fest.
583 1298 608 1336 p
648 1289 741 1325 372.
775 1285 825 1324 cl'.
851 1289 944 1325 364.

64 1337 242 1379 Lindem.
269 1340 506 1379 vocabulum
532 1342 814 1393 interpretatur.
844 1341 946 1379 Mul·

64 1399 142 1433 tum
169 1410 260 1435 vero
290 1396 422 1442 abest,
448 1401 490 1435 ut
510 1396 608 1436 hauc
627 1398 946 1449 significationem

63 1454 330 1505 comprobem.
376 1454 419 1492 Si
440 1454 540 1492 enim
562 1454 721 1492 verbum
741 1456 946 1507 coxiyare

63 1509 167 1559 quod
216 1510 356 1550 Gloss.
401 1508 555 1548 Philox.
600 1507 775 1563 χωλεύειν
818 1511 940 1562 expli-

60 1570 166 1613 cant,
199 1570 238 1605 et
262 1567 369 1606 verb.
396 1581 506 1606 coxo
532 1567 580 1606 cf.
595 1567 697 1605 Non.
718 1581 755 1618 p.
772 1571 837 1608 25.
858 1582 889 1605 s.
905 1581 939 1605 v.

60 1627 186 1662 cataoe
198 1624 423 1662 accuratius
439 1625 677 1675 respexeris,
693 1625 942 1677 eooeiycrare

58 1682 97 1717 et
126 1680 333 1720 incoaeare
363 1680 415 1718 ad
448 1680 613 1719 eandem
651 1681 834 1732 originem
868 1695 940 1719 non

57 1735 197 1775 dubius
222 1738 306 1776 eris
332 1738 421 1787 quin
447 1737 608 1776 reseras.
671 1735 785 1776 Unde
810 1750 942 1776 eorum

56 1792 194 1832 arridet
231 1794 465 1845 explicatio,
505 1794 568 1844 qui
607 1795 745 1833 coassim
784 1808 853 1846 pro
891 1795 933 1832 in

55 1863 184 1890 costas
214 1850 426 1901 accipiunt.
481 1850 508 1889 Ii
539 1850 640 1888 enim
678 1864 839 1900 quorum
871 1864 933 1888 co-

53 1918 128 1944 xae
148 1908 263 1957 quasi
289 1906 435 1945 fractae
454 1911 545 1945 sunt
566 1911 605 1945 et
624 1907 796 1951 debiles,
823 1907 933 1946 claa-

54 1963 199 2002 dicarc
222 1977 260 2003 s.
292 1965 495 2017 coxiyare
521 1963 707 2002 videntur.
767 1963 854 2002 Huc
874 1976 934 2001 ac-

52 2019 155 2059 cedit
178 2019 290 2059 Non..
316 2021 543 2063 auctoritas,
576 2021 639 2070 qui
666 2033 701 2071 p.
729 2024 794 2060 40.
822 2020 929 2058 'inco-

50 2090 155 2115 xare
178 2076 358 2129 explicat
382 2077 425 2115 in
449 2090 598 2116 coxam
622 2076 755 2115 sidere
780 2089 851 2114 nec
864 2075 930 2113 ali-

49 2137 108 2171 ter
138 2135 285 2172 cossim
322 2146 470 2172 cacare
501 2145 562 2183 ap.
589 2131 689 2170 Non.
722 2145 759 2183 p.
792 2136 857 2172 40.
891 2135 931 2170 et

48 2189 166 2240 Apul.
181 2189 279 2227 Met.
302 2188 364 2227 III.
379 2203 418 2241 p.
434 2191 525 2229 173.
550 2189 773 2241 yralmlam
792 2190 930 2227 coccini

48 2246 227 2285 insidens
250 2247 289 2284 in
299 2245 454 2296 telligo,
493 2246 583 2296 quia
606 2248 728 2283 totum
754 2245 928 2295 corporis

45 2302 201 2354 pondus
221 2303 343 2353 quasi
364 2301 400 2340 in
421 2302 532 2340 coxis
552 2302 731 2340 insistere
745 2301 928 2339 videatur.

47 2358 123 2406 Qui
146 2372 240 2398 vero
270 2358 456 2398 lHandius
481 2359 534 2396 ita
559 2357 642 2395 salli
672 2359 857 2408 potuerit,
888 2361 930 2395 ut

45 2415 185 2462 locum,
213 2429 338 2467 quem
352 2428 402 2452 ex
416 2414 574 2466 Apuleii
595 2414 763 2452 carmine
783 2427 831 2452 cx
844 2413 930 2452 Me-

44 2472 178 2511 nandri
195 2471 443 2525 ’Λνι-χωμένῳ
458 2484 650 2510 converso
672 2471 832 2516 excitat,
860 2484 929 2521 pro

44 2528 191 2567 Comici
217 2528 431 2568 cuiusdam
456 2527 675 2578 fragmento
694 2527 841 2565 habere
860 2540 926 2579 po-

42 2586 166 2631 tuerit,
194 2587 260 2624 vix
291 2585 417 2636 capio.
468 2584 547 2622 sed
574 2583 667 2622 mihi
692 2597 850 2635 quoque
875 2585 926 2621 in-

41 2655 169 2694 genue
195 2642 463 2681 confitendum
490 2645 570 2686 est,
603 2640 812 2679 lectionem
843 2653 925 2678 sen-

39 2701 112 2738 sim
136 2699 371 2751 displicere.
433 2697 527 2735 Erat
557 2710 673 2748 quum
706 2709 780 2747 ego
811 2696 927 2735 eonii-

40 2768 169 2794 cerem
207 2769 342 2808 super
385 2769 512 2793 meam.
548 2767 699 2793 coxam
729 2754 925 2792 residens:

39 2812 316 2851 succumbens
341 2812 444 2850 euim
470 2810 620 2849 Lucius
645 2808 800 2847 sublimi
827 2822 927 2847 coxa

37 2868 196 2920 excepit
224 2867 418 2907 Fotidem
458 2867 742 2905 incumbenten.
807 2865 926 2906 Coma

37 2925 155 2964 etiam
182 2937 289 2963 esse
315 2928 449 2976 potest
475 2923 689 2961 membrum
709 2922 818 2960 virile
839 2936 924 2973 pro-

37 2985 124 3032 pter
135 2981 470 3034 magnitudinem:
496 2979 545 3018 cs.
555 2979 589 3017 A
597 2979 771 3018 chaintre
786 2978 834 3016 ad
844 2978 922 3017 Iuv.

37 3037 103 3076 VI.
143 3042 242 3081 321.
313 3036 372 3076 Ita
414 3036 550 3074 dicitur
592 3037 823 3088 inequitare
860 3049 922 3087 ap.

35 3094 184 3135 Arnob.
216 3094 289 3134 IV.
317 3099 352 3134 7.
386 3107 502 3145 quum
529 3094 657 3139 πῶλος
683 3106 823 3143 graece
850 3093 921 3132 ad-

1629 405 1747 434 crebro
1772 407 1808 435 G.
1819 407 1848 434 1.
1862 407 1893 435 2.

1019 611 1126 650 ulter
1151 614 1190 649 et
1214 610 1410 649 meretrix
1440 610 1502 647 sit.
1535 607 1583 647 cs.
1610 607 1786 659 Hesych.
1813 612 1890 646 ποῖ-

1017 669 1092 714 λος,
1114 690 1168 694 ——
1189 668 1331 720 ἑταίρα,
1356 662 1508 712 πώλους
1531 662 1602 717 γὰρ
1627 662 1746 710 αὑτὰς
1764 662 1890 716 ἔλεγον

1016 722 1094 763 οἷον
1114 722 1339 776 Ἀφροδίτης
1363 719 1514 768 πώλους
1537 717 1559 773 ἢ
1586 719 1674 767 τοὺς
1697 723 1801 767 νέους
1824 723 1889 759 καὶ

1012 777 1080 826 τὰς
1097 783 1182 826 νέας
1198 781 1261 818 καὶΙ
1279 777 1347 826 τὰς
1365 781 1591 832 παρθένους.
1613 777 1661 816 cf.
1676 776 1805 815 Iuven.
1820 776 1887 816 vl.

1013 840 1106 877 311.
1128 837 1260 887 ibique
1273 835 1435 887 Rupert.
1473 835 1586 874 Hanc
1605 834 1886 885 interpretatio-

1012 907 1100 931 nem
1114 906 1201 944 sqq.
1216 892 1336 931 verba
1342 892 1554 944 pendulae
1569 892 1732 930 Veneris
1740 893 1885 942 fracta

1012 949 1254 995 confirmant,
1275 948 1415 999 quibus
1430 949 1467 986 id
1481 948 1703 1001 appellatur
1722 947 1885 985 schema

1011 1006 1197 1051 veneris,
1219 1020 1295 1056 quo
1317 1005 1438 1043 virum
1462 1005 1727 1056 resupinatum
1748 1004 1801 1042 ita
1821 1017 1883 1041 oc-

1009 1066 1127 1113 cupat
1150 1062 1304 1106 mulier,
1335 1066 1376 1099 ut
1401 1062 1576 1111 equitare
1605 1060 1794 1099 videatur.
1833 1059 1882 1099 cl'.

1008 1118 1148 1156 Heind.
1181 1118 1231 1155 ad
1263 1117 1355 1156 Hor.
1384 1118 1466 1155 Sat.
1492 1117 1537 1156 II.
1567 1122 1602 1157 7.
1629 1121 1694 1157 50.
1725 1116 1881 1155 Ruhnk.

1007 1174 1056 1211 ad
1080 1173 1230 1211 Rutian.
1265 1173 1314 1211 de
1340 1173 1539 1211 Schemat.
1574 1174 1604 1223 ῥ’.
1632 1177 1695 1213 39.
1720 1187 1757 1224 p.
1786 1177 1879 1214 264.

1007 1229 1186 1267 Frotsch.
1213 1229 1297 1268 Intt.
1323 1229 1373 1267 ad
1398 1228 1503 1267 l’etr.
1537 1244 1567 1268 c.
1598 1234 1688 1270 140.
1722 1243 1758 1280 p.
1786 1234 1879 1271 854.

1007 1286 1058 1323 de
1075 1285 1204 1323 Salas.
1227 1285 1278 1323 ad
1293 1285 1407 1323 eund.
1435 1299 1465 1324 e.
1484 1289 1546 1325 24.
1568 1299 1605 1336 p.
1628 1290 1721 1326 122.
1746 1286 1877 1325 Burm.

1008 1341 1054 1380 cf.
1076 1340 1250 1380 Meum.
1267 1355 1303 1392 p.
1319 1346 1411 1381 211.
1433 1342 1597 1394 puerile
1621 1343 1719 1380 milii
1733 1343 1878 1382 obtulit

1008 1398 1277 1437 corollarium
1304 1397 1411 1442 loco,
1437 1398 1487 1435 de
1507 1411 1583 1447 quo
1604 1398 1726 1436 adeas
1742 1398 1876 1438 Munk.

1006 1454 1057 1492 ad
1097 1453 1241 1505 Hygin.
1286 1453 1363 1492 sab.
1402 1452 1663 1493 CLXXXIX.
1708 1469 1743 1506 p.
1783 1458 1876 1495 313.

1002 1510 1158 1549 Ruhnk.
1185 1510 1287 1549 Dict.
1302 1511 1352 1548 ad
1374 1510 1483 1549 Suet.
1504 1524 1541 1561 p.
1560 1514 1649 1552 166.
1683 1511 1876 1549 Fortasse

1002 1568 1118 1606 etiam
1140 1567 1276 1605 coniici
1297 1567 1456 1618 poterit:
1480 1569 1617 1619 festina
1637 1567 1699 1605 vel
1722 1570 1874 1620 sertim,

1003 1624 1121 1675 quod,
1146 1637 1380 1674 quamquam
1403 1624 1438 1661 in
1459 1637 1611 1674 compp.
1633 1628 1780 1662 tautum
1794 1638 1860 1663 ser

1003 1685 1132 1728 vatur,
1157 1682 1258 1718 bene
1285 1680 1478 1732 ingenium
1509 1680 1656 1719 Fotidis
1683 1682 1873 1732 exprime-

1003 1742 1072 1783 ret.
1093 1737 1144 1775 ad
1160 1737 1356 1775 libidinem
1370 1739 1628 1788 properantis,
1653 1752 1769 1788 quum
1782 1743 1873 1777 ante

996 1793 1158 1832 vascula
1191 1794 1335 1831 cibaria
1359 1795 1511 1846 raptim
1537 1795 1790 1842 removisset3
1822 1795 1870 1835 cs.

995 1851 1115 1888 Voss.
1150 1849 1322 1900 Etymol.
1354 1850 1483 1888 Doed.
1519 1852 1614 1901 Syn.
1643 1851 1686 1889 II.
1712 1865 1748 1902 p.
1779 1856 1869 1892 131.

994 1922 1081 1946 ann.
1108 1906 1236 1945 Hand.
1264 1906 1375 1944 Turs.
1404 1906 1448 1943 II.
1477 1919 1511 1957 p.
1543 1908 1656 1959 103.]

1050 1967 1208 2015 fructa.
1281 1963 1323 2000 Si
1366 1962 1500 2013 plures
1545 1963 1658 2002 codd.
1695 1964 1868 2016 adstipu-

991 2020 1161 2057 larentui·
1190 2020 1324 2071 fricta
1349 2033 1371 2056 c
1398 2018 1442 2057 F.
1461 2024 1494 2058 l.
1522 2020 1557 2058 iu
1584 2024 1693 2059 textu
1719 2034 1868 2072 ponere

991 2090 1066 2115 non
1099 2075 1332 2121 dubitarem,
1365 2075 1523 2114 nolente
1548 2079 1724 2127 quanu'is
1750 2078 1866 2125 Oud.,

991 2133 1055 2183 qui
1073 2134 1233 2184 fricare
1251 2132 1302 2169 (le
1322 2132 1371 2169 iis
1390 2136 1535 2171 tantum
1549 2133 1623 2172 dici
1637 2134 1740 2172 male
1753 2135 1866 2173 inter-

990 2192 1179 2241 pretatur,
1206 2188 1270 2239 qui
1295 2189 1449 2227 invitam
1471 2189 1667 2229 venerem
1692 2191 1866 2230 instimu-

989 2246 1069 2284 lare
1087 2258 1133 2284 ac
1153 2258 1364 2295 provocare
1379 2246 1584 2285 sustinent.
1622 2246 1677 2285 Ita
1691 2249 1796 2299 apud
1809 2248 1866 2287 Ιιι-

988 2316 1074 2340 ven.
1084 2300 1150 2339 Vl.
1162 2305 1254 2341 322.
1264 2302 1416 2352 plurimi
1427 2302 1539 2342 codd.
1551 2303 1683 2354 legunt
1692 2307 1866 2357 frictam.

990 2359 1166 2398 adorat.-
1191 2358 1256 2396 ubi
1281 2358 1329 2397 cl'.
1345 2358 1507 2411 Rupert.
1535 2364 1572 2398 et
1598 2360 1687 2399 ibid.
1706 2361 1752 2400 V.
1768 2366 1861 2402 311.

990 2414 1108 2466 Apul.
1133 2413 1230 2452 Met.
1256 2413 1307 2452 X.
1334 2428 1370 2465 p.
1398 2420 1491 2456 717.
1519 2416 1554 2455 iu
1583 2416 1669 2455 loco
1696 2418 1861 2456 obscoe-

990 2471 1171 2509 nissimo:
1204 2471 1409 2523 Priapum
1431 2475 1649 2526 frequente
1676 2475 1861 2526 frictura

981 2528 1217 2580 prole‘oearc.
1244 2526 1290 2565 cs.
1317 2527 1447 2575 Burm.
1473 2530 1523 2567 ad
1538 2529 1697 2568 Antbol.
1711 2530 1799 2569 Lat.
1815 2530 1859 2569 II.

986 2597 1023 2635 p.
1050 2587 1143 2625 496.
1181 2582 1397 2622 Praeterea
1426 2598 1490 2623 me
1528 2591 1748 2625 commovet
1773 2601 1860 2638 pro-

985 2641 1068 2691 pria
1093 2640 1178 2679 eius
1198 2641 1376 2679 vocabuli
1391 2642 1634 2692 significatio,
1662 2657 1737 2694 qua
1752 2643 1859 2682 femi-

985 2710 1058 2736 nae
1094 2694 1290 2750 λεσβιάὸες
1327 2702 1366 2735 et
1394 2695 1582 2751 τριβιάὸες
1613 2700 1857 2747 denotantur,

984 2767 1085 2805 quae
1109 2758 1265 2792 mutuae
1289 2754 1473 2793 solebant
1497 2754 1711 2795 masculam
1736 2756 1859 2796 libidi-

985 2823 1072 2848 nem
1098 2811 1289 2857 excitare3
1326 2810 1374 2849 cf.
1400 2809 1485 2850 Intt.
1518 2812 1569 2850 ad
1593 2812 1761 2853 Phaedr.
1787 2813 1856 2852 lv,

987 2871 1049 2907 14.
1079 2871 1094 2906 1
1126 2880 1214 2918 sqq.
1247 2871 1286 2904 et
1318 2867 1443 2918 Epist.
1470 2866 1583 2907 Paul.
1610 2869 1660 2907 ad
1686 2870 1801 2908 Rom.
1827 2870 1855 2909 I.
1895 2867 1897 2869 ¹

983 2927 1048 2964 26.
1082 2927 1147 2964 27.
1184 2923 1285 2974 Rup.
1324 2923 1373 2961 ad
1412 2922 1489 2962 luv.
1516 2924 1582 2963 Vl.
1616 2930 1714 2966 311:
1754 2927 1857 2965 unde

979 2981 1189 3032 fria-trices
1214 2993 1274 3030 ap.
1299 2979 1458 3019 Tertull.
1480 2980 1530 3018 de
1549 2980 1652 3020 Pali,
1673 2997 1703 3022 c.
1728 2988 1763 3024 4.
1791 2998 1856 3021 no-

979 3036 1181 3075 minantur.
1215 3036 1332 3083 Quod
1345 3036 1466 3075 videri
1481 3038 1609 3088 possit
1632 3039 1708 3078 huc
1732 3043 1854 3078 trans-

981 3092 1099 3132 latum
1126 3107 1237 3140 esse,
1271 3106 1385 3144 quum
1414 3093 1556 3133 semina
1582 3095 1634 3134 sit
1653 3096 1853 3135 libidinum

1593 3162 1649 3204 3.
