2221 3667
293 193 376 236 540
555 194 604 235 L.
634 193 854 236 APULEll
881 192 1281 236 MADAURENSIS
1311 193 1853 236 METAMORPHOSEON

292 312 409 344 trona
434 307 628 360 percepit,
662 321 900 361 procurrens
931 308 972 347 in
1005 305 1225 346 cubiculum
1261 305 1498 346 clamoribus
1527 306 1713 360 inquietis
1745 315 1883 348 cuncta
1909 309 2079 358 miscuit.

292 361 436 401 milites
462 375 632 416 suosque
658 365 823 404 famulos
850 362 1101 412 nominatim,
1129 362 1197 401 sed
1222 368 1261 402 et
1286 376 1439 402 omnem
1456 362 1641 402 viciniam
1662 364 1918 417 suppetiatum
1940 379 2084 405 convo—

293 431 410 468 canS‚
444 418 520 458 nisi
552 420 653 473 quod
684 425 1111 474 pavorecmmtorum,
1145 418 1211 470 qui
1242 418 1317 458 sibi
1347 418 1511 471 quisque
1542 426 1761 458 metuentes
1787 420 2082 471 delitescebant,

292 473 472 513 effectum
487 481 563 526 est,
580 482 623 515 ut
635 476 790 529 impune
805 475 1106 514 discederemus.
1132 473 1208 514 Sed
1224 474 1402 527 protinus
1417 475 1666 515 sanctissima
1680 477 1795 527 (vera
1808 476 1908 515 enim
1925 476 2088 516 dicenda

292 532 402 582 sunt)
422 537 462 570 et
478 531 617 572 unicae
637 532 724 571 fidei
746 531 910 580 semina,
938 529 1051 569 bonis
1070 530 1221 570 artibus
1243 530 1416 582 gratiosa
1431 562 1441 582 ‚
1469 530 1649 584 precihus
1670 532 1717 570 ad
1739 529 1924 572 Caesaris
1945 546 2087 572 numen

290 586 500 638 porrectis,
523 595 562 628 et
575 588 715 628 marito
730 586 896 627 reditum
916 585 1082 626 celerem
1104 593 1143 625 ct
1161 599 1426 640 aggressurae
1447 588 1599 640 plenam
1617 587 1829 627 vindictam
1848 587 2087 641 impetravit.

167 647 265 693 [191]
298 640 304 696 Ι
336 640 519 697 Denique
544 644 670 684 noluit
693 656 781 683 esse
807 640 960 683 Caesar
984 641 1128 683 Haemi
1151 642 1317 683 latronis
1344 643 1572 697 collegium,
1600 650 1640 684 et
1664 643 1871 684 confestim
1895 643 2089 685 interivit.

286 782 461 820 pert-oepit
476 783 583 812 Paris.
603 780 753 818 percipit
766 778 795 810 δ.
836 780 1026 819 militesque
1039 781 1282 820 suosfaneulos
1296 784 1372 812 G.2.
1386 783 1421 811 P.
1435 784 1473 812 D.
1511 780 1570 810 sed
1580 785 1614 810 et
1626 790 1690 811 non
1705 785 1797 811 abest
1811 785 1851 812 ab
1865 784 1948 812 Iunt.
1959 783 2093 820 1.Alu.‚

291 832 325 856 ut
340 829 419 857 Oud.
435 830 582 862 adnotat,
608 827 665 855 sed
681 827 844 860 particula
860 828 1078 856 tantummodo
1093 830 1145 863 et,
1172 835 1255 862 quae
1268 831 1437 862 praeterea
1456 835 1521 856 non
1535 832 1699 863 comparet
1712 828 1746 856 in
1759 829 1842 857 Iunt.
1857 830 1887 857 2.
1901 829 1936 857 Ο.
1952 828 1972 857 f.
1992 830 2028 856 G.
2046 829 2092 864 1.‚

291 873 327 902 in
341 881 402 907 quo
417 881 471 908 pro
485 871 544 900 sed
555 874 588 898 et
601 870 726 905 [neque
741 879 818 900 vero
833 880 889 907 pro
903 874 974 900 solo
988 870 1062 909 sed,
1088 876 1123 901 ut
1141 873 1175 901 in
1196 874 1275 901 Oud.
1295 877 1362 902 erat
1383 873 1615 908 adscriptum).
1663 871 1826 901 secundus
1840 877 1950 908 aperte
1964 873 2093 905 legitur.

284 926 400 955 pacm·
414 920 450 946 G.
467 920 494 946 1.
544 925 642 953 quum
658 916 723 944 sibi
735 917 875 954 quisque
894 918 1121 952 coniecerunt,
1147 919 1312 947 sententia
1330 919 1427 952 quasi
1447 920 1650 954 postulante,
1675 920 1836 947 Stewech.
1857 919 1951 947 Colv.
1971 919 2095 953 scalig.

292 965 431 991 Groslot.
446 966 474 990 et
491 962 634 996 reposuit
647 963 759 991 Wow.
773 970 846 991 cum
859 964 942 991 Elm.
957 963 1062 991 Scriv.
1078 963 1165 991 Pric.
1179 963 1300 991 Florid.
1328 964 1391 991 sed
1405 964 1500 992 Vulc.
1513 965 1544 992 2.
1566 963 1688 998 recepit
1708 966 1845 992 alteram
1860 963 1967 992 Cois-ii
1985 963 2096 991 conie-

291 1012 414 1035 cturam
430 1007 502 1044 qui,
528 1014 623 1040 quam
637 1008 807 1035 lectionem
821 1011 950 1037 tuentur
963 1008 998 1036 F.
1017 1009 1044 1035 1.
1059 1009 1089 1037 3.
1105 1009 1141 1035 G.
1158 1009 1186 1036 1.
1201 1010 1232 1036 2.
1247 1009 1286 1037 D.
1300 1008 1336 1037 P.
1350 1010 1385 1036 0.
1399 1010 1436 1036 R.
1452 1008 1747 1042 Γ.ι).φ.ῃ.1ιιιιὶ.2.
1773 1017 1873 1046 quam
1887 1011 1982 1037 habet
1997 1009 2033 1036 B.
2058 1010 2096 1036 ln

290 1056 364 1080 cett.
379 1053 468 1080 codd.
483 1055 514 1080 et
527 1053 598 1080 edd.
611 1055 687 1081 vett.
702 1056 789 1081 extat
805 1060 910 1089 quem.
959 1053 1083 1089 quique
1096 1054 1131 1081 O.
1181 1055 1331 1080 metuens
1350 1052 1388 1081 R.
1409 1053 1430 1082 f.
1445 1049 1474 1082 ὃ.
1521 1051 1743 1081 delitescebat
1759 1055 1844 1082 lunt.
1866 1055 1895 1082 1.
1916 1054 1993 1082 Ald.
2041 1053 2095 1080 in-

290 1097 394 1124 vicem
403 1105 468 1133 pro
481 1097 613 1133 impune
628 1097 649 1126 f.
698 1097 833 1125 actibus
853 1100 888 1127 G.
912 1099 939 1126 1.
961 1100 995 1126 0.
1017 1106 1046 1132 ι).
1094 1096 1262 1126 redditum
1280 1099 1319 1127 D.
1357 1097 1502 1125 reditum
1522 1106 1585 1127 non
1603 1100 1699 1127 habet
1714 1101 1750 1127 G.
1767 1100 1812 1135 1.‚
1837 1099 1871 1127 in
1885 1107 1946 1132 quo
1962 1097 2097 1125 celerina

289 1142 410 1177 legitur
423 1141 496 1170 sine
509 1150 621 1171 sensu.
669 1141 777 1170 voluit
791 1140 820 1171 δ’.
834 1144 949 1172 Venet.
965 1145 994 1172 4.
1008 1144 1086 1171 Bas.
1103 1145 1130 1171 1.
1146 1144 1253 1172 Paris.
1300 1142 1455 1181 colr'gz‘um
1469 1145 1504 1172 F.
1519 1145 1550 1173 3.
1598 1142 1747 1171 latronis
1761 1143 1935 1181 vestigium
1950 1143 1972 1172 f.
1987 1153 2020 1178 φ.
2039 1145 2077 1172 R.
2088 1165 2097 1181 ‚

290 1188 375 1215 unde
389 1188 468 1215 Oud.
484 1187 667 1216 emendavit
681 1186 830 1215 latronis
844 1187 979 1225 collegii
990 1188 1184 1226 vestigium,
1211 1192 1239 1216 et
1255 1189 1452 1223 explicavit:
1466 1189 1569 1218 noluit
1580 1211 1588 1226 ‚
1612 1192 1645 1216 ut
1657 1197 1749 1218 nemo
1762 1193 1905 1218 maneret
1919 1192 2098 1223 superstes.

288 1233 377 1260 Idem
396 1232 544 1266 probavit
564 1233 616 1260 vir
635 1233 750 1261 doctus
770 1235 811 1261 ad
830 1241 931 1269 marg.
951 1234 1013 1262 Ed.
1034 1234 1160 1262 vicent.
1187 1232 1246 1269 [At
1268 1234 1416 1267 equidem
1437 1238 1528 1269 puto,
1554 1242 1595 1262 ex
1615 1242 1771 1268 perversa
1789 1235 1954 1263 scribendi
1973 1235 2100 1263 ratione

291 1275 477 1313 collegium,
503 1278 633 1311 quaein
647 1278 684 1307 F.
699 1279 729 1306 3.
744 1279 926 1313 conspicua
940 1282 1004 1316 est,
1032 1286 1192 1313 quamque
1206 1279 1477 1308 allucinationem
1497 1279 1604 1308 iudico
1625 1280 1770 1317 librarii,
1796 1281 1881 1307 lianc
1902 1281 2099 1314 scripturam

289 1330 365 1350 esse
379 1322 567 1356 profectam.
594 1323 687 1351 Certe
707 1331 749 1352 ex
768 1327 832 1352 tam
853 1331 1031 1359 paucorum
1050 1325 1142 1352 codd.
1164 1325 1357 1353 auctoritate
1375 1332 1447 1353 eam
1465 1332 1529 1353 non
1543 1325 1751 1353 defenderim.
1799 1324 1956 1351 interivit
1967 1325 2003 1353 F.
2018 1325 2048 1352 3.
2062 1325 2099 1352 0.

286 1368 406 1396 Incert.
421 1369 533 1396 Brant.
548 1368 632 1396 Prie.
666 1367 823 1396 interibit
836 1370 884 1397 ed.
899 1377 947 1403 pr.
959 1370 1088 1398 Vicent.
1102 1370 1218 1398 Venet.
1233 1370 1263 1397 2.
1279 1371 1310 1397 4.
1326 1370 1433 1398 Paris.
1457 1369 1591 1397 interiit
1604 1371 1679 1398 F.l.
1693 1371 1730 1398 B.
1743 1370 2099 1398 Iunt.1.Ald.Vulc.2.

289 1412 384 1441 Colv.
397 1413 481 1441 Elm.
495 1413 601 1442 Scriv.
616 1413 736 1441 Florid.
752 1415 834 1448 quod
849 1414 882 1442 in
896 1421 970 1443 mea
983 1414 1059 1442 edit.
1073 1414 1202 1443 Vicent.
1223 1421 1243 1442 a
1256 1415 1326 1442 viro
1347 1415 1438 1444 docto
1458 1418 1637 1443 correctum
1653 1419 1718 1451 est,
1744 1414 1904 1442 interium
1920 1414 1940 1443 f.
1978 1413 2100 1442 intera·-

291 1459 360 1484 tum
376 1458 412 1485 G.
426 1459 457 1486 2.
471 1459 510 1486 D.
535 1460 649 1493 Margo
663 1460 698 1487 G.
717 1460 744 1487 1.
759 1461 854 1487 hahet
868 1459 1039 1495 interium,
1065 1467 1169 1493 neque
1182 1467 1260 1487 vero
1274 1458 1461 1495 interitum,
1488 1463 1519 1488 ul
1535 1461 1613 1488 Oud.
1627 1463 1781 1493 excerpta
1795 1461 2003 1493 praebebant.
2018 1466 2102 1493 quac

288 1501 325 1530 in
344 1509 381 1530 eo
401 1510 527 1536 quoque
546 1506 671 1539 errant,
699 1505 782 1537 quod
802 1504 835 1532 in
855 1508 1009 1533 contextu
1029 1511 1049 1532 a
1068 1512 1166 1532 manu
1182 1505 1285 1539 prima
1300 1505 1364 1540 legi
1379 1506 1490 1533 dieunt
1505 1504 1676 1538 interii-ie,
1703 1513 1799 1538 quum
1813 1508 1925 1538 aperte
1938 1505 2103 1532 scribatur

289 1547 449 1575 miravit.
473 1549 510 1576 In
522 1550 582 1577 hoc
595 1548 665 1583 ipso
679 1549 748 1577 cod.
763 1550 800 1577 G.
816 1550 846 1577 1.
859 1554 931 1584 post
945 1549 1094 1577 intravit
1108 1551 1262 1579 lacunam
1276 1558 1350 1579 esse
1362 1551 1456 1579 vocis
1473 1550 1541 1579 fere
1565 1552 1802 1585 tetrasyllahae
1819 1550 2006 1585 pronuntiat
2021 1550 2102 1578 Oud.

290 1660 496 1709 praeterea
532 1662 595 1697 est
630 1659 667 1696 in
704 1660 963 1709 sequentibus
999 1660 1165 1698 subiecti

289 1715 470 1761 mutatio;
508 1727 624 1764 quum
656 1716 756 1753 enim
783 1717 817 1753 in
843 1718 1092 1766 praegressis
1118 1716 1168 1753 de

288 1782 411 1808 uxore
435 1771 697 1821 procuratoris
717 1772 894 1810 Plotina
913 1785 1043 1810 sermo
1065 1784 1167 1810 sem-

288 1838 360 1877 per
385 1826 516 1871 fuerit,
542 1828 692 1873 statim,
717 1828 874 1865 nomine
899 1842 973 1866 non
1000 1828 1166 1874 adscito,

288 1886 515 1932 procurator
545 1884 632 1933 ipse
664 1885 699 1921 in
736 1885 917 1934 sequenti
951 1886 1166 1923 enuntiato:

290 1938 376 1977 Sed
401 1952 490 1978 cum
510 1940 690 1991 primum
716 1940 829 1980 littus
857 1940 1071 1980 Actiacum
1096 1955 1168 1993 ap-

283 1995 470 2046 pulisset,
484 1994 761 2047 intelligendus
775 1996 927 2035 videtur
941 2010 1048 2036 esse.
1068 1997 1169 2036 Hinc

288 2051 422 2088 vitium
448 2051 645 2102 quoddam
670 2053 733 2091 hic
758 2053 880 2092 latere
904 2059 1018 2105 puto,
1057 2058 1097 2092 et
1127 2058 1170 2093 ut

288 2105 497 2146 lectionem
512 2109 764 2148 incubabant
782 2109 1010 2155 defendam,
1034 2110 1167 2161 legen-

289 2162 382 2201 dum
396 2176 490 2202 esse
503 2178 574 2216 pro
584 2165 828 2217 adpulisset:
845 2167 1016 2218 appulsi
1029 2172 1165 2213 essent,

288 2220 344 2257 uti
368 2221 530 2271 saepius
556 2221 611 2259 ita
634 2223 786 2261 variant
815 2223 927 2261 codd.
954 2224 989 2261 in
1016 2224 1078 2262 his
1101 2237 1167 2275 ge-

289 2276 461 2315 neribus.
511 2276 559 2316 cf.
595 2279 647 2316 ita
672 2279 858 2318 duxisset
889 2283 929 2318 et
954 2280 1046 2320 duze
1071 2285 1171 2319 esset

289 2332 460 2371 Liv.1V.
487 2337 551 2373 37.
579 2333 608 2383 ᾧ.
625 2337 661 2375 6.
688 2336 918 2387 reliquerat
940 2340 980 2373 et
1003 2337 1167 2389 reliqua

290 2394 380 2427 erat
393 2388 511 2428 Gron.
527 2389 576 2428 ad
589 2390 675 2429 Liv.
691 2390 752 2428 lll.
764 2395 829 2432 29.
850 2396 909 2432 16.
925 2406 1064 2432 recens
1079 2398 1167 2432 erat

290 2448 331 2483 et
354 2451 576 2485 recesserat
599 2447 689 2485 ibid.
711 2446 772 2485 lIl.
795 2452 859 2488 23.
887 2449 916 2498 ᾧ.
933 2453 970 2489 2.
993 2463 1165 2500 praece-

287 2507 411 2553 perat
425 2506 678 2555 etpraeceps
698 2509 788 2543 erat
810 2504 900 2542 ibid.
916 2505 957 2544 Il.
975 2510 1039 2545 27.
1061 2505 1092 2555 ξ.
1108 2506 1169 2558 3.]

349 2559 421 2610 qui
446 2559 524 2598 sibi
544 2561 718 2612 quisque
730 2565 947 2600 metuentes
963 2562 1169 2601 delitesce-

291 2614 399 2653 bant.
449 2615 578 2654 Recte
599 2615 703 2655 Oud.
723 2616 824 2654 hanc
845 2617 1051 2655 lectionem
1066 2632 1168 2657 com-

288 2671 445 2720 probat,
479 2685 582 2723 quae
607 2685 631 2710 a
655 2673 847 2723 prioribus
874 2674 1086 2712 editoribus
1112 2679 1168 2712 te-

288 2739 394 2765 mere
409 2732 588 2779 corrupta
602 2732 682 2773 est,
709 2742 905 2781 quamque
920 2732 1037 2768 ctiam
1053 2731 1166 2770 codd.

288 2796 496 2834 perperam
531 2789 726 2824 mutarunt
762 2791 937 2826 metuens
975 2787 1170 2836 legentes,

290 2839 374 2877 Sed
400 2840 447 2879 cf.
469 2840 566 2879 Met.
581 2840 684 2880 VIII.
711 2855 749 2893 p.
776 2846 869 2883 520.
897 2844 1054 2881 efcciti
1079 2845 1171 2883 lati-

291 2895 389 2934 bulo
424 2910 497 2936 suo
537 2899 762 2951 quisque,
804 2899 971 2951 familia
1008 2906 1170 2946 moesta,

292 2955 642 2993 concurrimus.
671 2954 785 3005 [Met.
801 2955 905 2994 VIII.
921 2969 958 3006 p.
974 2960 1066 2997 562.
1082 2970 1170 2996 sua-

293 3021 370 3059 que
386 3022 486 3048 cura
507 3012 708 3063 refecti,
729 3012 949 3051 sarcinulis
965 3014 1173 3065 quisque

290 3066 458 3113 sumptis
482 3067 565 3105 suis
589 3068 695 3106 viam
720 3073 995 3120 capessunt.
1022 3073 1171 3121 p.579.

289 3120 543 3161 indusiati
586 3128 626 3162 et
668 3124 910 3176 deformiter
962 3126 1172 3178 quisque

290 3177 591 3227 formati
626 3180 777 3220 deliti
901 3183 1170 3233 prodeunt.

1227 1672 1264 1710 p.
1276 1663 1350 1700 581
1362 1690 1371 1699 .
1386 1662 1560 1700 cervices
1575 1660 1743 1699 lubricis
1761 1661 2105 1713 ‘intorquentes

1227 1717 1401 1755 motibus
1415 1717 1628 1769 crinesque
1710 1721 1933 1755 rotantes
2029 1730 2106 1755 sua

1229 1774 1436 1825 quisque
1468 1772 1639 1812 brachia
1672 1773 1925 1812 dissecant
1954 1776 1994 1810 et
2017 1785 2104 1811 sae-

1226 1829 1327 1880 pius.
1354 1828 1402 1867 cs.
1428 1827 1558 1866 Burm.
1585 1828 1635 1867 ad
1661 1827 1776 1867 Ovid.
1802 1828 1901 1867 Met.
1916 1828 1964 1867 V.
1990 1832 2105 1874 212..

1227 1886 1292 1935 qui
1317 1889 1493 1923 nostrum
1518 1884 1646 1922 locum
1678 1886 1730 1922 ita
1761 1885 1869 1922 citat:
1908 1899 1998 1924 cum
2029 1885 2108 1924 sibi

1230 1943 1401 1994 quisque
1413 1946 1629 1981 metuentes
1643 1942 1941 1980 delitescebant.
1968 1940 2105 1980 Heins.

1227 1997 1278 2035 ad
1304 1998 1430 2036 eiusd.
1459 1997 1484 2036 Ι.
1510 1996 1578 2036 ΙΧ.
1605 2002 1699 2038 425.
1725 1997 1865 2036 Heins.
1885 1997 2056 2036 Advers.
2077 1997 2106 2035 l.

1228 2058 1265 2094 8.
1290 2068 1327 2106 p.
1344 2058 1397 2094 82
1411 2067 1545 2105 seqq„
1571 2055 1636 2105 qui
1650 2067 1686 2105 p.
1703 2057 1767 2094 83.
1788 2058 1963 2092 nostrum
1979 2053 2106 2092 locum

1228 2110 1346 2149 etiam
1365 2111 1535 2162 protulit.
1561 2110 1648 2148 Res
1666 2110 1786 2148 hodie
1799 2111 1899 2149 satis
1912 2114 1975 2148 est
1988 2109 2106 2162 trita]

1284 2180 1571 2220 ayyressurac.
1644 2166 1747 2206 Elm.
1779 2168 1815 2205 in
1853 2166 1979 2205 indice
2017 2167 2110 2205 citat

1227 2223 1386 2274 Ulpian.
1409 2223 1475 2261 lv.
1503 2223 1594 2261 sam.
1622 2224 1759 2262 ercisc.
1787 2223 1835 2262 Si
1861 2223 1965 2276 quid
1988 2222 2055 2261 rel
2073 2223 2110 2261 ci

1227 2286 1301 2319 aut
1315 2281 1540 2319 latrocinio
1555 2285 1628 2320 aut
1641 2295 1741 2332 affy
1752 2293 1884 2318 ressu
1894 2294 1948 2318 ra
1967 2280 2108 2332 acqui-

1226 2338 1442 2376 situmeril.
1458 2336 1578 2375 Zeno.
1593 2335 2108 2374 veronens.deResurrect.

1225 2407 1263 2445 p.
1291 2397 1384 2433 415.
1412 2395 1628 2446 confitetur
1659 2406 1993 2445 ayyressurae
2018 2396 2110 2431 tem·

1222 2463 1314 2502 pus.
1349 2448 1615 2501 [Vocabulum
1638 2450 1877 2501 praeeeteris
1903 2448 1969 2487 let.
1984 2449 2020 2486 in
2034 2461 2110 2486 usu

1230 2510 1314 2543 erat
1325 2505 1459 2544 Barth.
1474 2505 1642 2544 Advers.
1652 2504 1838 2543 XXXIII.
1855 2509 1919 2545 22.
1935 2519 1973 2557 p.
1988 2508 2107 2545 1542.

1231 2563 1295 2613 qui
1325 2576 1617 2614 ayqressuram
1648 2562 1808 2613 exponit
1839 2575 1933 2600 esse
1960 2560 2109 2600 latroci—

1228 2619 1333 2656 nium
1359 2620 1444 2657 sine
1471 2619 1595 2656 caede
1619 2622 1685 2656 aut
1709 2617 1887 2663 vulnere,
1914 2618 2048 2669 quain
2070 2630 2112 2655 re

1227 2688 1302 2713 non
1331 2675 1572 2728 consentia]

1286 2732 1436 2770 Haemi
1450 2733 1626 2771 latronis
1641 2731 1874 2783 colle-qium.
1891 2730 1956 2782 [cf.
1973 2729 2112 2768 dehac

1232 2801 1348 2833 voce,
1375 2802 1476 2838 quae
1502 2788 1739 2827 Graecorum
1766 2801 1849 2825 voc.
1866 2783 2113 2839 ἐργαστήριον

1231 2844 1463 2896 respondet,
1508 2858 1609 2895 quae
1647 2845 1807 2895 exponit
1844 2843 2024 2882 d'OrvilI.
2061 2841 2111 2882 ad

1233 2900 1375 2939 Charit.
1400 2900 1427 2939 I.
1456 2915 1486 2940 c,
1515 2906 1550 2941 7.
1577 2915 1613 2952 p.
1642 2904 1735 2941 250.
1762 2899 1825 2939 ed.
1848 2898 1984 2950 Lips]

1286 2959 1481 2997 interivit.
1519 2957 1631 2995 llanc
1645 2956 1818 3002 sormam,
1841 2969 1943 3006 quae
1957 2956 2115 2994 diversa

1231 3015 1382 3052 ratione
1407 3014 1584 3052 mutilata
1608 3014 1644 3051 in
1671 3012 1784 3051 codd.
1811 3015 2022 3064 comparet,
2047 3011 2115 3049 hic

1233 3068 1311 3120 legi
1326 3070 1493 3115 debere.
1519 3071 1595 3108 iam
1609 3069 1711 3108 Oud.
1732 3072 1838 3106 recte
1852 3067 2117 3119 pronuntiavit

1232 3126 1322 3165 coll.
1338 3126 1517 3166 Meelv.
1533 3140 1571 3178 p.
1588 3125 1682 3166 284.
1707 3125 1783 3163 sed
1809 3139 1833 3163 (ι
1857 3125 2002 3178 yloria
2027 3137 2111 3163 non

1227 3184 1341 3235 peri
1350 3184 1394 3222 ci
1402 3188 1434 3228 t,
1485 3181 1568 3234 [ubi
1612 3180 1764 3233 aliquot
1799 3181 2000 3233 exemplis
2037 3181 2112 3220 iam
