2155 3590
662 155 850 195 LIBER
873 155 969 196 Vll.
1028 155 1154 195 CAP.
1184 154 1304 194 XIII.
1812 153 1891 196 571

101 267 231 307 sonui.
280 265 334 306 Et
356 265 463 306 illam
489 266 660 306 thalamo
685 274 882 321 receptam
908 267 1108 308 commode
1138 272 1323 321 parentes
1360 266 1421 305 sui
1457 265 1663 316 fovebant3
1701 278 1763 305 me
1797 278 1895 306 vero

103 337 189 362 cum
223 322 377 375 ingenti
412 322 676 363 iumentorum
711 323 933 377 civiumque
969 323 1216 364 multitudine
1251 322 1459 362 confestim
1500 328 1608 362 retro
1644 321 1894 375 Tlepolemus

102 378 245 431 agebat
273 392 352 417 non
378 377 560 419 invitum.
619 377 725 419 Nam
750 386 790 419 et
814 380 911 420 alias
938 380 1118 420 curiosus
1143 386 1182 419 et
1205 385 1298 418 tunc
1322 378 1519 417 latronum
1546 377 1784 431 captivitatis
1808 390 1895 432 spe-

102 441 230 474 ctator
254 434 434 488 optabam
458 434 564 474 fieri:
603 449 701 488 quos
732 435 886 488 quidem
917 435 1122 489 colligatos
1153 435 1277 475 adhuc
1310 434 1403 475 vino
1429 433 1555 487 magis
1586 447 1702 486 quam
1726 433 1896 473 vinculis

101 490 440 544 deprehendimus.
490 489 603 531 Totis
629 504 725 545 ergo
751 492 912 545 prolatis
938 492 1138 544 erutisque
1162 491 1301 540 rebus,
1329 497 1369 530 et
1392 489 1506 529 nobis
1531 503 1628 529 auro
1653 496 1897 543 argentoque

101 553 142 586 et
171 546 313 587 ceteris
351 546 525 597 onustis,
563 547 669 600 ipsos
707 547 847 601 partim
885 548 1143 599 constrictos,
1194 547 1252 587 uti
1287 547 1466 596 fuerant,
1513 546 1822 599 provolutosque
1854 545 1896 585 in

107 601 115 656 Ι
136 603 338 656 proximas
369 602 530 657 rupinas
562 603 795 658 praecipites
821 604 984 654 dedere,
1012 603 1111 644 alios
1138 617 1232 644 vero
1257 603 1338 643 suis
1364 602 1439 642 sibi
1470 601 1610 655 gladiis
1641 601 1896 642 obtruncatos
1921 607 1983 640 471

101 741 222 768 eii-ium
241 740 455 769 multitudini
470 742 594 771 omissa
612 742 777 778 particula
794 745 878 772 Iunt.
897 744 930 772 2.
977 741 1188 779 Plepolemus
1206 743 1243 771 F.
1257 743 1289 772 3.
1323 739 1543 779 Thepolemus
1555 744 1705 775 utsupra
1718 741 1755 770 G.
1770 742 1799 769 1.
1814 742 1844 768 2.
1858 742 1898 768 D.

102 784 298 823 Lepolemus
311 788 347 815 B.
362 790 391 816 et
406 788 476 816 edd.
489 790 565 816 vett.
577 809 584 825 ,
609 791 644 816 ut
657 789 691 816 in
705 795 792 822 seqq.
807 796 949 822 quoque,
973 790 1059 817 unde
1071 795 1237 823 nunquam
1250 790 1394 822 repetam
1405 789 1490 816 hanc
1503 786 1748 815 aberrationem.
1774 784 1902 812 m'e'bat

102 833 156 860 vel
171 831 298 868 avebat
309 840 365 866 pro
378 831 502 869 agebat
515 834 550 861 G.
567 834 596 862 1.
609 834 640 861 2.
657 835 696 861 D.
743 841 809 860 non
822 832 964 861 invitum
978 835 1090 862 exulat
1103 840 1124 862 a
1137 835 1172 862 G.
1190 834 1217 862 1.
1231 834 1261 861 2.
1276 833 1314 861 Ρ.
1326 834 1365 861 D.
1379 833 1414 861 Ο.
1461 834 1494 859 el
1507 839 1586 859 nam
1598 831 1635 860 F.
1652 832 1680 859 1.
1694 831 1899 859 ElmAVow.

101 877 242 905 Scriver.
256 878 341 905 unde
354 877 538 906 coniecerat
549 879 732 906 Burmann:
757 877 872 906 etiam.
897 880 934 906 In
947 881 1021 906 cett.
1035 879 1126 907 codd.
1140 881 1171 906 et
1183 879 1253 907 edd.
1266 885 1345 905 nam
1359 879 1403 906 et.
1439 879 1475 904 et
1485 884 1574 904 nunc
1587 877 1624 904 G.
1641 877 1669 904 1.
1705 874 1859 912 spectari·
1869 871 1899 904 ὃ.

102 919 209 949 αιίκίει·
230 924 265 950 G.
287 923 316 950 1.
364 922 512 960 totisque
525 921 674 958 perlatis
693 924 728 952 B.
777 921 985 960 eruditisque
1005 924 1082 952 Bas.
1105 924 1134 952 1.
1155 932 1188 957 φ.
1208 926 1239 951 et
1257 923 1382 957 aliquot
1401 921 1459 951 alii
1478 922 1586 957 codd„
1616 924 1748 949 notante
1771 920 1899 949 Fulvio.

102 967 298 1004 rruptisque
306 968 341 996 P.
351 968 474 996 G.2.D.
500 967 823 1005 cunctisqueG.1.0.
835 970 873 996 In
885 971 958 996 cett.
972 967 1158 1005 erutisque.
1193 975 1281 994 auro
1295 970 1504 1004 argentoque
1517 969 1552 994 et
1563 964 1709 994 caeteris
1721 966 1758 994 F.
1772 967 1804 993 3.
1818 967 1854 994 G.
1872 966 1900 994 1.

100 1013 133 1039 ,2.
150 1013 185 1040 Ο.
198 1013 238 1041 D.
262 1013 299 1040 In
312 1015 383 1040 cett.
398 1016 446 1040 est
459 1020 546 1040 auro
559 1015 595 1040 et
605 1015 749 1049 argento
763 1012 985 1049 eaeterisque.
1034 1012 1157 1040 ceteris
1170 1014 1264 1041 abest
1276 1012 1311 1041 in
1325 1014 1359 1041 0.
1406 1011 1551 1048 rupinas
1570 1011 1607 1040 F.
1623 1012 1652 1039 1.
1667 1012 1697 1040 3.
1717 1011 1756 1039 D.
1771 1011 1805 1039 Ο.
1819 1019 1850 1046 p.
1863 1010 1900 1038 P.

101 1056 156 1091 (in
175 1057 351 1085 collatione
363 1058 404 1086 ad
422 1057 601 1093 marginem
620 1059 668 1086 ed.
690 1058 899 1093 Colvianae.)
924 1065 989 1094 rap
1004 1058 1146 1093 rapinas
1164 1059 1200 1085 G.
1215 1059 1247 1086 2.
1267 1059 1325 1086 sed
1342 1057 1434 1092 prius
1447 1064 1512 1092 rap
1531 1055 1631 1085 minio
1649 1059 1703 1092 est
1717 1056 1901 1084 obductum.

101 1100 244 1137 rupinas
257 1103 294 1131 G.
310 1103 339 1130 1.
355 1100 429 1137 (sed
443 1110 459 1130 e
472 1103 669 1131 correctione
683 1109 756 1130 am.
771 1111 813 1140 s.‚
839 1109 914 1130 nam
927 1109 1044 1130 rasura
1057 1105 1208 1139 apparet,
1234 1103 1321 1130 unde
1333 1102 1447 1137 colligi
1459 1104 1580 1139 potest,
1606 1101 1714 1136 prius,
1742 1103 1776 1128 ut
1794 1101 1828 1129 in
1848 1101 1901 1135 0.‚

101 1148 220 1175 lectum
233 1147 338 1175 fuisse
351 1145 506 1182 rapinas.
530 1145 685 1183 Rupinas
698 1147 732 1175 in
745 1154 846 1182 marg.
861 1148 965 1175 denuo
977 1147 1135 1181 scriptum
1148 1150 1195 1175 est
1209 1154 1230 1175 a
1243 1154 1283 1175 m.
1293 1144 1337 1181 s.)
1353 1148 1389 1175 P.
1406 1150 1486 1176 teste
1496 1147 1576 1175 Oud.
1590 1149 1619 1174 et
1629 1155 1662 1179 φ.
1677 1148 1715 1174 In
1729 1145 1904 1174 cett.codd.

101 1188 216 1220 etfedd.
229 1194 307 1220 vett.
320 1194 449 1226 praeter
459 1193 599 1230 Iunt.2.,
620 1199 704 1226 quae
716 1200 758 1220 ex
771 1193 1055 1225 interpretamento
1067 1198 1168 1228 rupes
1180 1193 1294 1229 nabet,
1318 1192 1439 1227 legitur
1451 1191 1557 1227 ripas.
1581 1191 1661 1219 Inde
1674 1197 1695 1219 a
1706 1191 1855 1218 XVower.
1868 1189 1904 1217 in

99 1235 298 1265 editionibus
316 1235 458 1272 rupinas
477 1239 576 1265 extat.
620 1237 834 1273 praecipitas
857 1238 941 1264 lunt.
963 1238 991 1264 1.
1016 1239 1256 1271 typothetarum
1278 1236 1369 1265 vitio.
1417 1234 1571 1273 aliosque
1589 1237 1626 1264 Β.
1662 1234 1743 1262 aliis
1763 1237 1800 1264 G.
1821 1236 1850 1263 1.
1870 1235 1903 1263 2.

100 1279 166 1307 sibe·
176 1280 246 1308 suis
261 1282 296 1310 G.
309 1282 342 1309 2.
355 1282 394 1310 D.
409 1284 520 1309 contra
533 1284 735 1310 constantem
747 1289 813 1310 non
824 1283 930 1310 solum
943 1281 1095 1320 Apuleii,
1115 1282 1173 1310 sed
1186 1285 1365 1310 ceterorum
1378 1288 1504 1316 quoque
1517 1281 1710 1315 scriptorum
1721 1287 1829 1318 usum,
1849 1279 1906 1314 qui

101 1333 230 1360 semper
242 1324 306 1353 sibi
318 1326 499 1360 pronomini
511 1332 592 1354 suus
606 1329 812 1361 postponunt.
856 1323 990 1363 gladios
1003 1321 1032 1354 ὃ.

101 1447 144 1484 iu
163 1446 303 1497 prima.
333 1448 508 1486 remansi
533 1460 645 1492 voce,
677 1452 716 1486 et
743 1447 977 1487 idemtidem

102 1503 265 1547 boavi,
303 1502 370 1541 ille
400 1502 568 1542 sortasse
598 1517 669 1554 pro
696 1504 815 1542 boari
844 1502 976 1555 legere

100 1558 222 1596 voluit
237 1559 396 1598 one-avi:
424 1572 537 1609 quam
560 1563 688 1598 tamen
715 1560 976 1598 coniecturam

100 1614 319 1666 improbant
335 1616 456 1653 verba
475 1616 680 1655 clcmuitavi
706 1620 745 1654 et
769 1617 976 1657 disserere.

101 1684 203 1721 quae
219 1672 332 1709 etiam
345 1685 415 1722 per
428 1685 475 1709 se
489 1672 539 1710 (16
553 1673 663 1711 asino
679 1672 752 1711 dici
768 1677 977 1724 nequeunt,

100 1727 178 1765 sed
212 1731 254 1765 ut
287 1728 406 1767 boavi
435 1728 511 1766 hoc
542 1729 699 1780 quidem
724 1742 850 1766 rerum
875 1743 979 1767 nexu

101 1782 306 1836 semotim]

148 1839 380 1893 colliqatos.
396 1839 599 1897 [Barthins
607 1841 776 1880 Advers.
786 1840 976 1880 XXXIV.

106 1900 168 1936 15.
205 1910 242 1948 p.
272 1901 390 1937 1571.
421 1899 632 1936 memoriae
664 1911 794 1936 errore
818 1898 910 1936 citat
928 1911 978 1935 ex

102 1951 273 2002 Apuleio
312 1952 468 2005 liyatus
502 1955 596 1993 vino
632 1967 702 2004 pro
741 1954 976 2005 colli-qaia&

103 2008 158 2046 At
171 2008 260 2046 inde
275 2009 404 2060 colligi
429 2011 577 2060 nequit,
604 2023 692 2047 eum
718 2010 753 2047 in
774 2010 886 2048 codd.
900 2009 978 2048 hoc

102 2065 312 2103 invenisse.
338 2065 402 2103 De
415 2065 581 2103 dictione
594 2066 640 2104 cs.
651 2065 975 2105 Heins.etBurm.

103 2119 155 2159 ad
179 2118 297 2159 Ovid.
321 2120 418 2159 Met.
443 2120 511 2160 XI.
538 2121 655 2174 238]

150 2178 367 2228 erutisque.
388 2176 598 2228 Perperam
612 2178 678 2216 viri
694 2178 849 2229 quidam
865 2177 980 2224 docti,

103 2235 146 2271 ut
168 2231 342 2271 Wower.
367 2237 406 2271 et
431 2234 591 2284 Sciopp.
623 2234 658 2272 in
686 2234 864 2284 Symbol.
895 2248 980 2286 pro-

103 2289 198 2326 bant
211 2289 394 2329 eruditis.
419 2289 532 2329 Mera
546 2294 607 2328 est
621 2290 858 2329 librariorum
871 2291 980 2329 aber-

103 2345 218 2390 ratio,
244 2358 320 2395 qua
344 2345 446 2397 lapsi
465 2350 556 2384 sunt
574 2346 838 2396 descriptores
863 2348 981 2386 etiam

103 2400 458 2440 vetustissimorum
479 2402 592 2441 codd.
606 2402 862 2441 Leidensium
874 2402 981 2444 Prol.

103 2456 153 2495 L.
166 2454 254 2495 XII.
270 2462 379 2497 terra
393 2459 518 2504 edita,
538 2463 583 2498 ut
595 2459 691 2497 iude
704 2460 867 2498 erudita
893 2462 979 2511 (pro

102 2517 238 2562 eruta)
265 2514 473 2553 dieantur.
499 2514 587 2553 Nec
610 2515 752 2558 melius
767 2519 847 2561 est,
873 2516 980 2567 quod

100 2569 155 2607 ad
172 2570 385 2620 marginem
407 2571 468 2608 hic
487 2570 634 2609 adlevit
652 2571 707 2608 vir
726 2571 867 2609 doctus
893 2586 980 2612 eru-

105 2625 351 2678 deratisque.
400 2625 564 2678 Proprie
594 2628 695 2665 enim
731 2630 850 2674 terra,
886 2642 980 2680 ager

105 2681 241 2720 dicitur
261 2683 495 2730 eruderari,
521 2696 544 2721 e
564 2696 640 2734 quo
660 2683 799 2721 rudera
823 2688 862 2722 et
886 2684 979 2736 lapi-

103 2736 206 2776 dosa
230 2751 486 2790 quaecunque
510 2739 612 2777 bene
636 2743 727 2778 sunt
744 2738 914 2785 sublata,
938 2745 981 2780 ut

103 2793 210 2845 apud
222 2794 334 2834 Varr.
347 2795 396 2833 R.
410 2795 458 2834 R.
473 2794 520 2834 II.
535 2800 572 2836 2.
597 2795 698 2834 Hinc
715 2796 981 2846 metaphorice

106 2851 282 2898 quamvis
306 2852 576 2903 purgationem
601 2856 641 2890 et
670 2852 980 2891 defaecationem

105 2905 295 2955 significat
318 2907 365 2946 cf.
393 2908 528 2946 Savar.
555 2909 606 2947 ad
632 2908 914 2960 Sidon.Apoll.
928 2909 978 2948 V.

108 2958 234 3011 Epist.
249 2967 286 3002 7.
311 2968 430 3004 et15.
465 2965 659 3005 Volumen
681 2965 982 3016 prophetarum

106 3029 180 3056 sua
205 3031 305 3059 eura
328 3034 531 3072 mczreuque
550 3022 602 3060 de
621 3022 882 3072 supervacuis
899 3035 980 3060 sen-

107 3074 244 3112 tentiis
267 3077 594 3117 eruderatum.
617 3077 754 3123 Adeo,
780 3080 822 3115 ut
846 3078 881 3115 si
904 3077 981 3116 iam

108 3126 210 3166 istud
235 3132 475 3183 participium
496 3137 637 3183 posset
666 3132 813 3171 habere
838 3131 980 3178 locum,

1034 1450 1184 1486 antrum
1216 1447 1406 1486 latronum
1436 1447 1501 1485 vel
1527 1446 1719 1498 spelunca
1743 1446 1817 1484 dici
1842 1445 1906 1483 de-

1033 1504 1147 1541 beret
1171 1504 1411 1548 eruderata,
1441 1517 1517 1542 non
1543 1517 1606 1542 res
1629 1506 1669 1540 et
1694 1515 1793 1553 opes
1818 1502 1908 1540 inde

1033 1558 1224 1599 sublatae.
1238 1559 1349 1598 Bene
1361 1561 1473 1610 igitur
1486 1561 1611 1599 erutis
1624 1562 1782 1597 servant
1795 1557 1910 1596 codd.

1034 1617 1167 1667 optimi
1197 1629 1244 1655 ac
1274 1615 1392 1667 longe
1422 1616 1584 1667 plurimi.
1632 1614 1776 1665 Neque
1807 1614 1910 1652 enim

1036 1685 1085 1710 ea
1109 1676 1252 1711 tantum
1280 1674 1368 1712 erui
1391 1672 1583 1718 dicuntur,
1610 1685 1710 1723 quae
1731 1671 1910 1709 interrae

1035 1728 1158 1767 latent
1188 1729 1424 1773 visceribus,
1461 1728 1535 1766 sed
1568 1732 1607 1766 et
1637 1741 1702 1772 ea,
1739 1740 1841 1778 quae
1871 1726 1909 1764 in

1036 1785 1169 1823 abdito
1182 1789 1274 1824 sunt
1285 1785 1485 1823 recondita
1510 1784 1558 1823 cf.
1573 1784 1719 1823 Lucan.
1735 1782 1798 1822 Ill.
1817 1786 1909 1823 155.

1036 1843 1152 1881 Tune
1188 1842 1380 1881 conditus
1412 1842 1494 1879 imo
1525 1842 1715 1880 eruitur
1745 1839 1909 1890 templo,

1037 1896 1120 1950 [uhi
1148 1897 1196 1936 cf.
1220 1897 1345 1949 Cart]
1394 1896 1453 1935 Ita
1465 1896 1568 1935 Oud.
1590 1896 1910 1934 defenditlectio·

1035 1967 1124 1991 nem
1137 1953 1271 1992 Horat.
1288 1953 1371 1991 Sat.
1386 1952 1415 1991 I.
1432 1957 1468 1993 4.
1485 1957 1551 1993 25.
1578 1954 1753 2005 quemvis
1775 1951 1912 1990 media

1035 2023 1149 2049 erue
1174 2010 1313 2054 turba,
1337 2009 1404 2047 ubi
1442 2009 1490 2048 cf.
1523 2008 1647 2047 Orell.
1681 2007 1911 2060 [Difficilius

1034 2069 1097 2104 est
1120 2066 1300 2104 iudicium
1327 2065 1377 2103 de
1403 2064 1488 2104 loco
1505 2064 1668 2104 Tertull.
1687 2065 1738 2103 de
1754 2063 1913 2116 pudicit.

1034 2136 1066 2161 c.
1082 2126 1138 2168 8.,
1163 2122 1229 2160 ubi
1254 2121 1355 2160 haec
1380 2121 1575 2172 leguntur:
1603 2121 1688 2160 Sed
1713 2119 1912 2172 enimple-

1039 2191 1189 2230 rosque
1212 2179 1453 2230 interpretes
1479 2178 1782 2230 parabolarum
1804 2177 1914 2215 idem

1039 2235 1174 2274 exitus
1205 2235 1380 2286 decipit,
1415 2248 1531 2287 quem
1554 2235 1598 2272 in
1621 2234 1792 2273 restibus
1811 2246 1912 2284 pur-

1034 2304 1147 2342 pura
1173 2291 1390 2330 oculandis
1412 2291 1640 2342 saepissime
1663 2290 1821 2329 eventre
1845 2292 1913 2334 est,

1040 2360 1162 2399 quum
1180 2348 1394 2399 putaveris
1424 2351 1533 2386 reete
1559 2347 1798 2386 conciliasse
1822 2350 1913 2383 tem-

1031 2408 1275 2454 peramenta
1300 2402 1485 2443 colorum
1509 2408 1550 2442 et
1567 2403 1797 2442 credideris
1811 2414 1913 2440 eom-

1032 2460 1277 2510 parationes
1312 2473 1451 2500 eorum
1485 2460 1592 2498 iuter
1626 2472 1667 2498 se
1702 2458 1913 2502 animasse,

1039 2516 1239 2554 erudito
1263 2529 1361 2554 mox
1380 2521 1557 2568 utroque
1571 2527 1765 2566 corpore,
1793 2517 1832 2552 et
1856 2512 1914 2551 lu-

1036 2572 1211 2611 minibus
1223 2573 1443 2623 eoepressis,
1470 2585 1645 2610 errorem
1667 2583 1819 2608 omnem
1832 2573 1914 2607 tra-

1038 2627 1167 2667 ducta
1181 2628 1393 2667 diversitas
1406 2633 1573 2672 evomet,
1600 2639 1700 2676 quae
1714 2629 1916 2678 postrema

1038 2683 1159 2722 verba
1176 2683 1324 2735 Rigalt.
1350 2684 1402 2722 ita
1426 2685 1714 2734 interpretatur:
1740 2681 1915 2732 expolita

1036 2743 1203 2790 utroque
1222 2754 1350 2791 panno
1370 2740 1578 2778 diversitas
1597 2738 1786 2783 ostendit,
1810 2736 1915 2775 male

1039 2796 1246 2835 conciliata
1265 2797 1388 2835 tuisse
1408 2796 1580 2835 colorum
1594 2796 1916 2846 temperamenta.

1039 2850 1246 2897 Quomodo
1262 2866 1354 2890 vero
1369 2853 1534 2892 erudire
1546 2851 1649 2889 idem
1663 2864 1757 2889 esse
1770 2853 1915 2901 potest,

1038 2908 1144 2958 quod
1170 2909 1386 2960 expolire?
1421 2906 1538 2946 Unde
1560 2911 1683 2946 totum
1709 2906 1837 2945 locum
1862 2906 1916 2944 ita

1039 2965 1226 3003 emendo:
1250 2965 1358 3003 iuter
1369 2978 1411 3003 se
1423 2965 1621 3003 animasse
1633 2964 1803 3010 erudite,
1815 2977 1915 3002 moa}

1038 3021 1083 3059 iu
1107 3026 1284 3073 utroque
1309 3033 1488 3071 corpore
1513 3019 1729 3059 luminibus
1749 3032 1914 3071 expres-

1038 3077 1108 3122 sis,
1134 3090 1311 3116 errorem
1337 3090 1489 3115 omnem
1512 3079 1586 3114 etc.
1605 3076 1800 3114 sententia
1815 3077 1915 3114 satis

1037 3136 1192 3184 aperta,
1216 3145 1334 3183 quum
1357 3131 1420 3171 hie
1437 3132 1540 3171 duae
1558 3135 1696 3171 vestes
1715 3132 1914 3188 cumaduo-
