2221 3667
357 174 439 216 354

621 173 667 212 L.
693 174 912 217 APULEII
942 170 1340 217 MADAURENSIS
1369 169 1910 211 METAMORPHOSEON

358 286 403 327 dc
434 286 564 326 vultus
596 286 821 328 curiositate
853 285 1131 340 praeminatur.
1181 281 1298 322 Nunc
1328 282 1361 322 si
1386 297 1498 336 quam
1529 283 1739 324 salutarem
1766 296 1873 335 opem
1900 279 2135 335 periclitanti

357 343 487 382 sorori
511 349 668 384 vestrae
695 343 853 396 potestis
880 342 1041 390 afferre,
1075 340 1148 379 iam
1177 353 1280 378 nunc
1304 339 1519 380 subsistite.

1583 338 1768 381 Ceterum
1793 337 1945 378 incuria
1969 350 2136 390 sequens

358 398 499 451 prioris
531 399 798 453 providentiae
828 397 1016 438 beneficia
1048 392 1273 448 corrumpit.
1325 393 1437 435 Tunc
1469 403 1633 436 nanctae
1663 395 1738 435 iam
1770 394 1891 447 portis
1916 393 2136 447 patentibus

358 454 542 494 nudatum
558 456 706 495 sororis
727 456 895 494 animum
916 452 1162 492 facinorosae
1182 450 1380 501 mulieres,
1408 452 1562 492 omissis
1584 458 1708 491 tectae
1729 450 1929 490 machinae
1949 449 2136 499 latibulis,

358 511 553 551 destrictis
580 512 718 565 gladiis
746 510 937 549 fraudium
962 507 1146 560 simplicis
1172 507 1321 560 puellae
1347 515 1532 562 paventes
1558 507 1816 562 cogitationes
1842 506 2044 547 invadunt.

954 679 1346 726 CAPUT
1432 680 1548 725 XX.

472 814 538 855 Sic
574 813 738 864 denique
774 811 920 850 altera:
961 809 1155 863 Quoniam
1194 824 1265 849 nos
1303 810 1467 863 originis
1506 824 1632 851 nexus
1671 825 1740 864 pro
1778 817 1845 850 tua
1879 809 2145 850 incolumitate

356 998 570 1035 praemiatur
584 998 621 1025 D.
636 1004 656 1025 a
668 1004 708 1024 m.
724 1004 753 1030 p.
781 996 948 1027 (minatur
961 1003 980 1024 a
992 1004 1032 1025 ln.
1047 991 1092 1035 s.)
1105 996 1232 1024 Vicem,
1256 992 1294 1021 de
1308 994 1362 1022 sm·
1375 993 1485 1022 sullus
1498 996 1533 1023 0·

270 883 334 917 350
360 871 570 926 periculum
592 869 742 922 quidem
764 867 884 907 ullum
911 874 1001 907 ante
1027 867 1161 907 oculos
1183 866 1324 906 habere
1345 867 1559 921 compellit,
1586 867 1712 917 viam,
1741 866 1746 921 Ι
1774 879 1872 920 quae
1892 866 1975 905 sola
1994 866 2148 906 deducit

1581 1002 1659 1022 nam
1673 1003 1728 1029 pro
1741 1002 1827 1021 nnnc
1836 1002 1870 1030 p.
1912 992 2151 1030 perv‘cnlitanti

359 1046 393 1072 0.
442 1043 562 1070 cestris
577 1043 613 1070 G.
629 1043 658 1070 ⁴2.
673 1043 710 1070 1).
725 1042 760 1069 P.
799 1040 936 1079 adferri
948 1042 1023 1069 Ga».
1035 1040 1071 1068 D.
1083 1042 1117 1068 P.
1155 1038 1292 1077 adferte
1305 1042 1340 1068 P.
1355 1044 1383 1067 et
1400 1041 1482 1068 Etm.
1523 1042 1602 1067 tunc
1616 1042 1650 1068 G.
1668 1042 1696 1067 1.
1711 1041 1741 1067 2.
1756 1041 1792 1067 D.
1808 1040 1843 1067 P.
1857 1041 1893 1068 R.
1909 1040 1942 1068 Ο.
1958 1039 1978 1067 f.
1993 1036 2022 1067 ὃ.
2063 1046 2150 1066 nunc

358 1091 457 1115 nacte
467 1096 478 1114 .·
495 1088 561 1115 iam
573 1087 782 1115 Vicent.BaS.
794 1088 822 1115 1.
836 1088 871 1114 In
881 1090 952 1115 cett.
962 1090 1008 1114 est
1023 1084 1110 1113 hunc
1124 1089 1153 1113 ut
1170 1086 1266 1113 etiam
1281 1085 1311 1113 in
1321 1087 1441 1113 Innt.2.
1452 1107 1460 1120 ,
1475 1093 1570 1119 quum
1584 1085 1728 1118 reliquae
1742 1085 1812 1112 edd.
1823 1088 1896 1112 vett.
1906 1086 2045 1113 habeant
2060 1086 2149 1113 tunc.

358 1135 505 1160 nanctae
512 1134 547 1161 F.
557 1134 587 1161 3.

635 1134 731 1159 nocte
746 1134 781 1160 G.
800 1134 826 1160 1.
842 1138 862 1159 a
873 1140 904 1160 m
919 1140 947 1165 p.
969 1139 1041 1159 cum
1060 1133 1170 1165 glossa
1189 1130 1390 1158 interlineari
1409 1129 1609 1167 acquisitae.
1639 1131 1676 1158 ln
1689 1133 1762 1158 cett.
1776 1132 1900 1156 naeme-
1916 1131 1984 1156 tmu
1995 1129 2105 1165 portis
2120 1137 2151 1163 p.

353 1177 544 1215 papatibus
555 1180 590 1206 G,
602 1178 629 1206 1,
640 1184 742 1211 amp.
753 1178 782 1205 ⁸2,
794 1178 830 1205 1).
857 1176 986 1203 suroris
999 1183 1114 1203 casum
1129 1173 1158 1203 δ’.
1183 1174 1339 1202 mulieres
1353 1183 1382 1209 p.
1409 1174 1557 1201 obmissis
1572 1178 1607 1202 (i.
1620 1176 1647 1203 Ἰ.
1662 1176 1692 1202 2.
1707 1176 1745 1202 D.
1772 1171 1916 1212 difficlis
1930 1183 1959 1209 p.
1985 1172 2151 1202 districtis

359 1226 394 1251 G.
412 1225 439 1251 1.
460 1231 480 1252 a
494 1232 533 1251 m.
547 1232 573 1251 s.
594 1220 622 1252 δ’,
646 1224 730 1250 lunt.
745 1224 773 1250 2.
801 1221 906 1250 Ceteri
932 1222 1021 1249 codd.
1036 1225 1066 1250 et
1083 1221 1153 1249 edd.
1174 1220 1228 1249 hic
1252 1224 1337 1248 recte.
1356 1228 1423 1248 serx
1433 1223 1488 1248 ant
1513 1217 1696 1248 destrictis.
1722 1219 1763 1247 cf.
1789 1221 1828 1248 ad
1854 1222 1929 1248 Met.
1952 1221 2007 1248 111.
2033 1227 2062 1254 p.
2080 1220 2152 1248 178.

349 1267 596 1308 fraudantium
610 1269 724 1296 Venet.
739 1269 768 1295 2.
783 1269 866 1295 lunt.
883 1267 911 1294 1.
926 1268 957 1294 ⁴2.
971 1267 1045 1295 Am.
1088 1272 1273 1303 pavescens
1288 1273 1317 1299 p.
1334 1266 1417 1293 unde
1431 1265 1559 1299 quidam
1574 1265 1707 1293 coniecit
1722 1264 1938 1303 pavefactas.

447 1315 556 1342 Verba
577 1313 733 1350 quoniam
758 1320 861 1345 usque
880 1312 921 1339 ait
940 1314 1021 1338 ante
1040 1320 1102 1339 non
1123 1314 1303 1345 comparent
1324 1311 1356 1338 in
1376 1318 1403 1344 p.

657 1357 760 1385 vitam
775 1358 851 1385 Bas.
868 1358 896 1385 ¹1.
910 1358 1024 1385 Yenct.
1035 1358 1063 1384 4.
1079 1356 1185 1385 Paris.
1229 1354 1385 1391 perducit
1399 1356 1435 1383 B.

359 1359 392 1387 in
405 1363 477 1388 cett.
492 1357 606 1386 ullum.

360 1470 503 1507 merito
539 1471 757 1519 corruptum
790 1466 891 1504 omni
916 1479 1038 1504 sensu
1063 1466 1229 1503 carebat.

362 1524 605 1563 Stewechius
641 1527 761 1562 totum
802 1522 927 1559 locum
964 1523 1016 1560 ita
1046 1522 1228 1559 restituit:

361 1583 548 1620 maritum
571 1582 718 1620 ineerta·
742 1584 868 1619 status
899 1581 1042 1631 (flatus
1067 1578 1129 1615 alii
1155 1577 1228 1615 sed

361 1639 494 1676 nescio
521 1637 632 1687 quw)
659 1641 697 1674 ct
717 1650 889 1687 prorsas
916 1635 1148 1686 lucifugam
1173 1639 1227 1673 to-

364 1694 467 1739 lero,
507 1694 749 1744 bestiamque
784 1692 965 1743 ale'quam
1002 1691 1229 1729 dicentibus

363 1751 470 1790 vobis
495 1750 681 1788 maritum
706 1749 933 1793 consentio,
964 1760 1023 1785 me
1056 1749 1125 1798 qui
1149 1761 1229 1784 ma·

363 1819 548 1860 ynaeipere
578 1818 733 1856 semper
764 1819 790 1842 a
818 1805 900 1843 suis
931 1808 1054 1842 terret
1083 1803 1231 1854 adspe-

366 1862 504 1903 ctibus.

420 1923 606 1957 menatae.
656 1915 921 1968 [praetulisse
953 1915 1101 1953 videtur
1133 1915 1234 1952 hanc

367 1975 526 2013 sormam
555 1973 764 2024 Apuleius,
791 1985 903 2022 quam
928 1971 1011 2009 fere
1036 1971 1178 2022 ubique
1197 1971 1234 2008 in

368 2031 451 2070 cod.
477 2030 520 2068 F.
547 2034 582 2070 3.
609 2030 753 2080 optimo
779 2029 916 2067 inveni.
944 2028 1111 2079 Saepius
1136 2041 1234 2066 uan-

368 2093 454 2127 ctus
484 2088 520 2124 in
552 2086 831 2124 vetustissimis
865 2084 1097 2137 optimisque
1122 2083 1235 2122 codd.

368 2145 545 2194 reperiri,
570 2146 700 2180 notum
725 2146 796 2180 est.
835 2141 882 2180 cs.
903 2141 996 2179 Mai.
1017 2140 1066 2178 ad
1089 2139 1164 2178 Cic.
1186 2139 1235 2177 de

369 2199 537 2251 Republ.
565 2199 590 2236 Ι.
621 2203 680 2239 10.
707 2212 744 2248 p.
771 2202 834 2238 49.
862 2202 936 2236 not.
965 2200 1018 2242 6.,
1045 2198 1108 2247 qui
1133 2196 1235 2234 idem

370 2261 460 2294 ante
492 2269 552 2293 me
583 2255 821 2299 observavit,
853 2253 955 2306 quod
989 2253 1168 2304 equidem
1200 2253 1236 2290 in

373 2313 460 2351 cod.
486 2312 530 2350 F.
558 2316 593 2352 3.
625 2311 799 2361 cognovi.
848 2311 984 2348 Variat
1016 2310 1116 2347 enim
1141 2311 1238 2347 inter

373 2370 518 2408 formas
528 2373 667 2407 nactus
677 2371 714 2405 et
722 2371 903 2411 nanctus,
911 2370 952 2404 ut
960 2366 1046 2404 inde
1060 2366 1239 2404 iudicium

372 2438 527 2478 ponam,
553 2438 626 2462 non
653 2438 675 2460 e
702 2424 860 2461 ludibrio
889 2423 1124 2461 librariorum
1149 2422 1240 2460 scri·

374 2486 523 2533 pturam
549 2480 797 2531 dependisse.
846 2479 956 2517 Ilaec
986 2480 1071 2531 ipsa
1098 2492 1242 2516 caussa

376 2542 455 2584 est,
488 2552 570 2582 cur,
602 2537 730 2575 ubiubi
762 2541 932 2575 nanctus
962 2548 985 2572 a
1016 2535 1100 2574 eod.
1134 2535 1176 2573 F.
1204 2539 1240 2575 3.

375 2598 567 2639 servatur,
599 2594 634 2630 in
667 2597 774 2631 textu
799 2592 836 2630 id
863 2593 1069 2643 posuerim.
1118 2591 1166 2630 cs.
1193 2591 1243 2629 ad

376 2650 572 2690 Metw'll.
595 2663 632 2700 p.
659 2649 769 2701 473]

433 2711 624 2759 paz-entes
639 2706 919 2757 cassitationes.
970 2704 1069 2749 Quia
1084 2707 1245 2742 tractata

378 2765 539 2817 plinium
568 2761 730 2813 Psyche
766 2775 790 2799 a
823 2761 1020 2799 sororibus
1057 2765 1144 2799 astu
1180 2761 1243 2805 sit,

381 2825 419 2858 et
449 2823 551 2858 tecte
583 2832 628 2857 ac
660 2818 771 2868 quasi
801 2831 870 2868 per
895 2816 1092 2855 cuniculos
1119 2817 1246 2855 omnia

381 2877 543 2929 primum
580 2875 824 2927 expiscatae‚
867 2877 1009 2924 postea
1050 2873 1245 2911 destrictis

383 2933 570 2970 fraudium
596 2932 735 2982 gladiis
760 2933 891 2981 aperte
917 2943 987 2967 eae
1012 2929 1115 2966 illam
1140 2930 1247 2967 inva-

383 2989 520 3034 serint,
560 2987 752 3026 Stewech.
784 2987 901 3025 scribi
937 2986 1035 3023 vult:
1063 2990 1248 3036 putentes

387 3046 654 3096 voyitationcs
669 3044 877 3089 int-ademi,
890 3042 964 3081 sed
982 3055 1111 3093 prave.
1136 3041 1250 3080 Licet

382 3102 616 3152 patentibus
637 3102 714 3139 iam
729 3101 865 3151 portis
878 3100 1056 3139 nudatus
1076 3099 1125 3136 sit
1149 3096 1250 3149 Psy-

389 3156 482 3194 ches
497 3159 662 3202 animus,
671 3156 916 3195 nihilominus
924 3154 1104 3207 pavidas
1118 3167 1251 3193 secum

1452 1308 1577 1337 nullum
1593 1312 1628 1339 G.
1646 1312 1674 1339 l.
1688 1311 1722 1338 0.
1741 1311 1779 1338 D.
1801 1311 1849 1338 ed.
1869 1318 1916 1344 pr.
1931 1310 2006 1338 ΛΜ.
2025 1311 2106 1338 Iunt.
2119 1310 2150 1338 2.

1291 1464 1408 1503 volvit
1439 1466 1727 1516 mmitationes,
1766 1478 1863 1515 quas
1895 1465 1969 1515 ipsi
2000 1466 2155 1515 paventi

1287 1522 1542 1570 trementique
1567 1521 1761 1571 Apuleius·
1786 1525 1891 1559 recte
1915 1521 2054 1560 tribuit.

1346 1577 1433 1615 (fiir.
1459 1576 1550 1614 XX.
1597 1578 1826 1627 periculam
1842 1577 2002 1630 quidem
2016 1577 2157 1617 ullum.

1289 1633 1416 1686 [Haec
1440 1635 1628 1683 scriptura
1653 1638 1716 1671 est
1741 1635 1906 1671 omnium
1928 1633 2008 1670 sere
2030 1633 2156 1679 codd„

1288 1704 1388 1741 quae
1402 1693 1494 1740 post
1508 1689 1614 1727 Grut.
1631 1689 1853 1740 Suslell.
1866 1694 1901 1730 9.
1917 1690 1964 1728 ab
1980 1691 2156 1728 omnibus

1291 1746 1377 1784 edd.
1421 1746 1566 1783 reiecta
1614 1747 1728 1784 etiam
1771 1745 1873 1784 Oud.
1923 1747 2156 1797 reprobatur.

1290 1802 1435 1840 Putant
1460 1802 1559 1839 enim
1585 1816 1721 1839 omnes
1746 1802 1898 1841 nullum
1914 1802 2158 1853 periculum,

1293 1858 1397 1909 quod
1422 1859 1483 1896 isti
1509 1862 1742 1908 agnoscunt,
1768 1859 1961 1909 pertinere
1986 1858 2034 1897 ad
2058 1858 2159 1909 Psy-

1293 1916 1390 1953 ches
1421 1928 1595 1959 sorores,
1629 1928 1728 1966 quac
1760 1914 1864 1952 nullo
1896 1914 2068 1965 periculo
2094 1915 2159 1953 de·

1294 1972 1422 2009 terreri
1453 1974 1635 2021 possent,
1661 1983 1713 2018 ,ne
1745 1984 1917 2009 sororem
1943 1984 1992 2009 ex
2017 1971 2160 2009 talibus

1294 2028 1486 2065 aerumnis
1514 2026 1728 2065 liberarent.
1778 2027 1859 2066 Sed
1885 2031 2020 2066 errant.
2057 2026 2162 2073 Quid

1294 2084 1396 2122 enim
1420 2083 1581 2135 periculi
1605 2084 1803 2122 Sororibus
1834 2084 2042 2121 timendum
2068 2087 2160 2130 erat,

1296 2154 1395 2191 quae
1420 2140 1549 2177 statim
1575 2144 1666 2191 post
1689 2140 1852 2179 consilia
1875 2140 2048 2179 malefica
2073 2153 2162 2178 avo-

1295 2196 1441 2234 larunt?
1467 2195 1553 2235 Nec
1565 2196 1641 2235 hoc
1655 2197 1870 2247 exprimere
1888 2196 2006 2234 voluit
2019 2200 2162 2236 auctor.

1296 2252 1576 2303 Qualecunque
1606 2255 1734 2304 potius
1759 2254 1892 2291 timent
1915 2266 2072 2291 sorores
2096 2266 2163 2304 pe-

1296 2309 1475 2354 riculum,
1502 2309 1605 2359 quod
1630 2322 1680 2347 ex
1705 2310 1870 2348 dracone
1894 2307 2078 2360 Psychae
2096 2310 2163 2346 im-

1298 2366 1441 2403 minere
1455 2366 1598 2416 possit,
1624 2366 1755 2417 ntique
1768 2366 1817 2404 ab
1832 2365 1933 2403 omni
1947 2364 2165 2404 calamitate

1298 2426 1418 2460 tutam
1444 2435 1528 2459 eam
1542 2422 1716 2465 videant,
1742 2422 1942 2461 consilium
1958 2421 2062 2467 dant,
2088 2435 2164 2472 quo

1301 2479 1464 2516 liberare
1479 2492 1525 2516 se
1539 2482 1667 2528 queat,
1681 2482 1763 2516 utut
1777 2492 1841 2516 res
1857 2478 2016 2517 accidat.
2049 2478 2164 2518 Ultus

1302 2535 1402 2573 enim
1433 2535 1592 2586 saepius
1618 2535 1785 2585 positum
1812 2539 1890 2577 est,
1921 2535 1985 2572 ubi
2011 2536 2163 2585 negatio

1302 2590 1551 2636 desideratur,
1566 2595 1606 2629 ut
1620 2592 1801 2630 incertum
1817 2591 1905 2641 quid
1921 2592 2166 2642 exprimatur,

1302 2651 1341 2686 et
1355 2661 1421 2697 pro
1438 2647 1721 2700 quodcumque,
1733 2648 2012 2700 qualecunque
2025 2647 2166 2685 dictum

1302 2705 1353 2742 sit
1377 2708 1563 2743 nostrum:
1595 2719 1676 2743 icas
1706 2718 1782 2743 mer
1812 2706 1864 2742 im
1890 2703 2166 2755 Atlyemetnen

1302 2759 1387 2799 siclt
1415 2760 1572 2798 (Icnlren
1598 2761 1704 2798 liisst.
1731 2760 1778 2798 cf.
1804 2759 1918 2797 Ovid.
1943 2758 2038 2797 Met.
2064 2757 2166 2796 Xlll.

1304 2820 1397 2857 460.
1424 2820 1516 2857 461.
1542 2816 1700 2855 Heroid.
1726 2815 1776 2854 X.
1803 2820 1866 2856 80.
1893 2815 1940 2853 cf.
1966 2814 2088 2853 Bach.
2115 2814 2166 2852 ad

1304 2872 1419 2912 Ovid.
1446 2872 1538 2910 Met.
1564 2872 1649 2910 ΧΠ.
1679 2876 1768 2912 181.
1794 2872 1986 2910 Goerenz.
2012 2872 2062 2910 ad
2088 2870 2164 2910 Cic.

1304 2929 1354 2968 de
1380 2929 1502 2968 [inv.
1529 2933 1592 2969 21.
1619 2929 1650 2980 ξ.
1675 2931 1738 2969 59.
1770 2927 1882 2966 Hunc
1905 2928 2017 2978 igitur
2042 2926 2167 2966 locum

1305 2987 1356 3024 ita
1381 2986 1574 3023 verterim:
1613 2985 1709 3025 Umt
1730 2984 1821 3023 weil
1838 2998 1910 3024 uns
1930 2984 2005 3023 {las
2023 2984 2166 3023 sclawo-

1305 3042 1492 3081 sterlicltc
1524 3042 1653 3081 Baml
1677 3040 1870 3094 jedweclc
1904 3040 2063 3092 Gefalzr
2090 3043 2166 3092 fiir

1309 3099 1404 3137 dein
1418 3098 1554 3137 Leben
1568 3097 1793 3149 corAuyen
1807 3111 1853 3135 :a
1867 3096 1997 3135 haben
2009 3110 2164 3148 zwany,

1313 3168 1356 3193 co
1380 3155 1526 3193 wellen
1545 3154 1619 3192 wir
1639 3153 1706 3191 clt‘r
1727 3154 1839 3191 einen
1861 3153 1960 3205 IVey
1981 3152 2165 3204 onychen
