2155 3590
773 79 802 118 C
826 80 862 118 A
887 79 919 118 P
946 79 980 118 U
1006 77 1039 116 T
1121 77 1171 117 ll.
1769 91 1877 116 xxix

72 194 135 233 his
170 192 547 244 Metamorphoseon
588 191 694 230 libris
731 197 773 231 ut
807 194 1050 244 potissimam
1087 195 1235 244 partem
1266 191 1367 229 bunc
1396 191 1573 241 mythum
1606 191 1878 242 interposuerit

75 249 236 301 intelligi
265 254 409 301 potest.
470 249 577 287 Sane
608 249 738 287 otiosa
767 249 860 287 mihi
892 249 1048 301 quidem
1073 249 1223 286 videtur
1248 261 1341 285 esse
1368 248 1566 298 quaestio,
1592 249 1626 285 in
1653 261 1729 299 qua
1754 247 1878 299 pbilo—

75 307 288 359 sophorum
319 307 492 344 doctriua
522 306 714 356 quibusve
745 310 946 356 poetarum
977 306 1207 344 carminibus
1243 305 1388 355 primas
1424 304 1576 342 radices
1614 304 1712 342 baec
1749 304 1881 343 fabula

76 364 214 415 egerit,
252 376 368 414 quum
403 367 486 401 tota
520 375 584 400 res
621 363 670 400 ab
707 364 792 400 eius
824 363 1085 414 explicatione
1116 361 1303 414 pendeat,
1342 373 1443 411 quae
1480 373 1594 411 quam
1632 361 1787 399 diversa
1816 361 1882 405 sit,

76 421 206 459 statim
237 419 460 464 illustrabo,
491 432 564 458 nec
593 419 642 457 ab
674 432 805 457 eorum
837 424 943 457 stare
974 432 1136 470 possum
1168 418 1347 469 opinione
1374 418 1435 467 qui
1462 417 1621 468 mythos
1649 430 1787 455 omnes
1812 431 1881 469 per

76 476 339 529 philosophos
371 476 406 513 in
436 477 625 527 mysteria
655 475 811 514 inducta
842 490 935 514 esse
966 479 1200 527 proponunt,
1231 479 1272 512 ut
1302 487 1403 524 quae
1435 474 1536 512 docti
1563 474 1738 512 homines
1763 473 1882 512 meris

75 533 400 584 pbilosophorum
426 533 580 584 placitis
606 532 878 578 edocerentur,
912 546 959 570 ea
985 532 1260 570 indoctioribus
1285 536 1324 569 et
1349 545 1372 569 a
1400 531 1610 568 litterarum
1634 531 1764 569 studio
1791 544 1884 581 pau-

79 591 156 628 lum
180 589 340 628 remotis
365 589 637 640 mysteriorum
663 590 894 627 ceremoniis
925 594 1043 639 atque
1077 589 1211 627 ritibus
1242 601 1388 626 sensus
1422 592 1605 625 externos
1634 588 1882 625 moventibus

76 647 218 685 tradita
243 645 367 684 fuisse
393 650 593 684 censeant.
651 643 816 697 Mythos
849 647 948 684 enim
982 646 1121 697 priscis
1151 645 1392 696 temporibus
1419 644 1596 682 excultos
1623 658 1717 683 esse
1742 645 1882 695 proba-

76 703 156 742 bile
192 707 270 748 est,
309 703 448 753 quibus
485 702 664 740 homines
701 703 886 740 sensibus
922 703 1049 753 magis
1084 703 1354 747 movebantur,
1398 706 1437 739 et
1473 701 1601 739 omnia
1638 714 1687 739 ex
1724 705 1884 738 externa

76 773 201 798 rerum
219 759 354 810 specie
381 763 421 796 et
444 759 567 796 forma
590 760 834 810 repetebant,
861 761 911 797 ita
930 764 971 797 ut
988 759 1145 797 deorum
1169 772 1323 809 quoque
1350 763 1507 796 naturas
1532 762 1571 795 et
1596 757 1884 808 quodammodo

77 817 181 855 vitas
206 817 436 854 ceremoniis
461 817 496 853 in
524 829 684 854 sensum
711 816 940 854 cadentibus
965 820 1316 868 repraesentarent.
1365 814 1453 853 Hoc
1478 816 1588 866 igitur
1613 828 1712 852 aevo
1739 814 1789 852 de
1814 813 1886 852 Cu-

78 873 220 925 pidinis
243 876 284 911 et
307 871 495 924 Psychae
520 873 788 911 conciliatione
816 873 946 910 fabula
972 878 1107 911 exorta
1134 873 1264 917 fuerit,
1297 872 1476 910 omnibus
1501 876 1630 910 tamen
1657 872 1742 909 suis
1767 872 1886 922 parti-

77 931 152 968 bus
187 934 302 981 prout
337 934 418 968 erat
447 929 561 968 buius
591 930 732 967 aetatis
763 930 1013 981 simplicitas,
1051 930 1233 981 expedita
1269 934 1308 966 et
1339 928 1460 975 clara,
1498 943 1576 980 qua
1611 929 1762 966 animae
1800 941 1886 966 cum

79 1000 240 1037 corpore
265 986 554 1037 copulationem
579 987 850 1037 significarent.
911 985 1059 1024 Postea
1090 1000 1156 1036 pro
1189 992 1403 1037 temporum
1436 986 1589 1036 ingenio
1616 989 1654 1023 et
1679 985 1827 1024 cultura
1851 985 1886 1022 is

80 1043 239 1094 mytbus
264 1047 476 1081 exornatus
502 1048 582 1087 est,
607 1048 646 1081 et
671 1057 747 1093 quo
774 1044 898 1094 magis
924 1045 1111 1093 mysteria
1136 1044 1185 1081 ab
1211 1044 1381 1080 externis
1407 1043 1492 1080 istis
1524 1042 1747 1081 obvolucris
1778 1055 1887 1080 rece-

80 1100 211 1138 dentia
242 1100 426 1137 internam
458 1100 569 1149 quasi
601 1101 676 1138 vim
708 1104 747 1137 et
777 1104 1015 1150 potestatem
1046 1104 1159 1137 nacta
1191 1104 1295 1145 sunt,
1335 1099 1492 1138 fabulae
1517 1112 1674 1150 quoque
1699 1098 1822 1136 forma
1848 1103 1888 1136 et

80 1161 241 1195 externa
265 1157 424 1208 species
450 1157 649 1194 immutata
675 1160 749 1201 est,
775 1160 815 1193 ut
839 1157 888 1194 ab
914 1156 1072 1194 rudibus
1099 1156 1183 1193 istis
1210 1156 1415 1194 elementis
1441 1160 1517 1193 tam
1546 1156 1664 1195 libera
1689 1155 1887 1199 evaderet,

83 1213 212 1264 qualis
237 1212 355 1251 hodio
387 1217 495 1250 extat
526 1213 629 1263 apud
662 1212 886 1263 Apuleium.
947 1213 1001 1250 At
1026 1226 1118 1250 vero
1145 1214 1206 1262 qui
1234 1212 1321 1250 binc
1346 1213 1603 1250 coniecturam
1631 1212 1764 1258 faciet,
1796 1211 1889 1250 nibil

82 1271 132 1309 ab
151 1269 321 1321 Apuleio
349 1269 508 1308 fabulae
526 1269 699 1307 additum
720 1269 809 1306 nibil
831 1269 1043 1307 detractum
1067 1283 1178 1314 esse,
1206 1269 1239 1306 in
1261 1283 1441 1319 magnum
1462 1269 1527 1306 ille
1548 1283 1713 1307 errorem
1733 1269 1889 1313 incidet,

83 1339 200 1378 quum
223 1326 347 1364 multa
370 1327 447 1364 sint
473 1340 575 1376 quae
601 1326 687 1364 eius
713 1326 905 1375 ingenium
933 1326 1214 1377 lepidissimum
1241 1330 1278 1364 et
1305 1326 1364 1363 vel
1387 1327 1420 1363 in
1443 1327 1559 1364 rebus
1580 1326 1694 1364 seriis
1713 1327 1890 1364 iocosum

83 1388 121 1422 et
157 1383 340 1422 festivum
376 1387 604 1433 coarguant,
640 1388 679 1421 ut
716 1383 877 1433 ineptire
904 1383 1096 1421 videretur
1133 1388 1171 1421 et
1203 1383 1264 1433 qui
1297 1384 1422 1420 ouinia
1453 1384 1503 1420 ab
1533 1382 1704 1434 Apuleio
1736 1383 1891 1420 inventa

84 1453 177 1479 esse
201 1444 354 1492 putaret
379 1445 418 1478 et
444 1441 506 1490 qui
533 1440 659 1477 onmia
684 1440 733 1477 ad
759 1440 934 1490 mytbum
961 1439 1131 1478 referret.
1193 1439 1326 1491 ltaque
1357 1440 1392 1477 in
1425 1440 1571 1490 gremio
1603 1445 1784 1490 tanquam
1811 1453 1890 1490 my-

85 1498 288 1537 steriorum
319 1496 418 1535 haec
449 1496 581 1535 fabula
612 1501 748 1534 exorta
779 1500 817 1534 et
849 1497 1003 1535 exculta
1033 1502 1111 1537 est.
1150 1501 1188 1535 ut
1217 1496 1425 1547 Apuleium
1458 1497 1618 1548 primum
1651 1496 1776 1534 fuisse
1801 1510 1890 1534 cen-

85 1567 214 1600 seam,
258 1554 322 1605 qui
364 1554 398 1592 in
436 1553 698 1592 Romanorum
738 1553 910 1591 notitiam
947 1567 1031 1591 eam
1071 1554 1286 1604 pertulerit.
1331 1554 1418 1604 quia
1458 1554 1520 1591 rix
1557 1553 1717 1604 cogitari
1759 1557 1892 1604 potest

85 1611 261 1663 mythum
284 1615 364 1649 tam
391 1610 595 1649 iucundum
622 1612 867 1661 animumque
893 1611 1048 1648 lectoris
1075 1617 1269 1648 tenentem
1296 1612 1345 1648 ab
1366 1610 1507 1648 Ovidio
1533 1624 1608 1648 non
1636 1623 1729 1648 esse
1755 1614 1891 1648 tracta-

85 1673 184 1715 tum,
227 1681 342 1718 quem
378 1670 462 1706 eius
493 1668 736 1719 temporibus
772 1668 847 1706 iam
878 1668 1055 1705 extitisse
1089 1681 1136 1705 ex
1169 1672 1339 1705 veterum
1372 1668 1540 1705 artificiis
1577 1667 1746 1705 discitur.
1809 1666 1893 1705 Nec

85 1726 222 1764 mirum
258 1738 352 1763 esse
387 1724 546 1777 poterit,
595 1726 644 1763 ab
683 1724 892 1762 artificibus
935 1729 973 1763 et
1017 1726 1228 1775 pictoribus
1272 1724 1370 1763 banc
1408 1723 1577 1762 fabulam
1620 1724 1795 1775 plurimis
1832 1724 1891 1762 sui

88 1782 262 1834 partibus
298 1794 392 1820 esse
429 1781 711 1827 adumbratam,
749 1781 854 1832 quod
890 1782 944 1819 illi
981 1782 1142 1832 saepius
1175 1782 1209 1819 in
1242 1783 1512 1832 mysteriorum
1543 1794 1656 1819 usum
1685 1781 1894 1819 simulacra

88 1839 342 1877 conficiebant
377 1842 416 1877 et
447 1852 532 1877 cum
565 1837 772 1876 Thorlacio
806 1838 827 1876 l.
857 1852 888 1877 c.
922 1852 958 1889 p.
987 1842 1078 1878 388.
1117 1843 1229 1888 puto.
1266 1840 1300 1876 in
1339 1838 1516 1887 mysticis
1546 1839 1632 1875 sive
1668 1838 1893 1889 anaglyptis

89 1896 173 1933 sive
197 1895 355 1946 picturis
379 1895 531 1934 nonnisi
556 1895 745 1946 quasdam
771 1894 892 1945 mythi
917 1899 1048 1946 partes
1073 1894 1294 1945 singulatim
1320 1894 1493 1946 profanis
1514 1894 1563 1932 ob
1583 1894 1719 1933 oculos
1740 1895 1894 1946 positas

90 1965 184 1990 esse
200 1950 248 2001 3).
307 1952 518 2004 Apuleium
543 1952 705 2002 primum
730 1951 871 1997 fuisse,
903 1953 966 2002 qui
998 1951 1098 1989 bunc
1125 1951 1298 2002 mytbum
1326 1952 1523 1990 Romanis
1547 1956 1787 1997 enarrasset,
1819 1965 1893 1989 non

90 2009 175 2046 sine
201 2009 361 2047 consilio
388 2008 546 2060 protuli,
577 2008 682 2059 quod
712 2008 746 2045 si
781 2008 985 2059 Fulgentio
1021 2007 1184 2058 Mythoi.
1212 2007 1273 2045 lll.
1302 2012 1336 2048 6.
1369 2007 1467 2045 tides
1493 2007 1677 2046 habenda
1700 2012 1779 2054 est,
1805 2009 1894 2046 Ari-

91 2064 328 2116 stophontes
359 2065 590 2103 Athenaeus
621 2064 787 2102 eundem
819 2065 1018 2116 exposuit,
1051 2065 1114 2115 qui
1140 2069 1261 2103 utrum
1287 2066 1392 2116 prius
1418 2064 1589 2116 Apuleio
1615 2079 1664 2103 an
1689 2069 1781 2116 post
1805 2078 1893 2103 eum

92 2121 229 2158 vixerit
253 2135 414 2172 prorsus
439 2122 610 2172 ignotum
635 2125 709 2159 est.

206 2176 268 2215 Ex
291 2181 374 2216 tota
399 2176 511 2229 igitur
536 2190 650 2228 quam
676 2177 821 2216 institui
845 2177 1107 2229 disputatione
1133 2178 1208 2217 hoc
1227 2192 1295 2230 pro
1315 2182 1420 2217 certo
1442 2178 1570 2229 colligi
1591 2192 1712 2230 posse
1733 2179 1893 2224 videtur,

94 2234 269 2285 singulas
293 2234 415 2285 myth}
440 2237 573 2286 partes
599 2238 638 2272 et
664 2234 774 2284 quasi
801 2234 1047 2272 fundamenta
1076 2236 1240 2273 Graecis
1266 2235 1416 2281 deberi,
1444 2249 1596 2274 omnem
1623 2249 1715 2274 vero
1742 2238 1894 2287 exposi-

91 2290 236 2329 tionem
271 2295 310 2329 et
345 2291 648 2342 descriptionem
686 2291 735 2329 ab
771 2291 925 2342 ingenio
959 2292 1114 2343 Apuleii
1145 2293 1347 2344 proficisci.
1407 2292 1517 2331 Haec
1547 2293 1647 2330 enim
1685 2306 1733 2331 ex
1764 2292 1893 2331 multis

91 2347 337 2399 apertissime
373 2352 676 2399 cognoscuntur,
714 2361 814 2397 quae
849 2349 898 2386 ab
934 2348 1118 2387 Africano
1156 2354 1312 2388 auctore
1348 2349 1478 2387 addita
1510 2363 1603 2388 esse
1633 2349 1816 2394 clamant,
1854 2354 1894 2388 ut

93 2402 210 2449 locis,
246 2405 310 2442 ubi
341 2404 560 2442 Mercurius
591 2409 777 2442 metarum
809 2405 1032 2443 Martiarum
1071 2405 1136 2457 [cf.
1163 2406 1258 2445 Met.
1293 2421 1327 2457 p.
1361 2405 1493 2459 395.]‚
1525 2407 1589 2444 ubi
1623 2405 1762 2458 lupiter
1792 2406 1893 2455 legis

92 2460 212 2498 Iuliae
239 2460 302 2512 [ef.
328 2459 420 2499 ibid.
447 2474 481 2511 p.
510 2462 619 2513 424]
654 2461 743 2499 facit
768 2462 1019 2505 mentionem,
1046 2463 1108 2500 ubi
1135 2463 1271 2501 oscula
1297 2477 1318 2501 a
1347 2463 1501 2501 Venere
1527 2463 1656 2501 danda
1682 2465 1893 2514 praemium

94 2518 373 2555 constituuntur
397 2518 482 2555 eius
507 2519 570 2568 qui
599 2517 780 2568 Psychen
814 2518 955 2557 frustra
982 2517 1049 2556 diu
1081 2521 1300 2570 quaesitam
1331 2520 1542 2565 reduxerit,
1574 2525 1779 2572 praeterea
1804 2520 1892 2559 alia.

93 2575 128 2611 in
154 2574 294 2625 quibus
319 2588 419 2612 aevo
443 2587 595 2625 suoque
620 2575 773 2625 ingenio
799 2574 992 2625 Apuleius
1017 2576 1233 2614 indulsisse
1258 2577 1453 2627 putandus
1480 2581 1554 2616 est.
1613 2576 1738 2614 Multa
1765 2581 1892 2615 tamen

92 2630 187 2677 alia,
224 2644 326 2682 quae
353 2630 583 2670 Thorlacius
609 2645 645 2682 p.
673 2635 765 2671 337.
807 2631 857 2669 ad
889 2632 1051 2670 eundem
1083 2646 1280 2671 numerum
1313 2634 1447 2680 refert,
1486 2638 1526 2671 ut
1557 2632 1702 2671 famula
1727 2633 1893 2671 Veneris

94 2686 362 2733 Consuetudo,
389 2693 427 2725 et
452 2688 656 2726 Sobrietas
682 2689 716 2726 ei
736 2688 887 2727 inimica
905 2689 953 2727 ad
973 2693 1093 2728 totum
1115 2690 1270 2729 fabulae
1289 2694 1462 2729 tenorem
1480 2690 1675 2741 pertinere
1700 2690 1892 2736 existimo,

93 2743 130 2781 id
157 2743 261 2795 quod
285 2744 456 2796 pluribus
483 2744 581 2782 infra
605 2757 813 2796 exponam.

204 2799 421 2852 Postquam
446 2801 496 2839 de
521 2800 677 2839 fabulae
703 2802 849 2853 origine
875 2807 914 2840 et
938 2805 1166 2842 tractatione
1192 2817 1293 2855 quae
1319 2804 1538 2843 coniectura
1569 2803 1727 2855 proferri
1758 2808 1892 2856 potue-

92 2861 179 2896 runt
202 2858 385 2909 exposita
409 2862 517 2904 sunt,
553 2858 604 2896 ad
634 2859 866 2897 sententiam
899 2858 988 2899 licet
1018 2860 1214 2912 progredi,
1247 2874 1362 2912 quam
1392 2861 1563 2899 subesse
1594 2861 1629 2899 ei
1655 2861 1893 2900 censendum

183 3008 222 3042 3)
249 3009 372 3044 optime
387 3009 429 3037 ita
445 3010 636 3038 Thorlacius
650 3011 766 3044 opusc.
782 3011 924 3040 academ.
939 3011 973 3040 T.
987 3013 1010 3040 1.
1027 3020 1056 3047 p.
1071 3013 1151 3040 359:
1181 3010 1260 3038 Cum
1275 3009 1421 3048 mytlms.
1443 3011 1563 3049 inquit,
1588 3011 1760 3048 mysterio}
1773 3009 1828 3039 diu
1843 3010 1895 3039 r'ta

91 3053 277 3090 peculim-is
288 3054 436 3093 fnisset.
462 3059 498 3082 n!
513 3054 644 3093 aliquo!
661 3058 770 3082 tamen
785 3055 854 3083 eius·
863 3060 986 3092 partes
999 3057 1068 3085 sice
1082 3056 1174 3084 caelu
1189 3057 1258 3085 sice
1274 3056 1431 3094 penicillo
1450 3057 1491 3086 ab
1511 3056 1703 3095 artificibus
1725 3058 1894 3096 esprJ‘me-

96 3103 226 3139 rentur,
252 3099 361 3128 secula
375 3099 517 3127 secunda
538 3109 559 3128 a
579 3102 745 3138 scriptore
760 3100 902 3139 quodam
911 3103 1056 3139 primum
1076 3102 1253 3140 expositus
1268 3104 1353 3133 esest·
