2221 3667
211 650 245 681 (31
255 650 274 681 t)

301 141 381 180 862
554 140 599 177 L.
635 137 851 177 APULEII
884 136 1285 176 MADAURENSIS
1314 137 1858 179 METAMORPHOSEON

883 342 1323 390 CAPUT
1427 343 1552 390 XL.

412 466 491 508 Sed
515 465 581 507 ubi
606 465 723 506 nullis
756 464 937 519 precibus
962 463 1138 517 mitigari
1162 463 1323 504 militem
1349 464 1556 517 magisque
1580 465 1621 504 in
1647 478 1758 505 suam
1790 465 2002 519 perniciem
2032 468 2100 507 ad—

300 524 419 565 vertit
437 523 616 574 efferari,
644 522 798 575 iamque
818 521 979 560 inversa
997 520 1077 561 vite
1097 520 1143 560 de
1161 521 1336 561 vastiore
1357 521 1500 560 nodulo
1520 521 1724 561 cerebrum
1745 535 1857 562 suum
1872 522 2098 573 diffindere,

299 583 425 622 currit.
449 581 496 620 ad
523 587 704 620 extrema
730 577 925 627 subsidia,
955 576 1222 630 simulansque
1249 592 1270 617 e
1298 591 1346 617 re
1377 578 1424 616 ad
1456 579 1775 618 commovendam
1807 579 2100 619 miserationem

300 650 427 691 genua
455 637 538 678 eius
565 636 667 677 velle
693 634 941 687 contingere,
962 633 1217 689 'summissus
1238 640 1353 687 atque
1375 633 1605 674 incurvatus
1626 635 1794 689 arreptis
1813 635 1897 676 eius
1922 635 2101 689 utrisque

299 694 459 748 pedibus
497 692 701 734 sublimem
734 691 879 731 elatum
910 697 1043 731 terrae
1081 689 1259 743 graviter
1283 690 1474 744 applodst,
1502 697 1542 731 et
1565 691 1697 732 statim
1723 705 1799 746 qua
1828 692 1992 747 pugnis„
2025 705 2101 746 qua

389 819 574 860 efferatum
589 818 619 850 ὃ.
665 818 840 848 indit-ersa
855 819 922 846 vite
935 821 970 847 G.
986 821 1016 847 2.
1031 820 1067 847 Ρ.
1080 820 1120 848 D.
1167 819 1287 847 vicent
1306 826 1408 854 supra
1427 820 1463 847 G.
1480 821 1508 848 1.
1522 820 1557 849 Ο.
1578 821 1627 848 ed.
1648 828 1693 854 pr.
1707 820 1835 850 Vicent.
1854 821 1970 850 Venet.
1983 823 2014 850 2.
2063 818 2102 847 de-

299 870 410 898 exulat
430 875 450 896 a
468 869 506 896 B.
543 865 738 893 ‹Iezvastz'ore
757 865 891 894 iunctim
911 865 1058 893 scribunt
1078 865 1114 892 G.
1137 865 1165 892 1.
1184 865 1223 893 D.
1243 866 1298 901 L.‚
1325 865 1409 893 unde
1429 865 1520 893 Colv.
1555 863 1716 893 decasius
1736 866 1862 895 noviter
1887 866 2007 895 dictum
2028 874 2102 895 esse

300 914 490 948 suspicatus
504 916 562 941 est.
588 912 650 940 Sed
664 911 706 940 cf.
720 912 759 939 ad
776 913 852 939 Met.
866 911 919 938 IV.
934 911 1063 946 p.186.;
1089 907 1127 936 (Ie
1139 911 1235 938 hahet
1251 910 1313 938 vim
1327 910 1580 944 praepositionis
1588 918 1654 946 per
1665 913 1718 939 vel
1733 911 1870 939 ablativi
1885 919 1977 945 quem
1991 912 2102 940 dicunt

300 958 560 992 instrumentum,
586 958 671 986 unde
690 956 841 985 nonnulli
860 955 1055 989 superfluam
1077 963 1151 983 esse
1170 962 1241 983 eam
1261 955 1460 983 existimant.
1498 957 1548 984 Ita
1573 956 1670 985 eliam
1695 957 1778 985 Elm.
1803 959 1832 984 et
1857 957 1954 985 Vulc.
1973 958 2004 986 2.
2030 957 2101 985 edd.

300 1003 494 1032 dez-astiore
506 1005 635 1040 legunt,
660 1010 720 1030 nec
740 1001 896 1030 librarius
910 1009 1001 1029 meus
1020 1000 1052 1028 in
1066 1001 1101 1028 F.
1116 1002 1146 1028 3.
1161 1000 1313 1029 seiunota
1325 1001 1390 1035 legi
1404 1003 1485 1029 haee
1498 1003 1660 1030 vocabula
1672 1001 1856 1038 adnotavit,
1876 1009 1960 1036 quae
1973 1010 2025 1031 res
2039 1008 2103 1031 non

300 1050 380 1078 tanti
394 1049 545 1078 momenti
559 1051 618 1076 est.
654 1045 778 1074 mahala
792 1048 827 1074 G.
842 1047 995 1075 1.2.0.Ρ.
1020 1043 1190 1082 nulquIo,
1211 1046 1341 1080 punctis
1355 1047 1506 1080 syllabae
1519 1044 1551 1073 lo
1565 1049 1605 1075 ali
1619 1047 1731 1075 eadem
1744 1054 1842 1075 manu
1855 1047 2051 1082 subscriptis
2064 1048 2102 1075 D.

299 1094 452 1123 crebrum
467 1096 503 1124 G.
518 1096 547 1122 1.
562 1095 676 1123 Venet.
690 1094 720 1121 4.
768 1089 961 1128 diffundere
975 1093 1010 1119 G.
1024 1092 1055 1119 2.
1070 1092 1107 1120 L.
1123 1092 1161 1119 D.
1186 1089 1342 1127 (Ifffitlere
1355 1091 1389 1119 in
1403 1092 1438 1119 G.
1454 1093 1484 1120 1.
1499 1094 1529 1120 et
1542 1092 1576 1120 Ο.
1591 1095 1702 1121 extare
1723 1092 1837 1120 scribit
1850 1093 1930 1121 oud.
1955 1092 2050 1122 Certe
2068 1092 2103 1121 in

299 1143 335 1170 G.
352 1142 380 1169 1.
396 1143 506 1175 aperte
518 1137 697 1175 diffindere
709 1138 844 1173 legitur,
871 1140 903 1165 ut
920 1138 957 1165 de
969 1136 1132 1171 scriptura
1145 1137 1241 1165 etiam
1256 1138 1290 1166 0.
1306 1136 1470 1165 haesitare
1489 1144 1548 1165 nos
1566 1140 1821 1166 consentaneum
1837 1137 1891 1166 sit.
1938 1136 2103 1166 simulans

299 1193 464 1224 quaerere
478 1183 525 1212 ml
536 1186 571 1213 F.
588 1186 617 1212 l.
632 1185 662 1212 3.
677 1185 713 1213 G.
730 1185 758 1211 1.
772 1185 803 1211 2.
818 1184 853 1212 0.
867 1184 904 1211 P.
917 1183 957 1210 D.
973 1183 1009 1211 L.
1024 1178 1052 1210 ὃ.
1067 1189 1102 1211 π.
1117 1183 1188 1210 edd.
1201 1185 1277 1210 velt.
1303 1180 1446 1209 simulac
1460 1189 1625 1219 quaerere
1638 1184 1674 1211 B.
1690 1185 1770 1211 teste
1780 1184 1876 1220 Elm.‚
1890 1183 1947 1212 sed
1961 1190 2003 1212 ex
2015 1183 2102 1211 Mod.

298 1234 408 1260 collat.
420 1233 514 1259 habet
529 1227 693 1258 sz'nmlans
707 1235 857 1266 querere.
883 1225 1113 1264 simulansque
1126 1228 1273 1256 Beroald.
1289 1227 1393 1256 Colin.
1408 1230 1436 1255 et
1451 1229 1580 1255 Ruhnk.
1601 1236 1660 1256 suo
1679 1227 1824 1262 periculo
1842 1229 1979 1265 recepit,
2005 1235 2103 1262 quum

298 1278 378 1306 Oud.
405 1275 634 1312 simulansque
647 1281 665 1301 e
678 1281 714 1301 re
728 1276 909 1309 probasset.

299 1370 335 1397 G.
352 1369 379 1396 l.
394 1369 424 1396 2.
439 1368 474 1396 0.
487 1368 525 1396 P.
538 1368 576 1396 D.

298 1416 413 1447 parent
426 1413 459 1441 in
474 1414 509 1442 G.
526 1413 555 1441 1.
569 1413 601 1439 2.
615 1412 650 1440 0.
664 1412 701 1440 L.
714 1412 753 1439 D.
800 1408 948 1445 arteptis
963 1410 999 1437 G.
1014 1410 1044 1437 2¹.

959 1271 1196 1309 simulansque
1209 1273 1306 1301 etiam
1321 1273 1355 1301 in
1368 1274 1405 1301 R.
1422 1272 1442 1301 f.
1457 1281 1490 1306 φ.
1505 1272 1538 1310 β.
1553 1275 1596 1302 Μ.
1611 1273 1675 1308 legi
1690 1274 1770 1301 Oud.
1791 1273 1866 1302 inde
1879 1274 1910 1302 fit
1924 1273 2102 1308 probabile,

299 1323 383 1357 quod
402 1324 516 1350 horum
534 1322 625 1350 codd.
646 1322 740 1349 nulla
753 1322 886 1348 enotata
903 1318 945 1347 sit
967 1318 1118 1346 lectionis
1143 1318 1330 1346 diversitas.
1378 1316 1574 1346 movendam
1599 1319 1635 1347 P.

626 1368 766 1403 tangere
780 1366 815 1393 G.
832 1365 862 1392 1.
876 1366 906 1392 2.
921 1365 954 1392 0.
968 1365 1004 1392 P.
1018 1364 1055 1391 D.
1070 1364 1107 1392 R.
1123 1363 1144 1392 f.
1158 1365 1194 1392 L.
1209 1360 1238 1391 δ.
1284 1364 1396 1391 Verba
1408 1362 1590 1391 submissus
1604 1366 1708 1400 atque
1722 1362 1923 1392 incurvatus
1937 1372 2002 1392 non
2014 1371 2102 1392 com-

1092 1408 1247 1445 utrz'sque
1255 1406 1395 1444 pedibus
1409 1409 1483 1437 F.:3.
1498 1410 1534 1437 G.
1550 1410 1578 1436 1.
1593 1410 1622 1436 2.
1638 1410 1672 1437 P.
1687 1410 1726 1438 D.
1741 1405 1770 1437 ὃ.
1785 1408 1805 1436 s.
1830 1410 1867 1437 ln
1879 1407 2103 1446 cett.pedihus

1685 1316 1768 1346 velle
1791 1326 1856 1347 non
1881 1322 2045 1353 comparet
2068 1318 2103 1347 in

297 1459 462 1495 utrisque.
511 1455 649 1484 sublime
672 1452 717 1492 δῖ,
745 1455 827 1489 quod
846 1455 926 1483 Oud.
946 1448 1117 1489 probatum
1136 1455 1308 1483 Ruhnken.
1330 1453 1363 1482 in
1385 1456 1506 1483 textum
1533 1454 1672 1483 admisit.
1697 1456 1733 1482 ln
1758 1457 1833 1482 cett.
1859 1455 1948 1483 codd.
1975 1457 2003 1483 et
2030 1455 2103 1484 edd.

298 1503 448 1533 omnibus
460 1501 640 1530 sublimem.
690 1503 782 1528 certe
796 1507 852 1534 pro
868 1502 985 1527 terrae
998 1507 1027 1533 p.

356 1613 444 1652 CAP.
458 1611 545 1651 XL.
572 1613 624 1651 de
636 1612 811 1651 vastiore
824 1609 995 1649 nodulo.
1012 1609 1171 1647 Colvius

299 1671 363 1722 qui
398 1669 730 1721 praepositionem
768 1668 820 1707 de
855 1679 975 1716 aegre
1006 1665 1169 1712 serebat,

299 1727 542 1771 devastiore,
557 1724 661 1776 quod
677 1724 726 1762 ad
740 1723 963 1773 analogiam
976 1722 1087 1761 vocis
1102 1723 1169 1761 (Ie-

293 1797 451 1836 parcus
481 1782 685 1820 formatum
712 1783 841 1825 esset,
871 1779 1028 1816 iunctim
1053 1778 1169 1817 scribi

297 1838 436 1886 voluit,
473 1839 522 1876 ab
557 1837 662 1877 Oud.
700 1837 774 1875 iam
809 1836 1068 1887 vituperatus,
1106 1835 1170 1886 qui

297 1897 360 1935 hic
383 1899 425 1936 ut
449 1895 537 1934 aliis
562 1893 660 1933 locis
686 1894 825 1945 quibus
850 1892 951 1930 hanc
971 1891 1170 1943 praeposi-

296 1954 441 1992 tionem
461 1950 656 2003 explicare
675 1964 749 1989 sua
768 1950 917 1988 ratione
939 1962 1011 1987 non
1033 1949 1170 2000 potnit,

297 2009 496 2048 abundare
521 2021 607 2046 eam
631 2006 900 2059 pronuntiavit.
938 2005 1039 2057 [Sed
1059 2005 1106 2043 cf.
1121 2005 1171 2043 ad

296 2066 395 2105 Met.
411 2064 512 2103 VIII.
543 2078 581 2116 p.
614 2068 706 2105 528.
739 2064 790 2102 de
813 2063 976 2102 nomine
1000 2063 1092 2114 ipso
1117 2066 1169 2101 te-

296 2122 503 2162 merarius.
551 2121 714 2172 Lipsius
740 2120 790 2158 de
815 2118 985 2158 Milit.V.
1007 2118 1169 2159 dial.18.

297 2178 421 2218 Colvii
451 2178 711 2217 coniecturam
740 2176 949 2227 amplexus
985 2179 1064 2220 est,
1102 2189 1171 2214 uo-

298 2236 420 2275 (Zosas
444 2234 720 2274 demonstrans
746 2235 846 2271 vites
880 2231 1056 2283 elegisse
1083 2245 1170 2270 cen-

296 2292 470 2330 turiones
495 2291 545 2330 ad
570 2292 686 2329 ictum
710 2289 973 2342 validiorem]

353 2348 592 2402 diffindere.
638 2346 823 2397 intelligit
842 2349 957 2397 caput
970 2347 1022 2384 ita
1033 2346 1169 2384 verbe-

296 2408 420 2443 ratum
434 2406 489 2451 iri,
509 2408 550 2442 ut
563 2405 763 2442 cerebrum
778 2415 934 2454 quoque
950 2402 1169 2440 dissecetur

297 2462 359 2500 vel
387 2475 437 2500 ex
460 2475 507 2499 eo
539 2460 791 2506 diffundatur,
827 2459 931 2497 unde
961 2463 1069 2505 sunt,
1105 2459 1168 2509 qui

297 2519 503 2557 lectionem
516 2517 787 2556 nonnullorum
801 2515 913 2554 codd.
934 2516 1168 2569 diffundere

297 2576 567 2628 comprobent3
596 2574 671 2612 sed
701 2572 751 2613 cf.
780 2573 831 2611 ad
855 2572 952 2610 Met.
978 2572 1045 2611 IV.
1072 2575 1168 2613 266.

296 2632 476 2671 Forsitan
497 2631 573 2670 huc
589 2629 863 2669 retrahendum
882 2642 975 2667 esse
994 2629 1167 2675 verbum,

297 2689 403 2740 quod
426 2701 545 2727 versu
574 2687 754 2739 sequenti
786 2687 886 2724 satis
912 2685 1080 2724 otiosum
1105 2685 1170 2730 sit,

297 2745 491 2784 sententia
522 2748 585 2783 est
613 2742 738 2790 Oud.,
775 2741 870 2781 licet
904 2742 1169 2788 concedentis,

297 2804 431 2841 crebro
463 2802 581 2840 verba
604 2801 715 2846 volo,
732 2813 919 2855 possum,
945 2799 1076 2838 debeo
1099 2811 1170 2850 per

298 2859 452 2911 ellipsin
479 2857 610 2897 solere
636 2858 768 2897 omitti.
828 2854 940 2908 [Qua
965 2855 1096 2907 ellipsi
1119 2868 1169 2893 ne

298 2929 396 2967 opus
411 2915 567 2966 quidem
582 2918 653 2953 est.
691 2913 789 2952 Tam
801 2912 1056 2951 vehementer
1068 2913 1169 2950 enim

297 2972 516 3011 verberavit
530 2971 643 3010 miles
658 2971 876 3022 gregarius,
888 2973 930 3008 ut
942 2967 1170 3007 hortulanus

299 3033 414 3079 caput
438 3031 512 3067 iam
536 3026 779 3066 vulneratum
803 3039 898 3070 esse
921 3025 1111 3078 sentiret]

355 3085 626 3137 simulansque
639 3098 659 3123 e
671 3098 727 3124 re.
753 3084 1050 3136 Simulansqne,
1065 3081 1171 3133 quod

300 3140 390 3177 inde
409 3154 431 3177 a
449 3140 665 3184 Bet-ualde,
691 3140 801 3179 cuius
818 3153 925 3178 mera
951 3140 1169 3177 coniectura

1230 1614 1311 1652 est,
1336 1609 1543 1647 nonnullas
1558 1609 1750 1647 editiones
1765 1610 1982 1660 occupavit,
1996 1613 2101 1660 post-

1228 1667 1344 1718 posui
1369 1665 1627 1703 emendationi
1655 1665 1864 1703 Stewechii
1895 1665 2102 1705 simulans-

1231 1736 1309 1776 que
1333 1735 1354 1761 e
1376 1736 1438 1769 re,
1471 1735 1573 1773 quae
1598 1722 1765 1760 omnium
1789 1721 1958 1760 maxime
1984 1723 2099 1760 vesti·

1229 1779 1304 1831 giis
1330 1779 1560 1830 optimorum
1586 1778 1698 1817 codd.
1724 1778 1956 1831 respondet,
1988 1782 2027 1817 et
2051 1778 2103 1817 ad

1230 1835 1304 1874 loci
1337 1848 1493 1886 quoque
1524 1836 1762 1874 sententiam
1792 1836 1996 1886 aptissima
2026 1839 2103 1874 est.

1230 1891 1325 1930 Cum
1338 1891 1443 1931 Oud.
1457 1892 1557 1930 enim
1573 1891 1702 1938 facere
1717 1904 1886 1942 neque0‚
1913 1893 1977 1942 qui
1997 1891 2102 1943 quod

1229 1948 1336 1988 nulla
1365 1962 1388 1986 e
1418 1949 1531 1987 codd.
1563 1947 1666 2000 Reg.
1695 1948 1794 1987 Fux.
1826 1948 1912 1987 aliis
1943 1951 2102 1987 enotata

1229 2010 1341 2044 esset
1376 2007 1480 2044 varia
1517 2004 1650 2052 lectio,
1686 2005 1958 2058 simulansque
1988 2004 2102 2043 codd.

1227 2063 1389 2101 istorum
1436 2075 1531 2100 esse
1578 2061 1786 2100 lectionem
1833 2061 2102 2112 pronuntiavit.

1228 2119 1334 2158 Oud.
1345 2132 1439 2157 vero
1450 2118 1662 2157 Stewechii
1675 2118 1984 2157 emendationem
1999 2130 2100 2156 com-

1228 2176 1410 2227 probavit
1440 2174 1531 2214 licet
1558 2175 1646 2226 ipse
1680 2188 1876 2228 quaerere
1904 2178 2010 2214 stare
2037 2173 2101 2212 hic

1231 2246 1355 2284 posse
1378 2232 1643 2277 affirmaverit,
1677 2231 1885 2270 dummodo
1908 2231 2009 2271 velle
2033 2231 2102 2269 eii-

1227 2293 1397 2335 ceretur3
1433 2293 1474 2327 ut
1512 2302 1707 2341 quaerere
1742 2292 1822 2326 tum
1852 2301 1922 2340 pro
1955 2288 2103 2328 conari

1227 2346 1371 2384 dictum
1385 2349 1506 2384 esset.
1520 2344 1618 2383 Levi
1632 2345 1844 2383 mutatione
1858 2345 1973 2383 etiam
1986 2344 2101 2383 simu-

1229 2403 1399 2455 lansque
1422 2415 1520 2448 sese,
1547 2414 1648 2451 quae
1674 2402 1893 2440 coniectura
1918 2404 1982 2439 est
2005 2399 2101 2439 Ger.

1227 2459 1364 2497 Vossii
1389 2462 1428 2496 et
1452 2458 1622 2497 Salmas.
1648 2458 1828 2496 constitui
1852 2471 1988 2509 posse.
2019 2456 2103 2495 Sed

1224 2529 1341 2566 quam
1367 2514 1529 2568 frigidae
1554 2515 1630 2553 sint
1647 2514 1723 2553 hae
1743 2513 1976 2553 emendandi
1992 2514 2104 2552 ratio-

1225 2586 1298 2611 nes
1319 2573 1486 2624 quisque
1506 2571 1694 2622 intelligit.
1743 2570 1807 2609 De
1821 2571 2102 2622 significatione

1227 2629 1406 2668 dictionis
1432 2643 1452 2668 e
1474 2642 1520 2667 ‘re
1545 2627 1592 2666 cf.
1607 2641 1727 2678 supra
1738 2641 1773 2679 p.
1791 2632 1885 2669 602.
1910 2627 1975 2666 De
1994 2639 2102 2666 more

1227 2685 1536 2737 deprecantium,
1562 2684 1806 2735 contingendi
1827 2697 1956 2734 genua
1973 2683 2102 2728 fusius

1229 2743 1390 2794 exponit
1415 2741 1628 2789 Stewech.;
1660 2742 1768 2780 cuius
1799 2740 1986 2793 exempla
2010 2753 2102 2778 enu-

1227 2812 1379 2838 merare
1410 2799 1568 2849 longum
1600 2801 1674 2836 est.
1733 2797 1820 2835 Res
1850 2797 1952 2835 enim
1983 2796 2103 2835 hodie

1228 2860 1291 2894 est
1315 2856 1527 2894 notissima.
1554 2853 1719 2906 [ef.lntt.
1734 2853 1783 2892 ad
1798 2852 2019 2893 Arnob.V1.
2036 2856 2101 2893 16.

1228 2911 1331 2951 T.ll.
1342 2925 1378 2963 p.
1388 2915 1481 2953 379.
1496 2909 1620 2950 Orell.
1632 2909 1790 2950 Ruhnk.
1804 2910 1906 2949 Dict.
1920 2910 1970 2949 ad
1983 2909 2102 2948 Ovid.

1227 2968 1385 3007 Heroid.
1420 2981 1460 3019 p.
1491 2971 1556 3008 37.
1593 2966 1645 3005 ad
1679 2966 1841 3005 Sueten.
1874 2966 2003 3005 Tiber.
2036 2970 2102 3011 27.

1226 3040 1266 3078 p.
1291 3029 1385 3066 228.
1410 3025 1496 3063 lntt.
1522 3024 1572 3063 ad
1595 3022 1712 3062 Ovid.
1738 3023 1834 3061 Met.
1860 3022 1927 3061 IX.
1956 3022 2072 3075 606.]

1284 3082 1488 3122 sublimem
1525 3081 1685 3120 elatum.
1745 3079 1856 3118 Male
1888 3079 2102 3130 Sopingius

1227 3139 1288 3176 sui
1310 3138 1394 3175 libri
1415 3150 1507 3175 orae
1532 3136 1744 3187 adscripsit
1768 3136 1917 3176 elisum.
1945 3133 2101 3174 Terent.
