2155 3590
611 181 800 224 LIBER
830 182 951 224 VIII.
1003 182 1128 226 CAP.
1157 182 1320 224 XXIX.

1797 185 1876 227 741

95 293 329 345 efferantur,
362 293 582 348 passimque
607 292 834 335 circumfusi
864 295 1049 336 nudatum
1080 295 1378 350 supinatumque
1408 297 1589 337 iuvenem
1619 297 1876 337 exsecrandis

93 429 287 470 efferuntur
297 428 327 461 ὃ.
350 434 388 461 In
400 433 437 462 G.
453 433 481 461 1.
495 434 597 462 verba
608 431 684 462 inde
697 435 738 462 ab
751 430 947 470 efferantur
958 441 1061 468 usque
1074 431 1334 472 adflagilabant
1348 434 1382 463 in
1395 437 1548 464 contextu
1560 443 1624 464 non
1636 437 1799 472 leguntur,
1819 438 1875 465 sed

94 480 136 507 ab
154 479 267 506 eadem
285 484 400 515 manu,
424 480 460 506 ut
477 477 623 516 videtur,
647 477 682 506 in
700 485 803 514 marg.
824 478 937 508 addita
955 482 1048 516 sunt,
1073 487 1156 513 quae
1174 479 1307 508 omissio
1326 479 1427 508 facile
1451 479 1499 508 ita
1516 483 1621 515 potest
1639 481 1816 518 explicari,
1842 484 1877 509 ut

92 525 225 556 utroque
236 524 307 551 loco
320 521 504 560 virginibus
516 522 675 559 scriptum
688 522 792 553 fuisse
805 531 981 563 ponamus,
1004 526 1129 560 hacque
1141 524 1329 560 repetitione
1346 526 1458 554 oculos
1475 524 1603 554 librarii
1622 527 1774 562 deceptos
1792 534 1876 555 esse.

87 567 219 604 passim
231 574 319 605 quae
331 568 368 597 G.
382 568 396 596 1
404 589 413 598 .

142 687 373 740 propudia.
398 686 682 740 [Propudium
700 689 874 728 insolens
893 692 957 728 est

92 756 260 782 venerea
278 743 428 794 cupido.
453 744 503 783 ef.
521 743 606 784 Intt.
625 745 676 783 ad
690 745 797 783 Fest.
811 759 848 796 p.
863 749 955 786 585.

91 799 268 838 Lindem.
314 799 424 838 Idem
447 800 677 839 vocabulum
707 800 868 840 forsitan
893 815 953 839 re-

90 856 328 894 stituendum
353 860 416 895 est
438 856 584 895 Arnob.
598 856 666 896 IV.
687 861 756 898 26:
781 858 846 896 ubi
871 857 955 896 cod.

91 912 228 951 habet:
266 926 386 964 quum
417 913 518 952 talia
542 914 673 966 iyitur
702 928 770 953 vos
794 914 955 965 probra

91 973 130 1008 et
150 969 363 1022 flayitiosa
380 969 629 1021 procliyia
730 970 775 1008 in
805 983 955 1008 omnem

91 1038 330 1075 superorum
358 1030 518 1077 yentem
618 1026 791 1064 iaciatis.
837 1024 955 1063 Prae-

91 1084 196 1119 stare
226 1081 329 1118 enim
357 1080 509 1119 videtur
533 1082 770 1133 propudia,
803 1081 893 1133 quia
917 1081 953 1119 in

90 1136 294 1176 antecedd.
318 1136 369 1175 de
392 1136 552 1176 incestis
577 1136 736 1175 deorum
759 1138 954 1176 amoribus

90 1206 220 1231 sermo
238 1192 366 1231 faetus
385 1196 456 1231 est.
504 1193 718 1245 Prodiyia
735 1193 770 1231 si
784 1193 872 1244 quis
886 1193 952 1231 de-

91 1249 252 1287 fendere
282 1248 392 1295 velit,
421 1249 472 1287 ad
500 1249 720 1299 analogiam
750 1250 859 1288 vocis
883 1250 952 1287 mi-

88 1305 273 1345 raculum
296 1304 491 1355 respicere
515 1305 652 1350 debet,
684 1304 790 1355 quod
808 1317 859 1343 ex
876 1304 951 1342 Fe-

88 1364 152 1400 sto
176 1364 310 1400 notum
334 1364 397 1398 est
419 1361 455 1399 in
480 1373 522 1398 re
546 1362 770 1411 turpissima
794 1374 818 1399 a
845 1364 950 1399 vete-

87 1417 195 1456 ribus
219 1417 294 1455 dici
317 1419 430 1468 p.92.
456 1417 685 1463 stIiracula,
713 1431 817 1469 quae
840 1431 950 1457 nune

89 1474 222 1526 cliyna
235 1473 509 1512 admiratione
522 1473 709 1518 dicimus,
733 1473 894 1525 antiqui
907 1474 955 1512 in

87 1530 227 1570 rebus
251 1529 475 1580 turpibus
499 1529 714 1569 utebantur
738 1533 779 1568 et
796 1528 881 1568 Intt.
903 1529 955 1569 ad

87 1585 126 1624 h.
151 1585 175 1624 l.
199 1599 236 1638 p.
263 1585 381 1637 698]

145 1641 375 1694 uriyinibus
395 1644 623 1696 efferantur.

87 1711 176 1737 nem
206 1711 256 1736 ex
286 1698 431 1750 optimo
463 1697 550 1737 cod.
580 1697 749 1736 Floreat.
782 1701 819 1738 3.
849 1698 953 1745 dedi,

87 1767 137 1794 eo
170 1753 486 1808 probabiliorem,
523 1754 627 1805 quod
656 1754 883 1806 virginibus
913 1759 953 1793 et

87 1810 342 1864 inyuinibus,
368 1823 468 1862 quae
493 1814 706 1849 ceterorum
731 1810 845 1848 codd.
871 1824 951 1849 cor-

86 1866 263 1919 ruptelae
277 1870 380 1912 sunt,
405 1867 441 1904 ei
461 1880 574 1918 quam
598 1866 774 1918 proxime
790 1879 951 1918 respon-

88 1923 191 1962 dent.
218 1923 350 1976 Uriyo
363 1923 412 1961 de
426 1923 524 1974 turpi
542 1923 700 1961 uredine
722 1921 860 1961 dictum
877 1926 950 1969 est,

88 1979 139 2019 cf.
163 1979 213 2018 ad
235 1978 333 2018 Met.
360 1977 386 2016 1.
411 1992 448 2030 p.
469 1983 534 2019 35.
560 1982 637 2017 not.
663 1979 742 2017 crit.
768 1993 819 2019 ac
842 1993 951 2019 nune

88 2037 167 2076 uri
172 2037 288 2088 yine
306 2036 472 2087 percita
497 2035 624 2074 cubili
652 2049 724 2075 suo
749 2035 952 2087 applicat,

88 2092 154 2130 ubi
179 2090 294 2130 codd.
317 2092 408 2129 item
432 2092 587 2129 variant.
631 2090 780 2129 Eadem
804 2092 952 2130 ratione

86 2147 228 2199 legitur
250 2146 380 2186 luven.
405 2145 452 2185 ll.
479 2151 568 2187 128.
599 2145 667 2185 Xl.
697 2151 787 2188 169.
817 2149 952 2188 urtica

86 2217 156 2255 pro
182 2204 319 2255 quavis
344 2203 522 2254 cupidine
544 2205 781 2255 praeceteris
806 2204 951 2255 pruritu

674 1640 805 1694 [Hanc
821 1639 953 1680 lectio-

89 2316 137 2355 ef.
162 2315 248 2354 Intt.
279 2315 388 2354 Idem
416 2316 577 2354 restituo
607 2316 644 2354 in
670 2316 805 2355 Gloss.
830 2316 951 2356 Arab.

86 2372 178 2411 Lat.
218 2385 256 2424 p.
301 2375 413 2418 710.,
458 2371 523 2410 ubi
552 2371 671 2410 hodie
711 2371 815 2410 male
845 2376 953 2411 extat

88 2429 215 2481 uriyo
237 2430 396 2481 verti-qo
420 2441 491 2480 pro
517 2429 663 2481 uriyo:
686 2430 832 2468 urtica.
856 2427 950 2466 Per·

85 2498 221 2537 peram
249 2484 392 2523 Roald.
421 2484 586 2537 iynibus
614 2484 812 2536 praetulit,
847 2485 951 2536 quod

87 2541 263 2593 quamvis
275 2554 345 2593 per
360 2541 590 2579 sententiam
605 2541 778 2591 probum,
802 2554 826 2580 a
838 2541 951 2580 codd.

86 2598 312 2637 auctoritate
337 2597 494 2636 defendi
520 2596 678 2649 nequit]

142 2655 386 2706 supinatum.
436 2653 522 2705 [De
546 2653 813 2692 obscoenitate
835 2653 952 2693 huius

88 2709 265 2749 vocabuli
290 2709 338 2749 es.
362 2709 441 2748 luv.
468 2709 552 2748 Sat.
564 2708 633 2747 Vl.
662 2713 752 2750 126.
777 2708 841 2750 Ill.
858 2714 949 2751 112.

87 2764 195 2806 VIII.
227 2770 337 2813 176.,
372 2766 438 2804 ubi
464 2764 597 2804 Schol.
627 2769 734 2804 recte
764 2764 950 2817 explicat:

89 2827 128 2861 et
143 2823 380 2875 resupinati.
407 2822 525 2861 Ebrii
542 2827 615 2861 aut
637 2823 777 2874 turpia
791 2823 951 2874 patien-

88 2878 151 2916 tis.
173 2878 296 2917 Voss.
320 2879 370 2917 ad
395 2877 533 2917 Catuli.
558 2892 596 2930 p.
626 2882 717 2920 165.
741 2877 876 2916 Munk.
900 2879 952 2918 ad

89 2932 268 2984 Fulgent.
304 2934 456 2986 Expos.
490 2948 528 2986 p.
555 2938 649 2975 781.
696 2934 797 2972 Hinc
826 2935 949 2986 probo

89 2988 218 3029 Wow.
242 2991 550 3030 emendationem
574 2990 642 3030 Iul.
655 2989 770 3029 Firm.
783 3005 823 3042 p.
837 2995 874 3030 7.
888 2991 949 3030 ed.

90 3043 219 3096 Lugd.
259 3049 519 3099 supinitatem
558 3061 629 3100 pro
669 3047 951 3087 sublimitatem

93 3113 222 3140 veram
245 3115 356 3150 esse,
382 3104 528 3156 quippe
546 3103 651 3156 quod
670 3103 814 3143 dictum
832 3104 884 3141 sit
901 3103 951 3141 de

89 3157 344 3199 abominando
370 3160 570 3201 Gallorum
593 3161 754 3200 incestu.
800 3158 952 3200 Eadem

1012 690 1160 728 ratione
1195 688 1285 728 dicit
1319 688 1438 743 Apul.
1474 689 1572 728 Met.
1608 688 1677 728 IX.
1712 704 1750 742 p.
1782 693 1875 732 605.

1012 746 1362 796 superincurvare.
1420 744 1589 785 Martial.
1623 744 1693 784 XI.
1735 750 1801 786 44.
1838 751 1875 787 5.

1011 799 1132 840 Plura
1149 802 1323 840 eiusdem
1341 802 1630 845 significationis
1648 802 1769 842 verba
1786 816 1875 841 enu-

1012 861 1134 896 merat
1156 857 1308 909 Rupert
1343 858 1394 898 ad
1417 857 1546 897 Iuven.
1571 857 1641 897 IX.
1666 858 1756 910 26.]

1069 914 1333 954 exsecrandis
1355 915 1588 967 uriyinibus
1615 915 1876 968 flayitabant.

1014 968 1145 1020 [Hanc
1161 969 1365 1009 lectionem
1379 970 1464 1009 cod.
1477 970 1650 1010 Florent.
1665 975 1702 1011 3.
1716 974 1876 1009 secutus

1011 1025 1049 1063 in
1079 1029 1227 1064 textum
1256 1026 1416 1071 admisi,
1452 1039 1570 1077 quum
1599 1028 1829 1079 praesertim
1852 1041 1877 1065 a

1011 1081 1112 1120 Mss.
1127 1085 1214 1121 cett.
1228 1083 1420 1133 probetur,
1429 1084 1554 1134 qui,ut
1566 1084 1602 1121 in
1615 1085 1876 1134 praegressis,

1011 1138 1238 1190 viryinibus
1273 1142 1495 1177 constanter
1529 1139 1709 1186 retineat,
1746 1152 1876 1190 quam-

1011 1206 1127 1244 quam
1151 1207 1226 1233 non
1258 1195 1475 1245 negandum
1507 1196 1576 1241 sit,
1607 1195 1876 1246 repetitionem

1009 1249 1187 1288 eiusdem
1233 1251 1412 1289 vocabuli
1449 1264 1626 1290 summae
1667 1251 1876 1290 offensioni

1008 1318 1115 1344 esse.
1151 1305 1238 1344 Nec
1261 1307 1387 1358 magis
1410 1306 1474 1345 hic
1497 1306 1624 1346 locum
1648 1307 1795 1346 habent
1812 1308 1876 1346 in·

1005 1361 1199 1414 yuinibus
1226 1361 1289 1399 vel
1314 1363 1567 1408 ureclinibus,
1598 1376 1700 1414 quae
1730 1367 1797 1402 aut
1825 1377 1876 1402 ex

1010 1417 1232 1456 coniectura
1253 1422 1321 1456 aut
1343 1431 1393 1456 ex
1418 1419 1528 1457 codd.
1554 1420 1621 1457 viri
1647 1419 1748 1458 docti
1774 1433 1875 1458 corn·

1010 1473 1206 1512 mendant.
1242 1473 1329 1511 Nisi
1356 1475 1491 1515 oribus
1515 1489 1538 1514 a
1561 1475 1674 1514 codd.
1697 1476 1876 1526 vestigiis

1010 1530 1166 1567 nimium
1195 1530 1414 1577 recederet,
1450 1534 1491 1569 et
1524 1531 1559 1569 in
1597 1530 1769 1582 pluribus
1799 1546 1874 1569 uno

1011 1584 1222 1637 legeretur,
1248 1600 1333 1625 cum
1358 1586 1459 1626 Oud.
1485 1591 1524 1625 et
1549 1587 1669 1626 Salm.
1694 1587 1745 1625 ad
1770 1586 1876 1627 Tert.

1011 1640 1112 1681 Pall.
1147 1655 1185 1693 p.
1217 1647 1309 1684 510.
1346 1642 1450 1681 haud
1486 1644 1626 1682 invitus
1660 1644 1875 1695 probarem.

1011 1697 1113 1737 Oud.
1134 1698 1312 1749 intelligit
1335 1700 1654 1745 irrumationem,
1681 1713 1795 1750 quam
1820 1701 1875 1738 illi

1009 1755 1152 1806 pathici
1168 1756 1315 1794 cinaedi
1329 1757 1430 1793 omni
1449 1760 1558 1807 parte
1571 1757 1743 1808 corporis
1758 1760 1874 1807 atquo

1010 1824 1076 1848 ore
1105 1810 1242 1862 polluti
1274 1812 1437 1863 experiri
1466 1812 1516 1850 ab
1547 1813 1622 1850 isto
1648 1814 1786 1850 iuvene
1811 1826 1874 1850 sn-

1009 1868 1139 1918 pinato
1152 1867 1348 1906 volebant.
1398 1867 1526 1920 [Haec
1543 1868 1736 1907 irrumatio
1757 1882 1789 1906 s.
1805 1869 1873 1906 sel-

1009 1922 1119 1968 latio,
1150 1924 1351 1963 obscoena
1380 1925 1456 1962 ista
1483 1924 1710 1976 illicitaque
1742 1925 1873 1970 libido,

1008 1980 1245 2030 praeceteris
1275 1978 1473 2018 Gallorum
1504 1985 1585 2019 erat
1614 1982 1776 2032 propria.
1825 1981 1873 2020 cf.

1009 2035 1153 2075 Minue.
1179 2035 1265 2074 Fel.
1281 2050 1314 2075 c.
1328 2035 1513 2077 XXVIII.
1538 2037 1568 2086 ᾧ.
1586 2041 1649 2077 12.
1676 2038 1758 2077 Ista
1772 2039 1874 2076 enim

1009 2092 1298 2144 impudicitiae
1322 2106 1459 2132 eorum
1485 2092 1720 2144 (Gallorum)
1749 2095 1872 2146 forsi-

1009 2152 1080 2188 tan
1093 2162 1213 2188 saera
1227 2154 1336 2194 sunt,
1361 2149 1478 2201 apud
1500 2163 1599 2201 quos
1616 2163 1735 2190 sexus
1749 2151 1874 2189 omnis

1007 2205 1189 2244 membris
1220 2205 1400 2244 omnibus
1418 2210 1602 2257 prostat,
1631 2207 1748 2257 apud
1774 2220 1873 2258 quos

1008 2266 1095 2300 tota
1108 2261 1369 2312 impudicitia
1382 2267 1552 2301 vocatur
1565 2262 1787 2308 urbanitas,
1803 2263 1873 2314 qui

1007 2322 1234 2356 scortorum
1251 2318 1441 2357 licentiae
1457 2318 1658 2363 invident,
1686 2319 1769 2371 qui
1792 2332 1871 2357 me—

1009 2373 1118 2412 dios
1153 2374 1284 2412 viros
1320 2373 1555 2419 lambunt,
1599 2375 1872 2413 libidinoso

1009 2443 1091 2468 ore
1125 2429 1219 2482 inq
1235 2431 1355 2469 uini
1370 2430 1392 2469 b
1406 2445 1432 2470 u
1446 2445 1463 2470 s
1505 2430 1870 2474 inhaerescunt,

1008 2486 1218 2524 hanzines
1256 2486 1411 2525 malae
1453 2487 1671 2539 linquae,
1719 2487 1873 2525 etiamsi

1008 2546 1206 2588 tacerent,
1233 2556 1334 2595 quos
1346 2543 1466 2594 prius
1486 2543 1682 2581 taedescit
1697 2542 1871 2594 impudi-

1009 2599 1131 2638 citiae
1164 2612 1261 2638 suae
1297 2612 1417 2651 quam
1450 2599 1650 2651 pudescit.
1698 2598 1762 2637 De
1796 2598 1872 2636 hac

1008 2654 1276 2692 obscoenitate
1302 2654 1349 2692 cf.
1362 2653 1448 2693 Intt.
1463 2654 1513 2692 ad
1519 2653 1649 2693 Iuven.
1660 2654 1741 2693 Sat.
1750 2653 1794 2692 II.
1805 2657 1869 2694 49.

1007 2709 1075 2749 Vl.
1101 2714 1194 2751 301.
1218 2709 1288 2749 IX.
1312 2714 1351 2751 4.
1396 2710 1589 2749 Heinrich.
1613 2711 1664 2748 ad
1688 2709 1738 2748 X.
1765 2713 1870 2754 238„

1009 2767 1074 2818 qui
1087 2767 1202 2806 etiam
1216 2766 1266 2805 de
1274 2766 1438 2806 Graecis
1451 2771 1582 2806 monet
1589 2780 1625 2818 p.
1635 2771 1727 2807 404.
1741 2765 1870 2816 Priap.

1010 2826 1073 2864 36.
1099 2826 1137 2864 5.
1176 2822 1262 2863 Intt.
1288 2823 1339 2862 ad
1361 2823 1506 2862 Arnob.
1531 2821 1577 2862 ll.
1602 2826 1687 2869 43„
1711 2822 1775 2860 ubi
1799 2835 1870 2872 pro

1010 2880 1091 2918 oris
1130 2880 1240 2919 sacri
1281 2884 1546 2931 comparatae
1585 2878 1748 2917 emendo
1786 2879 1869 2917 oris

1009 2935 1216 2974 lasciviam
1238 2933 1302 2972 vel
1327 2936 1531 2975 lambitum
1549 2939 1739 2987 paratae,
1764 2933 1870 2983 quod

1006 2991 1109 3029 idem
1133 2991 1183 3029 de
1207 2990 1407 3029 sellatione
1430 2991 1572 3029 dietum
1597 2995 1671 3029 est.
1708 2990 1869 3029 Fellare

1008 3047 1109 3085 enim
1132 3047 1285 3099 proprie
1308 3060 1453 3100 suffere
1477 3050 1540 3085 est
1563 3047 1613 3086 cs.
1630 3046 1719 3086 lsid.
1735 3046 1868 3086 Gloss.

1009 3117 1046 3155 p.
1072 3107 1164 3144 680.
1186 3103 1351 3154 fellieat
1369 3104 1487 3156 fuyit
1509 3104 1595 3154 (pro
1620 3105 1756 3156 suffit).
1793 3101 1869 3141 Cur

1008 3173 1100 3199 vero
1129 3159 1206 3198 hae
1234 3160 1502 3199 obscoenitate
1524 3160 1707 3199 delectati
1731 3159 1869 3198 suerint
