2221 3667
333 180 416 221 060
599 178 648 218 L.
678 176 900 217 APULEu
931 173 1335 215 MADAURENSIS
1366 174 1913 216 METAMORPHOSEON

334 291 438 331 obvii
454 290 587 330 dolore
603 289 770 340 sociato,
788 290 928 330 civitas
944 294 1086 327 cuncta
1099 292 1293 326 vacuatur
1306 285 1435 325 studio
1449 286 1631 326 visionis.
1653 286 1707 326 Et
1720 301 1811 328 ecce
1824 289 1955 329 mariti
1970 290 2140 330 cadaver

244 353 307 384 523
333 348 522 395 accurrit,
550 347 776 399 labantique
796 345 934 399 spiritu
957 350 1078 383 totam
1104 355 1147 382 se
1168 356 1287 395 super
1308 356 1450 396 eorpus
1469 343 1620 392 effudit,
1643 342 1648 397 Ι
1672 356 1717 382 ac
1743 345 1978 397 paenissime
1996 346 2138 386 ibidem

333 419 448 457 quam
471 405 687 444 devoverat
705 403 740 443 ci
762 402 929 443 reddidit
947 399 1134 439 animam.
1163 397 1243 440 Sed
1262 412 1383 452 aegre
1403 399 1582 453 mapibus
1603 406 1738 453 erepta
1756 414 1916 440 suorum
1938 402 2060 443 iuvita
2081 417 2139 443 re·

332 543 402 571 obii
413 545 448 573 F.
467 546 494 573 1.
543 550 672 580 omnes,
699 543 784 577 quod
804 543 874 576 post
894 538 985 567 obvia·
1002 539 1036 568 in
1055 538 1225 567 nonnullis
1243 538 1338 567 libris
1357 538 1495 574 legitur,
1521 546 1586 567 non
1605 541 1767 573 comparet
1786 539 1820 568 in
1833 540 1869 568 F.
1886 541 1914 568 1.
1930 541 1960 567 3.
1975 540 2013 568 Β.
2027 543 2056 569 et
2071 542 2140 569 edd.

332 594 409 618 veit.
435 590 568 624 Recepit
585 590 657 618 dein
672 588 809 617 eulx-ius
824 596 840 614 e
854 592 914 613 suo
928 585 1056 622 codice,
1072 589 1188 613 etcum
1201 584 1370 612 uncinulis
1384 584 1718 618 circumscripsisset,
1734 592 1843 612 vocem
1859 586 2000 613 Scriver.
2014 586 2097 614 Elm.
2112 590 2140 614 et

332 634 451 664 Florid.
463 637 566 663 denuo
581 636 754 663 eiecerunt.
780 630 1048 659 solr'aeoVicent.
1074 632 1198 657 cuncta
1208 632 1299 658 abest
1316 630 2141 658 aG.1.2.D.0.n-RJ..colx·.vu1c.2.)1erc.wow.

335 681 418 709 l'rir.
456 681 606 708 accursv'l
623 681 657 707 F.
673 680 702 706 3.
729 675 882 704 occurrit
896 678 931 705 G.
950 677 978 705 1.
992 672 1021 704 δ.
1036 676 1071 704 Ο.
1087 679 1243 709 perpetua
1256 675 1444 703 mutatione.
1468 676 1517 703 Ita
1532 675 1714 703 Groslotius
1727 682 1853 709 quoque
1867 676 1994 704 maluit.
2018 677 2055 703 In
2069 680 2143 704 cett.

332 725 498 754 accurrit.
537 723 729 759 labentique
744 723 863 750 F.1.1..
879 722 1035 749 edd.vett.
1052 724 1178 755 praeter
1186 722 1269 748 lunt.
1280 721 1310 748 ⁴2.
1347 717 1497 756 effundit
1510 721 1545 748 G.
1558 721 1624 754 14).
1659 719 1852 756 plenissime
1865 722 1935 748 edd.
1951 723 2025 749 vett.
2041 728 2145 754 usque

331 773 371 799 ad
386 772 547 800 Colvium.

332 824 431 852 marg.
447 818 495 844 ed.
511 817 600 844 Colv.

333 861 607 895 Mei.1x.p.034.

649 811 761 840 reddit
775 809 804 841 δ.
854 819 948 849 quem
964 820 993 845 p.
1008 808 1037 839 δ.

388 1028 627 1079 labantique
641 1026 802 1077 spirilu.
831 1024 1040 1077 [Pricaeus
1054 1024 1090 1062 in
1105 1023 1210 1062 notis

330 1084 513 1136 praetulit
546 1084 699 1122 labenti
735 1096 758 1119 e
790 1081 882 1121 Tac.
915 1082 1016 1120 Ann.
1042 1080 1111 1119 W.
1143 1084 1208 1120 50.

333 1142 457 1180 Labi
498 1142 727 1192 spiritum
768 1153 843 1177 nec
887 1139 997 1178 ultra
1042 1137 1211 1176 biduum

332 1199 577 1237 (iuraturum
600 1197 786 1249 firmarit.
821 1195 889 1233 siv
902 1195 1212 1234 etmorienlium

331 1256 488 1294 animae
504 1254 606 1293 labi
621 1253 806 1291 dicuntur.
833 1252 1021 1290 cf.Heins.
1035 1250 1085 1289 ad
1095 1249 1210 1289 Ovid.

331 1314 363 1349 A
374 1316 416 1349 rt.
438 1309 498 1349 111.
522 1315 614 1350 742.
649 1309 731 1347 sod
765 1309 931 1347 labante
955 1308 1120 1359 probum
1147 1310 1212 1344 est

330 1371 350 1406 i.
374 1381 406 1405 e.
433 1367 642 1405 vacillante
669 1370 707 1403 et
732 1366 949 1404 deficiente.
986 1365 1050 1403 De
1075 1367 1209 1402 nostro

333 1430 371 1462 et
397 1424 522 1462 Taciti
549 1423 635 1461 loc«)
661 1423 741 1473 agit
765 1422 954 1460 Doederl.
981 1422 1083 1472 Syn.
1110 1419 1156 1458 T.
1182 1419 1210 1458 l.

332 1497 368 1533 p.
398 1486 507 1526 131„
535 1481 599 1530 qui
625 1481 721 1517 inter
745 1479 924 1530 spiritum
951 1478 1148 1517 labentem
1173 1480 1212 1514 et

333 1538 536 1577 labantem.
561 1538 613 1575 ita
638 1535 896 1581 discriminat,
923 1539 965 1573 ut
978 1534 1044 1572 ille
1058 1534 1122 1579 sit,
1149 1534 1213 1583 qui

334 1595 480 1632 sensim
507 1593 756 1636 imminuitur,
783 1605 950 1642 quocum
976 1591 1053 1629 vita
1078 1593 1214 1641 aperte

334 1652 442 1699 sugit,
453 1650 607 1689 labans.
618 1651 682 1699 qui
696 1651 731 1687 in
746 1654 902 1700 tempus
915 1648 1213 1697 interrumpitur,

333 1722 406 1746 nec
431 1707 587 1757 opinato
614 1706 730 1747 redit.
756 1710 798 1744 ut
821 1706 919 1743 intra
944 1704 1020 1742 hoc
1044 1705 1214 1754 spatium

335 1769 459 1802 utrum
498 1765 584 1813 quis
623 1764 726 1800 vivat
762 1776 810 1801 an
845 1759 1020 1799 mortuus
1058 1761 1134 1797 iam
1163 1759 1215 1796 sit

334 1823 542 1871 ignoretur.
594 1818 708 1858 Unde
733 1818 877 1858 labans
902 1818 963 1856 hie
987 1817 1215 1855 necessario

335 1877 576 1916 retinendum
593 1880 666 1914 est.
716 1875 778 1913 De
794 1888 902 1912 more
918 1874 1143 1925 lugentium.
1168 1885 1216 1910 se

335 1948 454 1985 super
490 1946 633 1983 corpus
678 1931 946 1969 defunctorum
991 1928 1217 1968 effundendi

336 1991 385 2029 cf.
411 1990 460 2028 ad
486 1989 583 2027 Met.
599 1989 644 2028 11.
666 2002 701 2039 p.
727 1993 817 2028 154.
845 1987 986 2026 Totum
1014 1987 1139 2025 locum
1165 1999 1215 2023 ex

339 2048 442 2097 Vir-g.
461 2047 559 2084 Aen.
576 2046 641 2084 IV.
662 2049 739 2085 196
754 2058 846 2096 sqq.
871 2044 1030 2095 egregie
1043 2044 1215 2082 imitatus

336 2109 398 2142 est
423 2102 654 2155 Apuleius]

391 2161 645 2212 paenissime.
706 2157 863 2209 [Errant
877 2158 940 2209 qui
957 2157 1174 2209 penissime
1193 2169 1217 2194 a

337 2232 434 2255 voce
444 2218 611 2268 penitus
629 2219 813 2267 petentes
834 2228 884 2252 ex
911 2215 1159 2266 penitissime
1178 2212 1216 2251 id

337 2278 675 2313 contractumesse
687 2272 829 2309 volunt.
847 2272 1096 2310 Paenissime
1111 2270 1213 2307 enim

339 2334 502 2368 testatur
515 2329 640 2367 Prisc.
658 2328 767 2368 111.4.
785 2327 829 2366 T.
845 2328 872 2366 1.
894 2341 930 2379 p.
951 2331 1041 2367 121.
1056 2326 1213 2364 liu-ebt:

340 2390 373 2427 Λ
399 2401 523 2439 pene
549 2390 681 2425 autem
701 2385 902 2423 cnleerbio
920 2384 1214 2435 superlativum

337 2449 378 2483 in
393 2445 513 2482 simus
524 2442 700 2494 procidit
711 2441 888 2481 Plautus
901 2442 942 2479 in
954 2439 1214 2479 [Mostellaria

338 2506 375 2538 ct
400 2500 491 2539 XV.
518 2505 554 2539 2.
581 2513 616 2550 p.
645 2502 738 2539 618.
764 2503 809 2537 ul
829 2511 958 2549 pone,
986 2510 1129 2549 pene,
1163 2509 1216 2534 ex

341 2572 421 2609 qno
460 2559 582 2595 eliam
620 2555 729 2594 illud
767 2555 969 2593 derivavit
997 2553 1138 2593 Plaut.
1171 2554 1214 2590 in

338 2613 601 2652 Mostellaria
722 2611 997 2663 penissime.
1063 2609 1212 2648 Nostro

336 2671 437 2708 enim
454 2670 539 2708 loco
559 2669 592 2706 si
605 2669 820 2719 penissime
833 2667 938 2705 idem
958 2670 1081 2712 esset,
1108 2665 1214 2716 quod

333 2728 592 2777 penitissime,
629 2738 703 2762 non
730 2722 990 2775 responderet
1026 2723 1101 2761 loci
1125 2736 1213 2761 sen-

333 2783 478 2821 tentiae
491 2783 689 2833 planeque
703 2785 814 2819 esset
825 2779 1073 2831 superfluum.
1096 2778 1214 2825 Quod

333 2840 488 2889 quidem
515 2852 633 2889 quum
653 2838 791 2876 librarii
806 2840 1003 2887 putarent,
1029 2835 1212 2874 emenda-

335 2900 419 2933 runt
445 2896 693 2946 plenissime,
726 2894 776 2931 de
807 2907 884 2944 quo
915 2892 1123 2931 dicendum
1149 2895 1214 2930 est

334 2952 381 2989 ad
409 2952 503 2989 Met.
520 2951 622 2989 wll.
649 2965 686 3002 p.
714 2954 809 2992 569.
835 2949 884 2988 cs.
911 2949 1030 3001 Apol.
1058 2962 1094 2999 p.
1116 2952 1210 2989 595.

334 3008 439 3046 Nam
480 3009 594 3059 quod
638 3007 900 3058 penissime
941 3006 1091 3045 oblitus
1127 3019 1212 3044 sum

333 3069 372 3100 et
398 3063 543 3102 Floricl.
571 3063 631 3102 111.
659 3078 694 3114 p.
723 3067 787 3103 67.
820 3068 858 3100 et
885 3063 1048 3114 quidem
1074 3062 1212 3100 Phile·

332 3122 460 3158 manis
476 3121 666 3171 exempla
677 3134 770 3170 pen
781 3120 948 3159 issime.
973 3117 1101 3157 Plaut.
1116 3118 1208 3157 Aul.

334 3175 393 3212 111,
424 3180 445 3213 l,
487 3180 520 3213 7.
551 3176 615 3213 ΙΥ.
643 3179 676 3214 G.
707 3180 743 3215 2.
771 3174 948 3214 Mostell.
968 3173 1030 3214 111.
1055 3180 1090 3214 1.
1117 3178 1207 3214 127.

597 766 796 796 reddidisset
813 768 847 795 Β.
863 768 899 795 L.
919 767 990 795 edd.
1011 770 1088 795 vett.
1108 767 1274 794 Stewech.
1292 765 1399 793 scriv.
1420 769 1447 794 et
1463 766 1510 793 ila
1522 765 1587 800 legi
1602 765 1636 793 in
1655 766 1690 794 F.
1711 767 1753 802 1.‚
1780 767 1954 794 adnotatur
1968 766 1999 794 in
2013 768 2088 794 coll.
2103 767 2143 795 ad

1086 807 1480 839 ‹levoracera16.v1÷net.
1491 812 1521 838 4.
1548 811 1628 839 Oud.
1643 811 1782 839 coniecit
1795 809 2024 838 denotaverat
2048 811 2089 840 cs.
2104 812 2145 839 ad

657 861 775 885 erecta
790 859 827 886 G.
842 859 871 885 2.
886 858 922 886 P.
938 858 975 885 D.
1001 858 1154 893 ereptam
1167 853 1197 886 δ.
1224 858 1261 884 In
1280 858 1354 884 cett.
1374 858 1504 893 erepta.
1546 855 1658 883 incita
1671 858 1764 885 abest
1779 863 1799 885 a
1812 857 1848 885 P.
1865 860 1895 885 et
1907 858 1978 885 edd.
1992 865 2040 892 pr.
2056 857 2145 885 Scri-

331 916 397 935 xvr.
415 907 509 935 ulmis
523 904 791 938 circumscripsit.
817 903 852 930 cn*
869 902 943 930 vita
958 910 1015 937 pro
1030 902 1063 930 in
1078 901 1151 929 cita
1166 903 1202 931 G.
1217 902 1247 930 1.

1270 1022 1426 1073 Ubique
1464 1024 1566 1061 enim
1604 1023 1820 1074 penissime
1860 1022 2069 1075 significat,
2111 1024 2145 1059 si

1268 1080 1504 1118 sententiam
1519 1079 1738 1118 accuratius
1761 1081 1981 1125 examinas,
2001 1093 2081 1118 rem
2095 1079 2146 1117 de

1270 1151 1347 1188 qua
1366 1137 1508 1187 agitur.
1537 1149 1770 1187 quamquam
1795 1150 1870 1175 non
1891 1137 2063 1188 perfecta
2082 1137 2146 1176 sit.

1268 1194 1466 1231 minimum
1492 1198 1621 1231 tamen
1641 1192 1832 1233 abfuisse.
1859 1194 1949 1244 quin
1974 1193 2146 1245 perfecta

1269 1254 1392 1289 esset.
1441 1251 1478 1287 A
1501 1252 1665 1301 penitus
1678 1251 1809 1301 potius
1823 1250 2071 1289 derivandum
2086 1255 2146 1287 est

1265 1307 1558 1358 penitissimas,
1606 1307 1708 1357 quod
1747 1311 1785 1344 et
1817 1305 1944 1344 Plauti
1984 1307 2146 1358 probant

1271 1364 1346 1402 loci
1379 1363 1527 1401 (fistell.
1561 1362 1587 1401 I.
1618 1368 1650 1403 1.
1680 1367 1743 1403 64.
1782 1362 1894 1402 Pers.
1921 1362 1988 1401 IV.
2015 1367 2054 1403 3.
2081 1367 2145 1403 61.

1270 1420 1390 1471 Apul.
1402 1420 1451 1458 de
1461 1419 1664 1457 DeoSocr.
1674 1423 1810 1471 p.156.
1823 1421 2148 1472 penitissimis

1270 1477 1476 1516 mentibus.
1503 1475 1686 1514 Priscian.
1715 1475 1776 1514 lll.
1805 1481 1840 1516 4.
1867 1491 1902 1528 p.
1928 1481 2001 1516 121
2032 1475 2124 1527 Ru]

1329 1538 1482 1584 erepta.
1534 1532 1664 1584 [Haec
1701 1533 1814 1571 lectio
1852 1533 1975 1571 altera
2012 1538 2146 1572 erecta

1271 1589 1364 1628 mihi
1391 1590 1540 1628 videtur
1565 1603 1659 1627 esse
1684 1590 1959 1639 significantior
1991 1593 2029 1627 et
2053 1589 2148 1627 dissi-

1273 1646 1389 1684 cilior.
1440 1646 1620 1698 Ereplus
1646 1647 1744 1684 euim
1773 1645 1874 1685 Oud.
1902 1660 1951 1684 ex
1978 1645 2063 1684 Liv.
2084 1645 2148 1684 lll.

1274 1716 1305 1742 e.
1332 1707 1368 1742 5.
1395 1703 1498 1740 male
1524 1702 1714 1741 intellexit
1737 1706 1885 1741 tantum
1911 1703 1961 1741 (le
1986 1716 2053 1748 eo,
2085 1704 2148 1752 qui

1274 1773 1324 1797 ex
1349 1759 1529 1811 ,hostium
1562 1760 1741 1799 manibus
1779 1759 1966 1797 liberatus
1992 1764 2072 1805 est,
2109 1763 2150 1797 ut

1274 1816 1335 1854 hie
1360 1821 1499 1867 erepla
1527 1816 1652 1854 locum
1678 1816 1825 1854 habere
1850 1830 1923 1854 non
1957 1829 2082 1867 posse
2113 1817 2148 1852 ei

1274 1873 1462 1911 videatur.
1510 1872 1584 1911 Hic
1609 1873 1711 1911 enim
1737 1873 1903 1911 osticium
1930 1873 2150 1911 consister«-

1275 1943 1350 1967 non
1388 1929 1568 1980 potuisse
1599 1933 1725 1980 putat,
1759 1930 1829 1967 uisi
1856 1928 2084 1968 adtollendo
2111 1934 2146 1966 cl

1274 1985 1460 2036 erigendo
1486 1985 1637 2031 heram,
1664 2000 1765 2037 quae
1790 1986 1985 2024 sententia
2009 1999 2079 2037 per
2104 2000 2150 2022 s(-

1274 2044 1380 2081 bona
1405 2047 1480 2080 est.
1513 2042 1673 2094 Erepta
1699 2056 1772 2092 ego
1799 2042 1955 2093 explico
1981 2042 2031 2080 de
2052 2041 2150 2080 Cha-

1274 2100 1363 2144 rite,
1390 2112 1493 2149 quae
1507 2100 1569 2136 vix
1583 2113 1606 2137 a
1619 2112 1782 2151 corpore
1802 2100 1926 2138 mariti
1947 2100 2087 2138 abduci
2113 2104 2151 2135 et

1276 2155 1408 2195 divelli
1441 2159 1613 2206 poterat,
1649 2169 1888 2208 semperque
1918 2156 2075 2206 quando
2101 2169 2150 2193 ex

1276 2212 1448 2263 deliquio
1463 2213 1629 2251 animam
1641 2216 1858 2264 receperat,
1872 2225 1993 2263 super
2007 2225 2151 2263 corpus

1273 2270 1414 2308 corruit
1455 2269 1574 2320 idque
1605 2270 1831 2321 amplexata
1872 2273 1946 2308 est.
1993 2268 2151 2308 Ruhnk.

1273 2327 1324 2366 ad
1350 2324 1507 2365 Terent.
1534 2325 1631 2365 Eun.
1656 2326 1723 2364 lv.
1751 2330 1786 2367 6.
1816 2331 1878 2366 14.
1906 2326 2151 2376 Quamquam

1273 2397 1350 2421 non
1376 2383 1597 2433 negandum
1622 2386 1701 2428 est,
1734 2396 1783 2420 ea
1817 2383 1937 2422 verba
1960 2386 2150 2434 perpetuo

1275 2439 1457 2479 confundi
1482 2439 1530 2478 cf.
1557 2438 1655 2479 infra
1678 2453 1716 2490 p.
1743 2443 1836 2480 525.
1870 2438 1972 2478 Cort.
1998 2439 2049 2478 ad
2074 2438 2151 2477 Lu-

1275 2495 1463 2536 can.VlI.
1492 2496 1607 2548 159]

1331 2555 1458 2592 incita
1472 2554 1666 2592 remansit
1679 2553 1721 2591 in
1737 2554 1832 2592 vita.
1869 2551 2060 2590 Pricaeus
2075 2566 2149 2591 non

1273 2610 1446 2650 debebat
1477 2610 1528 2648 de
1553 2609 1734 2647 lectionis
1769 2609 1928 2648 veritate
1959 2609 2150 2653 dubitare,

1273 2667 1364 2718 quia
1389 2666 1462 2718 ipsi
1489 2666 1693 2704 videbatur
1709 2666 1906 2718 Apuleius
1931 2669 2022 2704 tunc
2046 2665 2151 2703 addi-

1272 2728 1381 2762 turus
1407 2722 1534 2762 fuisse
1561 2723 1759 2775 quamvis,
1790 2726 1831 2760 ut
1860 2722 2025 2773 saepius
2050 2721 2150 2760 alias

1272 2779 1376 2819 iacit.
1414 2778 1516 2818 Nam
1537 2780 1612 2817 hoc
1627 2780 1673 2826 ei,
1694 2782 1736 2818 ut
1749 2778 1853 2816 Oud.
1867 2779 1970 2816 bene
1989 2778 2150 2820 monuit.

1271 2851 1346 2875 non
1372 2840 1603 2888 perpetuum
1630 2839 1703 2873 est.
1729 2834 1778 2874 cf.
1804 2834 1900 2873 Met.
1916 2834 1963 2873 V.
1989 2849 2027 2886 p.
2054 2838 2148 2875 332.

1270 2895 1310 2931 vi
1328 2907 1378 2932 ac
1392 2897 1598 2944 potestate
1614 2893 1777 2931 Veneris
1794 2904 1942 2932 usurus
1966 2892 2151 2930 invitus

1270 2950 1484 2989 succubuit
1503 2950 1683 2988 maritus.
1704 2962 1742 3000 p.
1757 2951 1850 2988 340.
1873 2948 2006 3000 deque
2026 2949 2151 2986 tantis

1273 3007 1430 3045 divitiis
1443 3007 1602 3058 exigua
1616 3005 1731 3043 nobis
1751 3005 1905 3043 invita
1920 3004 2153 3056 proiecerit

1271 3061 1307 3101 h.
1324 3062 1347 3101 l.
1374 3076 1410 3114 p.
1432 3066 1526 3102 518.
1556 3061 1807 3112 Quadrupes
1832 3065 1920 3100 toto
1945 3066 2064 3112 teryo
2088 3073 2149 3098 su-

1264 3120 1437 3170 pinatus
1461 3119 1644 3158 invitus
1669 3118 1878 3156 dominum
1898 3116 2076 3156 [lez-olvit
2092 3115 2151 3154 ad

1269 3180 1432 3214 terram.
1457 3175 1521 3212 ubi
1548 3187 1596 3212 ea
1621 3186 1698 3211 vox
1723 3173 1970 3213 desideratur
1995 3173 2032 3211 in
2058 3185 2148 3210 non-
