2155 3590
655 145 841 184 LIBER
865 145 914 184 V.
974 144 1099 184 CAP.
1130 142 1296 183 XXIX.

1772 142 1853 186 383

591 315 1027 364 CAPUT
1119 314 1344 363 XXIX.

189 434 298 477 Haec
323 435 514 490 quiritans
538 436 757 490 properiter
781 436 945 490 emergit
970 451 990 477 e
1015 435 1134 487 mari,
1161 447 1348 488 suumque
1378 432 1555 488 protinus
1587 446 1748 472 aureum
1773 432 1858 472 tha-

167 550 221 579 ln‘c
232 553 268 582 F.
285 555 313 582 1.
326 555 362 582 B.
377 556 407 581 et
419 554 487 581 edd.
501 555 576 581 vett.
589 555 716 587 praeter
728 554 809 580 Iunt.
824 554 853 581 2.
878 550 940 580 Imc
954 561 981 587 p.
1007 561 1066 580 nec
1079 550 1107 582 ὃ.
1156 551 1325 590 quiritans
1337 551 1374 579 F.
1392 551 1418 579 1.
1432 551 1462 579 3.
1475 551 1511 578 P.
1527 558 1555 584 p.
1571 546 1599 577 δ.
1614 552 1657 577 Μ.
1671 548 1704 585 β.
1719 558 1751 582 φ.
1779 557 1858 586 que·

78 597 190 626 rizans
204 600 241 626 G.
252 599 364 626 1.2.1).
389 596 588 635 quaeritans
602 599 670 626 edd.
680 597 920 634 vett.prop1'ter
934 601 1170 632 typothetarum
1183 604 1288 625 errore
1300 596 1419 632 legitur
1431 595 1465 623 in
1477 595 1552 623 Bas.
1565 595 1592 623 1.
1603 594 1810 629 Colv.Vulc.,
1827 597 1861 622 ut

79 644 304 675 adnotatoud„
318 644 373 672 sed
388 644 420 671 in
435 643 616 671 complodit
629 642 709 670 nihil
724 646 901 670 correctum
914 645 1070 676 est,u11de
1085 647 1137 671 aut
1147 644 1180 671 B.
1191 649 1314 676 quoque
1327 648 1397 670 eam
1411 640 1515 668 fuisse
1528 639 1696 668 lectionem
1711 639 1858 675 efficitur,

78 691 132 717 aut
147 688 345 723 negligentia
364 688 507 716 Modium
524 690 581 716 lioc
600 687 758 715 omisisse.
784 688 884 721 Quasi
897 695 1046 722 magnum
1061 688 1136 721 quid
1152 690 1353 721 praestantes
1371 685 1417 713 ita
1436 692 1559 718 quoque
1577 684 1740 719 corrigunt
1771 685 1859 711 Grut.

77 733 148 760 Lib.
169 734 264 767 Susp.
277 733 363 761 VIII.
386 734 435 762 14.
461 735 581 761 Meurs.
600 733 741 761 Exercit.
761 732 837 760 Crit.
850 733 905 760 IV.
921 734 971 761 17.
997 733 1073 761 Crit.
1086 734 1208 761 Arnoh.
1221 733 1261 760 V.
1276 732 1327 759 13.
1374 737 1391 756 e
1403 729 1494 756 mari
1503 730 1540 758 F.
1556 730 1583 757 1.
1598 730 1628 756 3.
1644 731 1679 756 G.
1696 730 1722 756 1.
1738 729 1768 756 2.
1782 729 1819 757 D.
1838 727 1860 756 f.

77 785 107 811 p,
122 778 156 806 Ο.
169 779 251 806 Iunt.
266 779 297 806 2.
310 778 392 807 Elm.
405 778 511 806 Scriv.
524 777 644 806 Florid.
657 779 693 805 In
708 780 780 805 cett.
794 785 816 804 a
830 776 928 806 muri.
959 777 1132 806 umarae'ed.
1145 785 1191 812 pr.
1205 776 1332 806 Vicent.
1344 776 1458 805 Venet.
1469 775 1502 803 2.
1516 775 1547 803 4.

137 874 224 914 Cn».
248 874 397 914 XXIX.
447 876 658 928 quiritans.
698 875 939 927 [Hoc‚*voca-

80 930 209 970 bulum
234 931 314 970 fere
331 945 486 983 semper
499 933 534 969 in
554 932 600 969 iis
622 931 734 978 locis,
754 931 818 969 ubi
839 933 941 970 inve—

80 989 188 1033 nitur,
209 1001 292 1026 cum
310 990 512 1040 quer-itare
530 991 714 1026 mutatum
734 992 811 1034 est,
838 988 942 1039 quod

80 1043 206 1082 adhuc
219 1044 368 1088 dubito,
394 1059 440 1082 an
456 1046 490 1082 in
505 1044 633 1095 lingua
647 1044 763 1083 latina
775 1057 942 1094 unquam

78 1101 298 1151 reperiatur.
358 1100 452 1138 Loci
486 1101 598 1145 enim,
638 1113 736 1150 quos
773 1101 943 1137 invenire

79 1160 271 1207 poteram,
307 1160 386 1194 tam
422 1156 561 1195 dubiae
596 1156 687 1193 mihi
725 1161 814 1194 sunt
842 1155 942 1199 fidei,

79 1216 121 1250 ut
151 1225 218 1263 pro
249 1216 351 1250 certo
384 1213 474 1262 quid
503 1212 692 1250 affirmare
715 1226 789 1250 non
819 1211 943 1249 liceat.

82 1267 323 1319 Quamquam
353 1270 452 1306 enim
475 1281 545 1319 per
568 1281 614 1305 se
643 1272 769 1318 patet,
807 1280 943 1305 vocem

83 1326 284 1377 queritare
302 1337 372 1374 per
397 1324 614 1374 analogiam
638 1324 844 1375 improbari
870 1336 943 1360 non

78 1393 216 1432 posse,
242 1385 368 1418 tamen
395 1394 510 1431 quum
535 1380 789 1418 demonstrari
814 1383 943 1429 queat,

88 1437 287 1489 quiritum-e
310 1436 413 1474 idem
436 1437 668 1487 significare,
706 1449 779 1474 non
815 1435 944 1480 viden,

81 1506 145 1531 cur
168 1493 218 1530 ad
247 1493 394 1544 duplex
423 1492 597 1530 eiusdem
629 1492 795 1530 notionis
832 1504 944 1529 voca·

81 1548 213 1588 bulum
228 1549 439 1600 confugias.
469 1549 581 1587 Bene
595 1549 695 1586 enim
710 1547 942 1597 intelligitur.

82 1605 276 1656 quomodo
292 1606 498 1658 queritare
523 1618 572 1643 ex
591 1605 824 1643 librariorum
839 1606 943 1654 inge-

82 1662 143 1700 nio
169 1668 298 1700 natum
322 1663 382 1700 sit.
413 1661 502 1699 Istis
523 1662 622 1699 enim
637 1674 752 1711 quum
766 1661 943 1699 traditum

83 1722 209 1763 esset,
243 1719 440 1770 queritari
469 1732 492 1756 a
522 1717 672 1756 Latinis
697 1718 870 1768 usurpari
907 1717 942 1753 in

83 1774 212 1812 auxilii
225 1773 510 1825 imploratione,
538 1773 679 1811 factum
699 1777 778 1818 est,
803 1777 844 1810 ut
868 1772 943 1810 bos

84 1830 193 1868 locos
216 1830 411 1880 explicare
432 1845 504 1868 non
528 1834 710 1882 possent,
737 1830 801 1868 ubi
823 1828 943 1879 queri,

81 1886 174 1924 flere
198 1891 238 1924 et
261 1886 365 1924 aliud
390 1887 481 1937 quid
506 1887 681 1924 eiusdem
713 1885 868 1936 generis
893 1885 945 1922 in·

84 1943 234 1981 dicavit.
257 1941 370 1981 Unde
385 1944 590 1995 quei-itare
602 1942 842 1980 fabricarunt.
861 1940 946 1978 Hac

86 2000 121 2037 in
152 2012 193 2036 re
223 1999 454 2037 sententiam
483 2002 644 2036 secutus
681 2011 767 2036 sum
799 1997 865 2035 Dr.
897 1996 945 2033 ad

85 2054 170 2093 Liv.
195 2053 387 2093 XXXIX.
412 2059 447 2094 8.
474 2055 505 2105 δ.
526 2059 562 2095 8.
588 2058 627 2092 et
655 2059 715 2094 10.
740 2053 771 2102 ξ.
797 2058 833 2093 7.
859 2051 946 2090 XL.

87 2114 123 2151 9.
153 2109 184 2160 §.
216 2115 253 2151 7.
285 2110 336 2147 ad
365 2109 550 2148 XXXIII.
583 2114 646 2150 28.
678 2110 708 2159 ξ.
740 2113 776 2149 3.
824 2109 949 2146 Aliter

86 2167 228 2205 iudicat
251 2166 386 2205 Arntz.
410 2166 459 2203 ad
484 2165 581 2204 Ptin.
607 2165 799 2216 panegyr.
825 2179 857 2203 c.
883 2167 948 2204 29.

88 2223 119 2272 ᾧ.
152 2226 189 2263 3.
217 2236 254 2274 p.
291 2226 398 2269 131.;
435 2223 498 2272 qui
531 2224 688 2274 querito
718 2235 767 2259 ex
797 2222 949 2259 civitate

88 2280 204 2317 latina
240 2279 379 2316 eiicere
416 2292 489 2316 non
514 2278 671 2323 audeat,
709 2279 772 2316 ubi
804 2290 874 2315 non
900 2276 950 2314 de

86 2336 360 2387 provocatione
385 2335 514 2386 aliqua
537 2334 586 2372 ad
607 2334 792 2385 populum
810 2346 882 2372 seu
893 2332 951 2382 lde

89 2392 257 2442 querelis
275 2391 461 2442 publiciS,
486 2390 559 2428 sed
584 2391 633 2428 de
659 2391 875 2428 domestica
901 2388 951 2426 la-

87 2449 321 2486 mentatione
333 2451 372 2485 et
385 2447 586 2498 questibus
600 2460 727 2485 sermo
742 2450 812 2485 est.
837 2445 951 2484 Unde

87 2504 163 2543 hoc
171 2504 272 2555 apud
282 2503 378 2542 Ptin.
389 2502 650 2554 EpistXloeo.
661 2502 690 2552 δ.
698 2509 715 2543 1
725 2507 761 2542 4.
770 2501 951 2554 praefert,

89 2560 271 2610 idemque
301 2561 405 2612 apud
435 2559 645 2610 Apuleium
661 2558 762 2597 VIII.
795 2573 830 2610 p.
857 2562 950 2598 522.

88 2617 152 2655 ubi
177 2617 327 2656 videas.
368 2615 494 2662 Quam
521 2629 609 2653 vero
635 2615 877 2654 temerarium
903 2615 954 2652 sit

90 2672 167 2712 hoc
189 2673 275 2711 eius
299 2673 524 2716 discrimen,
550 2674 623 2710 iam
649 2685 697 2709 ex
722 2685 795 2709 uno
820 2675 952 2708 nostro

92 2728 178 2768 loco
201 2733 333 2781 potest
358 2729 469 2767 effici.
499 2728 573 2767 Hic
597 2741 723 2779 neque
743 2727 792 2765 de
812 2727 953 2766 lamen-

89 2786 297 2824 tationibus
309 2785 474 2837 publicis
488 2798 614 2823 sermo
629 2787 708 2829 est,
732 2783 805 2821 sed
816 2783 953 2822 Venus

92 2840 180 2880 sola
205 2842 292 2880 sine
322 2841 437 2880 dubio
463 2845 542 2886 est,
573 2840 708 2878 lavans
731 2853 779 2878 ac
801 2844 953 2884 natans,

93 2909 166 2935 nec
199 2911 246 2936 eo
277 2898 408 2936 secius
439 2898 571 2948 optimi
602 2896 717 2935 codd.
753 2897 954 2949 quiritans

95 2953 229 2992 acriter
241 2953 461 2992 defendunt.
476 2953 694 2991 Beroaldus
708 2953 804 2990 inter
814 2956 953 2990 utrum·

97 3020 172 3058 que
194 3010 423 3049 vocabulum
447 3011 499 3048 ita
522 3009 773 3054 discriminat,
796 3012 839 3046 ut
864 3021 954 3060 que-

97 3064 221 3104 ritare
253 3066 442 3117 significet
483 3066 700 3104 continuam
742 3064 952 3116 querelam,

99 3121 294 3171 quir-itare
323 3122 521 3173 querelam
563 3135 649 3161 cum
685 3121 953 3172 imploratione

1000 877 1086 927 opis
1118 875 1227 926 quasi
1261 873 1479 920 Quiritium,
1512 871 1617 923 quod
1641 872 1731 910 item
1762 870 1860 909 locis

999 932 1237 982 comprobari
1261 930 1404 981 nequit.
1443 930 1656 975 Quiritare
1681 927 1771 979 quid
1796 927 1861 966 de-

999 992 1123 1033 notet,
1149 987 1319 1038 explicat
1338 986 1461 1023 Varro
1487 985 1536 1023 de
1548 984 1597 1023 L.
1610 984 1655 1023 L.
1671 983 1736 1022 Vl.
1750 984 1779 1033 ξ.
1795 988 1861 1025 68.

1000 1058 1036 1096 p.
1069 1047 1132 1084 99.
1164 1043 1360 1081 Mueller.:
1404 1042 1614 1086 Quin-itare
1639 1041 1792 1079 dicitur
1815 1041 1861 1085 is,

1004 1101 1073 1152 qni
1084 1100 1287 1144 Quiritum
1297 1098 1417 1150 fidem
1439 1098 1616 1136 clamans
1631 1097 1841 1147 implorat.
1852 1125 1861 1134 .

1009 1157 1060 1196 Ut
1094 1156 1344 1207 quiritare
1373 1154 1638 1198 urbanorum,
1662 1154 1720 1190 εἰσ
1744 1152 1860 1191 inbi-

1003 1213 1107 1251 lare
1140 1211 1381 1249 rusticorum
1418 1214 1456 1247 et
1491 1209 1525 1246 in
1563 1208 1715 1259 Fragm.
1759 1207 1863 1258 apud

1002 1266 1183 1306 Diomed.
1197 1279 1235 1316 p.
1247 1269 1339 1305 377.
1353 1263 1513 1303 Putscll.
1528 1263 1708 1302 Mueller.
1721 1277 1756 1315 p.
1772 1268 1851 1305 268

1005 1323 1206 1369 Quirite
1232 1322 1373 1360 Livius
1398 1321 1439 1358 in
1468 1325 1608 1359 octavo
1641 1321 1864 1372 quiritat.

1010 1380 1144 1419 Varro
1174 1378 1232 1416 ad
1266 1377 1520 1416 Ciceronem.-
1552 1376 1616 1414 De
1643 1376 1865 1414 Fenestella

1004 1436 1237 1488 quiritatur.
1297 1433 1369 1471 Est
1405 1438 1535 1472 autem
1578 1446 1603 1484 q
1617 1447 1642 1471 u
1656 1433 1670 1469 i
1685 1446 1703 1469 r
1718 1433 1731 1468 ι’
1745 1437 1759 1470 t
1774 1447 1798 1470 a
1812 1446 1832 1469 r
1845 1445 1866 1470 e

1005 1492 1185 1537 Quirites
1200 1492 1316 1529 ciere.
1342 1487 1470 1534 Quum
1485 1502 1575 1526 vero
1597 1488 1632 1532 ii,
1653 1489 1715 1538 qui
1729 1488 1866 1526 civium

1004 1547 1294 1598 opitulationem
1340 1545 1619 1596 implorabant,
1677 1543 1867 1581 altissima

1003 1616 1101 1641 voce
1159 1602 1416 1645 clamitarent,
1476 1602 1619 1651 quippe
1674 1600 1774 1638 anxii
1829 1604 1868 1637 et

1002 1673 1095 1712 prae
1126 1663 1232 1696 metu
1260 1658 1377 1710 plane
1408 1662 1516 1695 extra
1545 1661 1712 1695 mentem
1737 1656 1865 1708 positi,

1003 1717 1144 1754 sactum
1166 1719 1245 1756 est.
1271 1719 1311 1752 ut
1327 1715 1525 1766 qm'ritare
1538 1714 1738 1765 significet,
1752 1712 1867 1750 altius

1002 1773 1187 1815 clamare,
1229 1770 1468 1814 exclamare,
1508 1774 1548 1807 nt
1572 1769 1672 1808 Non.
1709 1769 1868 1819 exponit

1003 1843 1041 1880 p.
1073 1832 1137 1869 31.
1175 1827 1294 1865 Mero.
1335 1827 1583 1878 quir-itare
1613 1831 1668 1865 est
1691 1826 1867 1864 clamare

1005 1886 1085 1934 (ubi
1106 1884 1219 1921 velim
1245 1883 1394 1933 legatur
1417 1882 1666 1929 exclamare)
1694 1885 1870 1919 tractum

1004 1942 1055 1980 ab
1085 1942 1152 1984 iis.
1191 1940 1260 1992 qui
1293 1939 1470 1983 Quirites
1499 1940 1699 1977 invocant.
1731 1936 1870 1983 Lucil.

1007 1997 1093 2035 Sat.
1113 1993 1190 2034 Vl.
1205 1995 1321 2033 Haec
1334 1995 1498 2046 inquam
1511 1995 1622 2033 rudit
1642 1995 1868 2037 erosit-is„-

1007 2053 1197 2104 clareque
1212 2051 1421 2103 quiritans.
1447 2049 1626 2100 Nigidius
1643 2050 1870 2090 Commento

1005 2109 1289 2161 yrammatices
1304 2122 1316 2145 .·
1394 2106 1550 2145 Clamat
1620 2107 1870 2159 quiritatum.

1009 2163 1143 2213 (Quod
1157 2177 1240 2202 cum
1254 2161 1448 2200 Stewech.
1463 2162 1512 2200 ad
1526 2162 1620 2201 Met.
1633 2161 1715 2200 Vll.
1729 2175 1765 2213 p.
1776 2165 1868 2202 471.

1008 2234 1082 2259 non
1108 2219 1392 2258 emendaverim
1428 2220 1464 2257 in
1502 2219 1654 2258 clamat
1687 2219 1870 2270 quiritat.

1011 2278 1242 2322 Qm'ritatus
1272 2276 1332 2313 vel
1363 2288 1554 2313 summum
1585 2275 1791 2314 clamorem
1817 2275 1868 2312 in-

1009 2334 1127 2379 dicat,
1154 2345 1267 2383 quem
1282 2332 1368 2383 quis
1380 2332 1498 2376 tollit,
1522 2331 1584 2368 vel
1604 2332 1728 2383 ipsam
1743 2344 1868 2382 opem,

1010 2402 1109 2440 quae
1129 2388 1350 2440 imploratur
1362 2391 1401 2425 et
1420 2388 1633 2437 clamatur).
1662 2388 1870 2433 Quiritare

1008 2446 1151 2496 ubique
1174 2446 1357 2483 maiorem
1382 2457 1475 2483 esse
1500 2444 1704 2482 observavi
1729 2443 1869 2482 vocife-

1008 2502 1213 2547 rationem,
1249 2504 1290 2539 ut
1319 2500 1513 2552 Apuleius
1543 2500 1671 2539 dicere
1706 2501 1870 2551 potuerit

1008 2558 1105 2597 Met.
1121 2557 1222 2596 Vlll.
1245 2571 1282 2609 p.
1299 2561 1410 2604 556.;
1437 2557 1492 2597 At
1513 2557 1583 2595 ille
1607 2557 1725 2595 cle-cim
1747 2556 1870 2608 fidem

1011 2615 1221 2655 clamitans
1329 2614 1450 2654 altius
1475 2613 1758 2666 quie-itabat.
1785 2611 1870 2650 Hac

1009 2670 1288 2722 significatione
1329 2683 1486 2720 semper
1525 2672 1730 2719 usurpatur
1765 2667 1869 2719 apud

1009 2727 1220 2778 Apuleium
1245 2724 1519 2765 cf.Met.V111.
1545 2739 1582 2777 p.
1609 2728 1700 2765 522.
1726 2725 1870 2763 insana

1012 2797 1105 2823 voce
1128 2797 1264 2823 casam
1288 2783 1426 2821 mariti
1450 2781 1708 2833 quiritans,
1733 2784 1774 2819 ut
1799 2781 1871 2819 nisi

1010 2853 1161 2878 summa
1185 2839 1405 2892 exprimitur
1429 2837 1539 2876 animi
1564 2837 1681 2874 motio
1702 2841 1742 2874 et
1758 2837 1868 2887 quasi

1010 2895 1132 2942 furor,
1155 2908 1348 2947 nunquam
1375 2894 1573 2946 quiritare
1597 2892 1752 2931 dicatur.
1777 2892 1870 2931 Pro-

1010 2953 1092 3003 pria
1113 2965 1187 2991 sua
1214 2952 1251 2988 vi
1282 2951 1422 2989 dictum
1447 2953 1508 2987 est
1531 2949 1580 2987 ab
1605 2949 1741 2988 Asinio
1765 2948 1869 2988 Poll.

1010 3010 1045 3047 in
1072 3008 1198 3059 Epist.
1223 3007 1273 3046 ad
1298 3005 1373 3044 Cic.
1398 3006 1449 3043 ad
1473 3005 1628 3044 Divers.
1652 3004 1702 3044 X.
1728 3004 1812 3058 32]

1066 3078 1087 3103 e
1121 3064 1234 3103 mari.
1282 3061 1419 3100 Lectio
1455 3061 1720 3100 nonnullorum
1757 3062 1870 3101 codd.

1010 3134 1031 3160 e
1053 3122 1156 3160 mari
1186 3121 1260 3158 iam
1291 3119 1341 3157 ab
1364 3116 1470 3158 oud.
1498 3117 1664 3157 refutata
1687 3122 1762 3159 est.
1810 3119 1868 3156 Si-
