2221 3667
334 1569 526 1609 fristillttm
548 1572 583 1599 G.
604 1572 634 1598 2.
656 1572 693 1599 P.
714 1572 751 1598 D.
787 1569 978 1607 frislellam
996 1573 1033 1599 1..

344 157 427 201 978
599 161 647 198 L.
679 159 900 199 APULElI
931 160 1332 200 MADAURENSIS
1362 160 1901 204 METAMORPHOSEON

344 270 485 310 ctionis
532 270 844 323 circumventus,
887 273 996 313 velut
1039 279 1248 327 corruptor
1290 273 1580 314 adulescentiae
1623 289 1737 328 quam
1780 277 1903 317 frenis
1941 274 2147 315 coercebat

344 326 486 366 herbae
512 327 731 380 pestilentis
758 343 853 368 suco
880 331 1002 369 noxio
1028 337 1251 384 peremptus
1278 337 1353 380 est,
1381 331 1609 383 relinquens
1631 331 1778 372 civibus
1798 332 2038 386 ignominiae
2060 345 2146 385 per-

343 390 482 436 petuae
509 384 728 424 maculam?
759 399 843 425 cum
870 400 974 426 nunc
1001 386 1117 426 etiam
1144 386 1298 440 egregii
1322 387 1540 441 philosophi
1566 399 1712 427 sectam
1738 388 1822 428 eius
1855 388 2144 429 sanctissimam

342 446 590 492 praeoptent,
618 448 658 480 et
684 455 836 482 summo
862 442 1115 483 beatitudinis
1142 444 1271 483 studio
1298 444 1429 483 iurent
1453 444 1493 483 in
1520 444 1641 497 ipsius
1668 458 1824 484 nomen.
1882 444 1957 486 Sed
1985 458 2034 484 ne
2060 444 2146 497 quis

342 495 626 548 indignationis
654 511 764 538 meae
789 499 1050 553 reprehendat
1080 499 1288 553 impetum.
1322 514 1453 540 secum
1487 500 1543 540 sic
1574 507 1780 553 reputans:
1812 500 1915 541 Ecce
1947 514 2051 540 nunc
2082 513 2148 553 pa·-

343 551 486 592 tiemur
511 553 849 608 philosophantem
872 556 983 595 nobis
1009 556 1164 596 asinum
1190 570 1329 597 rursus
1357 557 1460 597 unde
1487 556 1663 597 decessi?
1687 563 1868 598 revertar
1892 558 1940 598 ad
1967 556 2148 597 fabulam.

831 763 866 812 C
926 765 972 810 A
1029 764 1067 810 P
1127 764 1170 811 U
1230 764 1275 811 T
1374 763 1687 812 XXXIV.

454 892 667 948 Postquam
696 895 847 936 finitum
886 904 947 937 est
982 897 1075 937 illud
1100 897 1257 937 Paridis
1295 898 1496 948 indicium,
1533 896 1630 938 Iuno
1662 898 1815 951 quidem
1847 912 1932 939 cum
1964 896 2148 939 Minerva

342 950 477 992 tristes
510 959 549 992 et
580 953 693 993 iratis
727 953 875 993 similes
901 967 922 993 e
949 968 1067 994 scena
1094 955 1281 1005 redeunt,
1316 955 1627 1008 indignationem
1655 955 1832 1009 repulsae
1860 955 2149 1009 gestibus'pro-

342 1010 487 1059 fessae,
516 1008 655 1049 Venus
680 1023 777 1050 vero
805 1011 981 1063 gaudens
1008 1017 1048 1051 et
1073 1010 1223 1062 hilaris,
1252 1011 1439 1052 laetitiam
1467 1026 1578 1052 suam
1604 1012 1783 1051 saltando
1810 1019 1891 1052 toto
1918 1026 2002 1052 cum
2031 1011 2149 1052 choro

342 1066 520 1119 professa
547 1073 620 1106 est.
667 1066 781 1107 Tunc
807 1068 853 1106 de
879 1081 1032 1107 summo
1057 1068 1201 1107 montis
1229 1069 1431 1108 cacumine
1457 1082 1527 1122 per
1551 1069 1743 1122 quandam
1771 1069 1956 1108 latentem
1983 1068 2149 1108 fistulam

348 1121 354 1178 Ι
376 1123 415 1161 in
442 1123 643 1162 excelsum
671 1125 890 1178 prorumpit
914 1124 1007 1164 vino
1036 1138 1174 1164 crocus
1202 1125 1339 1175 diluta,
1367 1125 1612 1179 sparsimque
1633 1125 1807 1165 defluens
1828 1125 2024 1180 pascentis
2045 1125 2150 1164 circa

342 1253 592 1279 circumuentus
607 1254 641 1280 G.
654 1254 683 1280 1.
721 1255 882 1288 corrupto
893 1255 929 1281 G.
943 1255 968 1281 1.
1007 1251 1260 1281 adulescentiae
1273 1255 1348 1282 Ra.
1358 1250 1520 1293 G.'2.]D.‘e1
1536 1255 1605 1283 edd.
1623 1254 1697 1283 inde
1711 1262 1730 1283 a
1743 1255 1832 1283 Colv.
1869 1261 1948 1282 suco
1958 1256 1993 1283 G.
2004 1255 2017 1282 1
2027 1255 2071 1283 ,2.
2084 1254 2151 1284 121).

341 1300 378 1327 B.
394 1298 462 1326 edd.
478 1302 555 1326 vett.
569 1299 748 1332 Sopingius
762 1301 890 1326 volebat
905 1306 997 1328 sucu.
1023 1302 1059 1327 ln
1081 1304 1155 1328 cett.
1168 1307 1279 1327 succo.
1323 1303 1524 1336 perpetuam
1545 1302 1581 1328 G.
1598 1302 1626 1329 1.
1675 1299 1828 1328 maculas
1842 1301 1878 1329 1..
1926 1302 2056 1336 septam
2071 1300 2105 1328 G.
2125 1301 2151 1327 1.

342 1342 526 1379 repr-medat
541 1345 575 1371 G.
596 1346 621 1372 l.
638 1344 658 1372 s.
708 1343 882 1379 crepitans
896 1346 931 1373 F.
948 1346 976 1372 2.
1021 1343 1298 1381 philosopharem
1312 1343 1342 1373 δ’.
1377 1353 1427 1371 me
1441 1354 1497 1380 pro
1511 1353 1604 1372 meae
1617 1346 1653 1373 Ι).
1691 1353 1828 1373 rursum
1843 1348 1877 1374 0.
1917 1353 2016 1373 unum
2025 1346 2151 1374 Vicent.

341 1388 470 1416 decessi
482 1390 516 1417 F.
533 1391 562 1417 3.
579 1392 613 1418 G.
632 1391 659 1417 1.
676 1391 705 1418 ἱ).
720 1391 757 1418 1).
783 1392 821 1418 In
834 1393 907 1418 cett.
921 1388 1072 1418 discessi.

431 1433 526 1461 istud
542 1436 578 1462 P.
627 1434 716 1461 irulv'
733 1443 761 1468 p.
810 1442 826 1460 e
847 1437 958 1464 exulat
979 1444 999 1464 a
1021 1437 1056 1464 B.
1078 1444 1107 1469 p.
1127 1436 1197 1463 edd.
1219 1439 1296 1465 vett.
1318 1439 1393 1464 ante
1413 1436 1503 1465 Colv.
1553 1443 1657 1462 evena
1671 1437 1708 1465 D.
1757 1443 1839 1463 sena
1853 1435 1980 1464 Vicent.
2030 1433 2153 1462 cedunt

343 1488 399 1514 pro
414 1477 552 1506 redeunt
568 1481 601 1507 Ο.
619 1483 700 1508 teste
714 1481 866 1509 wasseo.
892 1482 927 1508 In
942 1481 1021 1508 oud.
1037 1481 1200 1514 excerptis
1214 1484 1282 1509 crat
1298 1479 1468 1509 recedunt.
1516 1480 1749 1518 indignatione
1769 1482 1803 1510 Ο.
1857 1479 2001 1508 Uberius
2014 1488 2093 1508 vero
2114 1482 2151 1508 D.

348 1523 459 1551 Venus
478 1533 557 1560 ergo
578 1525 598 1553 f.
648 1532 745 1552 suam
766 1533 829 1553 non
850 1530 1014 1559 comparet
1036 1526 1067 1554 in
1083 1527 1117 1553 Β.
1135 1534 1163 1560 p.
1182 1530 1212 1554 et
1227 1527 1297 1554 edd.
1313 1534 1415 1560 usqne
1428 1527 1466 1554 ad
1482 1526 1572 1555 Colv.
1620 1525 1727 1554 animi
1739 1525 1842 1554 choro
1857 1527 1892 1555 P.
1941 1525 2109 1554 tutantem
2124 1523 2153 1553 δ.

1082 1571 1116 1598 iu
1137 1570 1272 1598 arcels-0
1289 1573 1324 1599 G.
1341 1573 1370 1600 1.
1385 1573 1414 1599 2.
1429 1574 1463 1600 0.
1478 1573 1498 1599 f.
1512 1574 1551 1600 Ι).
1595 1573 1755 1608 prorupit
1772 1574 1807 1601 G.
1828 1573 1853 1600 1.
1868 1573 1902 1601 Ο,
1916 1573 1953 1600 D.
1970 1572 1991 1601 f.
2038 1572 2073 1599 in
2087 1578 2152 1598 ex·-

343 1615 467 1642 celsam
488 1617 600 1644 U'ow.
622 1616 708 1644 Prie.
759 1614 844 1643 Iuno
865 1624 985 1644 erm-us
1005 1615 1040 1645 F.
1061 1618 1092 1645 3.
1114 1618 1148 1644 G.
1173 1618 1198 1644 1.
1221 1618 1256 1644 L.
1295 1616 1371 1643 vino
1386 1624 1507 1644 crocus
1521 1618 1557 1645 F.
1574 1619 1602 1645 1.
1623 1619 1658 1646 G.
1676 1619 1704 1646 2.
1722 1619 1757 1646 P.
1772 1618 1806 1646 O.
1823 1619 1858 1646 R.
1875 1617 1896 1645 f.
1917 1617 2007 1645 Colv.
2021 1621 2051 1645 et
2065 1624 2151 1650 seqq.

343 1660 408 1688 imo
422 1669 520 1688 croc-o
536 1663 584 1689 ed.
601 1669 646 1695 pr.
660 1661 788 1689 Vivent.
802 1662 917 1690 Vener.
933 1663 962 1690 4.
977 1663 1053 1690 Bas.
1081 1661 1156 1688 vino
1171 1670 1269 1688 croco
1284 1659 1312 1690 ὃ.
1328 1670 1357 1696 p.
1382 1662 1458 1689 >cino
1475 1662 1609 1689 Graeco
1623 1660 1733 1689 diluta
1747 1672 1779 1695 φ.
1806 1660 1897 1689 unda
1910 1669 2008 1689 eroco
2025 1664 2109 1691 lunt.
2126 1663 2154 1689 1.

343 1709 373 1735 2.
399 1707 475 1734 Ald.
503 1707 608 1734 Paris.
647 1706 721 1733 rino
748 1714 846 1733 croco
873 1707 995 1741 Scalig.
1022 1709 1103 1736 Mss.

344 1753 435 1781 (ΞΟΠ.
449 1753 532 1780 Elin.
549 1754 577 1779 et
592 1752 678 1780 Pric.
702 1754 739 1780 In
754 1754 1031 1788 cett.pascences.

397 1862 761 1914 philosophantem
775 1862 943 1902 asinum.
971 1861 1223 1913 [cs.‹l'O1·vilt.

345 1919 394 1957 ad
410 1918 549 1956 charit.
566 1918 594 1956 Ι.
612 1923 673 1959 10.
689 1931 727 1969 p.
744 1919 856 1972 267]

402 1976 512 2015 uncle
527 1975 689 2015 decessi.
730 1975 914 2027 [Decessi
926 1976 1089 2022 retineo,
1105 1989 1221 2027 quum

346 2032 438 2071 mihi
463 2032 658 2083 Apuleius
683 2031 901 2082 significare
926 2033 1120 2078 videatur,
1146 2047 1221 2071 non

346 2089 463 2127 modo
494 2089 605 2128 uncle
633 2088 735 2135 abii,
762 2089 854 2127 sed:
892 2089 995 2127 unde
1031 2090 1082 2127 (le
1118 2094 1224 2129 recta

346 2147 410 2184 via
434 2146 640 2196 digressus
665 2159 769 2193 sum3
802 2145 849 2184 cf.
877 2145 1006 2184 Burni.
1032 2146 1082 2184 ad
1107 2146 1222 2185 Ovid.

347 2203 444 2241 Met.
472 2202 540 2242 lV.
567 2206 633 2242 91.
665 2201 790 2241 Orell.
818 2202 867 2240 ad
895 2202 970 2241 Cic.
999 2202 1131 2242 Flace.
1161 2208 1222 2243 12.

348 2259 406 2297 lta
432 2272 455 2296 a
481 2259 731 2298 deverticulo
756 2259 970 2310 repetatur
991 2260 1141 2312 fabulo
1164 2259 1223 2298 Iu-

348 2329 435 2354 ven.
456 2314 544 2353 XV.
568 2319 632 2356 72.
653 2315 753 2354 dicit.
799 2315 873 2362 Qui
901 2320 1031 2355 autem
1058 2317 1225 2356 discessi

349 2386 400 2411 ex
425 2375 512 2410 cett.
540 2372 653 2411 codd.
680 2372 828 2423 legunt,
860 2374 1044 2412 usitatam
1070 2373 1223 2411 dicendi

349 2430 537 2467 rationem
564 2428 810 2481 sequuntur]

407 2485 496 2525 Car.
520 2484 711 2524 XXXIV.
770 2486 956 2526 redeunt.
1010 2486 1118 2525 Nihil
1145 2501 1225 2525 mu-

349 2542 509 2582 tandum
531 2546 603 2580 est.
641 2541 788 2580 Lucius
815 2543 917 2580 enim
942 2543 1070 2582 adhuc
1095 2545 1226 2582 stabat

351 2603 462 2638 extra
486 2602 637 2651 portam
664 2612 829 2643 caveae,
861 2599 909 2637 cf.
935 2614 972 2651 p.
1001 2604 1093 2641 734.

404 2670 483 2708 per
538 2655 746 2708 quandam
802 2655 989 2694 latentem
1035 2656 1224 2709 fistulam.

354 2712 461 2751 (Wolv.
496 2712 638 2750 excitat
670 2712 809 2749 Senec.
843 2711 966 2764 Epist.
1001 2716 1065 2753 90.
1098 2712 1129 2763 ξ.
1164 2718 1226 2754 12.

353 2770 449 2808 Hoc
474 2769 557 2813 dic.
582 2773 716 2808 utrum,
747 2769 910 2807 taudem
939 2771 1228 2820 sapientiorem

347 2831 493 2879 putus.
522 2827 593 2878 qui
611 2826 771 2869 invenit,
801 2826 1142 2877 quemadmodum
1162 2828 1228 2865 im-

353 2896 525 2921 mensam
561 2882 819 2920 altitudinem
864 2896 1030 2922 crocum
1068 2882 1227 2922 latenti-

354 2940 424 2978 (ms
446 2939 592 2991 fistulis
617 2939 835 2989 eccprimat,
862 2937 928 2989 [ad
956 2952 1071 2989 quem
1100 2939 1226 2978 locum

352 2994 435 3033 lntt.
462 2995 626 3046 plurima
651 2995 868 3045 proferunt3
898 2994 1093 3034 Burni.ad
1112 2995 1226 3048 Prop.

352 3050 421 3090 lv,
451 3057 483 3091 1.
513 3056 562 3091 15
582 3064 643 3101 sq.
671 3050 883 3090 comment.
909 3052 960 3090 ad
984 3052 1132 3091 Lucan.
1159 3052 1226 3091 IX.

354 3111 446 3146 808.
474 3108 584 3159 Lips.
610 3108 660 3145 de
685 3108 887 3158 Amphith.
915 3122 946 3148 c.
971 3113 1034 3150 16.
1088 3109 1225 3149 Heius.

353 3163 456 3204 Adv.
483 3164 509 3203 Ι.
540 3169 601 3204 18.
627 3177 666 3216 p.
695 3164 804 3217 191]

1152 1707 1300 1743 sparsim
1322 1707 1449 1744 simque
1469 1709 1505 1735 G.
1528 1709 1556 1736 1.
1600 1708 1778 1744 pascentis
1798 1708 1833 1737 F.
1849 1709 1878 1736 3.
1899 1709 1935 1736 G.
1951 1709 1981 1736 1.
1996 1708 2066 1736 edd.
2079 1710 2154 1736 ante

1338 1864 1432 1901 cino
1448 1877 1594 1903 crocus
1609 1863 1753 1903 diluta.
1802 1863 1865 1901 De
1879 1862 2052 1902 hocloco
2075 1876 2153 1901 eru-

1282 1919 1361 1957 dite
1381 1921 1461 1971 agit
1482 1920 1625 1971 Scalig.
1654 1921 1703 1958 ad
1728 1919 1916 1971 P1·0p.lV.
1934 1916 2064 1965 1.16.‚
2089 1920 2153 1958 ubi

1280 1991 1355 2014 non
1383 1979 1473 2015 cino
1499 1991 1646 2017 crocus
1669 1977 1743 2015 sed
1767 1978 1881 2016 unda
1903 1991 2027 2017 croco
2048 1977 2152 2027 legit.

1281 2034 1334 2072 At
1370 2037 1474 2072 certe
1512 2048 1585 2072 non
1623 2038 1756 2084 potest
1792 2034 1865 2073 (lici
1896 2034 2009 2073 unda
2048 2033 2155 2072 dilui

1283 2104 1420 2136 croco,
1441 2091 1515 2128 sed
1535 2104 1682 2130 crocus
1702 2091 1809 2129 dilui
1827 2091 1942 2130 unda
1960 2090 2024 2128 vel
2047 2091 2153 2134 vino,

1281 2149 1618 2199 posterioremque
1634 2147 1840 2185 lectionem
1855 2147 1978 2185 firmat·
1997 2146 2154 2198 egregie

1285 2203 1381 2241 Plin.
1404 2204 1504 2243 Hist.
1524 2203 1616 2242 Nat.
1635 2202 1744 2242 XXI.
1760 2208 1795 2244 6.
1822 2218 2018 2243 crocum
2043 2205 2154 2242 vino

1280 2262 1382 2299 mire
1407 2262 1621 2313 eonyruit,
1643 2262 1875 2312 praecipue
1900 2259 2034 2305 dulei,
2066 2260 2155 2298 tri-

1282 2322 1378 2357 tum
1403 2318 1461 2356 acl
1486 2317 1680 2356 theatra
1701 2317 1922 2369 implenda.
1950 2315 2015 2368 [cf.
2033 2315 2155 2355 Salm-

1282 2373 1332 2412 ad
1353 2374 1480 2424 Spart.
1501 2373 1686 2412 Hadrian.
1706 2387 1736 2412 c.
1756 2376 1817 2414 19.
1839 2372 1883 2411 T.
1899 2372 1928 2412 l.
1947 2387 1983 2425 p.
2002 2376 2082 2413 177
2094 2385 2156 2423 δᾳ.

1283 2429 1368 2468 lntt.
1395 2430 1445 2468 ad
1471 2431 1615 2469 Arnob.
1642 2430 1691 2469 V.
1721 2436 1756 2470 1.
1781 2444 1816 2482 p.
1834 2433 1926 2471 265.
1952 2429 1999 2467 ad
2021 2428 2156 2467 Horat.

1284 2486 1410 2539 Epist.
1436 2486 1481 2526 Il.
1513 2491 1544 2527 1.
1573 2491 1638 2527 79.
1688 2486 1833 2525 Fronto
1865 2486 1915 2524 de
1946 2485 2155 2537 Eloquent.

1284 2557 1319 2595 p.
1336 2547 1428 2584 228.
1455 2543 1568 2582 Mat:
1600 2543 1676 2583 tibi
1702 2556 1989 2595 saepenumero
2013 2555 2159 2582 curan-

1285 2601 1379 2640 dum
1411 2601 1454 2639 in
1484 2601 1643 2639 theatro
1682 2613 1848 2640 crocum
1879 2599 2004 2652 lonye
2033 2603 2158 2650 utque

1285 2658 1367 2696 alte
1404 2658 1675 2709 eoeprimatur.
1723 2656 1779 2694 At
1813 2669 1907 2694 vero
1943 2654 2157 2693 mirandum

1287 2718 1367 2759 est,
1405 2715 1469 2764 qui
1500 2712 1602 2751 Oud.
1635 2713 1670 2750 in
1704 2713 1871 2751 lectione
1908 2725 2034 2751 croco
2063 2712 2157 2749 vino

1288 2771 1451 2810 diluta
1484 2769 1574 2808 ideo
1605 2768 1805 2807 offendere
1829 2768 2014 2820 potuerit,
2052 2767 2158 2818 quod

1288 2827 1469 2864 feminino
1491 2839 1633 2877 genere
1653 2826 1752 2865 haec
1766 2838 1841 2863 vox
1859 2837 2051 2875 nusquam
2066 2823 2158 2863 alibi

1286 2898 1310 2921 a
1335 2883 1533 2922 veteribus
1559 2883 1662 2921 dicta
1691 2883 1761 2928 sit,
1798 2881 1887 2920 hinc
1918 2881 2157 2919 rescribens:

1288 2940 1443 2979 dilutus
1470 2939 1534 2977 vel
1564 2941 1659 2977 cino
1690 2951 1816 2978 croco
1848 2938 2003 2983 diluto,
2039 2941 2081 2975 ut
2104 2936 2158 2975 vi·

1285 3011 1379 3035 uum
1404 2996 1578 3035 dilutum
1601 2996 1654 3034 sit
1678 2995 1798 3033 multa
1823 3007 1923 3044 aqua
1944 2995 2102 3032 mixtum
2122 2996 2161 3030 et

1284 3053 1567 3091 tenuissimum.
1607 3051 1678 3090 His
1697 3065 1789 3089 vero
1809 3050 2159 3095 emendationibus,

1284 3110 1318 3147 si
1344 3110 1398 3147 ita
1424 3108 1607 3147 nominari
1634 3121 1704 3146 eas
1731 3107 1832 3154 licet,
1864 3106 2159 3151 demonstravit,

1285 3179 1402 3219 qnam
1427 3178 1562 3217 parum
1581 3165 1860 3203 sententiarum
1879 3177 2022 3202 nexum
2041 3166 2160 3215 atque
