2221 3667
262 151 318 177 xn
952 135 1369 177 PRAEFATIO.

264 247 594 299 Lindenbroginm
626 251 661 288 in
696 248 783 290 VV.
809 247 895 289 LL.
931 248 1247 289 Florentinorum
1281 257 1428 289 tantum
1462 250 1564 290 inter
1588 263 1630 290 se
1656 250 1925 304 discrepantes
1950 250 2055 290 vide-

261 317 347 356 bam
380 316 447 356 sed
478 314 797 370 Lindenbrogius
830 317 946 357 etiam
978 317 1017 357 in
1049 318 1257 357 collatione
1284 317 1389 357 locos
1415 317 1583 357 intactos
1615 318 1848 371 reliquerat,
1882 328 1978 371 quos
2004 332 2056 358 ex

262 384 380 423 totius
412 384 631 424 sententiae
664 385 816 425 ratione
848 392 888 425 et
918 398 965 425 ex
996 385 1138 425 ceteris
1171 384 1282 424 codd.
1317 386 1501 438 cognosci
1540 393 1693 439 poterat
1723 399 1810 425 esse
1841 386 2056 440 corruptis-

262 452 396 491 simos.
460 452 588 498 Quum
627 452 749 506 igitur
785 453 830 493 de
868 452 1125 502 necessitate,
1166 452 1319 492 codices
1357 451 1610 493 Florentinos
1648 454 1774 493 denuo
1812 454 2053 503 conferendi,

261 519 494 571 bibliopolae
522 520 797 560 honestissimo
824 520 1122 574 persuasissem,
1152 520 1215 559 ille.
1238 533 1312 559 non
1341 520 1464 560 solum
1492 520 1550 560 his
1577 521 1718 574 optatis
1744 535 1890 560 morem
1918 522 2054 574 gessit,

262 588 328 627 sed
361 601 504 626 novum
537 593 740 641 praeterea
774 589 958 642 optimum
992 587 1161 627 codicem
1196 586 1465 628 Florentinum
1493 590 1534 631 3.
1568 589 1742 628 conferri
1772 589 1887 629 iussit
1916 596 1955 628 et
1981 591 2058 628 for-

263 662 356 694 tuna
383 655 479 695 satis
506 656 602 695 mira
629 656 770 696 accidit
795 664 836 696 ut
861 656 944 696 eius
971 655 1114 695 codicis
1142 655 1298 695 collatio
1324 656 1362 695 in
1389 656 1635 710 excerptoris
1662 670 1798 696 manus
1820 657 2057 703 traderetur,

263 737 338 776 quo
377 737 490 763 nemo
527 724 772 776 diligentior,
809 738 921 763 nemo
961 722 1183 762 accuratior
1219 736 1306 763 esse
1338 730 1476 777 potest.
1534 723 1634 763 Tum
1666 724 1849 764 editionis
1877 724 2060 778 principis

264 791 380 831 cuius
421 792 625 845 exemplar
661 791 1017 845 splendidissimum
1055 790 1237 831 Viennae
1274 798 1505 831 asservatur
1542 790 1630 832 VV.
1668 790 1755 831 LL.
1795 806 1864 846 per
1899 793 2060 832 eandem

263 859 495 913 bibliopolae
529 859 807 899 humanitatem
841 859 877 897 in
912 872 1037 897 meum
1070 871 1180 898 usum
1213 866 1395 898 enotatae
1428 866 1540 907 sunt,
1573 871 1645 898 nec
1671 859 1798 899 minus
1825 860 2061 915 Guelferby-

263 935 441 968 tanorum
470 928 576 967 codd.
605 934 690 980 post
716 926 969 966 Florentinos
1002 926 1117 979 longe
1151 927 1575 980 praestantissimorum
1609 939 1719 966 usum
1751 928 1843 967 mihi
1870 929 2064 968 concessit

263 995 635 1044 Schoenemannus,
682 994 792 1034 euius
828 1001 971 1047 quanta
1010 994 1060 1033 sit
1103 994 1318 1034 liberalitas
1361 1009 1446 1034 eum
1485 1008 1621 1033 omnes
1658 994 1722 1047 qui
1760 996 1938 1048 precibus
1976 1010 2060 1035 eum

263 1064 394 1104 adiere
420 1062 573 1116 experti
600 1069 711 1108 sunt,
741 1069 818 1102 tum
846 1076 920 1115 ego
946 1062 1078 1102 verbis
1105 1062 1329 1116 exprimere
1356 1075 1520 1116 neque0.
1584 1063 1646 1102 Ad
1675 1063 1771 1103 haec
1806 1063 2062 1117 locupletissi-

263 1146 412 1172 morum
439 1131 546 1170 codd.
574 1131 684 1183 larga
711 1130 883 1170 subsidia
910 1138 1166 1170 accesserunt
1195 1129 1294 1171 Mss.
1327 1129 1503 1170 Florent.
1534 1132 1568 1172 l.
1594 1133 1635 1175 2.
1670 1131 1839 1173 Palatini
1870 1139 1909 1170 et
1933 1130 2063 1171 Berti-

264 1199 371 1239 niani
401 1198 589 1238 lectiones
621 1197 756 1238 variae
788 1213 807 1237 a
841 1197 1027 1238 Pntschio
1059 1205 1098 1238 et
1127 1196 1261 1238 Modio
1293 1199 1340 1238 ad
1374 1199 1590 1250 marginem
1623 1201 1680 1240 ed.
1718 1199 1961 1240 l'ricaeanae
1997 1200 2063 1240 ad-

263 1268 453 1321 scriptae,
500 1279 598 1319 quae
636 1266 674 1305 in
714 1266 947 1306 bibliotheca
986 1265 1279 1320 Hamburgensi
1327 1274 1558 1307 asservatur
1599 1275 1638 1307 et
1674 1268 1765 1308 mihi
1804 1269 1958 1321 roganti
1998 1281 2066 1322 per

265 1334 558 1385 Petersenium‚
602 1333 648 1374 V.
677 1333 724 1374 D.
767 1335 909 1374 tradita
948 1341 1022 1374 est.
1087 1332 1352 1375 Dresdensem
1392 1335 1557 1388 denique
1589 1336 1760 1376 codicem
1794 1343 1832 1375 et
1857 1335 1945 1376 VV.
1974 1334 2061 1376 LL.

264 1404 303 1443 in
337 1403 488 1444 Vicent.
519 1402 696 1455 margine
734 1409 914 1443 enotatas
948 1402 1443 1456 inspiciendi-potestatem
1478 1403 1570 1443 mihi
1604 1404 1696 1444 fecit
1722 1403 2061 1451 Falkensteinius,

265 1471 316 1512 V.
349 1470 392 1512 C.
420 1471 487 1524 qui
512 1470 801 1511 vetustissimas
827 1470 943 1510 etiam
971 1471 1162 1511 editiones
1189 1471 1449 1511 conferendas
1475 1471 1596 1511 misit.

378 1549 441 1591 Ex
480 1550 539 1590 his
579 1563 676 1590 vero
714 1549 888 1589 codicum
927 1549 1111 1589 subsidiis
1149 1550 1392 1589 commodum
1430 1550 1737 1590 redundaturum
1776 1564 1863 1590 esse.
1906 1563 2066 1604 sperare

264 1619 395 1669 licuit,
432 1619 464 1659 si
496 1625 629 1658 certae
660 1631 795 1658 eorum
830 1625 1028 1671 tamquam
1062 1618 1232 1658 familiae
1265 1618 1591 1671 designarentur,
1626 1626 1668 1659 nt
1699 1620 1744 1659 de
1770 1632 1902 1659 eorum
1931 1619 2002 1659 fide
2029 1626 2067 1658 ct

266 1688 505 1742 praestantia
536 1686 718 1727 iudicium
757 1693 980 1726 accuratum
1023 1687 1118 1726 ferri
1157 1693 1301 1740 posset.
1362 1685 1450 1739 Quo
1490 1688 1591 1727 farto
1628 1701 1743 1740 quum
1780 1687 2064 1727 intellexissem

265 1755 543 1805 Florentinos,
590 1755 948 1811 Guelferbytanos,
989 1754 1311 1805 Harlemensem,
1353 1753 1573 1795 Vossianos
1611 1763 1650 1795 et
1685 1754 1904 1795 luntianam
1945 1755 2002 1794 ed.
2028 1757 2065 1797 2.

265 1825 436 1864 omnium
469 1837 557 1864 esse
590 1823 755 1877 optimos
787 1823 929 1870 libros,
966 1823 1265 1877 religiosissime
1297 1836 1364 1863 eos
1396 1830 1553 1863 secutus
1586 1837 1693 1874 sum,
1729 1823 1803 1863 nisi
1835 1823 1897 1863 nbi
1931 1822 2067 1863 melior

265 1907 395 1934 rerum
429 1892 603 1946 cognitio
635 1905 680 1931 ac
713 1904 807 1931 sana
841 1891 941 1931 ratio
974 1892 1021 1931 ab
1052 1891 1099 1931 iis
1133 1905 1193 1931 me
1225 1892 1408 1931 recedere
1441 1891 1636 1931 iuberent.
1700 1890 1752 1932 Ut
1777 1905 1871 1931 vero
1898 1894 2066 1931 omnium

265 1961 365 2002 Mss.
406 1968 446 2001 et
482 1961 568 2000 edd.
603 1959 738 2000 variae
771 1959 989 2013 scripturae
1023 1973 1099 1999 uno
1131 1959 1349 1999 litterarum
1384 1960 1519 1999 obtutu
1551 1967 1712 2014 possent
1737 1959 1988 2013 perlustrari,
2029 1959 2066 1999 in

266 2029 519 2070 adnotatione
557 2029 692 2069 critica
732 2041 867 2067 omnes
906 2027 943 2066 in
982 2028 1157 2068 ordinem
1194 2027 1351 2081 redegi.
1403 2027 1649 2081 experientia
1693 2035 1733 2067 et
1773 2030 1853 2081 ipse
1890 2028 2066 2073 edoctus,

267 2112 379 2152 quam
407 2097 563 2137 difficile
590 2102 695 2137 esset
721 2096 766 2136 de
793 2097 877 2135 loco
909 2095 1115 2146 iudicium,
1144 2096 1176 2135 si
1209 2096 1294 2149 quis
1322 2096 1508 2135 lectiones
1542 2096 1614 2135 huc
1645 2095 1736 2135 illuc
1768 2096 1965 2149 dispersas
1998 2109 2069 2135 nec

267 2166 403 2206 ordine
431 2165 666 2218 compositas
692 2164 862 2217 undique
889 2164 1076 2218 colligere
1104 2171 1327 2217 cogeretur.
1392 2164 1435 2203 In
1464 2164 1513 2203 iis
1548 2163 1792 2203 variantibus
1819 2171 1858 2203 et
1883 2163 2069 2216 colligen-

268 2235 324 2274 dis
351 2241 390 2273 et
415 2233 620 2273 enotandis
646 2245 760 2285 quam
788 2232 1124 2272 accuratissimum
1154 2247 1213 2272 me
1236 2232 1357 2272 fuisse
1378 2234 1570 2271 allii-mare
1593 2246 1765 2285 possum,
1794 2246 1908 2284 quum
1931 2237 2071 2284 quater

270 2303 370 2342 hunc
396 2301 568 2342 laborem
596 2301 692 2341 satis
720 2300 962 2340 fastidiosum
991 2300 1028 2339 in
1056 2314 1115 2339 me
1142 2300 1396 2354 susceperim.

381 2381 521 2421 Altera
547 2380 693 2420 laboris
720 2379 793 2419 mei
820 2394 910 2433 pars
937 2380 975 2419 in
1003 2380 1277 2433 antiquitatum
1307 2386 1491 2419 versatur
1515 2379 1785 2434 expositione,
1820 2392 1917 2432 quae
1944 2378 2070 2418 obiter

271 2457 418 2490 tantum
435 2463 455 2489 a
472 2449 666 2503 prioribus
681 2447 1173 2501 editoribuspertractatae
1189 2455 1294 2494 sunt,
1324 2448 1376 2487 ita
1393 2455 1521 2487 tamen
1544 2455 1578 2486 nt
1604 2447 1857 2501 grammatica
1874 2460 2068 2499 nunquam

270 2518 537 2573 neglexerim,
578 2524 694 2570 atque
732 2516 910 2555 omnibus
950 2517 1032 2555 sere
1070 2515 1165 2555 locis
1199 2523 1334 2555 auctas
1366 2529 1453 2555 esse
1487 2516 1590 2556 Oud.
1620 2515 1916 2562 adnotationes,
1958 2514 2070 2554 tacile

270 2586 499 2641 perspiciet,
545 2585 607 2639 qui
645 2598 768 2625 meam
810 2584 1019 2624 editionem
1058 2598 1141 2623 cum
1183 2583 1513 2638 Oudendorpiana
1553 2583 1777 2622 contulerit.
1840 2581 1902 2622 Ne
1942 2589 2070 2622 tamen

271 2656 438 2695 ambitus
470 2653 652 2694 editionis
685 2665 830 2702 novae,
864 2665 963 2706 quae
995 2659 1152 2706 praeter
1178 2651 1277 2692 Oud.
1311 2659 1350 2692 et
1380 2652 1543 2691 aliorum
1577 2651 1719 2691 dietata
1760 2652 1840 2690 fere
1874 2656 2070 2689 trecentas

273 2723 447 2778 plagulas
474 2721 770 2776 complectentia
796 2734 902 2760 meos
924 2734 1076 2774 quoque
1098 2720 1399 2760 commentarios
1421 2719 1574 2759 uncinis
1597 2719 1875 2759 circumclusos
1896 2725 2067 2771 caperet,

274 2792 432 2831 nimium
464 2791 770 2839 extenderetur,
812 2802 909 2829 neve
942 2789 1066 2828 lector
1097 2788 1227 2828 multis
1261 2788 1526 2842 (ludendorpii
1567 2788 1691 2827 doctis
1729 2785 2070 2826 observationibus

274 2860 512 2915 privaretur,
553 2871 636 2897 eam
670 2870 827 2910 semper
857 2856 1014 2897 servavi
1046 2857 1194 2908 legem,
1236 2864 1277 2895 ut
1315 2863 1490 2896 veterum
1529 2856 1635 2895 loros
1661 2858 1835 2909 integros
1875 2867 2069 2907 nunquam

274 2927 561 2976 exscribere-m,
602 2926 674 2966 nisi
715 2925 777 2965 ubi
815 2932 883 2964 aut
914 2932 1072 2979 propter
1103 2924 1159 2964 rei
1191 2924 1446 2964 illustrandae
1478 2924 1710 2977 gravitatem
1738 2923 1799 2962 vel
1825 2929 1982 2976 propter
2007 2935 2070 2961 ar-

275 2994 606 3050 gumentationem
645 2994 765 3048 ipsam
803 2994 863 3034 vel
902 2993 1067 3046 deniqne
1106 3000 1264 3047 propter
1301 2993 1386 3032 libri
1421 2992 1621 3032 raritatem
1654 3005 1674 3030 e
1701 3005 1742 3030 re
1769 2991 1955 3030 lectorum
1983 3003 2070 3029 esse

275 3064 490 3103 videretur.
555 3061 640 3101 Hoc
665 3062 786 3115 igitur
811 3062 934 3116 ipsum
962 3068 1068 3108 erat,
1103 3075 1173 3100 cnr
1197 3060 1403 3113 aliquoties
1437 3067 1585 3100 tantum
1619 3066 1771 3098 eeteros
1799 3065 1954 3112 praeter
1979 3056 2070 3097 Col-

276 3132 378 3172 vium
413 3131 451 3170 et
482 3128 799 3184 Oudendorpium
834 3129 1069 3185 interpretes
1102 3142 1469 3177 commemorarem,
1510 3141 1623 3182 quum
1659 3140 1748 3166 raro
1775 3140 1825 3166 ex
1852 3126 1898 3165 iis
1925 3125 2070 3165 emolu-
