2221 3667
313 141 398 182 64ss
585 140 628 178 L.
660 138 881 178 APULEII
914 135 1317 177 MADAURENSIS
1348 134 1894 175 METAMORPHOSEON

884 340 1329 389 CAPUT
1447 340 1546 386 IV.

430 465 506 505 Dic
533 466 698 518 quadam
725 471 908 505 venatum
934 461 1187 515 Tlepolemus
1212 467 1387 500 assumto
1413 460 1626 515 Thrasyllo
1655 460 1830 514 petebat,
1865 461 2124 514 indagaturus

319 524 439 562 seras.
503 521 603 574 Quid
638 529 766 561 tamen
800 520 837 558 in
871 519 1024 572 capreis
1058 518 1227 557 feritatis
1254 519 1337 557 cst?
1373 516 1460 557 Nec
1486 517 1587 556 euim
1616 516 1779 557 Charite
1805 517 1986 556 maritum
2013 532 2122 557 suum

318 593 509 632 quaerero
535 578 757 632 patiebatur
781 575 929 615 bestias
955 581 1130 614 armatas
1156 575 1271 614 dente
1297 573 1360 614 vel
1387 588 1526 614 cornu.
1577 572 1737 627 Iamque
1770 573 1869 627 apud
1898 574 2123 613 frondosum

413 705 630 743 Thepnlemus
642 706 678 733 1..
732 702 882 731 Trusn'llo
897 705 932 732 G.
949 705 977 732 1.
1010 701 1153 739 patebat
1168 704 1203 730 G.
1216 704 1243 731 1.
1266 700 1410 738 periebat
1420 701 1457 731 1).
1494 701 1734 739 indignaturus
1748 703 1862 731 Venet.
1877 704 1907 731 4.
1932 699 2129 738 indignatus

317 754 394 781 Bas.
408 754 435 781 1.
456 750 642 787 indagatur
652 751 768 778 Bas.2.
794 747 1009 776 indicaturus
1021 750 1055 777 G.
1070 750 1141 776 1.0.
1158 748 1342 786 furas-ssa
1354 756 1432 782 ηιμ.
1450 747 1677 786 farnsams.
1703 747 1836 775 siahest
1852 748 1998 776 aF.3.G.
2014 748 2127 776 1.·2.D.

318 802 346 825 et
363 799 432 826 edd.
449 805 550 830 usque
563 797 602 824 ad
614 794 718 823 Cotin.
743 796 782 823 Et
797 795 830 823 in
844 794 995 823 omnibus
1010 794 1041 821 id
1057 793 1237 822 desiderari
1251 794 1342 821 codd.
1359 801 1551 827 persuasum
1567 796 1626 827 est,
1643 793 1706 821 nisi
1722 792 1854 825 inF.1..
1869 793 1901 820 in
1916 793 2010 820 cuius
2024 794 2129 820 colia-

317 839 727 875 tione1.imtenbrog.1iiliit
743 841 943 875 emendavit,
967 839 1019 867 cui
1035 842 1158 873 quanta
1172 839 1250 866 fides
1264 839 1415 866 habenda
1429 838 1470 866 sit
1486 843 1594 866 notum
1609 842 1667 866 est.
1717 835 1806 874 quud
1820 840 1931 865 lamen
1946 839 1981 866 G.
1998 839 2027 865 2².
2041 838 2079 865 D.
2099 839 2131 864 et

318 887 562 921 pleriquecodd.
572 886 688 914 Ouid-et
699 886 769 913 edd.
782 881 1089 922 vett.q1u'tamen‹5.
1116 884 1242 920 cnprz'is
1254 885 1289 912 1).
1315 883 1349 910 in
1363 884 1491 920 campis
1506 883 1665 910 veritatis
1679 886 1728 910 es!
1739 883 2090 917 ed.1›r.vicenu.venet.
2100 883 2130 911 2.

317 933 351 959 in
365 930 664 969 cumpisserilnlis
673 931 786 958 Venet.
797 932 826 958 4.
837 931 943 959 Paris.
960 928 1000 956 ln
1015 929 1142 965 campis
1157 931 1251 957 habet
1266 929 1363 957 etiam
1373 925 1402 957 δ.
1428 930 1491 957 Pro
1505 931 1555 956 εει
1570 929 1602 956 in
1613 929 1762 962 G.2.1egi
1776 936 1859 962 cum,
1875 928 1969 956 testis
1983 927 2130 962 estOuu„

317 985 383 1011 qua
397 978 427 1004 in
447 986 478 1004 re
493 966 639 1004 erravit.⁸
650 977 686 1004 In
697 977 731 1004 G.
744 977 771 1004 1.
787 975 872 1004 enim
887 976 934 1004 ita
947 979 1087 1003 erratum
1103 978 1168 1010 est,
1195 982 1291 1008 quum
1308 974 1385 1002 inG.
1396 976 1425 1003 2.
1440 977 1569 1007 legatur
1580 973 1606 999 «ν’
1623 974 1679 1003 i.e.
1693 976 1755 1001 est.
1803 976 1946 1010 quatere
1959 972 2085 1000 bestias
2095 973 2130 1001 0.

316 1022 522 1050 adscribente
535 1022 678 1049 u‘asseo
693 1028 749 1054 pro
763 1023 938 1056 arc-utere,
966 1027 1069 1047 cursu
1084 1019 1247 1057 quatiunt
1258 1022 1418 1046 armenta
1432 1020 1520 1053 virg.
1535 1019 1900 1051 Georg.111.13‘2.sicut
1916 1021 1944 1047 et
1960 1018 2133 1052 aliquoties

317 1075 373 1101 pro
384 1066 550 1105 fatigare
570 1070 599 1094 et
621 1073 751 1093 iterare
764 1066 915 1094 occurrit.
941 1067 1002 1093 Sed
1023 1073 1189 1102 quaerere
1208 1072 1270 1092 non
1291 1068 1338 1092 est
1359 1066 1548 1093 mutandum
1568 1064 1639 1092 sive
1657 1065 1858 1097 investigare
1877 1064 1918 1092 ad
1937 1064 2132 1092 venandum.

317 1114 495 1139 armenias
509 1120 566 1146 pro
581 1114 741 1139 armatas
754 1111 791 1140 F.
809 1112 836 1140 1.
875 1109 1063 1150 fondosum
1078 1113 1114 1139 G.
1128 1112 1159 1139 2.
1175 1112 1212 1139 D.
1229 1108 1419 1149 sundosum
1433 1111 1478 1138 P.
1492 1108 1664 1150 frondoso
1680 1111 1716 1138 G.
1733 1111 1760 1139 1.
1775 1117 1794 1138 a
1808 1118 1848 1139 m.
1864 1117 1894 1144 p.

318 1222 459 1260 dictum
492 1225 571 1260 est:
610 1235 633 1259 o
667 1235 767 1274 spes
792 1221 1003 1260 amantium
1028 1220 1198 1259 credula.

319 1279 376 1317 Ita
389 1292 486 1330 spes
501 1278 881 1324 etaetasiuvenilis,
908 1290 1011 1328 quae
1032 1279 1201 1315 maxima

318 1339 410 1373 sunt
434 1335 470 1373 in
490 1349 624 1373 amore
645 1334 852 1386 praesidia,
881 1333 1094 1385 Thrasyllo
1117 1347 1200 1385 per-

319 1396 530 1430 suaserant
555 1391 671 1430 facile
691 1391 835 1430 effectu
852 1390 952 1437 sore,
979 1391 1085 1442 quod
1111 1405 1199 1429 con-

320 1449 561 1500 cupiscebat.

383 1505 644 1556 proruperit.
723 1503 962 1543 indicativus
995 1504 1200 1555 prorupit

321 1574 437 1612 quem
468 1561 639 1599 nonnulli
677 1561 791 1600 codd.
818 1561 1030 1613 praebent,
1068 1573 1199 1610 quam-

322 1631 438 1668 quam
465 1619 567 1655 bene
599 1617 757 1656 defendi
790 1621 925 1670 potest
973 1616 1021 1655 cf.
1046 1616 1145 1655 Met.
1171 1615 1200 1656 I.

320 1687 358 1724 p.
386 1678 469 1720 78..
496 1678 624 1712 tamen
651 1675 933 1713 coniunctivum
959 1686 1010 1711 ex
1041 1673 1198 1724 optimis

323 1731 430 1768 libris
461 1730 632 1775 restitui,
665 1744 782 1781 quum
813 1730 967 1768 facilius
992 1728 1141 1780 virgula
1167 1743 1199 1781 p

321 1787 474 1824 litterae
514 1787 799 1838 superscripta,
844 1799 922 1837 qua
963 1786 1121 1837 syllaba
1159 1800 1202 1824 er

319 1843 527 1888 indicatur,
553 1843 673 1881 omitti
687 1843 866 1894 potuerit.
893 1841 1093 1881 Pluralem
1109 1855 1200 1879 vero

321 1913 409 1937 cum
446 1898 548 1937 Ond.
587 1903 721 1937 contra
758 1900 932 1950 optimos
970 1898 1083 1937 codd.
1127 1912 1202 1936 non

319 1955 499 2006 praetuli,
511 1956 599 1994 licet
611 1955 673 1994 hic
686 1969 872 1994 numerus
887 1970 961 1994 non
977 1955 1205 2005 infrequens

322 2012 413 2050 huic
437 2012 632 2050 vocabulo
657 2013 720 2050 sit.
748 2012 798 2052 cf.
813 2012 910 2050 Met.
926 2011 1028 2050 Vllt.
1055 2025 1093 2063 p.
1109 2016 1203 2052 550.

380 2068 468 2107 Car.
494 2068 561 2107 lV.
603 2070 706 2121 qnid
731 2074 864 2108 tamen
890 2070 931 2107 in
958 2069 1122 2120 capreis
1144 2069 1205 2119 fe-

321 2126 459 2163 ritatis
473 2126 598 2164 inest?
625 2124 871 2176 [Lectionem
887 2125 1056 2163 omnium
1071 2124 1183 2163 codd.
1194 2156 1205 2171 ,

323 2182 386 2231 qni
408 2185 556 2219 tantum
576 2182 674 2220 inter
697 2183 800 2234 quid
818 2185 858 2220 et
881 2182 996 2234 quod
1014 2195 1084 2233 pro
1099 2195 1209 2219 more

321 2237 520 2282 fluctuant,
546 2251 632 2276 cum
646 2238 750 2276 Ond.
764 2239 818 2277 ita
830 2242 979 2277 mutare
994 2252 1068 2276 non
1084 2251 1206 2276 ausus

322 2307 431 2339 snm,
456 2298 498 2332 ut
513 2295 548 2332 si
562 2295 808 2345 particulam,
838 2308 953 2345 quam
973 2294 1096 2333 Colin.
1113 2294 1205 2333 edit.

322 2351 488 2401 recepit,
513 2351 549 2388 in
564 2355 712 2389 textum
727 2353 954 2402 reciperem,
970 2365 1205 2402 quamquam

323 2421 398 2445 non
424 2408 645 2457 negandum
673 2411 755 2453 est,
788 2408 1100 2447 emendationem
1127 2412 1205 2446 tam

323 2463 479 2501 facilem
507 2477 622 2515 quam
647 2478 718 2516 per
742 2465 978 2503 sententiam
1005 2477 1099 2503 esse
1118 2478 1205 2516 pro·

325 2520 510 2559 habitem.
536 2520 680 2571 Neque
706 2521 759 2560 ita
783 2521 899 2559 fidem
926 2521 1054 2559 habeo
1080 2520 1203 2568 Ond.,

324 2577 388 2627 qui
415 2576 516 2615 alios
540 2581 696 2628 praeter
716 2577 888 2616 Floreat.
908 2583 943 2618 1.
968 2578 1082 2616 codd.
1103 2577 1204 2616 hanc

325 2633 556 2684 scripturam
583 2634 809 2672 confirmare
835 2635 942 2680 dicit,
979 2648 1098 2685 quum
1124 2634 1206 2672 nul-

327 2688 404 2726 lum
431 2690 654 2728 nominatim
681 2691 876 2730 adtulerit.
914 2690 1043 2737 Quam
1069 2705 1205 2742 parum

325 2749 455 2783 autem
483 2748 724 2785 auctoritatis
748 2747 945 2786 collationi
966 2747 1205 2786 Lindenbro-

326 2802 464 2850 gianae
490 2802 712 2842 faciendum
739 2804 803 2851 sit,
829 2809 870 2842 ut
895 2805 930 2842 ni
956 2804 1020 2841 alii
1046 2805 1205 2842 codices

326 2859 531 2901 accedant,
558 2860 678 2898 necin
695 2861 868 2910 margine
888 2874 910 2899 a
924 2860 1205 2909 Lindenbrogii

325 2927 440 2952 manu
477 2916 626 2966 aliquid
667 2921 855 2956 mutatum
898 2917 967 2962 sit,
1010 2930 1206 2968 nunquam

327 2971 596 3021 corrigendum
634 2986 729 3011 csse
771 2974 965 3020 videatur,
1010 2974 1205 3025 exemplis

326 3026 456 3064 multis
471 3029 544 3066 iam
560 3029 867 3069 demonstratum
881 3034 956 3069 est.
970 3029 1206 3075 Beroaldus,

327 3082 391 3130 qui
432 3086 545 3134 qnod
584 3087 783 3136 praetulit,
825 3088 1102 3139 interpretatus
1144 3091 1207 3125 est

329 3150 434 3189 quae
463 3142 611 3190 feritas
643 3147 701 3181 est
731 3144 771 3181 2⁴12
800 3144 949 3190 bestiis,
982 3143 1046 3181 vel
1072 3144 1205 3195 potius

1259 1225 1454 1272 qnantum
1465 1221 1650 1273 feritatis
1670 1221 1781 1258 inest.
1809 1219 1895 1271 Ego
1911 1218 2081 1257 Floreat.
2096 1222 2135 1259 3.

1259 1280 1420 1315 secutus
1446 1278 1586 1328 scripsi
1613 1278 1715 1329 quid
1740 1281 1870 1316 tamen
1888 1276 2000 1327 signo
2021 1277 2133 1314 inter-

1259 1333 1472 1383 rogationis
1508 1334 1657 1384 posito,
1697 1346 1773 1384 qua
1803 1333 1997 1371 sententia
2021 1333 2135 1370 unice

1259 1389 1359 1427 haec
1384 1391 1602 1428 enunciatio
1629 1390 1788 1428 defendi
1815 1402 1938 1440 posse
1963 1389 2055 1426 mihi
2081 1389 2134 1425 vi-

1256 1447 1378 1484 detur.
1405 1447 1455 1484 At
1481 1460 1551 1498 per
1575 1460 1638 1484 me
1664 1447 1771 1493 licet,
1797 1446 1901 1485 Ond.
1928 1446 2134 1484 lectionem

1256 1503 1406 1556 sequi]

1314 1565 1494 1598 armatas
1507 1560 1627 1598 dente
1642 1560 1704 1598 rel
1714 1573 1854 1598 cornu.
1881 1557 2017 1610 [Plura
2031 1558 2138 1596 dabit

1259 1616 1309 1654 de
1350 1616 1424 1654 hac
1460 1616 1629 1654 dictione
1662 1615 1763 1655 Elm.
1794 1615 1844 1653 ad
1877 1615 2023 1653 Minue.
2050 1613 2136 1652 Fet.

1259 1686 1295 1722 p.
1320 1672 1472 1710 XXIV.
1499 1672 1559 1710 ed.
1582 1677 1699 1713 1612.
1726 1671 1792 1710 sol.
1820 1676 1859 1710 et
1883 1671 2071 1710 Buenem.
2087 1671 2135 1709 ad

1258 1729 1369 1767 Lact.
1402 1729 1450 1766 de
1482 1728 1588 1779 Opis.
1621 1734 1656 1770 2.
1695 1731 1726 1781 9.
1754 1734 1790 1769 4.
1827 1742 1864 1781 p.
1894 1733 2033 1774 1124..
2072 1728 2136 1778 qui

1258 1790 1422 1836 uterque
1436 1785 1538 1824 hunc
1553 1786 1677 1824 locum
1693 1786 1821 1824 citavit
1835 1789 1873 1823 et
1882 1784 1981 1823 Prie.
1991 1784 2038 1823 ad
2048 1783 2086 1822 h.
2098 1783 2137 1836 l.]

1316 1843 1563 1892 frondosum
1588 1842 1791 1882 inondum.
1842 1841 2004 1880 Frustra
2034 1844 2138 1884 sunt,

1265 1898 1327 1949 qui
1367 1911 1416 1935 ex
1452 1899 1591 1936 vitiosa
1628 1899 1775 1950 aliquot
1812 1898 1924 1937 codd.
1970 1898 2139 1936 lectione

1260 1955 1487 2005 fundosum
1510 1956 1717 1993 restituunt
1738 1955 1987 2007 srundosum
2005 1968 2028 1992 a
2049 1955 2139 1992 suli-

1263 2011 1432 2050 stantivo
1443 2014 1538 2063 frus
1553 2012 1613 2049 vet
1627 2014 1740 2064 fros,
1764 2012 1945 2062 fraudis.
1972 2010 2019 2049 cf.
2035 2010 2138 2048 Ond.

1264 2068 1313 2106 ad
1330 2067 1444 2106 Caes.
1459 2067 1505 2106 B.
1526 2068 1566 2107 C.
1583 2068 1644 2107 III.
1662 2073 1728 2108 58.
1743 2068 1831 2105 etin
1853 2066 2076 2107 Addpier.
2090 2066 2138 2103 ad

1265 2124 1373 2175 Virg.
1400 2124 1449 2163 G.
1475 2123 1516 2163 ll.
1544 2129 1638 2166 372.
1666 2123 1767 2162 Totl.
1794 2124 1844 2162 ad
1858 2124 2010 2163 Auson.
2026 2123 2140 2174 Idyll.

1264 2180 1816 2222 X11.Grammattcomast.19.
1829 2181 1909 2220 Aac
1924 2181 1975 2220 (Ie
1985 2181 2143 2232 fronde

1266 2238 1453 2290 loquens,
1481 2252 1556 2278 cm·
1571 2239 1676 2277 dicit
1686 2238 1872 2290 populea
1883 2239 2007 2288 frus.
2036 2236 2140 2290 [Imi-

1263 2294 1450 2333 tationem
1477 2294 1577 2333 hanc
1603 2308 1696 2333 esse
1722 2299 1908 2340 veterum,
1932 2294 1998 2332 vix
2023 2293 2143 2332 eredi-

1264 2351 1398 2396 derim,
1413 2353 1503 2402 quia
1517 2350 1638 2390 Prisc.
1654 2351 1731 2390 alia
1750 2351 1865 2389 docet
1877 2350 1966 2389 Lib.
1981 2350 2008 2389 I.
2025 2354 2062 2390 6.
2077 2353 2143 2390 35.

1267 2407 1311 2446 T.
1343 2407 1370 2447 1.
1402 2422 1440 2460 p.
1474 2412 1538 2448 34.
1572 2407 1725 2446 Kth:
1758 2408 1897 2447 Multa
1917 2411 2141 2459 praetere-a

1264 2466 1514 2504 vetustissimi
1538 2466 1655 2503 etiam
1680 2465 1723 2503 in
1739 2463 2143 2516 principalibusnm-

1264 2522 1407 2560 tabant
1419 2521 1597 2574 syllabis,
1606 2535 1815 2573 ‚qun-tyrum
1828 2534 1910 2572 pro
1921 2533 2143 2573 ῃοηῃτηηι,

1264 2578 1443 2617 enachin
1468 2592 1555 2629 pro
1587 2578 1784 2623 eonelzin,
1823 2578 2022 2616 huminem.
2058 2590 2143 2627 pro

1266 2634 1464 2673 hominem
1484 2637 1759 2686 proferentes,
1782 2636 1921 2686 s'emtes
1939 2646 2024 2685 pro
2047 2636 2142 2684 fon-

1266 2695 1340 2737 tes,
1363 2691 1579 2742 fraudes
1600 2703 1683 2741 pro
1705 2690 1918 2740 frondes
2024 2690 2143 2734 Quae

1265 2752 1483 2789 tanwncoe
1514 2746 1744 2786 iunioribus
1774 2746 2000 2797 repudiata
2035 2750 2142 2791 sunt,

1267 2804 1385 2855 qnasi
1413 2805 1569 2843 rustico
1601 2816 1711 2841 more
1744 2801 1892 2854 dicta]
1943 2801 2053 2840 Male
2079 2802 2144 2840 de-

1266 2860 1388 2898 tendit
1417 2858 1604 2898 Pricaeus
1635 2858 1842 2897 lectionem
1875 2858 2144 2897 nonnullorum

1265 2916 1379 2955 codd.
1407 2917 1628 2961 cumulum,
1667 2928 1780 2965 quam
1808 2914 1910 2953 Ond.
1949 2916 2052 2954 bene
2081 2915 2143 2953 his

1265 2973 1397 3011 verbis
1423 2971 1582 3011 refutat:
1614 2971 1894 3022 Praeterquam
1922 2972 2026 3023 quod
2052 2984 2144 3009 vere

1265 3043 1360 3068 esse
1383 3029 1551 3080 potuerit
1575 3027 1814 3080 sepulcrum,
1841 3042 2000 3066 nemore
2024 3031 2066 3066 et
2089 3041 2145 3065 ar-

1264 3087 1427 3124 boribus
1452 3086 1503 3124 de
1528 3099 1635 3123 inore
1660 3085 1884 3130 incinctum,
1911 3085 1987 3134 (cui
2014 3088 2143 3123 tamen

1264 3142 1485 3181 sententIae
1499 3142 1626 3180 minus
1641 3142 1893 3191 subscribo),
1919 3141 2070 3193 passim
2085 3142 2144 3179 ,ita
