2221 3667
324 131 404 173 722
576 130 623 169 L.
649 129 868 169 APULEII
899 129 1299 169 MADAURENSIS
1329 130 1870 174 METAMORPHOSEON

324 243 436 283 novit
454 241 780 297 professionibus.
815 241 1060 296 Quamquam
1083 242 1185 282 enim
1207 243 1377 297 prudens
1399 244 1545 284 crimen
1568 243 1778 286 Corneliae
1798 247 1860 300 leg
1852 247 1896 286 is
1919 247 2114 286 ini-mam

236 304 299 336 573
331 298 337 354 Ι
360 300 393 339 si
419 300 543 339 civem
569 298 792 339 Romanum
819 312 887 352 pro
914 313 1030 339 servo
1055 299 1124 338 tibi
1149 299 1382 349 vendidero,
1411 301 1502 352 quin
1528 301 1624 341 emis
1650 301 1791 341 bonum
1819 310 1855 342 et
1882 304 1982 356 frugi
2009 316 2116 342 man-

325 355 488 409 cipium,
517 356 617 408 quod
644 362 681 395 te
707 361 746 394 et
772 355 868 395 foris
894 363 934 395 et
958 355 1060 395 domi
1080 356 1223 410 poterit
1243 355 1405 396 iuvare?
1430 354 1506 396 Sed
1527 357 1670 397 exinde
1691 358 1848 398 odiosus
1869 366 1994 398 emtor
2014 359 2115 398 aliud

325 412 370 451 de
396 411 472 451 alio
498 425 577 451 uon
603 411 747 452 desinit
771 426 985 466 quaere1·‚e
1020 412 1186 466 denique
1219 412 1264 452 de
1290 413 1588 453 mansuetudine
1615 414 1729 453 etiam
1758 428 1843 453 mea
1867 422 2120 468 percontatur

324 467 460 508 anxie.

859 652 895 699 C
954 654 1000 700 A
1057 653 1096 700 P
1155 654 1199 701 U
1258 654 1301 700 T
1406 655 1592 702 XXV.

437 787 494 826 At
518 799 678 840 praeco:
704 784 949 836 vervecem,
978 786 1126 839 inquit,
1160 801 1238 827 non
1259 786 1264 841 1
1287 787 1439 828 asinum
1473 788 1604 838 vides,
1633 788 1679 827 ad
1714 801 1805 827 usus
1838 787 1988 827 omneis
2019 787 2125 840 quie-

324 849 428 892 tum,
468 857 546 882 uon
578 842 801 882 mordacem
839 856 911 883 nec
937 843 1190 883 calcitronem
1223 844 1400 897 quidem,
1439 844 1507 884 sed
1545 857 1706 898 prorsus
1737 851 1778 884 ut
1814 843 1854 883 in
1885 844 1986 883 asini
2019 843 2126 883 corio

325 899 542 939 modestum
557 898 752 939 hominem
767 898 989 940 inhabitare
1005 900 1159 940 credas.
1185 899 1297 954 Quae
1311 914 1376 941 res
1392 901 1552 954 cognitu
1568 914 1645 940 non
1661 901 1798 940 ardua.
1821 898 1924 940 Nam
1940 900 1971 940 si
1989 899 2124 940 faciem

206 800 300 845 [212]

326 1037 365 1066 de
378 1037 448 1066 suis
461 1038 837 1077 novitprofessionv'bus
850 1040 886 1068 F.
905 1041 931 1068 1.
947 1042 976 1067 3.
991 1048 1019 1074 p.
1035 1043 1064 1068 et
1080 1041 1148 1068 edd.
1165 1043 1239 1069 ante
1254 1042 1344 1069 Colv.
1360 1045 1388 1069 et
1410 1043 1458 1070 ed.
1479 1042 1621 1070 Scriver.
1647 1043 1682 1069 ln
1703 1045 1773 1070 cett.
1794 1040 1833 1067 dp
1853 1048 1915 1067 sua
1935 1040 2030 1067 nom‘t
2043 1048 2127 1077 pro-

323 1083 484 1121 fessione.
532 1087 696 1121 qnantum
717 1093 773 1119 pro
795 1093 1001 1122 quamquam
1021 1082 1051 1113 δ.
1099 1085 1223 1113 crinem
1243 1087 1370 1115 Vivent.
1391 1088 1505 1116 Venet.
1528 1088 1559 1116 ¹2.
1608 1085 1688 1123 legit
1707 1088 1745 1115 D.
1794 1086 1929 1114 sicinem
1949 1088 1984 1115 G.
2008 1088 2037 1115 1.
2073 1085 2131 1114 sed

325 1129 429 1157 civem
449 1131 504 1165 1..‚
530 1131 615 1159 unde
634 1130 790 1159 Bramius
810 1130 949 1159 coniecit
969 1131 1125 1165 scriptum
1146 1131 1252 1159 fuisse
1273 1131 1336 1164 sei.
1364 1132 1437 1160 inde
1456 1132 1517 1160 sel.
1567 1138 1627 1159 suo
1649 1140 1704 1166 pro
1725 1139 1822 1159 seri-o
1843 1133 1879 1160 G.
1898 1134 1924 1161 1.
1964 1131 2073 1170 fruge
2087 1140 2129 1159 ao

325 1174 527 1212 mancipium
542 1183 570 1210 p.
621 1178 652 1203 te
665 1175 786 1204 iuvare
800 1176 821 1204 s.
846 1175 966 1203 iurare
979 1177 1015 1205 P.
1400 1175 1439 1204 cle
1458 1176 1714 1205 mansuetudine
1732 1186 1806 1204 mea
1826 1180 1858 1204 el
1871 1185 1955 1213 pere
1973 1178 2007 1206 Ο.
2049 1184 2130 1214 per-

326 1222 511 1248 cunctatur
524 1222 560 1249 G.
574 1222 605 1249 2.
618 1222 654 1249 P.
669 1223 707 1250 D.
755 1221 887 1248 mzm’ae
905 1221 1034 1251 Vicenr.

1064 1184 1138 1203 mea
1152 1176 1256 1203 eliam
1271 1179 1307 1206 G.
1325 1178 1352 1206 1.

417 1287 582 1316 verbelem
596 1290 633 1318 L.
683 1288 851 1317 verbecem
867 1290 902 1317 G.
917 1290 948 1317 2.
963 1290 999 1317 P.
1014 1291 1053 1318 D.
1079 1288 1246 1317 herber-em
1262 1292 1298 1318 G.
1318 1292 1345 1319 1.
1395 1289 1487 1317 rideo
1502 1292 1540 1319 D.
1589 1298 1669 1318 usus
1684 1298 1794 1318 furaces
1808 1290 1842 1320 F.
1860 1293 1887 1319 1.
1902 1292 1934 1319 3.
1956 1292 1992 1319 G.
2011 1292 2037 1318 1.
2052 1291 2087 1319 P.
2103 1287 2130 1317 δ.

325 1335 408 1363 Elm.
423 1335 528 1363 Scriv.
542 1338 571 1363 et
585 1334 706 1363 Florid.
730 1336 767 1363 ln
786 1335 821 1363 F.
837 1336 867 1362 3.
889 1338 916 1362 el
937 1336 1020 1363 Elm.
1041 1339 1088 1363 est
1109 1336 1252 1371 omneis,
1279 1337 1361 1369 quod
1378 1336 1529 1370 optimum
1545 1337 1688 1365 codicem
1703 1340 1836 1365 secutus
1851 1336 1978 1364 retinui.
2003 1337 2039 1364 In
2059 1339 2131 1363 cett.

325 1383 374 1408 est
388 1385 483 1407 usum
498 1388 635 1416 omnem,
656 1379 721 1408 nisi
735 1381 817 1414 quod
833 1379 865 1408 in
880 1381 915 1408 G.
931 1381 960 1408 2.
978 1383 1007 1408 et
1021 1381 1059 1408 D.
1085 1378 1132 1407 od
1144 1388 1255 1408 omenes
1270 1388 1350 1408 usus
1365 1382 1495 1410 inverso
1510 1382 1622 1409 ordine
1635 1385 1733 1409 extat.
1770 1385 1810 1408 ue
1821 1389 1885 1408 non
1900 1379 2088 1407 mordacem
2103 1377 2131 1409 δ’.

326 1432 392 1452 non
406 1423 491 1452 calc.
508 1425 530 1454 f.
544 1427 582 1454 R.
597 1433 626 1459 p.
641 1422 669 1453 ὃ.
718 1424 944 1452 calc-etronem
960 1426 996 1454 F.
1010 1426 1040 1453 3.
1056 1426 1092 1453 G.
1108 1425 1137 1454 1.
1165 1425 1386 1453 colem-onem
1402 1428 1438 1454 G.
1449 1428 1526 1454 2.1).
1552 1425 1771 1454 calm'trosmn
1789 1427 1809 1454 f.
1824 1428 1861 1455 R.
1888 1426 1929 1455 cf.
1944 1428 2023 1454 Non.
2040 1435 2068 1460 ι).
2080 1428 2131 1454 44.

327 1471 524 1500 Ge1¹.1V.2.
569 1470 685 1507 potius
705 1478 761 1505 pro
775 1477 921 1507 prorsus
941 1471 978 1498 1..
1000 1471 1092 1499 Colv.
1113 1475 1142 1499 et
1163 1479 1251 1505 seqq.
1300 1474 1414 1500 utnon
1429 1473 1636 1506 comparetin
1652 1474 1739 1500 L.n.
1756 1469 1785 1500 δ.
1806 1473 1885 1500 Oud.
1934 1471 1968 1498 τή
1989 1473 2078 1500 abest
2100 1472 2131 1499 in

325 1513 361 1543 F.
373 1516 401 1543 1.
416 1514 470 1550 (in
483 1516 646 1550 excerptis
659 1517 700 1544 ad
715 1523 814 1551 marg.
829 1516 997 1551 ed.Colv.)
1013 1516 1048 1544 P.
1063 1513 1092 1544 δ’.
1106 1519 1135 1544 et
1151 1518 1221 1544 edd.
1235 1519 1310 1544 ante
1325 1517 1416 1545 Colv.
1449 1517 1529 1545 Cen.
1548 1519 1585 1544 ut
1605 1517 1639 1544 iu
1658 1520 1788 1545 habent.
1813 1514 2009 1544 inhabitare
2023 1524 2134 1544 omnes

326 1563 409 1589 Mss.
423 1565 452 1590 et
468 1562 538 1589 edd.
555 1564 683 1595 praeter
695 1562 730 1589 L.
746 1562 782 1589 G.
798 1558 871 1589 215.
887 1564 915 1589 et
931 1561 1022 1589 Colv.
1044 1568 1117 1589 cum
1137 1569 1242 1597 seim„
1269 1562 1303 1589 in
1324 1562 1441 1595 quibus
1461 1560 1622 1589 hahitare
1640 1566 1698 1591 est.

327 1607 364 1634 G.
378 1607 408 1634 2.
421 1607 460 1635 D.
473 1607 510 1635 L.
537 1604 600 1634 Est
615 1609 690 1635 ante
703 1605 839 1643 cognitu
856 1610 1023 1640 praeterea
1038 1607 1204 1634 intrudunt
1220 1607 1256 1635 F.
1271 1608 1301 1634 3.
1316 1605 1391 1640 (sed
1406 1615 1446 1635 ex
1461 1608 1644 1642 additione)
1660 1609 1694 1636 P.
1712 1607 1731 1636 f.
1747 1605 1776 1636 δ’.
1802 1610 1919 1636 Incert.
1961 1605 2064 1634 tarda
2079 1614 2133 1642 pro

326 1649 440 1679 ardua
455 1653 491 1680 G.
504 1653 536 1680 2.
550 1653 588 1680 D.
603 1661 635 1685 φ.
650 1652 686 1681 P.
701 1648 731 1680 ὃ.

379 1774 721 1825 professionibus.
749 1772 851 1812 Oud.
876 1772 979 1811 hunc
1005 1787 1203 1812 numerum

326 1829 438 1868 hisce
473 1830 604 1868 verbis
647 1830 748 1868 bene
792 1829 984 1868 defendit:
1032 1829 1202 1869 Pluralis

327 1886 441 1925 facile
455 1900 500 1925 se
515 1887 610 1925 tueri
624 1890 768 1939 potest,
776 1891 817 1925 ut
830 1886 1066 1937 intelligatur
1080 1887 1202 1937 primo

327 1943 523 1995 professio
543 1943 730 1982 naturalis
744 1944 933 1995 temporis
955 1943 1127 1994 locique.
1154 1943 1204 1981 de

329 2013 406 2050 qua
435 1999 500 2038 hic
530 2001 610 2051 agit
633 1999 734 2039 Pric.
761 2004 800 2038 et
824 2001 859 2038 in
887 2000 1005 2052 Apol.
1038 2013 1074 2051 p
1103 2004 1201 2040 577:

327 2057 481 2096 ,Natam
505 2057 584 2095 sibi
617 2057 785 2107 filiam
823 2062 1051 2096 ceterorum
1091 2071 1200 2095 more

323 2115 582 2165 professus
606 2119 678 2158 esc,
704 2127 750 2153 ac
771 2113 1002 2152 luculentius
1023 2115 1097 2152 iam
1112 2118 1202 2151 ante

330 2169 506 2208 Torreat.
532 2169 582 2208 ad
615 2170 725 2210 Suet.
751 2170 879 2209 Tiber.
911 2185 943 2209 c.
971 2175 1009 2211 5.
1047 2171 1203 2210 Natus

329 2232 387 2265 est
411 2227 568 2266 Romae
592 2227 633 2265 iu
654 2227 821 2279 palatio
849 2227 964 2267 XIV.
986 2227 1081 2267 Kal.
1102 2227 1202 2266 Deo.

330 2283 402 2323 Sic
417 2284 521 2322 enim
540 2284 586 2321 in
609 2286 771 2335 fastos
797 2289 1009 2337 actaque
1030 2284 1205 2336 publica

329 2340 513 2380 relatum.
563 2338 662 2377 Tum
693 2340 889 2392 professio
916 2341 1130 2386 censualis,
1164 2342 1199 2378 in

330 2409 407 2447 qua
430 2400 561 2435 notum
587 2400 650 2435 est
674 2411 988 2449 unumquemque
1013 2397 1202 2436 debuisse

330 2467 461 2492 annos
487 2454 680 2506 profiteri
715 2457 754 2492 et
788 2454 944 2493 tandem
978 2455 1201 2507 professio,

329 2524 408 2561 qua
437 2509 700 2549 mathematici
731 2511 945 2562 genituram
970 2524 1083 2549 suam
1113 2511 1203 2549 ede-

328 2567 442 2613 bant,
474 2567 524 2605 de
561 2580 637 2617 qua
675 2567 724 2606 cf.
757 2566 839 2606 intt.
878 2569 926 2606 ad
959 2568 1067 2607 Suet.
1101 2568 1203 2620 Aug.

331 2638 364 2662 c.
391 2627 456 2664 94.
482 2626 522 2661 et
546 2622 690 2662 Florid.
721 2629 782 2664 15.
809 2638 845 2676 p.
873 2629 937 2665 57.

382 2680 581 2732 prudens.
620 2679 806 2719 Pricaeus
827 2682 1023 2719 existimat
1037 2682 1205 2721 scriben-

330 2737 421 2775 dum
447 2750 540 2774 esse
566 2738 803 2788 imprudens
829 2751 876 2777 ea
900 2739 1110 2776 sententia:
1144 2752 1206 2776 ae-

329 2798 450 2831 tatem
487 2795 572 2831 eius
609 2807 658 2831 ex
689 2794 872 2832 natalium
903 2795 1047 2833 tabulis
1085 2795 1204 2833 multo

331 2852 472 2888 certius
509 2863 622 2901 qnam
661 2863 709 2889 ex
746 2851 926 2890 dentibus
964 2852 1206 2903 explorabis3

333 2906 516 2945 natalium
541 2907 714 2958 inquam3
745 2912 879 2960 potest
905 2910 1005 2947 enim
1037 2908 1135 2955 fieri,
1167 2913 1207 2946 ut

330 2960 459 3014 legem
493 2963 707 3003 Corneliam
745 2965 971 3016 imprudens
1008 2966 1207 3012 incurram,

333 3019 423 3057 dum
459 3020 526 3057 tibi
563 3021 686 3058 civem
725 3020 945 3061 Romanum
982 3036 1051 3074 pro
1089 3036 1205 3061 servo

332 3075 471 3113 vendo.
499 3076 581 3114 Sed
606 3079 801 3118 sententia
826 3082 888 3117 est
912 3079 1076 3118 iocantis
1098 3093 1206 3131 prae-

335 3133 459 3173 conis:
498 3131 686 3180 Quamvis
717 3139 781 3174 sat
809 3136 949 3183 sciam,
988 3149 1075 3175 eum
1114 3151 1206 3176 csse

778 1652 888 1680 Verba
901 1659 989 1688 quae
1005 1658 1058 1679 res
1074 1659 1176 1686 nsque
1191 1653 1229 1680 ad
1245 1650 1357 1679 ardua
1371 1652 1598 1681 desiderantur
1613 1654 1645 1681 in
1660 1654 1694 1681 G.
1715 1655 1739 1681 1.
1755 1654 1789 1682 Ο.

1264 1774 1404 1820 civem,
1444 1778 1482 1812 et
1513 1774 1681 1826 prudens
1714 1776 1900 1813 incurram
1933 1775 1967 1812 in
1995 1775 2133 1813 crimen

1263 1829 1364 1880 legis
1396 1829 1618 1878 Corneliae,
1651 1831 1715 1882 qui
1747 1845 1832 1869 eum
1864 1831 2032 1870 vendam
2067 1831 2135 1869 tibi

1261 1901 1330 1938 pro
1357 1901 1491 1933 εει-,νο
1525 1900 1612 1926 eme
1636 1892 1765 1926 tamen
1793 1888 1898 1926 illum
1924 1888 2040 1927 modo
2066 1902 2135 1940 pro

1262 1957 1392 1982 sei-,vo

1323 2000 1538 2040 Corneliae
1563 2001 1703 2053 Leyis.
1752 2001 1877 2039 Huius
1913 2000 2013 2051 legis
2045 2001 2135 2039 alibi

1260 2057 1367 2096 nulla
1393 2063 1454 2095 est
1478 2059 1639 2097 mentio
1667 2058 1769 2096 unde
1794 2059 1859 2095 viri
1885 2058 1987 2097 docti
2013 2058 2063 2096 de
2088 2071 2136 2095 ea

1261 2114 1497 2165 disceptant.
1527 2114 1624 2153 Elin.
1648 2114 2048 2166 cumLindenbrogio,
2075 2129 2136 2154 cu-

1262 2172 1323 2209 ius
1353 2175 1480 2209 notam
1513 2172 1766 2222 marginalem
1796 2171 1863 2209 ille
1894 2185 2006 2209 suam
2032 2171 2135 2216 fecit,

1263 2228 1313 2267 ad
1346 2226 1473 2279 legem
1507 2228 1668 2266 Fabiam
1700 2228 1749 2265 de
1780 2227 1976 2280 plagiariis
2007 2228 2135 2274 refert,

1265 2297 1341 2335 qua
1355 2288 1549 2330 tenentur,
1577 2285 1639 2335 qui
1655 2284 1849 2323 hominem
1865 2284 2025 2324 liberum
2043 2299 2135 2323 ven-

1261 2342 1353 2379 dunt
1379 2345 1597 2392 cmuntque.
1625 2340 1669 2379 L.
1692 2341 1717 2379 l.
1745 2341 1832 2392 Dig.
1853 2341 1903 2379 de
1922 2341 2019 2393 Leg.
2039 2341 2136 2380 Fal).

1261 2398 1311 2437 (le
1336 2396 1448 2449 Plag.
1475 2398 1565 2437 XV.
1594 2397 1634 2436 C.
1662 2399 1747 2436 eod.
1775 2398 1820 2436 L.
1838 2397 1880 2435 ii.
1909 2397 1971 2443 C..
2002 2399 2065 2437 ubi
2086 2398 2135 2436 de

1262 2456 1443 2494 eriminib.
1471 2457 1532 2506 agi
1561 2459 1682 2506 oport.
1722 2454 1838 2500 Quod
1863 2453 2046 2494 Floridus
2072 2455 2136 2493 du-

1263 2513 1377 2557 bitat,
1408 2512 1625 2563 respiciens
1657 2512 1704 2549 nd
1738 2511 1886 2561 Legem
1919 2510 2134 2550 Corneliam

1264 2569 1314 2606 de
1340 2568 1486 2613 Falsis,
1513 2572 1705 2619 quatenus
1730 2569 1810 2618 agit
1835 2568 1884 2606 de
1909 2572 2019 2619 partu
2044 2582 2135 2619 sup-

1264 2626 1407 2677 posito.
1441 2625 1559 2663 Extat
1584 2624 1682 2662 haec
1707 2624 1751 2663 L.
1779 2623 1847 2662 lX.
1875 2623 1968 2662 Cod.
1996 2623 2040 2662 Τ.
2068 2629 2132 2666 22.

1264 2681 1488 2733 Bynkersh.
1515 2681 1560 2719 L.
1588 2680 1651 2720 lii.
1676 2680 1843 2719 Observ.
1870 2680 1895 2718 I.
1924 2680 1964 2719 C.
1993 2685 2055 2721 18.

1324 2738 1413 2777 Cir.
1439 2737 1570 2776 XXV.
1619 2751 1828 2777 vervecem.
1868 2737 2134 2789 [Mitissimum

1266 2796 1419 2846 quidvis
1434 2809 1480 2833 eo
1497 2794 1648 2832 nomine
1663 2794 2135 2845 nuncupari,notissimum

1267 2857 1341 2892 est.
1366 2851 1540 2890 Plurima
1565 2851 1745 2902 exempla
1772 2852 2010 2889 enumeravit
2035 2850 2136 2890 Prie.

1267 2914 1307 2947 et
1332 2908 1494 2947 Taubm.
1520 2909 1569 2947 ad
1596 2906 1720 2946 Plaut.
1741 2905 1911 2945 Persii.
1933 2912 1970 2948 2.
1991 2912 2029 2948 2.
2054 2921 2136 2947 ver-

1268 2967 1423 3005 bereum
1457 2969 1600 3017 capul,
1638 2965 1700 3001 ubi
1734 2964 1796 3001 alii
1825 2977 2029 3015 perperam
2056 2978 2135 3003 rer-

1267 3024 1427 3062 beccum
1451 3025 1567 3074 caput
1593 3021 1724 3071 legere
1749 3020 1911 3059 malunt:
1938 3020 2134 3060 Menvll.

1266 3082 1359 3120 491.
1403 3077 1651 3117 emasculare
1691 3082 1731 3116 et
1767 3079 1909 3130 (μισεῖς
1943 3091 2136 3117 vervece

1265 3137 1462 3175 mitiorem
1487 3133 1681 3188 efficere]

1748 1570 1836 1599 quae
1855 1569 1910 1589 res
1929 1564 1982 1589 est
1998 1561 2134 1598 cognita
2180 1558 2183 1559 ⁷
