2221 3667
195 438 238 470 38

285 153 366 197 398
545 150 594 191 L.
624 150 843 191 APULEII
872 147 1270 191 MADAURENSIS
1300 145 1840 188 METAMORPHOSEON

283 264 473 306 incitabat
496 271 538 305 et
558 271 705 306 votum.
736 262 895 317 Iamque
920 261 1074 303 naviter
1098 258 1268 300 emensis
1293 258 1524 299 celsioribus
1547 258 1665 312 iugis,
1692 258 1960 312 pulvinaribus
1986 273 2073 300 sese

284 321 504 376 proximam
523 320 668 361 intulit.
707 320 827 362 Videt
845 319 972 373 spicas
992 314 1271 356 frumentarias
1290 314 1332 354 in
1349 328 1492 356 acervo
1513 321 1553 355 ct
1573 315 1671 355 alias
1689 314 1895 356 flexilesin
1909 330 2070 365 corona,

285 384 325 418 et
349 377 476 432 spicas
501 377 637 417 hordei
660 376 781 418 videt.
809 374 938 415 Erant
961 379 1000 412 et
1024 371 1146 411 falces
1171 377 1210 411 et
1234 383 1377 425 operae
1401 371 1616 412 messoriae
1641 371 1807 411 muudus
1832 372 1979 423 omni53
2006 372 2075 412 sed

285 441 425 474 cuncta
461 432 626 489 paslsim
663 431 831 472 iacentia
868 436 906 469 et
941 427 1093 467 incuria
1130 427 1315 477 confusa,
1354 433 1414 477 et,
1453 433 1496 467 ut
1519 427 1640 477 solet,
1679 433 1792 467 aestu
1814 425 2075 468 laborantium

284 490 464 530 manibus
489 489 677 544 proiecta.
716 487 826 528 Ilaec
851 484 1005 538 singula
1030 482 1185 537 Psyche
1210 483 1364 523 curiose
1385 483 1535 535 dividit,
1557 490 1597 524 et
1616 483 1812 524 discretim
1831 491 1982 524 remota
2001 483 2077 524 rite

282 663 440 702 gracile}-
458 671 488 699 p.
507 664 633 693 Vici-nt.
653 663 733 690 lunt.
758 660 787 688 1.
805 657 880 688 ΑΜ.
900 658 1013 686 Venet.
1032 658 1063 686 2.
1111 655 1246 683 naviter
1266 657 1302 685 F.
1323 658 1353 686 3.
1375 658 1411 686 G.
1431 656 1452 685 f.
1472 658 1510 685 D.
1524 664 1542 686 a
1556 664 1597 687 m.
1611 665 1641 692 p.
1664 659 1700 686 Iu
1721 660 1793 686 cett.
1811 660 1900 686 extat
1910 656 2079 694 gnaviter,

285 708 422 737 emersis
436 706 464 737 ὁ,
489 709 529 737 cf.
545 709 584 736 ad
598 710 673 736 Met.
687 707 710 733 1.
726 713 754 738 p.
771 705 822 732 12.
842 704 924 738 post
936 699 1047 729 ardua
1061 701 1220 728 montium
1235 709 1407 732 emensa.
1437 701 1608 738 proximis
1623 701 1769 739 Colvius,
1778 702 1984 739 prosimans
1996 702 2079 730 Elin.

285 757 371 784 male
384 755 603 783 emendarunt.
629 750 792 785 significat
805 747 960 784 prun-ime
974 746 1128 774 accessit.
1174 745 1209 773 in
1223 746 1343 774 acerbo
1359 748 1394 776 G.
1420 745 1487 774 iam
1502 746 1621 775 acerlm
1635 748 1673 775 D·
1688 754 1707 775 ³
1720 755 1761 776 ΠΙ·
1774 756 1805 782 Ὠ·
1842 745 1986 784 sle-²⁵¹7&
1998 747 2035 775 F·
2051 748 2080 775 Ἰ·

285 802 317 829 3.
332 802 366 828 0.
382 809 413 833 cs.
429 807 464 827 π.
478 801 558 826 lunt.
572 799 602 824 2.
617 798 678 823 Ms.
692 790 996 830 Incert.jln.7·ibe‘les
1008 793 1043 820 P.
1067 793 1103 820 In
1118 794 1191 819 cett.
1204 793 1285 820 Mss.
1299 796 1328 820 et
1342 792 1413 820 edd.
1427 800 1531 825 usque
1548 793 1587 820 ad
1602 792 1748 820 Elnienh.
1771 789 2080 829 legiturfle1·1'bt'les‚

287 852 421 880 quarum
443 841 700 871 terminationum
718 837 924 867 commutatio
944 836 1210 870 frequentissima
1229 840 1287 865 est.
1335 835 1448 873 spicas
1468 838 1556 865 deest
1572 837 1603 865 in
1618 838 1653 865 P.
1680 834 1832 872 stipulas
1847 836 2082 872 niele-genuum

286 900 376 925 esse,
402 888 577 921 aliquando
592 884 695 913 docuit
711 883 904 912 Gronovius.
929 882 1072 917 Tollius,
1087 881 1142 915 qui
1162 889 1203 909 ex
1221 882 1308 910 Plin.
1322 883 1361 910 ΙΙ.
1377 884 1413 910 N.
1428 883 1544 910 xvffl.
1558 883 1610 911 30.
1626 880 1880 917 Mordere-tilia
1890 879 1967 908 Iam
1980 880 2082 909 bubus

283 933 516 973 gratissimam
536 932 673 959 set-caut
693 931 778 957 hanc
797 928 969 957 lectionem
988 929 1190 963 comprobat,
1216 928 1269 954 rel
1284 927 1347 960 ipsi
1361 928 1438 954 Oud.
1455 927 1627 960 persuasit.
1651 928 1713 954 Sed
1727 927 1809 955 nihil
1823 928 2011 955 mutandum
2024 931 2084 954 est.

286 981 380 1009 vsssf·
394 981 430 1007 R.
444 979 481 1005 R.
495 978 518 1005 1,
534 977 585 1004 43.
599 975 630 1009 ἦ.
647 976 676 1003 1.
701 974 813 1010 spica,
840 979 926 1010 qnae
945 970 1107 998 mutilata
1126 979 1191 998 mm
1211 974 1273 1008 erl,
1292 970 1326 998 iu
1346 969 1445 998 ordeo
1464 974 1498 998 ee
1519 971 1634 998 tritico
1656 971 1727 999 tria
1740 969 1842 998 habet
1854 970 2084 998 eonte'twulia:

284 1032 434 1061 gramm,
447 1021 605 1058 glumam,
626 1019 771 1046 aristam
787 1022 818 1046 el
832 1018 935 1045 eciam
943 1017 1106 1053 pre'mflns
1120 1016 1214 1052 spica
1227 1024 1301 1043 cum
1322 1016 1445 1052 oritur,
1464 1017 1630 1053 vaginam.
1670 1015 1826 1056 fallaces
1844 1024 1901 1051 pro
1911 1015 2030 1055 falces
2050 1018 2085 1045 G.

286 1075 314 1098 et
329 1072 366 1098 υ.
388 1068 441 1102 qui
461 1075 479 1095 a
499 1075 540 1094 m.
560 1074 588 1100 p.
610 1066 655 1093 ita
673 1065 797 1099 legisse
811 1064 947 1092 videtur.
995 1065 1027 1089 et
1041 1066 1116 1090 ante
1131 1069 1253 1097 operae
1265 1063 1376 1090 exulat
1391 1069 1410 1090 a
1424 1063 1460 1090 G.
1474 1069 1494 1090 a
1508 1070 1537 1096 p.
1552 1070 1593 1090 m.
1607 1069 1711 1096 neque
1724 1069 1800 1090 vero
1812 1069 1953 1096 sequens
1966 1064 1998 1089 et
2012 1065 2088 1090 ante

286 1113 436 1148 incuria,
463 1113 546 1146 quod
565 1111 644 1139 oud.
664 1114 819 1144 excerpta
837 1110 1063 1143 praebuerunt.
1112 1105 1227 1134 modus
1247 1114 1303 1140 pro
1321 1104 1461 1134 mmtdus
1480 1107 1516 1136 B.
1537 1108 1584 1135 ed.
1604 1115 1650 1141 pr.
1669 1107 1796 1136 vicent.
1816 1107 1929 1135 Aldin.
1952 1108 2036 1136 lunt.
2059 1107 2088 1134 1.

286 1161 398 1188 Venet.
414 1160 444 1185 2.
460 1158 490 1184 4.
505 1155 612 1185 Paris.
627 1155 718 1184 Colv.
744 1156 781 1183 In
796 1155 844 1182 ed.
860 1154 954 1182 Vulc.
968 1155 999 1182 2.
1013 1160 1027 1180 x
1038 1153 1134 1180 itiose
1147 1155 1237 1180 extat
1255 1158 1374 1179 munus
1393 1151 1509 1179 omnis.
1558 1152 1592 1179 in
1605 1151 1740 1180 incuria
1759 1159 1816 1187 pro
1836 1155 1871 1179 et
1888 1151 2023 1179 incuria
2035 1151 2088 1180 vi-

286 1205 368 1233 tiose
382 1202 500 1237 legitur
513 1202 547 1230 in
561 1197 589 1230 ὃ.
637 1202 669 1227 el
684 1203 759 1228 aute
772 1201 809 1226 ut
824 1198 1028 1227 desideratur
1041 1197 1074 1226 in
1089 1198 1122 1225 0.
1148 1199 1185 1224 ul
1199 1195 1286 1224 solet
1298 1199 1396 1225 aestu
1407 1204 1418 1223 :
1445 1195 1685 1226 laborantium.
1707 1199 1758 1226 Ita
1771 1197 2004 1232 interpunguut
2018 1197 2087 1226 edd.

284 1250 413 1277 Vivent.
429 1251 458 1275 et
472 1248 586 1275 Yenet.
600 1248 630 1274 2.
677 1243 733 1272 hic
746 1242 879 1281 singula
895 1245 932 1272 de
946 1251 1032 1272 more
1046 1245 1162 1270 habent
1177 1250 1287 1271 omnes
1300 1243 1370 1270 edd.
1383 1246 1460 1271 vett.
1480 1247 1609 1276 praeter
1626 1243 1714 1271 editt.
1734 1242 1872 1277 princip.
1891 1246 1919 1271 et
1940 1244 2025 1272 Iunt.
2040 1244 2088 1278 ⁸2„

286 1297 454 1329 praeterea
474 1292 579 1320 Colin.
598 1292 676 1320 Bas.
697 1291 787 1320 colv.
807 1293 834 1317 et
853 1290 994 1318 Vuican.
1012 1289 1095 1316 Elin.
1110 1287 1268 1315 Lindenb.
1281 1284 1335 1314 hic
1348 1288 1508 1323 corrigere
1521 1288 1641 1316 omisit.
1664 1289 1806 1316 Eaedem
1820 1290 1932 1322 paullo
1945 1291 2014 1324 post
2035 1285 2089 1314 lu‘c

287 1347 359 1367 eam
374 1336 519 1367 sollicite
531 1338 698 1373 praebent.
746 1332 907 1372 I’sycltem
922 1335 958 1362 1).

287 1497 424 1536 borum
460 1493 653 1534 intrudere
688 1491 797 1531 malit
834 1506 916 1545 qua
953 1490 1160 1542 defectum

289 1552 495 1603 coltvirg.
509 1551 609 1590 Aen.
620 1548 648 1590 l.
663 1554 755 1590 405.
783 1563 875 1602 qua
902 1552 938 1586 tc
953 1548 1016 1585 υία
1031 1546 1160 1590 (latit,

291 1610 429 1662 diriyc
452 1621 632 1662 yresswn
657 1602 1040 1644 et110t.ad(3.1es.ss.
1057 1601 1160 1640 G.ll.

290 1670 328 1707 8.
355 1665 437 1704 sed
462 1665 514 1703 ita
539 1664 742 1716 defectum
763 1660 869 1700 nullo
890 1659 1007 1698 modo
1028 1662 1162 1710 potest

290 1721 466 1767 defendi,
502 1721 576 1759 nisi
613 1721 787 1757 contorta
818 1716 971 1755 omnino
1002 1716 1161 1760 ratione.

290 1778 396 1830 quod
421 1777 522 1816 Oud.
548 1775 771 1825 intelligens
799 1775 1003 1825 desectam
1026 1771 1161 1823 reponi

289 1836 414 1875 iussit.
464 1832 592 1879 Quum
617 1844 708 1869 vero
733 1830 891 1881 vulgata
923 1828 1036 1866 lectio
1062 1828 1163 1866 bene

289 1893 451 1936 habeat,
466 1903 539 1928 non
554 1888 689 1932 rideo,
709 1900 774 1924 cur
795 1886 842 1924 ab
859 1883 1163 1923 earecedamus.

290 1950 490 2001 Defectus
520 1946 621 1983 enim
652 1944 702 1982 (le
734 1943 898 1991 fatigato
924 1941 1085 1991 saepius
1112 1939 1164 1978 di-

292 2006 404 2051 citur,
439 2006 481 2041 ut
517 2001 681 2040 vidimus
717 1999 768 2037 ad
803 1997 901 2037 Met.
926 1996 978 2036 V.
1008 2010 1045 2048 p.
1072 2000 1164 2036 361.

294 2063 414 2114 lapsa
455 2059 601 2104 salute,
640 2057 824 2109 defecta,
869 2053 975 2105 quod
1004 2052 1166 2105 saepius

292 2119 330 2157 in
380 2118 561 2169 defessus
607 2126 811 2165 perperam
857 2112 1046 2149 mutatum
1093 2111 1167 2148 est.

293 2175 352 2213 lta
376 2172 479 2224 apud
504 2171 619 2210 Mart.
635 2168 783 2220 capell.
805 2166 852 2205 il.
878 2166 909 2217 ᾧ.
938 2170 1030 2207 199.
1056 2166 1167 2218 desc-

297 2237 362 2271 οἱα
390 2228 632 2269 ἶαεείἰιιιίἰηε
654 2225 831 2278 [αΐίῃιιίί
855 2238 878 2261 e
908 2222 1012 2261 Mss.
1038 2221 1168 2260 solum

295 2289 429 2340 potest
454 2283 706 2336 comprobari,
732 2295 804 2319 nee
832 2293 902 2332 per
926 2277 1169 2330 hypallagen

296 2342 529 2384 defenditur.
564 2339 651 2378 'Nee
678 2338 788 2377 aliter
818 2339 854 2375 iu
886 2335 1023 2374 lncert.
1049 2335 1164 2374 Auct.

297 2402 332 2439 in
349 2398 670 2438 obieltlaeeenat.
691 2399 727 2434 5.
742 2393 845 2445 apud
860 2392 989 2431 Burin.
1004 2391 1166 2430 Anthol.

298 2456 344 2496 T.
358 2455 402 2494 ll.
428 2468 465 2506 p.
492 2457 586 2495 252.
614 2451 823 2502 legendum
844 2453 923 2487 est:
947 2448 1168 2500 irreliyala

297 2513 400 2553 ratis
425 2523 643 2563 auinquam
673 2509 871 2559 defecta
897 2505 1110 2557 rapina]

353 2567 528 2623 fleccc'les.
559 2564 681 2604 'Nulla
693 2576 837 2602 caussa
851 2566 930 2607 est,
950 2575 1016 2600 cur
1030 2575 1053 2599 a
1065 2560 1168 2599 mss.

297 2625 529 2667 recedentes
543 2621 722 2673 legamus
727 2619 916 2672 plectiles
925 2618 985 2656 rel
992 2616 1171 2670 pleoeiles

299 2697 387 2722 cum
416 2680 580 2720 Prieneo
611 2681 651 2716 et
681 2690 767 2715 eum
797 2675 934 2714 Heius.
966 2674 1017 2712 ad
1053 2673 1169 2711 Ovid.

298 2736 518 2778 Met.X111.
533 2739 625 2776 894.
649 2733 803 2788 flexilis
822 2732 921 2769 enim
942 2731 1089 2782 probae
1108 2733 1171 2768 est

299 2794 518 2839 latinitatis,
541 2796 583 2832 ut
607 2790 734 2829 lexica
757 2790 854 2827 satis
881 2787 1034 2825 docent.

357 2854 400 2890 in
421 2864 589 2890 corona.
617 2847 697 2900 [De
722 2845 868 2898 spiceis
884 2844 1050 2887 coronis,
1071 2855 1170 2892 quas

301 2911 454 2946 net-tere
485 2905 668 2944 solebant
699 2902 827 2940 Cereri
858 2904 898 2938 et
925 2901 961 2938 in
991 2899 1170 2950 postibus

301 2963 533 3015 templorum
549 2963 632 3000 eius
646 2958 945 3011 suspendebant
970 2955 1018 2994 cf.
1028 2955 1111 2993 lntt.
1121 2956 1171 2994 ad

302 3020 444 3058 Tibull.
481 3018 508 3056 Ι.
548 3024 584 3059 1.
623 3020 686 3058 19.
724 3020 789 3056 ⁶20.
827 3013 988 3053 Guther.
1026 3010 1170 3050 delur.

302 3076 474 3116 Manium
504 3074 531 3113 1.
563 3078 600 3114 4.
632 3074 669 3111 in
695 3072 836 3111 Graev.
862 3068 985 3108 Thes.
1009 3067 1170 3119 Antiqq.

305 3132 351 3174 Τ,
375 3130 461 3169 ΧΠ.
485 3144 522 3182 p.
551 3129 689 3182 1098.]

1007 1331 1095 1360 dedit
1109 1333 1148 1360 D.
1162 1340 1216 1366 pro
1229 1329 1347 1360 dividit
1361 1340 1382 1362 a
1394 1340 1434 1361 m.
1449 1341 1480 1369 p.

1527 1331 1673 1361 discrete
1687 1335 1722 1362 G.
1737 1333 1773 1363 P.
1789 1331 1828 1362 D.

1275 1490 1456 1529 numidas.
1505 1487 1716 1540 Pei-peram
1745 1489 1834 1530 cod.
1864 1490 1910 1529 B.
1935 1493 1975 1528 et
1998 1489 2088 1528 edd.

1217 1549 1309 1583 vett.
1348 1544 1494 1584 liabent
1535 1546 1695 1591 modas,
1740 1546 1845 1596 quod
1887 1545 2092 1597 glossema

1218 1602 1370 1639 videtur
1395 1615 1488 1639 esse
1513 1600 1666 1640 librarii.
1715 1603 1899 1642 Mundus
1922 1616 2015 1641 vero
2041 1604 2092 1641 si-

1220 1659 1372 1709 gnificat
1397 1658 1452 1703 id,
1489 1658 1593 1709 quod
1620 1658 1753 1697 Cicero
1786 1659 2092 1706 instrumentum,

1219 1728 1361 1754 vocare
1397 1714 1502 1752 solet
1537 1715 1558 1753 i.
1592 1726 1626 1754 e.
1668 1719 1914 1766 apparatum,
1956 1716 2093 1756 instru-

1221 1775 1336 1816 ctum,
1351 1774 1535 1809 ornatum.
1560 1769 1722 1810 Frustra
1735 1772 1824 1810 huic
1847 1772 1950 1819 voci,
1977 1785 2093 1823 quam

1222 1829 1336 1866 etiam
1347 1826 1528 1865 Gulielm.
1543 1827 1579 1864 in
1590 1827 1719 1867 Veris.
1733 1827 1796 1867 ΠΙ.
1815 1832 1876 1868 13.
1897 1828 2094 1875 divinavst,

1222 1883 1435 1935 refragatur
1472 1883 1622 1922 Gruter.
1655 1884 1774 1936 Susp.
1797 1884 1832 1922 V
1837 1883 1863 1922 I.
1890 1888 1926 1925 3.
1950 1886 2096 1926 modus

1222 1940 1393 1979 retinens
1418 1953 1487 1990 pro
1513 1940 1643 1991 copia,
1668 1945 1709 1979 ut
1724 1942 1873 1991 passim
1892 1942 1928 1979 in
1946 1955 2019 1981 usu
2032 1943 2096 1988 sit,

1225 1996 1334 2034 cuius
1370 1999 1498 2034 tamen
1540 1996 1831 2047 significationis
1873 1998 2095 2050 exemplum

1226 2051 1407 2103 equidem
1439 2050 1586 2091 nullum
1615 2053 1754 2104 reperi.
1802 2053 1948 2093 Verum
1978 2058 2020 2093 ut
2043 2055 2097 2093 ita

1226 2110 1289 2155 sit,
1300 2108 1391 2160 quid
1401 2110 1470 2148 erit
1482 2108 1546 2147 hic
1559 2123 1709 2161 operae
1722 2111 1934 2150 messoriae
1947 2112 2098 2164 copia?

1226 2165 1369 2215 Neque
1406 2166 1506 2203 enim
1550 2179 1679 2217 opera
1720 2166 1914 2217 significat
1950 2168 2099 2208 instru-

1227 2227 1381 2267 menta3
1404 2226 1510 2260 recte
1525 2223 1637 2273 igitur
1648 2223 1821 2262 avundus
1835 2236 1999 2276 operae,
2013 2225 2099 2263 sive

1227 2280 1499 2323 instrumenta,
1537 2292 1792 2330 quaecunque
1821 2280 2015 2331 pertinent
2049 2280 2101 2319 ad

1223 2348 1442 2374 messorum
1456 2349 1556 2388 opus
1571 2339 1610 2373 et
1617 2336 1803 2375 actiones.
1817 2335 1936 2376 Immo
1947 2337 2101 2376 Gudius

1225 2391 1276 2431 ad
1300 2390 1471 2430 Phaedr.
1496 2391 1560 2430 IV.
1584 2396 1621 2432 4.
1647 2395 1774 2443 putat,
1799 2397 1996 2432 auctorem
2020 2394 2100 2433 imi-

1225 2452 1347 2486 tatum
1377 2461 1472 2486 esse
1509 2447 1689 2486 Plautum
1731 2461 1754 2486 e
1784 2448 2022 2496 Mercatore,
2058 2454 2101 2489 ut

1226 2503 1322 2556 legit
1346 2503 1375 2543 I.
1405 2510 1439 2545 1.
1467 2507 1531 2545 65.
1555 2504 1682 2544 medio
1709 2518 1833 2556 opere
1855 2507 1899 2546 ’ἰη
1923 2507 2102 2547 mundo

1227 2575 1283 2601 ru
1291 2577 1307 2601 s
1317 2562 1352 2599 ti
1361 2575 1382 2599 c
1392 2575 1415 2599 υ
1429 2575 1469 2600 se
1477 2562 1708 2601 exercitum.
1725 2560 2103 2612 [Allusissevidetur

1227 2616 1425 2668 Apuleius
1438 2616 1488 2655 ad
1502 2631 1561 2661 ea,
1587 2619 1736 2669 quaein
1751 2619 1875 2657 sacris
1888 2618 2101 2658 Eleusiniis

1228 2673 1444 2725 spectanda
1473 2674 1627 2712 initiatis
1651 2674 1955 2724 praebebantur,
1986 2689 2102 2727 quae-

1229 2743 1306 2781 que
1331 2731 1417 2781 ipse
1438 2731 1477 2768 in
1502 2729 1674 2782 Apolog.
1701 2734 1793 2770 418.
1820 2733 2012 2771 muudum
2035 2732 2102 2772 Ce-

1228 2788 1332 2826 'rerz's
1356 2786 1538 2826 nominat.
1574 2786 1758 2827 Blandus
1771 2787 1871 2825 enim
1886 2801 2002 2840 quum
2015 2802 2085 2840 pro

1227 2844 1312 2897 prie
1336 2846 1457 2880 totum
1481 2841 1651 2881 mulieris
1682 2841 1823 2881 cultum
1849 2847 2103 2896 ornatumque

1229 2899 1432 2951 significet,
1447 2899 1508 2938 hie
1522 2899 1775 2938 instrumenta
1787 2901 1838 2937 ita
1851 2901 2104 2950 nominantur,

1231 2969 1333 3006 qtme
1358 2968 1592 3007 quamquam
1616 2969 1692 2993 non
1718 2956 1849 2994 ordine
1875 2958 2042 3007 quodam
2063 2963 2104 2997 et

1230 3012 1423 3063 disposite
1447 3012 1553 3050 htuni
1576 3012 1719 3058 iacent,
1742 3015 1871 3051 tamen
1886 3013 1936 3051 ad
1950 3013 2103 3053 Cereris

1230 3082 1344 3107 sacra
1366 3070 1560 3120 pertinere
1582 3068 1824 3115 videbantur,
1849 3073 1889 3108 et
1913 3071 1964 3110 ita
1989 3072 2102 3122 quasi

1230 3125 1316 3163 eius
1340 3126 1513 3166 mundus
1536 3125 1679 3177 erant]
