2155 3590
659 162 848 204 LIBER
872 163 923 204 X.
982 163 1110 204 CAP.
1134 164 1301 206 XXIII.
1807 168 1888 210 943

91 274 212 316 insita
231 272 420 314 matribus
441 274 584 327 pietate
605 282 842 329 praeventa,
869 275 1034 316 descivit
1052 275 1100 315 ab
1119 275 1308 329 obsequio
1329 277 1480 329 mariti,
1507 290 1671 331 eamque
1693 277 1700 333 Ι
1720 279 1889 332 prodidit
1911 285 1977 320 723

91 330 233 372 vicinis
264 330 554 370 alumnandam.
615 330 898 385 Regressoque
919 330 926 386 Ι
944 331 1021 371 iam
1051 331 1192 371 marito
1218 339 1354 372 ⁴natam
1384 340 1640 388 necatamque
1671 334 1883 376 nuntiavit.
1911 340 2011 380 [250]

92 386 171 428 Sed
195 386 261 426 ubi
284 385 355 426 flos
380 385 520 426 aetatis
544 387 757 441 nuptialem
780 388 928 440 virgini
954 388 1053 428 diem
1077 388 1293 441 flagitabat,
1321 403 1394 429 nec
1418 389 1558 443 ignaro
1582 390 1724 430 marito
1749 391 1889 431 dotare

92 443 211 483 filiam
235 456 309 495 pro
334 442 529 482 natalibus
555 443 711 495 quibat,
739 444 841 496 quod
867 444 993 483 solum
1017 443 1164 497 potuit,
1191 444 1268 483 filio
1295 458 1366 484 suo
1391 446 1551 486 tacitum
1577 454 1771 487 secretum
1796 461 1887 502 ape-

92 498 188 539 ruit.
246 496 350 538 Nam
382 504 421 537 et
450 498 587 552 oppido
619 499 853 549 verebatur,
887 513 936 539 ne
968 513 1043 552 quo
1076 513 1170 539 casu
1195 499 1337 539 caloris
1362 500 1556 541 iuvenalis
1581 503 1726 555 impetu
1754 503 1886 557 lapsus

94 553 251 594 nescius
276 553 451 593 nesciam
476 568 655 594 sororem
679 555 917 595 incurreret.
980 556 1058 596 Sed
1082 555 1236 609 pietatis
1269 563 1469 610 spectatae
1500 557 1655 598 iuvenis
1687 565 1726 598 et
1750 560 1886 600 matris

94 609 323 662 obsequium
350 616 388 649 et
411 609 562 650 sororis
588 610 758 650 officium
783 610 970 664 religiose
996 611 1215 664 dispensat,
1243 618 1283 651 et
1306 612 1462 652 arcanis
1487 613 1622 653 domus
1647 615 1886 656 venerabilis

93 665 239 705 silentii
264 665 464 705 custodiae
488 666 668 718 tradidit,
695 666 886 721 plebeiam
912 666 1027 706 facile
1054 674 1166 707 tenus
1191 668 1450 722 praetendens
1475 668 1770 711 humanitatem.
1820 670 1886 712 Sic

94 781 219 810 matris
231 781 268 810 B.
282 783 364 810 teste
376 783 476 818 Elm.;
501 782 535 811 in
550 783 650 812 Modii
665 785 774 811 collat.
788 785 838 811 est
848 781 1036 819 matribus,
1061 785 1096 811 ut
1109 782 1144 811 in
1156 783 1192 811 F.
1210 784 1237 812 1.
1251 784 1283 812 3.
1297 785 1334 812 G.
1351 784 1379 812 1.
1394 785 1425 812 2.
1439 785 1474 813 Ο.
1487 785 1525 813 Ρ.
1550 781 1668 820 (etiam
1681 785 1715 814 in
1727 787 1888 821 excerptis

94 829 135 857 ad
149 834 248 862 marg.
262 827 311 855 ed.
327 826 432 863 Colv.)
447 835 476 861 p.
492 827 512 855 f.
526 824 555 856 δ.
569 831 599 856 et
613 829 683 857 edd.
703 831 779 857 ante
798 828 889 856 Colv.
914 830 953 856 In
971 831 1045 856 cett.
1067 827 1182 856 matri.
1231 829 1293 856 Pro
1307 831 1498 864 praeventa
1522 830 1678 858 Brantius
1702 831 1781 865 legit
1800 839 1888 867 prae

95 880 205 900 versa.
240 872 304 900 Sed
328 871 370 900 cf.
390 872 476 900 Prie.
495 873 537 901 ad
554 875 631 902 Met.
650 873 704 902 IX.
723 880 752 906 p.
773 873 849 902 671.
876 875 1138 909 ,praeventus
1163 871 1355 901 vulneribus
1373 882 1400 902 s.
1420 877 1610 908 occupatus.
1658 873 1781 902 desivit
1797 878 1835 904 G.
1858 878 1886 906 1.

92 919 206 946 Vellet.
221 918 250 945 2.
298 915 477 953 aboseqm'o
491 919 528 945 G.
544 919 572 946 1.
619 919 841 953 necatamque
854 919 892 946 D.
915 919 1154 954 motatumque
1168 919 1204 955 B.
1239 921 1462 957 necatamque
1469 918 1618 955 puellam
1632 919 1721 949 Colv.
1735 928 1777 949 ex
1789 921 1889 950 inter-

93 962 213 991 lineari
230 961 381 996 Lipsiani
400 961 523 990 codicis
542 964 655 996 glossa
673 966 789 991 temere
809 962 941 991 intrusit
959 966 1072 991 contra
1091 963 1231 996 reliquos
1246 964 1353 998 codd,
1379 959 1473 998 quem
1487 965 1681 994 recentiores
1693 966 1799 994 secuti
1812 970 1889 994 sunt

93 1010 220 1042 praeter
232 1006 372 1034 Scriver.
388 1009 417 1034 et
430 1007 612 1036 Pricaeum.
635 1009 724 1036 Male
737 1014 812 1035 vero
826 1007 968 1036 Scriver.
982 1009 1022 1035 ab
1034 1008 1118 1036 Elm.
1133 1007 1285 1042 deceptus
1298 1008 1397 1036 edidit
1410 1011 1567 1036 necatam
1579 1017 1677 1037 nunc.
1695 1011 1775 1038 Nam
1789 1018 1887 1046 copu-

93 1054 160 1080 lam
179 1058 241 1088 que
260 1054 442 1086 agnoscunt
460 1059 570 1080 omnes
589 1053 679 1081 codd.
726 1050 900 1079 nuntiavit
916 1052 952 1080 F.
967 1052 997 1080 3.
1019 1053 1055 1080 G.
1072 1053 1099 1081 1.
1114 1053 1144 1079 2.
1157 1053 1194 1080 Ρ.
1207 1053 1241 1080 Ο.
1262 1053 1299 1081 B.
1313 1060 1342 1087 p.
1357 1049 1385 1081 δ.
1406 1054 1477 1082 edd.
1490 1056 1567 1082 vett.
1582 1062 1686 1088 usque
1699 1056 1740 1083 ad
1754 1055 1843 1085 Colv.
1857 1060 1889 1084 et

94 1097 130 1125 F.
154 1098 181 1124 l.
202 1099 282 1124 teste
300 1097 384 1124 Elm.
407 1096 451 1124 At
470 1096 505 1124 in
525 1098 599 1125 coll.
617 1097 834 1132 Lindenbrog.
855 1096 936 1124 nihil
954 1096 1127 1125 varietatis
1146 1105 1164 1125 e
1182 1097 1218 1125 F.
1234 1098 1263 1125 1.
1282 1100 1313 1125 et
1331 1099 1362 1126 2.
1381 1100 1544 1127 enotatum
1559 1102 1624 1135 est,
1650 1103 1684 1128 ut
1702 1099 1752 1128 illi
1765 1107 1890 1135 quoque

94 1139 278 1169 nuntiabat
288 1142 395 1175 legere
407 1140 594 1178 videantur,
620 1141 686 1169 nisi
699 1144 757 1169 hoc
770 1141 876 1175 potius
888 1141 1103 1177 Lindenbrog.
1117 1141 1338 1176 negligentiae
1357 1142 1521 1171 tribueris.
1545 1145 1583 1172 In
1595 1145 1634 1172 D.
1649 1147 1699 1172 est.
1716 1144 1888 1174 Jzez'tz'am't.

95 1188 134 1215 In
146 1189 218 1214 cett.
231 1184 423 1214 nuntiabat.
449 1185 587 1222 quz'ebat
599 1187 672 1213 αἱ).
685 1187 724 1214 D.
750 1184 914 1222 querebat
921 1187 960 1213 D.
975 1193 1037 1222 que
1049 1192 1104 1219 pro
1119 1184 1208 1222 quod
1218 1188 1255 1215 G.
1266 1188 1294 1214 1.
1303 1187 1339 1215 Ο.
1363 1194 1423 1214 sno
1436 1195 1500 1216 non
1513 1192 1561 1216 est
1574 1188 1608 1217 in
1621 1189 1655 1217 Ο.
1682 1188 1824 1217 tacitum
1837 1197 1889 1218 se-

94 1228 309 1266 cretumfilio
323 1237 382 1258 suo
397 1229 531 1265 aperuit
545 1231 931 1265 p.edd.vett.Colin.Bas.
944 1231 970 1259 l.
984 1232 1032 1258 De
1046 1231 1154 1259 tacitis
1167 1232 1308 1259 secretis
1322 1232 1393 1260 sive
1406 1233 1553 1261 tacendis
1567 1233 1699 1262 arcanis
1713 1234 1753 1262 cf.
1762 1236 1803 1262 ad
1812 1238 1887 1264 Met.

95 1277 150 1304 v1.
167 1277 280 1310 p.385.
305 1273 470 1302 iuvenalis
483 1275 559 1303 F.3.
573 1278 604 1303 et
620 1276 648 1303 1.
664 1278 744 1303 teste
758 1276 841 1303 Elm.
865 1273 1006 1302 iuvenili
1016 1276 1051 1304 G.
1065 1276 1097 1303 2.
1110 1277 1147 1303 L.
1161 1275 1181 1304 f.
1197 1272 1230 1307 ὃ.
1240 1277 1279 1306 D.
1303 1275 1454 1304 iuvenali
1470 1278 1507 1306 F.
1523 1278 1552 1306 1.
1566 1277 1600 1306 in
1614 1279 1776 1314 excerptis
1793 1280 1888 1308 Lind.

95 1321 131 1348 G.
149 1321 176 1348 1.
191 1321 227 1348 Ο.
250 1321 288 1347 In
299 1322 372 1347 cett.
386 1317 551 1348 iuvenilis.
597 1317 783 1346 nescientia
802 1321 840 1348 R.
856 1319 876 1348 f.
923 1321 1074 1355 spectate
1089 1319 1294 1356 praeteritis
1312 1322 1348 1349 B.
1396 1323 1573 1357 spectatae
1589 1321 1730 1359 pietatis
1749 1324 1889 1353 Scriver-

89 1365 205 1400 pi'etas
219 1372 249 1398 p.
296 1362 470 1400 sanguinis
489 1363 544 1391 sm·
560 1370 679 1391 munus
699 1371 755 1398 pro
774 1366 809 1391 et
825 1363 954 1391 sororis
975 1362 1123 1399 officium
1135 1365 1171 1393 F.
1187 1366 1218 1393 1.
1237 1369 1271 1394 at
1290 1366 1324 1394 in
1342 1372 1444 1401 marg.
1467 1366 1599 1395 sarm-is
1619 1363 1784 1403 officium.
1809 1370 1889 1398 Oud.

94 1415 263 1444 perperam
275 1410 335 1437 hoc
350 1411 382 1436 ut
396 1415 413 1437 e
425 1409 460 1436 F.
472 1410 504 1437 2.
520 1408 610 1444 citat,
624 1415 664 1437 ac
676 1408 784 1436 matri
795 1411 826 1437 et
833 1407 935 1444 patri
947 1410 1119 1444 legendum
1132 1415 1206 1438 esse
1219 1410 1369 1444 praefert.
1406 1413 1442 1437 et
1454 1416 1584 1439 orcana
1596 1413 1632 1440 Β.
1647 1415 1729 1442 teste
1741 1414 1890 1443 ‘Wowen

95 1452 171 1488 (qui
194 1454 266 1482 sine
284 1453 380 1482 dubio
399 1456 635 1487 typothetarum
647 1461 735 1482 error
748 1456 812 1490 est,
838 1457 871 1481 ut
889 1453 922 1481 in
943 1461 1031 1488 seqq.
1051 1452 1177 1490 statim)
1202 1462 1257 1489 pro
1278 1458 1314 1482 ec
1331 1461 1482 1493 arcana,
1507 1463 1590 1490 quae
1608 1458 1704 1486 lectio
1723 1461 1773 1486 est
1791 1458 1890 1487 etiam

94 1500 206 1527 wow.
226 1498 366 1527 Scriver.
385 1498 523 1527 Florid.:
542 1500 624 1527 Elin.
640 1499 673 1527 in
691 1502 843 1527 contextu
856 1500 952 1527 habet
965 1498 1123 1533 areanis,
1148 1502 1181 1527 at
1200 1499 1234 1528 in
1253 1500 1370 1528 erratis
1390 1500 1523 1535 corrigit
1536 1508 1679 1530 arcana.
1706 1503 1888 1531 arcam'a'O.

95 1542 236 1571 arcanis
261 1542 359 1578 (Oud.
374 1542 530 1578 orcam's)
544 1543 672 1577 plurimi
686 1544 775 1571 codd.
789 1546 819 1572 et
833 1544 903 1571 edd.
917 1546 992 1572 ante
1006 1543 1097 1572 Colv.
1122 1541 1254 1572 arches
1266 1545 1305 1573 D.
1353 1543 1541 1573 custodiam
1553 1547 1590 1574 L.
1604 1547 1642 1575 R.
1656 1543 1686 1575 ὃ.
1700 1548 1735 1576 Ρ.
1749 1548 1844 1576 Vulc.
1859 1549 1889 1576 2.

96 1587 229 1616 custodi
244 1589 344 1625 Elm.,
368 1591 547 1617 correctum
565 1588 650 1616 inter
667 1595 791 1617 errores
809 1594 978 1623 operarum
1001 1589 1035 1618 in
1054 1585 1245 1628 custodiae,
1276 1590 1361 1624 quod
1379 1594 1451 1620 cett.
1470 1591 1559 1620 codd.
1583 1595 1615 1620 et
1634 1592 1704 1621 edd.
1724 1595 1890 1628 praebent.

94 1632 238 1669 plebium
251 1634 328 1661 Bas.
344 1634 357 1660 1
366 1654 373 1662 .
387 1633 480 1662 Colv.
491 1634 576 1662 Elm.
589 1631 742 1669 plebeam
756 1634 792 1662 G.
807 1635 838 1661 2.
851 1634 891 1662 D.

98 1744 214 1782 quam
249 1729 352 1769 Oud.
388 1730 555 1777 videtur,
602 1730 651 1769 cf.
686 1731 737 1769 ad
771 1730 868 1769 Met.
899 1729 963 1769 ΠΙ.

99 1802 134 1839 p.
152 1792 202 1827 17
207 1790 244 1827 9.
285 1786 372 1837 Ego
395 1787 507 1837 igitur
531 1787 584 1825 ita
608 1786 790 1825 emendo:
814 1792 865 1826 at
888 1788 964 1826 illa

94 1857 203 1897 prae
226 1843 412 1882 absentia
432 1844 595 1888 mariti,
633 1843 772 1882 necari
800 1842 865 1880 vel
895 1856 964 1882 ne-

99 1913 195 1940 care
205 1898 386 1950 puellam
399 1899 461 1936 vel
474 1900 619 1938 *necari
631 1903 770 1938 natam
780 1899 965 1950 puellam

100 1956 221 1994 insita
244 1955 440 1994 matribus
462 1956 615 2006 pietate
632 1959 868 2006 praet-enta,
894 1955 963 1993 de-

100 2012 217 2051 scivit
256 2011 308 2049 ab
349 2011 542 2063 obsequio
581 2011 721 2049 ma‘n'tt'
767 2010 789 2049 i.
828 2023 861 2048 e.
898 2010 966 2049 illa

102 2066 305 2117 impedita,
332 2066 506 2116 puellam
538 2068 712 2115 (natam)
744 2079 884 2105 necare
914 2067 964 2104 ob

101 2123 253 2161 insitam
276 2123 702 2173 maternampietatem,
726 2126 883 2174 propter
901 2123 965 2161 ab·

102 2178 268 2216 sentiam
291 2179 412 2216 mariti
437 2179 668 2229 obsequium
698 2192 772 2217 non
803 2179 964 2230 praesti—

101 2235 145 2273 tit
169 2247 344 2285 eamque.
358 2234 547 2285 prodidit.
561 2265 570 2273 .
582 2264 593 2273 .
609 2231 644 2288 .]

157 2291 281 2329 insita
298 2291 508 2330 matribus.
566 2290 616 2328 'Si
641 2292 677 2329 in
703 2289 805 2329 Mss.
832 2303 965 2330 exara-

104 2352 182 2385 tum
213 2350 323 2384 esset
346 2347 490 2392 ‘iamt-i,
528 2345 632 2385 Oud.
656 2346 695 2385 id
721 2359 965 2397 nequaquam

103 2403 350 2448 sollicitaret,
388 2402 593 2440 defensum
622 2415 646 2440 a
669 2402 799 2441 Burm.
831 2404 867 2440 in
892 2402 967 2441 Mi-

102 2458 214 2497 scell.
238 2458 407 2497 observ.
431 2457 475 2496 II.
501 2471 539 2509 p.
560 2461 665 2504 399„
689 2459 787 2497 satis
812 2471 967 2509 gnaruS,

104 2527 228 2566 saepe
256 2519 438 2559 matrem,
466 2519 631 2566 patrem
659 2515 761 2553 sumi
790 2527 859 2565 pro
888 2528 967 2553 ma-

103 2575 212 2610 terno
238 2574 451 2622 paternove
477 2570 602 2608 animo
632 2570 697 2608 vel
730 2570 968 2622 singularem

101 2639 299 2666 numerum
320 2626 492 2665 adhiberi
512 2627 562 2664 de
574 2629 654 2665 toto
667 2640 824 2678 genere.
842 2626 966 2665 ‘Istam

103 2684 204 2722 enim
233 2682 419 2734 pietatem
449 2681 624 2721 omnibus
653 2683 840 2722 matribus
874 2694 969 2722 esse

103 2751 367 2784 communem,
394 2738 449 2777 ¹cf.
476 2738 574 2778 Met.
605 2738 671 2778 IV.
696 2752 732 2790 p.
759 2742 852 2779 269.
889 2738 967 2777 Im—

103 2795 232 2835 manis
265 2808 404 2834 ursae
428 2808 656 2834 numerum.
710 2794 781 2847 [cf.
809 2794 967 2834 Ruhnk.

106 2851 158 2889 ad
180 2849 339 2889 Heroid.
362 2849 457 2890 XX.
483 2855 576 2891 218.
606 2851 641 2889 si
668 2851 793 2890 modo
819 2856 969 2890 mater

106 2907 202 2951 erit3
231 2906 289 2946 =ad
315 2906 480 2945 Sueton.
511 2906 625 2945 Caes,
657 2920 690 2946 c.
723 2911 757 2947 1.
779 2920 823 2957 1p.
857 2910 892 2947 6.
916 2911 969 2945 et

100 2975 204 3013 >prae
227 2963 367 3000 ceteris
383 2961 494 3002 cort.
518 2963 569 3001 ad
591 2961 739 3001 Lucan.
764 2961 791 3001 I.
816 2963 928 3015 ·1·3i.]

158 3019 365 3070 prodidit.
431 3019 483 3071 [i.
519 3032 553 3057 e.
588 3017 742 3065 ἐξέδωκε
777 3018 824 3057 cf.
860 3016 967 3069 Virg.

107 3073 210 3112 Aen.
234 3072 322 3113 ΧΠ.
347 3078 410 3114 42.
441 3076 475 3113 εἰ
499 3076 556 3114 acl
579 3080 743 3114 mortem
767 3079 805 3113 te
823 3076 970 3126 prodi-

107 3129 247 3169 derim.
311 3130 516 3170 'Prodidit
546 3132 686 3182 posuit
726 3130 812 3169 sine
852 3130 969 3170 dubio

1020 1730 1160 1782 Aput,
1202 1731 1308 1783 quod
1342 1732 1509 1772 officium
1544 1735 1681 1774 marito
1717 1735 1888 1776 debitum

1021 1788 1159 1826 mu'lier
1183 1789 1428 1840 violaverat]
1746 1825 1749 1827 ,
1799 1822 1802 1826 .

1077 1845 1274 1884 iuvenalis
1296 1845 1449 1896 impeta
1474 1845 1624 1897 lapsus.
1670 1845 1769 1885 Cum
1787 1847 1889 1887 Elm.

1020 1903 1062 1937 et
1073 1900 1122 1938 V.
1134 1900 1188 1939 l).
1203 1901 1238 1938 in
1253 1900 1426 1940 Miscell.
1452 1900 1497 1941 T.
1508 1901 1557 1940 11.
1583 1902 1675 1942 vol.
1688 1902 1734 1942 ll.
1748 1907 1891 1955 p 399.

1021 1954 1124 1994 Oud.
1155 1957 1258 1994 bene
1287 1958 1489 2008 rescripsit
1523 1959 1737 2006 iuvenalis,
1773 1973 1890 2010 quum

1022 2013 1139 2050 ceteri
1159 2013 1396 2063 interpretes
1421 2014 1517 2052 inter
1546 2016 1757 2065 scripturas
1783 2018 1890 2056 'im-e-

1022 2068 1110 2106 nali
1139 2072 1179 2106 et
1209 2070 1376 2109 iuvenili
1400 2073 1444 2108 *et
1478 2070 1664 2110 iuvenilis
1698 2071 1889 2111 fluctuent.

1024 2122 1167 2162 Crebro
1203 2125 1262 2162 sic
1302 2126 1340 2163 in
1375 2124 1591 2176 Apollinar.
1636 2126 1772 2168 Sidon.
1814 2128 1891 2179 legi

1023 2179 1127 2218 idem
1151 2180 1328 2227 adnotat,
1353 2185 1399 2220 ut
1422 2181 1550 2233 Epist.
1573 2181 1641 2221 IV.
1670 2187 1731 2224 1'3.
1757 2183 1825 2224 IX.
1846 2189 1889 2226 26.

1022 2235 1053 2275 I.
1084 2239 1120 2276 2.
1169 2236 1217 2275 cf.
1248 2236 1335 2275 Intt.
1367 2237 1417 2276 ad
1447 2237 1555 2288 Virg.
1586 2238 1686 2278 Aen.
1718 2239 1766 2280 ll.
1797 2246 1889 2281 518.

1021 2291 1070 2329 V.
1102 2296 1196 2332 475.
1244 2291 1359 2332 Ovid.
1390 2293 1488 2332 Met.
1517 2292 1570 2333 X.
1599 2299 1696 2336 675.
1743 2296 1811 2336 Dr.
1841 2298 1892 2335 ad

1023 2347 1094 2386 Sil.
1118 2347 1165 2386 ΙΙ.
1191 2352 1283 2389 312.
1325 2349 1383 2387 ad
1411 2349 1497 2388 Liv.
1526 2349 1828 2393 XXXV11.20.
1853 2358 1892 2394 5.

1019 2403 1210 2443 nardulo.
1235 2405 1285 2444 ad
1306 2403 1408 2444 Ptin.
1433 2405 1537 2445 Hist.
1559 2406 1652 2446 Nat.
1674 2406 1891 2449 XXX11.2.

1026 2459 1186 2500 Sueton.
1218 2462 1254 2499 in
1281 2460 1401 2512 Calig.
1428 2475 1459 2501 c.
1490 2467 1551 2502 17.
1601 2462 1676 2515 [cf.
1710 2463 1889 2515 Fulgent.

1026 2515 1173 2555 Contin.
1197 2516 1306 2568 Virg.
1331 2531 1370 2568 p.
1386 2522 1482 2559 752.
1501 2517 1608 2557 Stav.
1633 2518 1718 2558 Intt.
1733 2520 1783 2558 ad
1798 2519 1892 2560 Tac.

1022 2571 1127 2612 Ann.
1149 2571 1260 2611 XIV.
1280 2577 1341 2614 15.
1367 2573 1397 2623 ᾗ.
1419 2579 1455 2615 3.
1481 2579 1521 2613 et
1543 2574 1635 2614 XV.
1653 2579 1718 2615 33.
1739 2575 1769 2625 §.
1788 2580 1821 2616 1.
1841 2577 1891 2615 ad

1019 2627 1134 2667 Fest.
1150 2643 1194 2680 Ρ.
1208 2633 1301 2670 454.
1324 2629 1505 2669 Lindem.
1528 2629 1656 2670 Bentl.
1683 2631 1733 2670 ad
1756 2631 1891 2672 Horat.

1019 2684 1152 2723 Set-m.
1175 2683 1219 2723 ll.
1244 2688 1282 2725 6.
1310 2689 1402 2726 108.
1427 2686 1590 2737 Rupert.
1615 2690 1655 2725 et
1678 2687 1815 2727 Heins.
1840 2689 1892 2727 ad

1015 2739 1194 2779 ‘IuvenaL
1225 2739 1296 2780 XJ.
1326 2745 1365 2782 5.
1393 2755 1434 2793 p.
1464 2747 1559 2783 412.
1604 2742 1732 2782 Doed.
1765 2744 1891 2795 Syno-

1025 2809 1128 2847 nym.
1165 2796 1211 2834 T.
1242 2797 1292 2836 V.
1328 2811 1368 2849 p.
1396 2801 1465 2838 49.
1512 2798 1576 2837 De
1612 2800 1806 2838 sententia
1841 2799 1891 2839 cf.

1016 2851 1165 2891 zHeins.
1198 2852 1366 2892 Advers.
1401 2853 1466 2891 1111.
1500 2858 1569 2895 15.
1605 2868 1644 2905 p.
1672 2860 1776 2896 ¹520.
1828 2856 1892 2894 De

1025 2922 1123 2947 voce
1159 2908 1298 2960 lapsas
1332 2909 1478 2949 Deder.
1508 2911 1560 2949 ad
1587 2910 1690 2950 Dict.
1722 2911 1809 2950 Crit.
1839 2911 1888 2951 Π.

1027 2967 1093 3005 49..
1132 2964 1322 3003 «(Ξίοεεειτ.
1345 2978 1383 3016 p.
1409 2966 1521 3018 31o‚]

1097 3021 1270 3060 arcanis
1306 3049 1315 3059 .
1336 3051 1345 3059 .
1365 3049 1374 3059 .
1396 3051 1406 3060 .
1442 3022 1653 3062 custodiae
1697 3023 1890 3066 tradidit.

1020 3075 1124 3114 Cum
1158 3076 1193 3113 in
1230 3075 1429 3127 plerisque
1469 3077 1582 3116 codd.
1619 3081 1659 3117 et
1687 3079 1774 3118 edd.
1799 3085 1890 3120 ante

1029 3131 1204 3170 Colvium
1229 3132 1378 3184 legatur
1401 3135 1566 3173 arcanis
1591 3138 1636 3173 ,et
1665 3138 1889 3183 custodiae,
