2155 3590
554 159 744 200 LIBER
773 159 889 201 VIII.
951 159 1077 200 CAP,
1108 159 1250 200 XXII.
1278 159 1445 199 XXIII.
1811 158 1893 202 715

103 275 218 316 simul
249 274 398 315 dulcem
430 288 476 315 ac
505 274 692 314 mellitum
725 273 900 328 corporis
932 273 1107 314 nidorem
1138 268 1450 327 persentiscunt,
1483 271 1614 327 parvis
1647 272 1798 326 quidem
1825 273 1893 313 sed

104 331 322 372 numerosis
348 338 386 371 et
417 330 611 371 continuis
644 331 919 372 morsiunculis
957 329 1109 384 penitus
1145 329 1419 379 inhaerentes,
1459 342 1528 382 per
1562 329 1670 383 longi
1707 329 1893 383 temporis

102 387 315 428 cruciatum
333 387 388 427 ita
409 387 591 428 carnibus
611 394 726 440 atque
746 387 840 440 ipsis
859 386 1077 427 visceribus
1097 384 1247 435 adesis,
1276 384 1431 424 homine
1447 392 1691 439 consumpto,
1719 385 1894 425 membra

103 445 319 494 nudarunt,
351 450 395 483 ut
423 457 513 484 ossa
544 450 692 484 tantum
724 443 883 485 viduata
913 442 1038 498 pulpis
1071 441 1197 482 nitore
1228 440 1348 481 nimio
1381 442 1587 481 candentia
1622 443 1801 482 funestae
1829 456 1894 482 co-

101 500 311 541 haererent
334 499 481 541 arbori.

602 695 639 743 C
698 696 743 742 A
801 695 838 741 P
897 695 940 742 U
998 694 1042 740 Τ
1145 693 1386 740 XXIII.

215 827 300 869 Hac
325 842 477 883 quoque
502 827 721 869 detestabili
747 829 907 868 deserta.
927 826 1152 878 mansione,
1187 839 1361 880 paganos
1395 825 1434 865 in
1465 839 1617 866 summo
1641 825 1749 865 luctu
1773 826 1893 866 relin-

101 967 206 996 semel
220 976 276 1003 pro
295 967 397 996 simul
412 965 440 997 ὃ.
489 966 584 996 dulce
597 970 634 998 P.
681 968 823 996 nitorem
844 969 879 997 G.
901 970 930 996 1.
953 968 1029 997 Bas.
1054 968 1144 996 Colv.
1170 969 1269 996 Merc.
1282 968 1378 996 Vulc.
1391 968 1423 996 2.
1465 966 1742 1002 praesentiscune
1760 967 1797 994 G.
1811 968 1841 994 2.
1856 968 1897 995 D.

98 1012 255 1049 parvulis
269 1010 298 1043 ὃ.
345 1012 477 1042 sednon
492 1018 651 1049 comparet
666 1014 699 1042 in
714 1015 748 1042 G.
766 1015 794 1042 1.
810 1015 840 1043 2,
856 1015 891 1042 P.
907 1015 941 1042 0.
955 1014 994 1042 D.
1031 1011 1288 1040 morsz'cuuculis
1301 1013 1430 1041 Tollius
1444 1012 1568 1040 maluit.
1595 1011 1637 1040 cf.
1653 1013 1759 1040 Plaut.
1773 1012 1895 1041 Pseud.

101 1060 123 1087 1.
145 1060 174 1087 1.
195 1061 248 1088 65.
274 1057 388 1087 molles
406 1058 665 1088 nmrsr‘unculae.
711 1059 891 1086 inm-antes
911 1067 966 1094 pro
984 1056 1198 1085 inhaerentes
1216 1059 1372 1086 Branlius
1397 1064 1562 1091 perperam
1581 1057 1709 1085 omnino
1733 1059 1762 1085 et
1787 1057 1897 1092 inepte

103 1104 251 1133 coniecit.
293 1103 452 1142 perlongi
465 1105 623 1141 [emptu-is
636 1103 792 1132 cruciatu
806 1105 841 1132 F.
860 1105 887 1132 1.
934 1102 1044 1130 obesis
1059 1105 1094 1132 G.
1111 1105 1140 1131 ¹1.
1154 1105 1184 1131 2.
1198 1104 1233 1131 Ρ.
1248 1105 1284 1131 L.
1298 1100 1327 1132 ὃ.
1344 1103 1364 1131 f.
1390 1101 1482 1130 absis
1495 1103 1533 1130 D.
1582 1100 1738 1129 adesr'rme
1751 1100 1895 1129 bominis

102 1149 137 1177 B.
154 1153 233 1177 teste
245 1150 328 1178 Elm.
354 1151 416 1178 Sed
429 1149 622 1184 simpliciter
634 1153 720 1178 extat
734 1147 890 1176 ades-Ione
903 1156 958 1183 pro
973 1147 1083 1176 adesis
1097 1146 1238 1176 ltmm‘ne.
1285 1146 1439 1175 membris
1454 1145 1627 1174 nudarunt
1643 1147 1664 1176 f.
1684 1148 1717 1175 in
1732 1148 1896 1182 excerptis

104 1195 215 1223 Roald.
229 1195 308 1223 Oud.
322 1202 362 1223 ex
377 1195 397 1223 f.
411 1198 440 1223 et
453 1189 490 1223 R.
506 1194 584 1229 legit
597 1194 745 1221 membra
757 1192 898 1222 nudant.
945 1196 980 1219 et
992 1194 1111 1222 σεε-(10.
1161 1195 1293 1221 tantum.
1308 1193 1342 1222 F.
1359 1195 1387 1222 i.
1403 1194 1433 1222 ³.
1449 1194 1484 1220 G.
1501 1194 1529 1220 1.
1546 1193 1575 1221 2.
1588 1194 1626 1221 R.
1643 1191 1664 1221 f.
1679 1194 1713 1222 Ο.
1728 1200 1757 1228 p.
1771 1189 1800 1222 δ.
1814 1193 1850 1221 Β.
1866 1196 1898 1221 et

101 1240 172 1268 edd.
196 1243 273 1268 vett.
297 1239 478 1268 Basiliensi
503 1240 625 1273 priores
650 1242 777 1273 legunt,
804 1240 886 1272 quod
912 1241 992 1267 bene
1016 1240 1099 1267 Elm.
1125 1242 1154 1267 et
1182 1239 1336 1267 Pricaeus
1363 1238 1585 1267 vindicarunt.
1608 1239 1645 1266 In
1671 1241 1744 1266 cett.
1771 1240 1895 1266 tamen.

101 1284 213 1311 nitore
225 1283 337 1312 am'mo
351 1285 386 1314 P.
412 1283 524 1312 nitore
536 1282 719 1312 candentia
732 1283 832 1311 nimio
849 1284 869 1313 f.
909 1283 1059 1323 funesta
1072 1286 1111 1313 D.
1159 1281 1359 1311 caueret-ent
1370 1285 1408 1312 Ι).

101 1406 249 1444 tramite
267 1405 482 1456 procedunt
501 1418 692 1456 suamque
711 1409 869 1443 serrant
894 1405 970 1442 cal-

103 1462 189 1500 lem.
239 1460 317 1500 lam
348 1465 477 1500 autem
507 1463 780 1514 scaturriyini
812 1462 970 1512 egregie

102 1519 280 1558 convenit
317 1519 447 1570 inyis,
490 1519 594 1569 quod
635 1519 772 1557 crebro
808 1519 971 1567 iungitur

105 1588 242 1626 aquae,
269 1574 363 1613 fonti
389 1574 438 1614 al.
464 1575 510 1613 cf.
537 1574 641 1615 Oud.
665 1575 713 1613 ad
740 1574 834 1613 Hirt.
855 1574 900 1613 B.
922 1574 968 1613 G.

103 1631 206 1670 Vlll.
220 1636 280 1673 16.
294 1631 466 1671 Miscell.
480 1631 814 1670 Observ.Vol.Vl.
826 1646 861 1683 p.
874 1635 966 1672 564.

106 1687 207 1741 [Intt.
245 1688 294 1726 ad
332 1687 463 1727 Horat.
501 1687 628 1740 Epist.
655 1687 681 1726 I.
712 1693 773 1728 15.
804 1692 865 1727 10.
907 1687 970 1725 De

105 1745 346 1784 formicarum
372 1745 585 1784 sedulitate
615 1745 662 1784 ct'.
691 1757 791 1795 quae
817 1745 892 1782 dixi
920 1745 969 1782 ad

104 1801 198 1840 Met.
214 1800 281 1840 Vl.
307 1814 341 1853 p.
369 1805 462 1842 400.
494 1806 532 1839 et
563 1800 692 1840 Burin.
726 1801 773 1839 ad
811 1801 968 1839 Anthol.

105 1857 194 1896 Lat.
220 1857 264 1896 Τ.
290 1857 335 1895 Il.
364 1871 403 1909 p.
429 1859 544 1911 455]

159 1915 379 1954 viss-eribus
415 1915 558 1953 adesis.
608 1914 712 1952 Nihil
747 1914 968 1952 mutandum

106 1975 167 2009 est
191 1972 228 2009 in
255 1969 326 2008 bac
352 1971 535 2016 lectione,
561 1976 601 2009 ut
626 1970 807 2009 Brantius
834 1970 966 2015 voluit,

107 2028 271 2067 ambesis
302 2027 365 2064 vel
394 2028 520 2066 obesis
554 2027 702 2077 legens.
764 2026 969 2077 Frequens

111 2084 215 2121 enim
242 2083 309 2122 illa
332 2084 367 2121 in
395 2084 549 2134 scriptis
575 2084 785 2126 aberratio,
810 2088 851 2121 ut
876 2081 971 2122 Met.

109 2139 176 2178 IX.
188 2152 222 2190 p.
234 2144 277 2180 61
291 2143 324 2179 7.
339 2140 563 2192 palpebras
576 2154 601 2178 α
611 2141 691 2178 des
701 2142 726 2177 i.
742 2140 788 2178 cl'.
799 2139 971 2178 Broukh.

110 2196 159 2235 ad
184 2195 301 2247 Prop.
329 2195 394 2234 lv.
423 2200 457 2236 7.
485 2199 520 2236 9.
547 2197 595 2234 ad
621 2196 781 2235 Nemes.
807 2196 875 2235 IV.
906 2201 968 2236 11.

109 2252 242 2291 Heius.
257 2252 305 2289 ad
322 2251 434 2290 Ovid.
449 2253 582 2291 Amor.
601 2251 626 2292 I.
645 2258 705 2293 15.
723 2258 786 2292 41.
814 2252 900 2290 Nec
915 2267 974 2291 as-

109 2309 350 2347 sentiendum
366 2312 427 2347 est
441 2309 567 2346 eidem
582 2309 631 2348 ad
641 2309 753 2347 Ovid.
767 2309 919 2348 MetXl
927 2309 973 2348 V.

110 2370 222 2410 208..
248 2378 296 2403 ex
322 2365 406 2403 cod.
433 2365 535 2403 Bert.
564 2366 728 2404 lectione
754 2366 974 2404 emendanti

112 2423 272 2461 omnino
293 2427 533 2474 consumpta
554 2423 727 2461 membra
751 2423 973 2463 nudarunt.

110 2478 211 2517 Nam
233 2490 401 2529 quaeso,
428 2479 622 2528 quomodo
636 2483 802 2530 possunt
821 2480 975 2518 nudari

110 2535 300 2579 membra,
327 2547 427 2585 quae
453 2541 690 2587 (Ὄφις-Μυρὼ
716 2536 830 2574 sunt?
856 2535 972 2582 Quod

110 2592 143 2630 si
157 2592 330 2630 membra
346 2592 445 2629 bene
459 2605 505 2629 se
521 2592 679 2637 habeat,
704 2592 973 2643 coniungenda

110 2652 201 2686 sunt
219 2649 409 2687 ‹rarm‘bus
428 2653 466 2686 et
487 2649 700 2688 else-eribus
715 2649 848 2688 adesis·
862 2663 972 2687 mem·

113 2706 185 2744 bra
209 2706 421 2744 nudarunt
443 2705 528 2742 sive
549 2709 652 2743 artus
672 2705 893 2758 spoliabant
913 2706 971 2752 iis,

114 2773 345 2811 quamquam
372 2760 474 2799 Oud.
501 2762 678 2800 dictionis
709 2760 973 2800 difficultatem

112 2817 287 2855 sentiens
301 2818 498 2856 hominem
509 2823 784 2869 consumptum
798 2819 979 2858 membris

116 2874 325 2913 nudarunt
337 2875 500 2919 coniicit,
526 2879 567 2911 ut
580 2888 649 2925 per
662 2875 858 2913 hominem
874 2876 978 2927 Apu-

117 2929 215 2967 leius
235 2931 468 2969 intellexerIt
490 2945 603 2970 omne
624 2932 824 2983 quicquid
844 2933 981 2970 carnis

117 2990 192 3031 σείς
205 2985 291 3024 coll.
300 2986 444 3025 Lucan.
454 2987 617 3029 lXJ769.
629 2987 741 3025 Mart.
749 2987 798 3025 de
808 2987 981 3038 Spect.7.

118 3041 199 3093 [De
223 3043 400 3083 adedere
424 3043 471 3082 cf.
497 3043 581 3083 Intt.
607 3043 654 3081 ad
671 3042 786 3082 ovid.
802 3044 898 3083 Met.
912 3043 982 3084 XI.

120 3101 212 3138 783.
245 3097 344 3138 Cort.
370 3100 419 3138 ad
444 3099 590 3139 Lucan.
606 3099 673 3139 VI.
702 3104 792 3142 267.
830 3100 980 3139 Locum

119 3155 222 3206 prius
247 3156 319 3193 iam
346 3155 574 3195 defenderat
599 3156 699 3194 Oud.
720 3157 754 3194 in
772 3153 882 3195 Misc.
899 3156 979 3196 Ob—

1029 1417 1128 1443 serv.
1157 1404 1245 1442 Vol.
1272 1403 1334 1442 III.
1362 1403 1406 1442 T.
1425 1403 1449 1443 l.
1474 1416 1512 1454 p.
1532 1407 1621 1443 135.
1650 1404 1712 1442 De
1739 1404 1897 1443 notione

1029 1462 1138 1499 vocis
1171 1462 1322 1500 viscera
1370 1460 1416 1498 cf.
1443 1460 1571 1499 Doed.
1599 1461 1695 1511 Syn.
1723 1460 1832 1499 Tom.
1848 1461 1896 1499 V.

1030 1531 1066 1568 p.
1095 1521 1173 1557 144
1198 1517 1282 1570 s‹1.]

1086 1629 1171 1669 (fist.
1199 1629 1343 1668 XXIII.
1404 1644 1553 1670 summo
1579 1631 1703 1670 luctu.
1764 1630 1897 1669 Offen-

1029 1687 1121 1725 dunt
1159 1687 1241 1725 fere
1277 1700 1414 1725 omnes
1457 1689 1687 1738 interpretes
1725 1688 1760 1725 in
1799 1701 1897 1726 voce

1030 1745 1161 1790 luem,
1199 1744 1234 1782 in
1274 1758 1350 1794 quo
1388 1757 1454 1782 cur
1492 1744 1631 1782 fuerint
1669 1746 1808 1795 pagani
1847 1745 1898 1782 ob

1028 1801 1190 1852 improbi
1215 1802 1326 1838 istius
1352 1802 1455 1838 servi
1481 1813 1647 1852 poenam
1670 1815 1743 1838 non
1767 1802 1897 1839 admo·

1029 1857 1117 1894 dum
1150 1861 1342 1895 recentem
1374 1871 1448 1894 non
1482 1857 1629 1903 vident,
1662 1858 1733 1895 nisi
1762 1857 1899 1895 suerint

1030 1914 1079 1950 ob
1129 1912 1365 1952 detestabile
1412 1914 1691 1965 spectaculum.
1765 1913 1899 1965 Itaque

1032 1969 1161 2008 Brant.
1187 1971 1320 2021 reponi
1348 1971 1453 2009 iubet
1477 1972 1519 2008 in
1538 1984 1688 2009 smmno
1709 1971 1805 2010 lacu
1831 1984 1898 2022 pro

1033 2026 1139 2071 luce,
1166 2027 1224 2064 cui
1241 2027 1469 2065 adversatur
1482 2025 1687 2072 Pricaeus,
1716 2041 1786 2065 non
1804 2028 1900 2067 lucu

1030 2083 1101 2120 sed
1119 2083 1251 2122 laclia
1268 2082 1421 2122 Terent.
1438 2082 1644 2134 Plautique
1665 2083 1807 2122 sabulis
1824 2083 1899 2135 legi

1030 2140 1294 2190 pronuntians.
1334 2139 1455 2185 Oud..
1483 2141 1546 2191 qui
1563 2140 1722 2178 sormam
1739 2141 1834 2181 luca
1851 2154 1900 2178 cx

1032 2195 1186 2234 Terent.
1213 2196 1385 2249 Adelph.
1403 2197 1449 2235 V.
1471 2201 1507 2237 3.
1523 2200 1590 2237 55.
1616 2200 1657 2235 et
1679 2196 1821 2235 Donat.
1850 2197 1897 2235 ad

1033 2252 1069 2291 h.
1087 2252 1107 2290 l.
1130 2253 1313 2300 vindicat,
1338 2255 1418 2292 inm
1434 2264 1583 2293 smnmo
1599 2253 1683 2293 luci
1703 2254 1898 2292 emendari

1032 2309 1190 2354 mavult,
1215 2311 1301 2348 sive
1326 2324 1411 2348 cum
1437 2311 1511 2348 iam
1537 2323 1688 2349 summa
1715 2310 1779 2348 lux
1805 2315 1898 2351 erat.

1032 2369 1241 2418 postquam
1267 2367 1303 2404 in
1330 2381 1378 2405 eo
1405 2380 1508 2418 pago
1532 2370 1651 2405 totam
1672 2368 1899 2418 perquieve-

1032 2427 1117 2461 rant
1142 2427 1294 2461 noctem
1320 2422 1495 2476 proxime
1519 2424 1833 2475 praecedentem,
1861 2428 1901 2461 et

1033 2479 1120 2518 hinc
1145 2481 1230 2518 sine
1254 2480 1335 2518 ulla
1360 2481 1645 2519 intermissione
1664 2493 1797 2519 rursus
1810 2478 1900 2518 ltoto

1031 2535 1094 2574 die
1109 2538 1179 2574 iter
1193 2542 1455 2588 perrexerunt.
1489 2536 1684 2575 Provocat
1698 2550 1761 2589 pra
1769 2541 1902 2574 eterea

1030 2593 1078 2631 ad
1094 2606 1239 2631 morem
1255 2594 1431 2645 Apuleii.
1459 2595 1521 2644 qui
1542 2593 1591 2632 ita
1614 2595 1755 2631 initium
1773 2594 1901 2630 tinem-

1033 2662 1109 2700 que
1131 2650 1304 2687 itinerum
1327 2651 1548 2688 describere
1563 2650 1710 2695 soleat,
1737 2649 1787 2688 cl'.
1802 2649 1899 2688 Met.

1031 2704 1058 2744 I.
1075 2719 1110 2757 p.
1127 2710 1190 2747 58.
1218 2712 1256 2745 et
1281 2708 1373 2745 ἱαηι
1397 2706 1552 2746 iubaris
1577 2711 1726 2746 exortu
1753 2711 1901 2745 cuncta

1038 2760 1340 2802 collustrantur.
1355 2761 1457 2802 VIII.
1474 2776 1509 2814 p.
1525 2766 1617 2803 549.
1632 2764 1722 2801 iam
1735 2776 1902 2815 vespera

1037 2821 1212 2857 semitam
1234 2819 1477 2858 tenebrante.
1526 2817 1641 2871 [Mihi
1660 2823 1787 2857 tamen
1803 2818 1903 2858 haec

1038 2876 1162 2914 omnia
1178 2890 1249 2913 non
1265 2875 1521 2914 satisfaciunt.
1548 2875 1723 2915 Luctum
1742 2877 1901 2922 retineo,

1038 2932 1163 2970 donec
1178 2932 1317 2969 melius
1333 2932 1425 2982 quid
1440 2932 1706 2970 substituatur.
1746 2931 1902 2983 Lugent

1040 2989 1194 3040 pagani,
1220 2990 1310 3039 quia
1323 3001 1474 3026 moeror
1487 2991 1696 3027 renovatus
1712 2992 1773 3027 est
1791 3002 1902 3041 repe-

1039 3045 1107 3082 tita
1143 3044 1379 3083 miseriarum
1416 3045 1651 3088 narratione,
1690 3045 1822 3097 lugent
1852 3045 1902 3084 de

1040 3101 1180 3139 domini
1219 3101 1465 3148 crudelitate,
1504 3114 1605 3152 quae
1635 3103 1670 3140 in
1701 3106 1903 3154 posterum

1039 3159 1152 3195 etiam
1177 3157 1347 3196 timenda
1373 3157 1483 3209 erat]
