2221 3667
285 139 396 183 1080
539 138 587 178 1..
615 135 831 175 APULEH
863 133 1263 174 MADAURENSIS
1293 131 1836 175 METAMORPHOSEON

287 266 381 293 aves
409 250 519 292 coele
542 256 743 299 meantes,
772 248 881 289 ferae
905 248 1103 288 montibus
1129 254 1332 298 errantes,
1360 253 1563 302 serpentes
1589 247 1674 287 solo
1700 247 1908 300 labentes,
1924 249 2088 298 *belluac-

287 316 407 364 ponto
440 313 639 347 natantes.
701 307 758 345 At
789 319 862 359 ego
893 304 1114 345 referendis
1146 304 1336 354 laudibus
1356 303 1433 344 tuis
1466 303 1584 343 exilis
1610 304 1770 356 ingenio
1795 312 1836 345 et
1858 305 2086 348 adhibendis

289 363 496 406 sacrificiis
531 362 657 403 tenuis
691 361 949 416 patrimoui03
989 375 1062 402 nec
1092 360 1186 401 mibi
1218 361 1328 412 vocis
1360 360 1520 400 ubertas
1553 360 1600 400 ad
1633 360 1795 400 dicenda
1827 375 1926 414 quae
1952 362 1998 402 de
2024 369 2089 402 tua

290 421 497 461 maiestate
517 418 646 459 sentio
665 418 826 470 suffieit.)
855 432 926 458 nec
948 432 1018 459 ora
1037 417 1141 458 mille
1160 417 1397 471 linguaeque
1424 416 1582 457 totidem
1602 416 1664 457 vel
1683 417 1871 458 indefessi
1896 419 2090 458 sermonis

290 484 453 517 aeterua
478 475 620 516 series.
670 474 782 529 Ergo
807 475 909 529 quod
934 475 1059 515 solum
1084 481 1213 529 potest
1237 474 1448 528 religiosus
1473 473 1626 526 quidem
1652 474 1718 513 sed
1746 487 1892 528 pauper
1918 474 2090 527 alioquin

290 534 442 575 efficere
468 531 637 573 curabo:
667 532 820 572 divinos
847 539 935 572 tuos
959 531 1091 572 vultus
1118 544 1338 584 numenque
1365 530 1654 570 sanctissimum
1687 530 1790 570 intra
1821 530 1992 585 pectoris
2017 531 2093 573 mei

290 596 444 632 secreta
470 589 667 630 conditum
692 596 880 643 perpetuo
906 588 1152 638 custodiens,
1180 587 1441 641 imaginabor.
1493 587 1554 627 Ad
1574 587 1691 627 istum
1712 588 1866 627 niodum
1886 588 2093 642 deprecato

291 660 443 687 summo
457 646 634 696 numine,
662 646 891 700 complexus
910 643 1099 685 Mithram
1115 644 1359 684 sacerdotem
1381 650 1417 683 et
1440 657 1565 683 meum
1582 644 1655 683 iam
1672 651 1889 697 parentem,
1918 644 2094 698 colloque

292 776 449 805 nicantes
474 783 530 810 pro
555 778 706 803 meumes
728 776 767 803 D.
814 773 849 802 Ia
876 776 984 802 tentes
1009 773 1055 803 ita
1080 773 1113 802 in
1139 775 1175 802 G.
1201 773 1356 808 scriptum
1386 776 1450 810 est,
1482 775 1604 802 lacuna
1628 773 1724 803 unius
1749 773 1876 803 litterae
1900 774 2096 811 conspicua,

291 830 389 857 quam
418 824 572 851 abrasain
602 830 675 850 esse
701 823 740 850 ab
765 820 897 849 librario
922 820 1139 855 cognoscitur.
1175 821 1212 848 In
1236 821 1276 848 D.
1339 818 1505 847 lactentes
1531 823 1642 854 aperte
1667 819 1794 854 legitur.
1851 819 2041 857 reserentes
2068 829 2097 855 p.

293 866 450 895 laudibus
474 866 546 895 eius
572 875 629 902 pro
661 867 727 894 lais
753 868 790 895 G.
816 867 852 895 P.
878 867 916 894 D.
987 865 1132 902 exiguus
1166 873 1222 899 pro
1252 863 1355 892 erilis
1381 866 1416 893 G.
1442 866 1477 893 Ρ.
1503 866 1541 894 D.
1566 866 1602 893 1..
1637 866 1729 894 cotv.
1754 866 1850 894 Vulc.
1874 866 1985 895 XVow.
2011 866 2097 906 Pric.

292 917 329 944 In
358 913 379 942 f.
404 916 452 942 est
478 912 566 948 arii,
593 913 678 940 unde
702 913 782 940 Oud.
806 910 963 946 proclivis
989 914 1039 939 est
1063 913 1104 940 ad
1129 910 1386 939 emendationem
1412 909 1513 947 avili,
1538 918 1632 945 quam
1658 919 1698 939 ne
1722 911 1865 945 proferre
1889 911 2017 944 quidem
2043 913 2097 940 de-

295 947 407 994 bebat,
444 959 522 992 quia
539 957 695 986 orationis
716 957 924 985 concinnitas
944 957 978 984 in
998 964 1086 991 seqq.
1106 964 1176 985 voc.
1217 956 1326 983 lenuis
1341 955 1550 992 patrimonio
1576 957 1784 991 adversatur,
1810 955 1884 984 licet
1910 956 1982 990 ipse
2005 965 2100 986 suam

295 1004 553 1034 eruendationem
578 1003 820 1036 improbaverit.
866 1000 955 1028 hora
978 1000 1069 1029 mille
1093 1003 1208 1031 Venet.
1234 1003 1264 1030 4.

1312 999 1460 1041 ind(feci
1482 998 1530 1037 ὀζ,
1555 1004 1638 1035 qnod
1663 1003 1759 1030 valde
1783 1002 1947 1030 confirmat
1971 1002 2101 1031 Pricaei

294 1050 514 1078 coniecturam
532 1046 712 1087 indefecti,
741 1048 775 1076 in
795 1047 913 1082 quibus
932 1047 1104 1076 vocabulis
1129 1054 1231 1080 aeque
1256 1047 1365 1082 probis
1388 1047 1574 1075 auctoribus
1595 1050 1747 1082 perpetua
1766 1049 1846 1075 haec
1873 1051 1922 1076 est
1945 1047 2104 1076 varietas.

297 1094 350 1123 vel
361 1092 436 1121 inde
446 1093 651 1131 fessiVenet
665 1095 695 1122 ln.

744 1092 1017 1121 sacratissimum
1031 1093 1150 1122 Floria.
1165 1093 1240 1121 edit.
1254 1101 1295 1121 ex
1309 1092 1510 1128 negligentia
1523 1093 1671 1127 editoris,
1688 1100 1784 1126 quum
1798 1095 1871 1126 quot
1891 1100 1949 1128 ego
1963 1092 2030 1121 vidi
2043 1100 2102 1121 nec

296 1141 387 1169 cotld.
403 1147 462 1168 nec
476 1140 547 1168 edd.
561 1146 632 1167 eam
646 1139 815 1167 lectionem
831 1146 909 1172 prae
922 1148 958 1166 se
973 1138 1094 1175 ferant,
1107 1146 1167 1166 nec
1181 1139 1260 1166 Oud.
1276 1138 1426 1167 lectionis
1438 1138 1628 1166 varietatem
1644 1137 1834 1166 enotaverit.
1869 1137 1949 1165 meis
1962 1139 2057 1167 vulo.
2072 1139 2102 1167 2.

296 1194 404 1215 errore
419 1187 668 1220 typothetarum.
716 1182 854 1211 condita
867 1186 904 1212 G.
917 1185 951 1212 P.
966 1185 1004 1212 D.
1020 1182 1055 1213 1..

297 1234 375 1262 Met.
389 1232 428 1260 11.
444 1239 473 1265 p.
488 1232 541 1259 99.
566 1230 641 1257 urit
658 1232 915 1267 perpetuum.

297 1279 374 1307 Bas.
391 1278 421 1306 1.
445 1276 487 1305 cs.
502 1283 604 1311 supra
618 1284 647 1310 p.
664 1276 738 1303 ⁸00.

962 1228 1093 1256 numme
1107 1238 1137 1264 p.

787 1273 939 1312 colloque
953 1283 1015 1304 non
1030 1279 1076 1304 est
1093 1275 1124 1303 in
1141 1276 1176 1304 B.

299 1393 340 1427 et
362 1388 595 1441 germinant
618 1387 790 1433 ,ςεηιίηας
821 1386 1008 1426 nutriant
1032 1386 1173 1426 nubila

301 1450 341 1485 et
366 1449 553 1485 crescunt
576 1445 766 1497 {sermina
789 1443 1080 1481 accuratissime
1099 1443 1173 1481 sibi

303 1505 563 1555 opponantur.
600 1505 642 1539 ut
672 1501 707 1538 in
737 1500 987 1551 praegressis
1010 1514 1176 1552 respon-

303 1561 401 1599 dent
423 1558 562 1597 sidera
588 1560 626 1595 et
647 1558 837 1610 yaudent
860 1558 1047 1596 numina.-
1084 1557 1176 1596 red-

305 1620 399 1655 eant
419 1619 624 1666 tempora:
649 1615 825 1653 serviunt
844 1614 1049 1658 elementa,
1076 1627 1177 1665 quae

306 1674 394 1723 ipsa
419 1683 562 1710 caussa
586 1674 659 1715 est,
687 1684 752 1707 cur
776 1671 980 1708 verborum
1012 1671 1178 1720 positus,

307 1729 372 1780 qui
402 1729 438 1765 in
469 1727 518 1765 Β.
551 1727 804 1779 conspicitur,
847 1726 1080 1764 reiiciendus
1116 1727 1178 1766 sit.

306 1785 505 1837 Blayizml
535 1784 641 1834 quod
677 1783 741 1821 alii
777 1783 1016 1821 substituere
1043 1782 1179 1822 volunt

307 1842 355 1880 de
368 1841 507 1879 tonitru
521 1841 673 1891 probari
695 1841 843 1891 nequit,
870 1840 993 1890 quod,
1019 1843 1178 1879 utrecte

307 1900 383 1938 iam
414 1897 508 1936 vidit
538 1897 666 1944 Oud..v
685 1900 818 1942 auctor
843 1901 1024 1935 recenset
1050 1899 1175 1936 onmia

307 1954 494 1994 salutaria
519 1954 633 1992 divae
658 1968 779 2005 opera
803 1954 919 2005 eique
945 1953 1182 1993 foecundita-

308 2017 386 2051 tem
412 2012 577 2050 omnium
602 2024 727 2049 rerum
753 2010 950 2057 adscribit,
975 2014 1016 2049 ut
1040 2010 1184 2051 docent

309 2082 442 2120 seqq„
470 2069 699 2118 quibuscum
726 2067 774 2106 cf.
800 2081 836 2118 p.
863 2072 957 2108 754.
989 2072 1026 2106 et
1051 2069 1183 2108 uvidis

310 2126 476 2178 iynib‘as
501 2125 725 2164 nutriens
751 2125 859 2163 laeta
884 2125 1045 2164 sem-lna.
1095 2125 1180 2164 Nu-

310 2184 438 2222 triant
468 2194 560 2228 vero
600 2194 684 2219 cum
718 2181 883 2220 Sci-ivor.
920 2182 1048 2220 active
1084 2183 1183 2220 sumi

310 2239 455 2289 nequit,
482 2252 612 2291 aquas
637 2238 871 2287 cogitatione
896 2238 1080 2284 addente,
1107 2253 1183 2290 quo

311 2295 480 2341 accedit,
507 2294 612 2346 quod
631 2299 764 2332 auctor
784 2295 929 2332 nullum
944 2296 1007 2333 hie
1024 2297 1186 2334 verbum

311 2353 478 2391 activum
504 2351 761 2403 usurpaverit,
787 2351 860 2389 sed
886 2353 1015 2391 omnia
1040 2358 1184 2391 neutra.

312 2410 413 2449 Hinc
447 2408 681 2460 putaverim,
725 2409 883 2448 milrc're
925 2409 987 2448 hic
1023 2409 1185 2447 neutrali

312 2465 592 2518 significatione
623 2465 765 2503 dictum
797 2478 909 2511 esse,
939 2470 981 2504 ut
1001 2480 1186 2517 pascere,

314 2523 579 2575 inqemz'nare,
594 2522 760 2562 turbare
767 2535 780 2567 ;
793 2522 840 2561 ct'.
856 2523 905 2561 ad
920 2522 1018 2562 Met.
1032 2523 1059 2560 l.
1074 2537 1110 2574 p.
1122 2526 1188 2564 61.

315 2592 549 2630 quamquam
563 2579 726 2617 alterurn
740 2578 855 2617 huius
877 2579 1042 2618 notionis
1057 2593 1187 2618 exem-

317 2637 423 2688 plum
447 2635 587 2674 afferre
610 2647 776 2685 neque0.
803 2636 852 2674 cf.
868 2636 989 2675 Voss.
1015 2636 1064 2675 de
1085 2638 1187 2675 Ana-

318 2694 395 2744 log.
422 2691 467 2731 T.
493 2691 538 2730 ll.
564 2706 600 2744 p.
627 2695 708 2733 729
733 2705 822 2744 sqq.
849 2692 1004 2745 Eekst.]

373 2749 562 2789 labentes.
645 2748 873 2802 [metentes.
910 2750 1015 2801 quod
1052 2762 1188 2788 omnes

316 2806 431 2846 codd.
450 2806 639 2857 praebent
659 2810 922 2860 quantumque
937 2807 1050 2845 video
1071 2808 1187 2846 omni-

315 2865 391 2902 bus
418 2861 518 2901 Edd.
544 2863 837 2915 comprobatum
861 2867 941 2910 est,
967 2863 1112 2916 duplici
1137 2864 1188 2903 de

317 2932 462 2958 caussa
475 2918 673 2958 ferendum
687 2934 762 2959 non
777 2933 871 2959 esse
891 2921 999 2968 duxi,
1024 2922 1188 2973 primum

318 2976 424 3027 quod
443 2977 551 3015 vocis
571 2976 801 3028 significatio
821 2991 889 3029 per
908 2991 955 3017 se
978 2978 1028 3017 ad
1041 2992 1191 3030 angues

318 3032 441 3072 relata
457 3032 564 3073 nulla
582 3038 662 3079 est,
687 3034 781 3085 quid
805 3035 906 3074 enim
931 3039 1010 3074 est:
1036 3050 1193 3089 anyues

317 3090 360 3128 in
390 3094 501 3129 terra
538 3090 692 3137 abditi;
739 3105 855 3143 quam
891 3093 1074 3144 ineptiam
1105 3105 1192 3131 sen-

316 3145 418 3184 tiens
436 3146 589 3187 Rodius
613 3148 740 3187 vertit:
779 3149 1017 3202 Schlanyen
1046 3150 1089 3188 ’ἰη
1115 3151 1194 3190 den

1100 1187 1299 1220 perpetuam
1315 1185 1368 1219 13„
1395 1184 1476 1217 (ιιιοιί
1493 1192 1597 1217 perse
1611 1192 1673 1211 non
1689 1183 1903 1217 improbabile
1915 1187 1980 1220 est3
2005 1183 2046 1212 cf.
2061 1184 2101 1212 ad

1186 1227 1394 1257 sacerdotem
1419 1231 1529 1257 exulat
1550 1236 1568 1257 a
1591 1230 1625 1258 B.

1676 1226 1833 1256 lilillu‘am
1854 1230 1888 1257 Ο.
1908 1237 1944 1259 π.
1981 1229 2102 1257 mirum

1233 1386 1420 1439 Kliiften.
1470 1384 1568 1424 Tum
1596 1386 1721 1425 latere
1746 1386 1889 1424 ceteris
1915 1399 2016 1436 quae
2042 1386 2104 1425 hic

1234 1446 1425 1495 ponuntur
1461 1444 1589 1481 verbis
1632 1456 1705 1480 non
1745 1443 1939 1489 convenit,
1989 1456 2103 1494 quum

1235 1505 1423 1546 meantes,
1455 1504 1650 1546 errantes,
1682 1504 1866 1539 natantes
1895 1500 2104 1539 motionem

1235 1557 1403 1595 indicent
1435 1556 1600 1607 siugulis
1632 1556 1852 1607 quibusque
1876 1557 2107 1595 animalibus

1235 1614 1446 1665 propriam3
1472 1613 1634 1651 vocibus
1650 1612 1779 1658 caela
1789 1613 1997 1659 montibus,
2006 1613 2106 1660 solo,

1234 1674 1367 1722 ponto
1388 1668 1610 1707 habitacula
1630 1672 1816 1708 notentur.
1854 1668 1955 1708 Hinc
1973 1683 2101 1709 emen-

1238 1727 1326 1765 davi
1347 1726 1540 1772 labentes,
1568 1739 1668 1776 quae
1694 1726 1914 1766 emendatio
1941 1728 2106 1766 omnium

1239 1782 1422 1821 facillima
1447 1787 1521 1821 est.
1571 1783 1680 1822 Labi
1700 1784 1800 1821 enim
1820 1784 2001 1834 anguium
2024 1797 2108 1835 pro-

1237 1841 1359 1891 prium
1381 1853 1474 1878 esse
1492 1839 1723 1878 vocabulum
1745 1840 1984 1880 (lemonstrat
1998 1841 2107 1879 Serv.

1237 1897 1285 1935 ad
1302 1897 1408 1948 Yirg.
1423 1899 1523 1936 Aen.
1538 1896 1583 1935 ll.
1599 1900 1697 1944 225:
1724 1897 1869 1949 lapsu
1889 1898 1990 1937 labi
2011 1911 2109 1950 pro-

1237 1955 1332 2006 prie
1347 1958 1574 2005 serpentum
1588 1958 1662 1999 0⁸13
1687 1953 1802 1992 Ovid.
1823 1953 1917 1992 Met.
1935 1954 2002 1993 IV.
2016 1957 2111 1995 493.

1242 2010 1331 2048 XV.
1359 2015 1451 2051 721.
1479 2010 1584 2061 Virg.
1610 2010 1711 2050 Aen.
1728 2011 1775 2049 V.
1802 2014 1869 2051 86.
1904 2010 1991 2051 ΥΠ.
2016 2015 2109 2052 349.

1241 2067 1406 2105 Rectius
1440 2067 1598 2105 forsitan
1630 2072 1838 2119 reponetur
1866 2066 2111 2114 vocabulum,

1243 2124 1346 2175 quod
1368 2125 1401 2162 in
1423 2125 1688 2163 terminatione
1707 2140 1732 2164 a
1754 2125 1917 2163 litteram
1931 2126 2112 2171 continet,

1243 2185 1284 2220 ut
1304 2181 1485 2221 labantes
1505 2181 1554 2218 de
1577 2181 1680 2219 labili
1701 2185 1923 2234 serpentum
1943 2183 2112 2227 motione

1242 2238 1319 2277 huc
1345 2237 1435 2277 illuc
1460 2252 1505 2275 se
1531 2238 1773 2285 trahentium,
1799 2239 1861 2277 vel
1892 2244 2111 2291 reptantes,

1245 2295 1349 2346 quod
1380 2299 1506 2333 tamen
1539 2309 1562 2334 a
1593 2296 1704 2334 codd.
1743 2296 1919 2347 vestigiis
1957 2296 2111 2335 nimium

1244 2352 1403 2398 recedit,
1428 2352 1490 2390 vel
1506 2352 1646 2399 simile,
1667 2353 1757 2404 quia
1770 2357 1848 2391 tum
1863 2352 2017 2403 singula
2028 2366 2113 2404 par-

1245 2409 1375 2461 tieipia
1388 2424 1461 2448 non
1480 2409 1607 2447 solum
1630 2409 1678 2448 ad
1699 2409 2019 2461 significationem
2039 2410 2114 2448 sed

1245 2465 1297 2504 ad
1327 2467 1634 2504 terminationem
1665 2480 1822 2517 quoque
1853 2467 1927 2504 sibi
1953 2467 2115 2505 invicem

1245 2523 1549 2575 respondebunt.
1565 2523 1704 2561 Donec
1718 2522 1860 2562 melius
1869 2523 2049 2570 edocear,
2059 2524 2114 2563 la-

1248 2571 1380 2629 bentes
1398 2585 1440 2619 ut
1461 2581 1726 2625 necessarium
1744 2582 1779 2618 in
1795 2584 1941 2619 textum
1953 2580 2113 2633 recepi]

1304 2651 1379 2678 nec
1406 2652 1480 2677 ora
1504 2638 1625 2677 mille.
1661 2637 1742 2688 {De
1767 2637 1935 2676 dictione
1959 2642 2116 2677 eentum

1247 2694 1310 2731 vel
1347 2695 1457 2734 mille
1499 2707 1574 2733 ora
1610 2694 1758 2733 habere
1794 2694 1829 2731 in
1866 2694 1983 2732 rebus
2014 2706 2116 2744 quae

1247 2751 1444 2802 descriptu
1474 2755 1564 2789 sunt
1594 2750 1862 2797 difficillimae,
1894 2748 1942 2788 cf.
1974 2749 2116 2788 Loers.

1246 2807 1296 2847 ad
1332 2807 1447 2846 Ovid.
1481 2806 1595 2846 Trist.
1627 2807 1654 2847 l.
1690 2811 1815 2848 1.*53.
1850 2805 1999 2845 Eadem
2036 2805 2118 2845 fere

1245 2866 1394 2903 ratione
1419 2864 1511 2903 dicit
1534 2864 1682 2903 Arnob.
1709 2863 1735 2903 Ι.
1762 2867 1827 2904 31.
1859 2863 1910 2901 de
1940 2863 2034 2901 deo:
2065 2864 2118 2903 de

1249 2935 1330 2974 qao
1359 2922 1466 2961 nillil
1492 2922 1580 2960 clici
1609 2926 1648 2960 et
1676 2920 1853 2972 exprimi
1888 2919 2118 2960 mortalium

1246 2979 1361 3031 potis
1385 2983 1443 3018 est
1464 2979 1767 3031 significatione
1790 2976 2038 3029 verboram]

1309 3035 1546 3088 deprecato,
1595 3033 1659 3086 [cf.
1680 3033 1802 3073 Voss.
1832 3033 1954 3072 Arist.
1981 3032 2027 3072 T.
2052 3032 2117 3072 ΠΙ.

1251 3107 1288 3145 p.
1314 3096 1396 3134 952
1421 3091 1579 3144 Eekst.]

1308 3163 1434 3189 meum
1469 3150 1549 3189 iam
1580 3151 1803 3200 parentem.
1876 3145 1938 3186 Ex
1962 3147 2118 3200 antiquo
