2155 3590
640 141 830 182 LIBER.
858 140 932 180 VI.

73 255 157 296 sinc
179 252 371 295 Mercurii
397 253 619 308 praesentia
644 253 699 293 nil
723 267 903 307 umquam
925 252 931 309 1
952 253 1113 303 fecisse,
1147 265 1219 292 nec
1250 257 1288 291 tc
1313 248 1503 304 praeterit
1525 248 1680 302 utique,
1714 253 1859 301 quanto
1885 256 1984 297 [176]

71 311 146 351 iam
179 317 351 364 tempore
382 310 675 350 delitescentem
706 310 885 350 ancillam
917 309 1158 363 nequiverim
1189 306 1379 361 reperire.

73 380 185 421 quam
222 374 288 406 tuo
323 366 534 420 praeconio
570 366 785 420 praemium
822 365 1140 420 investigationis
1176 363 1382 418 publicitus
1420 361 1588 402 edicere,

993 140 1121 180 cAP.
1153 138 1250 178 vn.

1775 132 1856 176 415

1439 305 1509 345 Ml
1539 319 1634 359 ergo
1665 312 1858 359 superest,

1649 360 1730 401 Fac
1766 375 1862 414 ergo

72 423 295 463 mandatum
309 430 483 463 matures
499 436 646 473 meum,
675 429 713 462 et
737 422 901 473 indicia,
930 422 1069 475 quibus
1088 421 1212 476 possit
1231 418 1409 474 agnosci,
1434 417 1641 457 manifeste
1662 417 1861 471 designes,

72 493 121 519 ne
146 479 179 519 si
204 478 290 532 quis
317 479 589 519 occultationis
620 478 780 519 illicitae
813 479 961 518 crimen
987 478 1174 527 subierit,
1206 474 1454 531 ignorantiae
1482 487 1524 514 se
1550 473 1673 528 possit
1696 487 1864 514 excusa-

72 535 177 575 tione
203 535 426 575 defendere.
475 534 530 575 Et
553 535 668 576 simul
693 535 826 575 dicens
851 534 1021 574 libellum
1046 534 1082 574 ei
1106 533 1288 588 porrigit,
1315 531 1381 571 ubi
1405 529 1580 585 Psyches
1605 543 1747 570 nomen
1772 543 1865 570 con-

71 591 268 632 tinebatur
293 598 332 633 et
356 598 503 633 cetera.
554 590 642 644 Quo
668 592 772 631 facto
796 591 975 644 protinus
1001 591 1155 631 domum
1180 588 1359 630 secessit.

67 719 254 757 praeteriit
265 721 305 749 D.
347 719 536 757 praeteriti
547 719 661 758 ulique
672 722 755 749 Iunt.
771 721 800 747 2.

849 717 1063 746 delitescente
1076 721 1111 747 G.
1126 720 1163 747 D.
1211 716 1382 754 repperire
1395 717 1430 745 F.
1444 717 1474 745 3.
1500 714 1565 750 [Ita
1577 723 1703 750 semper
1714 714 1869 749 scriptum

73 769 119 794 est
134 766 167 793 in
181 768 240 794 hoc
254 766 321 793 cod.
333 788 340 794 .
365 765 431 793 nisi
445 766 642 794 contrarium
656 764 818 800 enotetur]
833 766 869 793 G.
884 766 920 793 D.
964 764 1094 801 premio
1109 765 1223 793 Venet.
1238 765 1267 791 2.
1301 761 1474 800 pollicitus
1488 759 1616 788 edicere
1629 768 1658 794 p.
1695 762 1830 787 mature
1839 756 1868 787 δ.

74 810 362 848 ξρῖιὶαςποεοίθ.
378 809 536 848 quz'ponie
544 810 728 848 agnose-in.
744 809 1097 847 quipossitagnoscip.
1114 807 1335 846 quuepossr'ne
1346 803 1483 836 s.7t.P.‹5.
1498 804 1719 843 qm'busposse
1732 803 1872 841 agnosci

71 856 187 884 lunt.2.
202 854 572 892 qut'buspotestVicent.
593 855 750 892 cognosci
760 856 813 883 F.1
823 856 1003 883 .B.vulc.2.
1013 855 1199 884 eteddxett.
1209 852 1591 889 praeterlunt.2.Vicem.
1605 847 1870 888 agnoscerent&

74 899 106 928 εἰ
119 904 217 929 antea.
235 901 391 929 omissum
411 908 431 929 a
443 908 483 929 m.
499 910 529 935 p.
543 901 576 929 in
590 902 658 929 cod.
674 903 709 929 G.
724 902 905 934 suppletum
920 903 979 928 est.

1028 907 1061 927 se
1070 892 1142 935 p’er
1172 907 1228 933 pro
1254 906 1289 926 se
1300 897 1408 934 possit
1423 896 1461 926 Ι).
1509 899 1541 924 et
1556 894 1657 923 simul
1667 894 1789 924 dicens,
1815 895 1870 922 Sic

74 949 262 974 constanter
280 947 356 974 dant
375 946 497 980 scripti.
521 948 572 975 Ab
592 950 722 974 auctore
743 949 849 974 tamen
871 945 1021 973 relictum
1039 948 1131 979 putat
1149 945 1245 973 Oud.:
1272 941 1326 970 Ea
1346 941 1447 970 simul
1465 940 1576 969 dicens
1595 943 1650 970 vel
1668 939 1752 968 haec
1772 938 1874 968 simul

74 988 197 1025 dicens.
207 994 238 1018 ut
253 991 318 1020 iam
331 991 416 1019 videt
430 991 599 1027 Pricaeus,
613 995 642 1019 et
656 990 792 1025 saepius
806 989 1075 1024 apudApuleium
1089 988 1342 1024 invenitur‚nisi
1356 996 1428 1017 cum
1436 987 1565 1016 Florido
1577 994 1729 1022 graecum
1744 988 1873 1014 statuas

75 1032 162 1063 Καὶ
186 1029 237 1069 ἅμ
249 1045 272 1063 α
296 1033 395 1072 λέγω
405 1045 432 1064 ιν.
457 1036 498 1064 cf.
513 1037 614 1065 Koen.
630 1036 664 1064 in
677 1036 894 1070 Disp.1naug.
909 1043 938 1069 p.
953 1036 1005 1063 35.
1034 1033 1092 1069 [cf.
1105 1036 1228 1069 W'agn.
1242 1034 1282 1062 ad
1296 1033 1385 1068 Virg.
1398 1034 1482 1062 Aen.
1503 1032 1542 1061 X.
1556 1031 1649 1067 856]
1697 1033 1736 1058 ut
1749 1038 1804 1065 pro
1818 1029 1875 1058 ubi

74 1080 108 1108 in
124 1089 153 1114 p.
176 1088 304 1116 pronus
319 1089 373 1115 pro
382 1081 542 1116 protinus
556 1089 586 1115 p.
612 1079 899 1119 domumfaeessil
915 1079 1053 1114 praefert
1068 1080 1287 1108 coniecturam
1300 1078 1426 1112 Sciopp.
1441 1078 1475 1106 in
1489 1077 1663 1111 symbolis,
1679 1083 1762 1110 quae
1775 1075 1873 1104 etiam

74 1126 208 1154 Brantio
228 1128 364 1160 probata
383 1129 461 1154 erat.
486 1127 572 1154 Idem
591 1127 641 1154 vir
663 1127 774 1154 doctus
793 1125 968 1159 adscripsit
982 1124 1122 1159 margini
1136 1125 1185 1152 ed.
1204 1126 1288 1152 lunt.
1302 1125 1353 1161 2.,
1377 1123 1410 1151 in
1430 1130 1494 1157 qua
1511 1122 1629 1150 vitiose
1647 1122 1805 1156 scriptum
1825 1124 1874 1149 est

66 1169 219 1210 fecissit.

76 1267 160 1306 Vll.
177 1272 242 1309 39.
259 1269 485 1308 Arcadium
507 1269 714 1307 nominavit
737 1268 948 1319 yolermn:

76 1338 151 1364 nec
188 1324 401 1364 Arcadii
453 1325 550 1364 bene
579 1325 771 1376 proteyit
806 1323 947 1362 umbra

77 1382 258 1434 yaleri,
284 1380 388 1418 idem
409 1381 515 1418 dicit:
541 1381 679 1419 summi
695 1380 800 1420 loris
813 1379 949 1431 aliger

81 1437 232 1476 Arcas
257 1437 445 1476 Nuntius.
494 1435 615 1475 Plura
639 1436 765 1475 lexica
786 1436 948 1487 praebe-

77 1493 172 1532 bunt
184 1493 353 1532 adeunti.
378 1492 479 1531 Hinc
491 1497 584 1544 puto
595 1492 949 1545 frater-Arcadius

78 1549 180 1588 bene
205 1550 278 1588 dici
296 1563 418 1602 posse
437 1563 507 1600 pro
523 1549 655 1589 Arcas
674 1549 723 1587 de
742 1548 948 1593 Mercurio,

80 1607 145 1656 qui
169 1610 282 1644 natus
305 1610 366 1644 est
384 1607 419 1644 in
435 1605 598 1657 Cyllene
612 1606 807 1645 Arcadiae
820 1608 949 1643 monte

79 1661 186 1714 Virg.
212 1662 312 1701 Aen.
329 1661 430 1700 VIII.
460 1666 531 1702 141
563 1662 643 1715 sq.]

138 1720 216 1758 scis
251 1732 403 1770 nempe.
465 1717 676 1770 [Particuia
711 1731 854 1770 nempe
889 1721 952 1756 est

81 1776 346 1813 asseverantis
372 1779 411 1813 et
430 1774 649 1826 emphatice
668 1774 951 1825 interrogantis,

83 1836 254 1870 nostrum
275 1831 384 1871 doch
404 1832 528 1877 wohl,
557 1832 682 1877 doch,
710 1831 813 1869 unde
837 1830 888 1875 tit,
912 1834 954 1868 ut

82 1889 243 1940 saepius
275 1888 419 1926 ironiae
456 1889 530 1925 vim
566 1887 720 1926 habeat.
771 1886 819 1926 cf.
853 1899 953 1937 quae

83 1944 376 1983 accuratissime
400 1944 451 1982 de
476 1957 524 1981 ea
549 1944 732 1994 exposuit
750 1943 889 1981 Heind.
904 1942 954 1981 ad

84 1999 217 2039 Horat.
233 1997 314 2040 Sat.
328 1999 355 2039 Ι.
375 2005 437 2041 10.
454 2005 486 2040 1.
502 2000 658 2051 Nempe
670 2000 954 2051 incomposito.

84 2055 197 2095 Hanc
226 2055 452 2107 particulam
482 2057 644 2107 saepius
674 2055 878 2107 postponi.
914 2059 956 2093 ut

85 2112 148 2150 vel
174 2113 326 2150 tertium
351 2116 577 2162 quartanive
603 2112 881 2150 enunciationis
902 2111 955 2148 lo-

86 2181 173 2207 cum
205 2168 396 2213 obtineat,
425 2167 601 2218 pluribus
632 2167 826 2219 exemplis
854 2166 954 2205 Cort.

84 2224 134 2262 ad
148 2223 471 2265 Lucan.1V.806.
490 2224 695 2263 confirmat.
721 2224 766 2263 cf.
778 2223 882 2275 Apul
910 2223 960 2261 de

87 2280 176 2320 Deo
192 2281 302 2320 socr.
313 2284 454 2332 p.160.
475 2285 612 2319 tacent
625 2295 767 2333 nempe
785 2279 956 2332 mutuo]

143 2351 323 2376 sororem
336 2342 445 2376 inam
459 2337 647 2376 Venerem
659 2338 743 2376 sine
758 2337 959 2376 lilercurii

83 2394 333 2447 praesentia.
371 2392 475 2432 Cave
495 2407 543 2432 ne
562 2393 700 2431 credas
720 2394 874 2444 propria
893 2407 956 2431 no-

87 2450 191 2489 mina
210 2449 272 2488 hic
292 2463 385 2488 esse
406 2450 552 2495 otiosa,
578 2450 640 2487 vel
661 2463 683 2487 e
697 2450 845 2500 glossis
859 2453 959 2487 nata„

87 2505 246 2545 Habent
259 2507 358 2544 enim
374 2506 449 2543 vim
466 2506 743 2557 emphaticam:
771 2506 862 2556 quia
874 2507 960 2544 sine

87 2562 364 2601 blandimentis
408 2563 612 2601 verborum
656 2564 742 2601 sive
779 2562 960 2601 Mercurii

88 2618 181 2657 nihil
205 2618 330 2670 pollet
352 2619 502 2658 Venus.
529 2619 593 2657 Ad
619 2619 719 2658 hanc
742 2632 852 2656 suam
872 2632 960 2657 sen-

87 2676 246 2714 tentiam
260 2676 557 2714 confirmandam
565 2675 666 2714 Oud.
681 2675 845 2714 conferri
859 2675 966 2713 iubet

89 2731 250 2771 Becich.
287 2731 412 2782 Epist.
452 2736 534 2776 74„
574 2745 690 2782 quum
728 2731 876 2783 Spanh.
913 2731 963 2769 ad

92 2787 239 2826 Callim.
265 2787 382 2839 Hym.
408 2789 443 2826 in
469 2788 582 2826 Dian.
609 2792 673 2829 70.
705 2789 831 2826 minus
860 2788 963 2826 bene

89 2844 138 2883 ad
148 2857 389 2884 communem
399 2844 636 2884 Mercurium
645 2842 917 2898 ε.Κοιι’ὸν“Ερμ
923 2843 963 2896 ἦν

90 2899 166 2939 boc
188 2900 343 2940 reserat.

149 2961 220 2996 tuo
229 2958 457 3009 praeconio
466 2958 694 3010 praemium
707 2958 841 2997 invest.
843 2957 961 3010 publ.

94 3013 264 3052 edz'cere.
278 3013 376 3053 Elm.
387 3014 719 3065 comparatPlaut.
730 3012 959 3053 MercatJll.

94 3072 132 3114 4,
149 3072 200 3109 78
214 3082 274 3120 sq.
292 3070 451 3111 Certum
464 3076 537 3118 est,
554 3085 809 3123 praeconum
823 3071 960 3110 iubere

93 3124 174 3163 iam
198 3128 389 3178 quantum
413 3133 470 3168 est
494 3129 730 3174 conducier,
754 3129 826 3180 qui
851 3127 957 3166 illam

1007 1267 1252 1318 investigent,
1277 1265 1571 1316 quiinveniant.
1597 1264 1806 1316 Ulpianum
1828 1263 1875 1302 L.

1006 1321 1663 1373 1V.dec0nd.0b.turp.caus.sitibi
1679 1322 1877 1360 indicium
1898 1350 1904 1357 ,

1007 1380 1177 1424 dedero,
1200 1384 1244 1418 ut
1258 1379 1482 1430 fuyilt'vum
1495 1391 1621 1416 meum
1635 1377 1793 1415 indices
1818 1376 1879 1416 vel

1005 1439 1139 1488 furem
1150 1449 1281 1474 rerum
1290 1434 1876 1484 mmmmmonpoteritrepetae'‚

1009 1492 1123 1545 qnod
1136 1492 1274 1531 datum
1290 1496 1359 1530 est.
1398 1488 1550 1528 Petron.
1567 1493 1690 1529 e.97.:
1711 1489 1823 1528 Puer
1837 1490 1879 1527 in

1009 1548 1154 1587 balneo
1175 1548 1312 1600 paulo
1332 1551 1425 1586 ante
1445 1546 1650 1585 aberravit
1679 1559 1880 1584 annorum

1009 1606 1174 1644 circiter
1187 1604 1376 1649 sedecim,
1390 1603 1540 1646 mollis,
1558 1605 1766 1654 formosus
1782 1602 1880 1640 deli-

1009 1665 1135 1706 catus,
1157 1661 1318 1699 nomine
1340 1660 1479 1700 Giton.
1505 1658 1552 1698 Si
1574 1660 1662 1711 quis
1681 1672 1767 1697 eum
1791 1658 1880 1696 red-

1010 1718 1109 1756 dere
1128 1721 1201 1756 aut
1224 1720 1540 1756 commonstrare
1560 1715 1748 1759 voluerit,
1774 1715 1881 1754 acci-

1006 1775 1097 1825 piet
1109 1787 1285 1812 nummos
1299 1773 1417 1812 mille.
1441 1770 1881 1810 CuriusFortunatianus

1010 1829 1038 1868 1.
1071 1829 1114 1870 C.
1150 1829 1314 1867 Rhetor.
1339 1828 1428 1867 Lib.
1455 1827 1481 1867 l.
1512 1831 1573 1868 16.
1604 1827 1726 1867 Cuius
1749 1840 1883 1866 servus

1009 1889 1200 1938 sufferat,
1245 1884 1382 1924 libello
1423 1885 1661 1936 proposito,
1706 1884 1769 1922 vel
1803 1896 1884 1935 per

1008 1956 1258 1993 praeconem
1293 1941 1485 1980 nuntians
1521 1941 1652 1984 dizit,
1691 1940 1884 1979 daturum

1013 2011 1054 2036 se
1079 1998 1272 2037 denarios
1291 1998 1401 2036 mille
1421 1998 1474 2043 ei,
1503 1997 1574 2049 qui
1594 1996 1652 2035 ad
1670 2010 1710 2036 se
1728 2010 1885 2035 serrum

1008 2055 1276 2105 perduxisset
1298 2053 1345 2092 cs.
1362 2052 1489 2091 Cuiac.
1504 2052 1604 2091 Obs.
1620 2052 1686 2090 XI.
1705 2056 1765 2092 13.
1781 2051 1883 2104 [Intt.

1014 2110 1062 2147 ad
1077 2109 1232 2149 Petron.
1246 2110 1269 2148 l.
1286 2124 1317 2149 c.
1332 2123 1370 2161 p.
1386 2113 1478 2150 598.
1505 2109 1551 2147 cs.
1567 2108 1662 2147 Met.
1677 2108 1723 2148 Π.
1738 2123 1774 2161 p.
1793 2108 1883 2148 143.

1014 2170 1055 2203 et
1078 2180 1116 2218 p.
1147 2170 1236 2207 146.
1265 2166 1426 2205 Taubm.
1453 2165 1503 2204 ad
1527 2165 1655 2204 Plaut.
1681 2163 1884 2204 Memlll.

1018 2227 1053 2262 4.
1071 2227 1134 2263 78.
1159 2222 1315 2274 Pignor.
1331 2223 1381 2260 de
1393 2224 1517 2261 servis
1538 2224 1572 2260 in
1587 2220 1724 2260 Polen.
1740 2221 1882 2273 Suppl.

1018 2277 1139 2319 Thes.
1164 2279 1296 2330 Antiq.
1325 2278 1370 2318 T.
1394 2277 1458 2317 111.
1483 2293 1520 2331 p.
1548 2279 1693 2332 1142]

1073 2337 1258 2388 cynosci.
1284 2334 1417 2388 [Quod
1438 2335 1500 2374 alii
1520 2335 1680 2374 codices
1699 2336 1888 2387 praebent

1015 2394 1224 2445 cognosci,
1235 2406 1283 2430 ex
1292 2392 1443 2443 ingenio
1452 2392 1630 2443 profluxit
1640 2392 1887 2436 librariorum,

1019 2449 1083 2499 qui
1122 2449 1236 2500 quale
1274 2450 1326 2487 sit
1356 2450 1452 2488 inter
1484 2453 1688 2500 utrumque
1722 2449 1887 2487 vocabu-

1018 2503 1096 2543 lum
1114 2505 1332 2552 discrimen,
1346 2506 1446 2544 bene
1461 2509 1732 2557 cognoverant.
1760 2504 1888 2551 Quum

1017 2561 1081 2600 hic
1105 2562 1217 2613 igitur
1247 2563 1297 2601 de
1323 2561 1484 2614 Psyche
1513 2575 1643 2600 sermo
1675 2563 1741 2608 sit,
1773 2574 1889 2612 quam

1018 2618 1234 2670 indagaturi
1281 2622 1398 2658 antea
1444 2633 1518 2657 non
1575 2618 1771 2663 viderant,
1820 2631 1885 2656 co-

1019 2676 1168 2727 ynosci
1215 2675 1423 2726 legendum
1472 2689 1566 2713 esse
1613 2674 1890 2712 existimarunt.

1022 2731 1105 2770 Sed
1128 2731 1179 2770 ad
1204 2732 1525 2783 permutationem
1550 2731 1750 2781 utriusque
1775 2743 1889 2767 voca-

1020 2787 1100 2825 buli
1124 2802 1173 2826 ne
1199 2788 1479 2839 confugiamus,
1503 2801 1576 2826 suo
1604 2787 1690 2826 loco
1716 2787 1890 2840 aynosci

1019 2847 1126 2883 stare
1160 2844 1474 2896 persuadebitur,
1518 2845 1552 2882 si
1588 2843 1890 2882 consideraveri-

1020 2913 1125 2947 mus,
1155 2915 1363 2953 personam
1394 2899 1579 2951 Psyches
1608 2903 1687 2938 tam
1712 2903 1891 2939 accurate

1019 2957 1055 2996 in
1089 2959 1163 2996 isto
1200 2958 1366 2995 Veneris
1405 2956 1537 2995 libello
1575 2955 1698 2994 fuisse
1729 2958 1890 3008 perscri-

1017 3017 1137 3064 ptam,
1163 3017 1204 3051 ut
1229 3014 1414 3064 quisque,
1440 3013 1504 3064 qui
1530 3012 1632 3051 hunc
1656 3013 1889 3065 perlegerat,

1017 3070 1170 3109 obviam
1202 3068 1419 3120 Psychen),
1450 3082 1565 3119 quam
1595 3069 1702 3120 prius
1727 3070 1803 3108 iam
1827 3084 1890 3109 co-

1016 3131 1221 3179 gnoverat,
1245 3126 1374 3165 statim
1400 3125 1664 3178 agnosceret]
