2221 3667
308 129 387 176 174
557 128 604 176 11.
638 128 855 168 APULEll
888 126 1287 168 MADAURENSIS
1319 125 1861 166 METAMORPHOSEON

217 241 278 274 197
305 242 470 295 denique
495 255 676 285 sermone
702 243 869 297 prolato:
896 241 999 296 Ego,
1026 240 1171 293 inquit,
1191 238 1284 291 ipsa
1311 238 1499 283 confiteor
1526 240 1647 289 ultro,
1673 238 1678 293 Ι
1699 252 1772 292 ego
1795 238 1861 278 tibi
1883 237 1995 283 huius
2016 253 2097 278 mo·-

304 298 441 339 lestiae
467 312 607 343 caussa
632 299 708 340 sui!
760 298 812 340 Et
838 313 922 339 cum
950 298 1050 337 dicto
1077 297 1200 335 lorum
1228 294 1443 348 quempiam
1470 296 1557 336 sinu
1588 311 1658 336 suo
1690 295 1899 349 depromit,
1929 294 2097 348 mihique

304 354 530 409 porrigens:
558 353 686 410 Cape,
711 355 856 408 inquit,
885 368 953 394 oro
981 360 1037 392 te.
1067 352 1113 391 de
1139 351 1281 403 perlida
1303 351 1463 392 muliere
1483 352 1717 400 vindictam.
1747 354 1861 393 immo
1886 365 1982 396 vero
2007 350 2099 396 licet

303 411 429 453 maius
461 412 625 465 quodvis
657 411 882 466 supplicium
916 422 1038 449 sume.
1088 405 1176 447 Nec
1207 414 1338 446 tamen
1370 422 1429 448 me
1462 416 1593 462 putes,
1623 423 1714 456 oro,
1744 414 1882 462 sponte
1908 421 2096 461 angorem

302 467 418 507 istum
456 468 525 507 tibi
563 469 836 508 concinnasse.
889 464 951 505 Dii
993 463 1082 502 mihi
1121 463 1280 513 melius,
1321 478 1433 517 quam
1474 472 1515 504 ut.
1552 465 1624 505 mei
1651 478 1787 505 caussa
1815 464 1876 504 vel
1904 463 2096 503 tantillum

301 524 524 578 scrupulum
553 525 712 579 patiare.
763 524 822 563 Ac
854 521 885 561 si
917 520 1005 573 quid
1040 519 1197 559 adversi
1223 527 1330 560 tuum
1357 527 1473 574 caput
1497 521 1676 575 respicit,
1712 521 1748 561 id
1781 534 1894 560 omne
1920 519 2099 574 protinus

214 590 277 624 198
302 593 388 620 mco
418 581 550 621 luatur
580 580 786 633 sanguine.
838 576 913 617 Sed
945 576 1045 629 quod
1077 575 1240 616 alterius
1271 576 1328 616 rei
1355 590 1494 617 caussa
1530 579 1659 618 l'acere
1690 578 1795 618 iussa
1822 591 1927 627 sum,
1963 574 2094 631 mala}

302 638 466 690 quadam
494 651 579 678 mea
604 643 711 678 sorte
737 635 773 674 in
802 641 904 672 tuam
932 632 1073 673 recidit
1097 631 1295 673 iniuriam.

838 783 1283 830 CAPUT
1388 782 1553 831 XIV.

410 920 523 960 Tunc
543 932 615 973 ego
638 915 842 957 familiaris
869 915 1112 956 curiositatis
1138 915 1375 965 admonitus,
1405 915 1575 969 factique
1602 929 1779 956 caussam
1806 915 2099 957 delitesce-ntem

299 977 436 1017 nudari
463 975 636 1029 gestiens
667 971 855 1026 susc-ipio:
901 971 1084 1013 Omnium
1124 972 1276 1025 quidem
1315 972 1578 1025 nequissimus
1609 971 1968 1025 audacissimusque
1993 971 2100 1012 lorus

298 1033 388 1082 iste,
417 1046 529 1085 quem
559 1030 625 1070 tihi
650 1029 922 1070 verberandae
949 1029 1173 1079 destinasti,
1203 1029 1312 1082 prius
1339 1042 1361 1069 a
1387 1042 1446 1068 me
1474 1028 1656 1069 concisus
1677 1035 1792 1082 atque
1818 1028 2015 1069 laceratus
2040 1028 2100 1068 in-

298 1089 430 1130 teribit
455 1089 557 1142 ipse,
593 1099 705 1140 quam
738 1093 843 1127 tuam
875 1086 1067 1140 plumeam
1099 1085 1340 1139 lacteamque
1367 1085 1573 1139 contingat
1597 1092 1739 1126 cutem.
1791 1083 1869 1127 Sed
1895 1084 1988 1126 mihi
2015 1098 2100 1125 cum

290 1204 459 1243 profiteor
478 1207 514 1234 1..
535 1214 551 1234 e
570 1207 692 1240 glossa.
741 1203 836 1232 ultra
856 1203 875 1233 f.
925 1202 1106 1231 violentiae
1119 1201 1218 1231 huius
1233 1211 1340 1232 causa
1353 1205 1390 1232 R.
1406 1203 1427 1232 f.
1476 1202 1575 1231 liuius
1595 1201 1769 1231 molestiae
1783 1202 1959 1243 causafm'
1970 1203 2005 1232 F.
2019 1204 2050 1231 3.
2066 1204 2101 1231 G.

296 1252 332 1280 Ι).
348 1249 376 1280 15.
403 1253 439 1279 In
455 1251 590 1285 reliquis
604 1257 711 1277 causa
724 1247 824 1276 huius
838 1247 1013 1277 molestiae
1021 1249 1092 1288 fui.
1140 1256 1200 1276 suo
1214 1248 1289 1276 sinu
1304 1250 1338 1277 F.
1354 1250 1383 1277 3.
1409 1251 1444 1277 ln
1465 1253 1538 1277 cett.
1561 1249 1635 1277 sinu
1655 1256 1725 1276 sno.
1752 1249 1824 1276 sine
1837 1257 1894 1284 pro
1907 1248 1983 1276 sinu
1997 1247 2018 1277 f.
2067 1250 2099 1274 el

289 1294 426 1333 persida
440 1297 476 1324 F.
491 1297 520 1324 3.
546 1295 581 1322 in
593 1292 727 1332 perfida
742 1294 881 1322 muliere
895 1296 931 1323 G.
946 1296 984 1323 D.
1000 1294 1021 1323 f.
1037 1296 1072 1324 P.
1088 1296 1121 1322 0.
1137 1302 1173 1323 π.
1189 1291 1217 1322 δ.
1232 1295 1355 1322 omissa
1370 1303 1443 1323 esse
1458 1294 1559 1328 potuit
1575 1294 1697 1323 lineola
1711 1302 1740 1320 m
1756 1295 1944 1331 designans.
1975 1295 2009 1320 et
2019 1299 2099 1330 per-

285 1340 397 1378 fidum
418 1340 586 1368 'mulierem
608 1349 636 1375 p.
659 1335 759 1378 [quae
778 1340 875 1368 lectio
889 1340 1051 1369 exlittera
1070 1348 1099 1366 m
1121 1339 1218 1374 priori
1237 1342 1402 1368 vocabulo
1418 1337 1700 1375 perfidarannexa
1713 1339 1843 1368 videtur
1858 1339 2003 1374 prosecta
2014 1346 2100 1375 esse,

295 1392 326 1415 ut
343 1388 434 1422 prius
443 1384 610 1424 persidam
627 1389 788 1421 legeretur
800 1390 830 1414 et
844 1394 884 1414 ne
897 1386 1061 1415 sententia
1075 1388 1272 1416 turbaretur.
1299 1385 1427 1413 librarii
1441 1386 1557 1414 deinde
1571 1383 1742 1412 nmle'erem
1757 1386 1975 1414 emendarent.
1985 1383 2004 1419 ]·
2025 1391 2101 1412 rere

295 1431 462 1470 quodlibet
475 1431 671 1468 supplicium
688 1428 777 1469 quod
789 1430 838 1458 cis
852 1430 961 1458 maius
974 1437 1066 1459 sumo
1083 1430 1104 1458 f.
1151 1438 1215 1457 non
1230 1438 1286 1464 pro
1301 1438 1377 1457 vero
1394 1438 1421 1464 p.
1469 1428 1551 1461 {His
1566 1438 1621 1465 pro
1636 1430 1745 1458 maius
1759 1438 1789 1464 p.
1837 1429 2035 1466 supplicium
2051 1429 2101 1457 sin

294 1485 384 1505 suum
398 1480 434 1507 G.
450 1485 467 1506 a
479 1486 519 1507 m.
535 1486 563 1512 p.
591 1471 663 1515 [sed
679 1477 778 1505 minio
793 1480 840 1504 est
856 1478 975 1504 vocula
988 1476 1041 1503 sin
1055 1475 1213 1510 inductal.
1257 1482 1358 1512 pectes
1372 1477 1466 1503 mel).
1517 1474 1578 1502 tibi
1589 1478 1679 1504 abest
1695 1483 1715 1504 a
1729 1473 1757 1504 δ’.
1807 1473 1882 1502 dum
1897 1483 1953 1510 pro
1967 1473 2015 1501 dia·
2026 1475 2061 1503 F.
2074 1476 2101 1502 1.

294 1525 324 1552 3.
339 1525 374 1553 G.
389 1525 427 1552 1).
443 1523 464 1552 s.
479 1520 507 1551 ὃ.
523 1526 681 1557 corrupte.
730 1529 795 1548 non
821 1521 886 1548 mei
908 1524 969 1550 Ms.
996 1522 1049 1549 At.
1078 1524 1157 1549 teste
1184 1522 1274 1549 conv.
1324 1518 1405 1557 qut‘a'
1427 1521 1544 1547 anm-si
1564 1522 1602 1549 D.
1651 1519 1734 1557 quid
1751 1519 1856 1552 ‘CL-sim
1871 1518 1899 1549 δ.
1932 1520 2018 1549 unde
2037 1517 2099 1546 ad-

294 1568 472 1596 raersu'taeis
486 1569 567 1596 Oud.
581 1567 728 1596 coniecit.
754 1568 814 1595 Sed
830 1567 980 1595 innovari
997 1568 1034 1594 ob
1049 1567 1147 1594 unius
1161 1567 1250 1594 codd.
1266 1566 1433 1594 lectionem
1450 1572 1652 1600 nequaquam
1667 1574 1804 1595 necesse
1817 1570 1876 1594 est.
1925 1564 2031 1592 rm‘ssa
2045 1572 2100 1599 pro

292 1614 388 1643 iussa
403 1615 438 1643 B.
453 1617 481 1643 et
496 1614 566 1643 edu.
582 1616 658 1642 vett.
672 1616 798 1647 praeter
811 1613 859 1641 ed.
875 1620 903 1646 n.
919 1613 1046 1641 Vicent.
1061 1616 1091 1640 et
1106 1613 1185 1640 lunt.
1201 1614 1230 1639 ⁴2.
1278 1610 1371 1638 mala
1386 1609 1533 1648 quadam
1548 1619 1622 1639 meo
1642 1618 1717 1639 sors
1739 1613 1816 1640 Bas.
1835 1612 1866 1639 2.
1888 1612 1978 1640 Colv.
1998 1611 2100 1646 Lnga.

291 1659 432 1693 Vulcan.
458 1657 628 1696 quandum
642 1666 748 1687 meam
762 1660 889 1685 sortem
901 1658 937 1686 P.
986 1655 1111 1684 recedit
1125 1658 1201 1685 Bas.
1219 1659 1246 1685 1.

384 1703 618 1733 cnre'osislalis
632 1705 670 1735 D.
685 1710 705 1731 a
720 1711 748 1738 p.
763 1711 803 1731 m.
851 1701 1081 1729 delitescentis
1096 1703 1131 1731 P.
1179 1702 1306 1739 nugari
1318 1703 1387 1730 edd.
1402 1703 1551 1730 Beroald.
1566 1703 1642 1731 Bas.
1660 1704 1687 1730 1.
1737 1700 1885 1738 suspicio
1900 1702 1935 1730 F.
1952 1703 1981 1731 1.
1995 1702 2025 1729 3.
2049 1701 2099 1729 in-

293 1754 375 1786 epte.
401 1751 455 1778 Sic
475 1754 580 1778 tamen
601 1748 811 1777 edd.Vicent.
833 1751 861 1776 et
883 1755 982 1782 marg.
999 1748 1074 1776 Bas.
1091 1749 1119 1776 1.
1147 1749 1231 1776 ldein
1251 1755 1337 1776 error
1352 1750 1427 1775 Met.
1443 1749 1481 1775 11.
1497 1756 1525 1781 p.
1544 1749 1617 1775 163.
1639 1748 1671 1775 in
1692 1748 1767 1782 ipsa
1782 1747 1857 1775 edit.
1872 1748 2019 1782 Elmenn.
2042 1751 2099 1775 est.

294 1796 365 1831 [Dr.
380 1797 418 1824 ad
434 1796 504 1823 Liv.
519 1796 574 1823 IV.
589 1796 642 1822 58.
657 1794 687 1827 5.
708 1795 756 1822 14.
773 1794 890 1822 XXIV.
904 1794 956 1821 40.
971 1794 1003 1828 s.
1016 1794 1042 1821 1.
1058 1794 1203 1822 XXVIII.
1218 1795 1248 1821 6.
1263 1794 1294 1827 S.
1308 1794 1357 1820 12).
1373 1794 1496 1822 Lucan.
1512 1794 1565 1822 VI.
1581 1791 1673 1828 645]
1712 1799 1808 1830 quem
1822 1789 2029 1820 verberando
2043 1789 2100 1818 de-

292 1840 484 1870 stz'nustiR.
500 1840 522 1868 s.
569 1837 722 1869 lacertus
734 1839 771 1868 F.
786 1840 817 1867 3.

1228 1941 1391 1976 secutus
1419 1941 1499 1983 est,
1528 1951 1629 1988 quae
1655 1937 1796 1976 clarius
1823 1938 2013 1988 exprimat
2038 1950 2100 1975 ne-

349 1941 546 1993 confi'leor
571 1939 695 1980 ultro.
740 1937 959 1988 Cod.Lips.
987 1951 1008 1975 e
1030 1937 1170 1989 glossa

291 1997 411 2040 habet
427 1998 646 2049 profiteor,
672 1994 776 2046 quod
796 1994 893 2034 ultro
913 1994 1082 2035 confiteri
1095 1997 1167 2032 est.

294 2054 342 2097 cs.
370 2055 509 2096 Grae-v.
541 2053 592 2092 ad
618 2052 697 2092 Cic.
729 2065 799 2102 pro
827 2050 942 2090 Caec.
969 2064 1001 2090 e.
1030 2055 1068 2093 9.
1117 2050 1165 2089 cs.

293 2124 413 2161 supra
439 2123 474 2161 p.
505 2113 596 2150 180.
621 2108 740 2160 Apol.
767 2121 803 2159 p.
833 2112 926 2150 501.

351 2167 481 2209 lorum
525 2167 765 2218 qnempiam.
825 2164 1050 2204 Notandum
1092 2168 1166 2210 est,

295 2224 425 2266 lorum
456 2223 530 2263 dici
561 2222 779 2261 masculino
816 2235 959 2271 genere
994 2225 1036 2263 ut
1071 2234 1164 2260 mox

295 2282 405 2323 lorus
430 2282 564 2331 iste-p.
595 2283 685 2321 198.
710 2278 761 2317 de
786 2292 862 2328 quo
888 2293 961 2318 usu
986 2277 1089 2317 oud.
1115 2277 1164 2316 cs.

292 2337 450 2378 Petron.
483 2350 516 2375 e.
551 2341 614 2378 57.
649 2335 738 2385 ibiq.
772 2334 899 2373 Burni.
939 2334 1027 2387 [qui
1052 2334 1164 2373 locus

291 2394 506 2435 mendosus
533 2393 585 2432 ita
608 2391 875 2431 restituendus
900 2396 963 2431 est
998 2396 1042 2431 tn
1067 2405 1165 2444 pae-

293 2452 503 2491 cliculosus
529 2448 957 2502 [Mss.paetic21,losus]
986 2448 1025 2497 (i.
1042 2461 1076 2488 e.
1095 2448 1167 2500 qui

287 2521 442 2562 pueros
466 2507 712 2559 corrumpit)
739 2518 812 2545 nec
838 2519 901 2544 mu
926 2518 999 2544 nec
1018 2519 1081 2545 ma
1103 2518 1168 2543 ar-

292 2569 426 2618 yutas.
455 2563 518 2603 De
544 2563 630 2602 aliis
657 2562 705 2603 cs.
731 2562 854 2600 Voss.
881 2561 930 2598 (le
956 2562 1125 2612 Analog.
1141 2560 1166 2600 l.

295 2637 326 2662 c.
353 2621 438 2675 36]

351 2679 627 2718 concinnasse.
679 2675 765 2728 [De
790 2675 866 2713 hoe
890 2674 1030 2719 verbo,
1062 2674 1166 2725 quod

294 2733 474 2776 Plautino
500 2747 608 2772 more
631 2747 701 2785 pro
723 2736 868 2785 facere
884 2744 1041 2784 parare
1060 2732 1168 2782 Apu·

296 2791 395 2830 leius
420 2793 568 2843 posuit,
604 2790 654 2829 cs.
679 2789 795 2828 Rost.
816 2787 1028 2829 comment.
1051 2786 1167 2825 Plau-

295 2849 360 2887 tin.
386 2852 421 2889 3.
449 2846 562 2887 Tom.
587 2847 615 2886 1.
641 2860 676 2898 p.
704 2849 770 2888 34.
806 2844 855 2884 cs.
881 2844 931 2883 ad
956 2843 1053 2883 Met.
1081 2842 1165 2882 Vll.

294 2917 333 2956 p.
360 2908 451 2945 486.

352 2961 427 2999 Dii
453 2904 602 3002 ritelius.
651 2959 718 3012 [cf.
746 2971 846 3011 quae
878 2956 1037 3007 collegit
1063 2955 1164 2996 cort.

294 3016 343 3055 ad
370 3016 514 3056 Lucan.
542 3017 587 3057 ll.
615 3021 708 3058 537.
735 3015 820 3054 lntt.
853 3015 903 3054 ad
927 3013 1041 3052 Ovid.
1068 3012 1166 3053 Met.

295 3072 379 3111 Vll.
407 3077 468 3113 37.
497 3073 592 3112 infra
617 3088 653 3125 p.
682 3072 793 3125 22¹1]

351 3131 458 3169 iussa
477 3145 570 3169 sum.
596 3130 707 3169 Bene
727 3129 827 3168 lianc
843 3129 1046 3183 lectionem
1063 3127 1164 3165 Oua.

1228 1995 1454 2033 cessitatem
1465 1994 1620 2033 servilis
1630 1994 1811 2045 obsequii
1824 1994 1982 2033 iubente
1995 1993 2100 2039 hera,

1228 2051 1319 2089 licet
1343 2051 1463 2089 altera
1492 2050 1626 2096 lectio,
1654 2063 1768 2101 quam
1795 2049 1917 2093 firmat
1941 2049 2099 2096 Bertin..

1227 2107 1341 2147 facile
1367 2108 1494 2160 possit
1519 2107 1676 2145 defendi
1702 2122 1733 2146 c.
1759 2106 1894 2146 Heius.
1919 2107 1970 2145 ad
1983 2105 2098 2146 Ovid.

1226 2164 1324 2204 Met.
1358 2164 1406 2203 V.
1439 2167 1531 2205 660.
1570 2168 1609 2202 et
1645 2163 1805 2203 Heroid.
1844 2163 1872 2202 Ι.
1911 2167 1996 2209 37.,
2032 2163 2098 2202 ubi

1224 2220 1386 2260 conferri
1412 2221 1517 2260 iubet
1536 2220 1667 2259 Burni.
1689 2224 1729 2258 et·
1746 2233 1823 2259 sua
1844 2220 1894 2260 ad
1915 2219 2027 2259 Caes.
2050 2218 2096 2259 Β.

1225 2277 1265 2316 C.
1292 2277 1354 2316 ΠΙ.
1388 2292 1418 2316 c.
1446 2278 1510 2318 34.
1546 2277 1655 2329 [lntt.
1681 2277 1733 2315 ad
1756 2276 1846 2316 val.
1871 2274 2005 2316 Flacc.
2031 2276 2099 2315 Vl.

1226 2338 1318 2376 647.
1351 2334 1400 2374 ad
1429 2334 1499 2374 Sil.
1526 2333 1611 2373 ltal.
1636 2333 1703 2373 lv,
1732 2336 1823 2374 795.
1857 2332 2016 2371 Ruhnk.
2049 2332 2099 2371 ad

1225 2389 1340 2429 Ovid.
1362 2390 1522 2430 Heroid.
1547 2390 1570 2429 l.
1587 2404 1618 2430 c.
1640 2389 1761 2429 Plura
1785 2389 1910 2428 dicam
1935 2389 1988 2427 ad
2000 2387 2096 2429 Met.

1229 2447 1276 2485 V.
1302 2461 1338 2498 p.
1365 2446 1478 2499 379]

1283 2504 1393 2544 mala
1408 2503 1588 2557 quadam
1601 2516 1689 2542 mea
1700 2507 1819 2542 sorte.
1845 2502 1960 2548 Vide,
1981 2516 2098 2554 quan-

1227 2565 1289 2603 tas
1314 2561 1447 2601 turbas
1468 2560 1741 2612 interpretibus
1756 2559 1958 2598 facessere
1971 2560 2099 2610 possit

1227 2631 1333 2656 error
1367 2616 1688 2670 typographicus.
1749 2614 1878 2662 Quum
1921 2617 2024 2655 enini
2061 2617 2098 2655 in

1226 2673 1348 2714 Basil.
1380 2688 1434 2725 pr.
1465 2673 1689 2724 irrepsisset
1718 2687 1766 2712 m.
1800 2672 1979 2725 quadam
2010 2686 2097 2714 mea

1225 2745 1312 2772 sors
1336 2729 1458 2769 Basil.
1479 2734 1515 2772 2.
1543 2728 1649 2768 Colv.
1664 2728 1778 2768 Vulc.
1805 2728 1951 2768 dedere
1977 2742 2096 2782 quae·

1226 2789 1322 2827 dam
1346 2801 1442 2827 sors.
1490 2786 1591 2826 Hinc
1616 2799 1688 2826 eae
1713 2785 1909 2825 Stewech.
1929 2789 1969 2824 et
1988 2784 2095 2824 Colv.

1226 2844 1277 2883 de
1289 2845 1409 2883 verbo
1426 2844 1616 2883 recidere
1628 2842 1926 2883 allucinationes
1948 2842 2096 2881 exorie-

1224 2901 1382 2947 bantur,
1409 2901 1552 2952 quippe
1577 2899 1727 2939 recidit
1751 2899 2019 2950 accipientium
2037 2911 2095 2937 re-

1226 2958 1365 2998 cidere
1386 2958 1500 3010 fecit.
1546 2955 1686 2996 Omnia
1711 2954 1786 2994 hoc
1810 2969 1941 2995 errore
1965 2955 2095 2994 demto

1225 3014 1394 3053 dilucide
1419 3013 1644 3065 procedunt.
1683 3011 1764 3064 [De
1779 3012 1897 3051 verbo
1911 3011 2095 3053 ricedere

1226 3070 1272 3108 cs.
1305 3070 1435 3110 Burin.
1468 3070 1517 3109 ad
1542 3068 1656 3108 Ovid.
1682 3068 1780 3106 Met.
1806 3068 1874 3107 Vl.
1901 3073 1993 3110 212.
2030 3066 2095 3105 ubi

1226 3126 1358 3166 noste-i·
1384 3126 1493 3166 locus
1518 3126 1621 3164 bene
1646 3124 1889 3177 explicatur]
