2155 3590
606 156 797 197 LIBER
825 156 874 198 11.
935 157 1063 197 CAP.
1093 156 1191 197 XII.
1221 156 1337 198 XIII.
1803 159 1884 201 103

88 270 155 325 qui
178 270 417 325 negotiatori
443 271 688 320 commodus,
723 270 787 323 qui
811 270 957 311 viatori
983 271 1169 320 celebris,
1203 271 1268 324 qui
1294 270 1463 324 navigiis
1489 279 1751 325 opportunus3
1790 272 1885 312 mihi

88 327 254 381 denique
282 334 513 381 proventum
546 327 659 367 huius
691 328 1022 381 peregrinationis
1051 327 1265 380 inquirenti
1296 327 1416 366 multa
1447 328 1649 381 respondit
1681 336 1721 368 ct
1745 329 1883 382 oppido

86 383 187 424 mira
211 390 250 424 et
273 384 370 423 satis
393 383 521 424 varia.
580 382 699 423 Nunc
723 383 826 422 enim
852 384 1018 437 gloriam
1044 384 1139 423 satis
1165 383 1339 424 floridam
1354 415 1365 433 ⁷
1393 397 1497 424 nunc.
1518 382 1526 440 Ι
1546 383 1749 424 historiam
1774 399 1883 439 mag-

86 453 176 480 nam
201 446 239 480 et
263 440 541 481 incredundam
566 439 737 479 fabulam
762 447 799 479 et
825 440 946 480 libros
971 454 1032 480 me
1058 441 1264 480 facturum.

618 590 1057 638 CAPUT
1160 590 1339 638 XIII.

194 723 259 764 Ad
284 724 379 764 haec
404 724 588 764 renidens
613 722 729 764 Milo:
756 722 860 776 Qua,
887 724 1027 777 inquit,
1056 725 1231 778 corporis
1257 724 1482 764 habitudine
1508 723 1721 778 praeditus,
1756 738 1883 777 quove

83 780 241 821 nomine
273 788 518 834 nuncupatus
551 780 611 821 hic
642 781 716 820 iste
743 778 964 821 Chaldaeus
991 782 1075 820 est?
1110 780 1329 831 Procerus,
1357 781 1536 835 inquam,
1564 787 1604 820 et
1627 780 1879 832 suffuscfflus,

82 908 225 947 negociis
243 917 298 944 pro
317 909 462 947 navt'git's
482 911 516 938 G.
539 911 567 938 1.
589 909 786 947 acquirenti
800 911 835 938 F.
860 912 887 938 1.
908 917 971 938 non
991 910 1191 947 anquirente·
1202 914 1234 938 (ιῐ
1254 911 1338 939 Elm.
1359 911 1501 939 adnotat.
1526 911 1562 938 In
1576 912 1649 937 cett.
1663 910 1753 938 codd.
1768 913 1795 937 e!
1811 910 1883 939 edd.

80 958 157 983 vett.
175 953 371 992 v'nqm'rente'.
421 963 513 982 vana
531 963 561 989 1).
582 963 638 990 pro
656 954 758 983 varia
777 956 875 983 solita
894 955 1086 984 confusione
1104 955 1145 984 cf.
1164 958 1236 984 Intt.
1256 957 1298 984 ad
1317 955 1390 984 Liv.
1404 957 1505 983 XXII.
1520 950 1550 983 7.
1569 953 1600 989 S.
1616 956 1646 983 4.
1694 962 1783 982 nnnc
1796 954 1883 982 enim

81 997 161 1027 hist.
182 1001 218 1028 P.
231 999 470 1028 incredundam
489 1001 524 1029 F.
541 1002 571 1029 3.
587 999 794 1028 incredulam
814 998 843 1028 δ.
880 1002 916 1028 ln
939 1001 1056 1028 ceteris
1080 1001 1174 1029 libris
1195 1005 1223 1030 et
1244 1001 1315 1029 edd.
1333 1004 1410 1029 vett.
1429 997 1676 1028 incredendam.
1714 999 1884 1039 faturum

79 1046 118 1074 D.
132 1052 153 1074 a
165 1053 205 1074 m.
220 1045 417 1082 afuturum
432 1047 468 1074 F.
488 1048 514 1073 1.
529 1046 633 1074 Celeri
648 1047 737 1074 codd.
752 1050 780 1074 et
795 1047 864 1074 edd.
877 1049 954 1073 velt.
970 1045 1271 1084 omnesfacturum
1284 1047 1413 1074 hahent.

169 1089 316 1118 irridens
330 1088 378 1119 de
393 1094 513 1126 glossa.
545 1090 625 1127 quia
639 1092 675 1119 G.
690 1093 719 1118 1.
747 1091 827 1128 quia
841 1089 951 1127 inquit
965 1098 1032 1127 qua
1045 1091 1079 1118 Ο.
1105 1089 1290 1126 praeditur
1302 1092 1337 1119 F.
1352 1093 1382 1119 3.
1410 1088 1568 1127 prodicus
1588 1090 1609 1118 f.
1640 1088 1696 1117 ille
1712 1088 1829 1119 Chald.
1844 1092 1882 1120 R.

79 1136 216 1173 inquam
231 1137 381 1165 delentR.
391 1137 412 1165 f.
438 1133 643 1173 suffulculus
656 1137 691 1164 F.
701 1137 730 1164 3.
740 1137 776 1164 L.
802 1132 950 1172 insuffits
964 1143 993 1169 p.
1003 1133 1194 1172 suff'uculus
1205 1137 1241 1164 G.
1251 1137 1280 1163 2.
1295 1137 1377 1164 P.D.
1398 1135 1550 1175 sufultus
1565 1137 1600 1165 G.
1613 1137 1641 1164 1.
1667 1132 1834 1173 suffultus
1847 1144 1883 1165 π.

80 1239 147 1275 83.
173 1235 236 1274 vel
258 1248 398 1274 cavere
423 1235 622 1286 quosdam
647 1234 733 1273 dies
765 1233 953 1286 quemad·
1013 1234 1161 1285 prohat.
1196 1233 1418 1286 [fabula111‚
1439 1248 1666 1280 sermonem,
1686 1249 1886 1274 rumorem

81 1291 245 1330 modum
259 1291 452 1343 plerique
471 1295 664 1342 posteros
689 1291 776 1329 dies
800 1290 864 1328 cel
877 1289 953 1328 Ae-

77 1347 871 1442 {ffli‘ssffimss‘fi's‘iss‘i’“iia‡}{'.⁷i⁸²‘{⁸fi⁷ss²2ss⁶'
904 1345 950 1384 ⁰s'

78 1463 170 1500 207.
197 1415 379 1511 [Heraid.
406 1459 456 1497 ad
481 1459 627 1497 Arnob.
654 1457 718 1496 III.
730 1415 810 1498 I48.
838 1415 951 1497 {10¹8-

76 1515 121 1554 II.
147 1529 184 1566 p.
213 1519 303 1556 181.
335 1514 459 1554 Orell.
485 1519 525 1553 et
550 1528 588 1566 p.
618 1519 709 1555 154.
737 1514 799 1553 ed.
823 1513 954 1563 Lugd.

79 1575 198 1612 1651.
227 1572 391 1624 Copula
410 1572 460 1610 (le
475 1573 671 1625 conz‘nyio
698 1571 747 1610 cf.
762 1571 853 1609 Hor.
874 1570 951 1609 Od.

76 1627 103 1667 1.
122 1632 183 1669 13.
203 1633 262 1669 18.
279 1627 724 1668 Catull.Pe1-v.Ven.59.
740 1628 954 1680 copularit

76 1687 254 1737 nuptias.
281 1684 329 1724 cf.
343 1684 477 1724 Barth.
492 1684 590 1723 Adv.
607 1683 710 1723 VIII.
729 1688 789 1724 14.
805 1699 841 1736 p.
858 1687 952 1724 394.

75 1741 207 1793 Kopp.
228 1741 279 1780 ad
297 1741 411 1780 Mart.
434 1741 530 1793 Cap.
543 1740 569 1779 I.
590 1742 620 1793 §.
640 1747 674 1782 1.
695 1754 728 1793 p.
745 1741 800 1794 2.]
834 1739 952 1779 Prae-

76 1804 184 1837 terea
208 1797 312 1837 Oud.
338 1799 523 1837 observat
548 1799 706 1837 verbum
733 1798 946 1850 copulare,

75 1868 232 1907 quoquo
268 1855 422 1893 demum
465 1859 638 1894 occurrat
673 1867 812 1900 sensu,
857 1868 946 1892 nun-

1009 1291 1101 1342 fieri
1114 1289 1231 1328 homo
1251 1290 1399 1336 dicitur,
1414 1291 1462 1328 de
1478 1304 1554 1340 quo
1568 1292 1698 1342 magni
1714 1291 1883 1329 seruntur

1011 1345 1168 1397 publice
1182 1346 1386 1398 rumores]
1403 1346 1505 1384 Oud.
1521 1351 1719 1397 comparat
1732 1348 1783 1385 de
1795 1361 1881 1385 voc.

1008 1403 1156 1455 sabula
1167 1401 1259 1440 Hor.
1269 1401 1394 1453 Epist.
1404 1402 1430 1440 I.
1440 1407 1453 1442 l
1464 1406 1499 1442 3.
1511 1406 1546 1443 9.
1557 1403 1621 1441 ubi
1636 1403 1682 1441 ct.
1693 1403 1881 1443 Schmidt.

1012 1457 1096 1497 Intt.
1119 1459 1169 1496 acl
1189 1458 1280 1497 Hor.
1301 1458 1377 1497 Od.
1401 1458 1469 1498 I.4.
1494 1463 1557 1499 16.
1593 1457 1708 1497 Ovid.
1730 1460 1813 1498 Art.
1835 1460 1882 1498 ΙΙ.

1012 1519 1106 1556 561.
1134 1515 1217 1567 [cui
1243 1515 1388 1554 addere
1415 1515 1505 1554 lieet
1528 1514 1656 1553 Plaut.
1682 1514 1829 1554 Pseud.
1855 1515 1882 1554 I.

1013 1576 1048 1610 5.
1076 1577 1114 1611 4.
1143 1571 1286 1610 Tibull.
1313 1571 1339 1610 1.
1367 1577 1402 1612 4.
1434 1576 1498 1611 83.
1531 1570 1706 1622 Propert.
1739 1571 1785 1610 II.
1817 1574 1882 1611 21.

1012 1633 1047 1668 7.
1081 1626 1168 1666 Ter.
1201 1628 1343 1679 Hecyr.
1369 1628 1436 1666 IV.
1470 1632 1506 1668 3.
1536 1633 1597 1668 14.
1631 1627 1798 1667 Casauh.
1833 1629 1885 1667 ad

1012 1683 1175 1737 Capitol.
1213 1685 1358 1723 Anton.
1393 1684 1497 1723 Phil.
1535 1699 1566 1723 c.
1607 1688 1668 1725 19.
1708 1684 1819 1723 Τοῃι.
1856 1684 1884 1723 I.

1011 1755 1048 1792 p.
1092 1744 1184 1782 360.
1228 1741 1357 1780 Burni.
1401 1742 1451 1779 ad
1496 1740 1638 1780 Tibull.
1675 1740 1702 1780 I.
1742 1746 1780 1782 5.
1818 1745 1882 1783 26.

1007 1797 1141 1836 Heius.
1169 1802 1207 1836 et
1232 1798 1361 1836 Burin.
1387 1798 1437 1836 ad
1463 1798 1578 1836 Ovid.
1605 1798 1738 1836 Amor.
1763 1797 1790 1836 I.
1819 1802 1883 1838 13.

1008 1858 1072 1895 56.
1106 1858 1143 1892 et
1174 1853 1277 1905 Rup.
1310 1854 1360 1892 ad
1391 1853 1469 1892 Iuv.
1501 1853 1551 1892 X.
1588 1858 1678 1895 167.
1710 1858 1788 1893 not.
1818 1858 1882 1896 56.

76 1924 191 1962 quam
226 1915 354 1950 tamen
392 1911 428 1949 in
466 1911 607 1950 malam
644 1914 791 1963 partem
824 1911 946 1961 accipi
1005 1910 1162 1949 Peerlk.
1194 1910 1329 1949 Horat.
1362 1924 1398 1961 p.
1431 1914 1495 1950 32.
1555 1909 1613 1949 Ita
1643 1910 1747 1961 apud
1778 1909 1882 1961 Hyg.

76 1967 150 2020 [de
173 1970 386 2021 affirmare
412 1967 458 2006 cf.
487 1965 620 2007 Barth.
648 1967 750 2006 Adv.
771 1966 881 2005 XXI.
911 1972 946 2007 7.

74 2024 950 2189 {233²{ugiz‘zzssssssssffzz'zisssstfi3251:ss

75 2192 231 2232 Excitat
256 2191 323 2231 ille
346 2193 432 2232 Intt.
459 2193 509 2232 ad
535 2191 613 2231 Cic.
640 2193 689 2230 de
715 2192 792 2231 Off.
814 2191 839 2230 I.
861 2196 897 2232 3.
914 2197 950 2232 4.

75 2249 143 2288 Dr.
169 2250 218 2288 ad
243 2249 329 2288 Liv.
356 2249 424 2288 Vl.
452 2254 515 2290 20.
541 2248 644 2287 Duk.
673 2249 723 2288 ad
747 2247 855 2287 FIor.
882 2248 947 2286 IV.

79 2310 223 2347 12.12.
252 2305 377 2358 [Dav.
403 2306 453 2344 ad
480 2305 556 2344 Cic.
583 2306 634 2344 de
657 2304 783 2357 Legg.
804 2304 832 2344 I.
857 2310 890 2345 1.
911 2309 948 2343 et

76 2363 127 2401 ad
158 2362 208 2401 de
238 2362 329 2402 Nat.
360 2361 410 2400 D.
442 2361 486 2400 II.
521 2366 584 2403 38.
615 2361 764 2400 Moser.
796 2361 846 2400 ad
872 2360 948 2400 Cic.

77 2418 196 2457 Tusc.
223 2418 290 2457 IV.
318 2423 381 2459 21.
414 2432 452 2469 p.
478 2422 560 2459 374
585 2431 645 2469 sq.
678 2417 726 2456 V.
754 2423 791 2457 4.
816 2431 854 2468 p.
882 2421 948 2458 45.

76 2475 204 2514 Beier.
230 2475 280 2514 ad
307 2474 384 2513 Cic.
411 2475 460 2513 de
486 2475 564 2513 Off.
590 2474 615 2512 I.
642 2478 678 2514 3.
704 2474 734 2523 ξ.
762 2475 823 2527 9.]

130 2532 331 2584 fabulam.
366 2531 552 2584 [Fabula
578 2544 836 2581 quaecunque
861 2530 950 2569 dici-

77 2592 136 2627 tur
182 2589 487 2634 sermocinatio,
544 2587 848 2639 confabulatio.
902 2586 949 2626 cs.

76 2644 212 2683 Schas.
239 2644 289 2682 ad
313 2643 412 2682 Plin.
438 2643 563 2696 Epist.
589 2643 615 2682 l.
645 2647 710 2683 13.
738 2643 877 2695 Spald.
902 2644 953 2682 ad

77 2699 207 2748 Quint.
238 2699 325 2738 XII.
361 2705 423 2741 11.
469 2701 499 2752 δ.
535 2704 598 2741 18.
635 2698 794 2739 Petron.
826 2714 859 2738 e.
885 2699 949 2741 39.

77 2758 155 2796 init.
181 2757 366 2796 Doederl.
395 2757 491 2808 Syn.
507 2756 575 2795 lv,
590 2770 626 2807 p.
642 2759 679 2796 3.
695 2770 752 2807 sq.
791 2755 950 2807 Optime

78 2813 129 2852 de
146 2813 234 2862 ‘hac
264 2827 362 2852 voce
400 2813 524 2852 fusius
558 2813 717 2864 exponit
746 2812 951 2863 wyttenb.

77 2871 115 2908 in
140 2869 255 2908 Mise.
279 2869 392 2908 Doct.
417 2869 482 2909 Ill.
506 2883 543 2921 p.
577 2873 657 2910 302
683 2882 744 2919 sq.
789 2868 863 2907 Hic
884 2872 949 2921 sa-

81 2926 176 2966 bula
209 2930 270 2964 est
298 2941 453 2971 rumor,
486 2940 631 2971 sermo,
671 2938 786 2976 quem
817 2925 867 2963 dc
902 2939 949 2964 se

79 2986 361 3034 propagatunls
386 2987 449 3021 est
473 2982 620 3021 Lucius
646 2981 928 3034 proficiscens]

135 3042 357 3091 factm-um.
395 3038 497 3078 Oud.
531 3040 595 3090 qui
619 3037 665 3076 F.
691 3042 852 3076 secutus
878 3042 951 3084 est,

78 3098 262 3147 faturum
322 3096 491 3147 praefert
545 3100 583 3133 et
639 3095 799 3146 probam
858 3108 952 3133 esse

81 3150 180 3190 hanc
209 3152 416 3191 lectionem
453 3153 585 3191 mullis
623 3151 815 3202 exemplis
850 3165 952 3190 com-

1008 1967 1103 2006 Fab.
1132 1972 1195 2007 41.
1222 1982 1259 2019 p.
1291 1971 1380 2008 104.
1414 1967 1522 2005 Stav.
1548 1967 1706 2005 defendi
1731 1970 1884 2018 poterat

1012 2024 1191 2075 τουτί-(χαί
1214 2037 1312 2069 esse,
1347 2037 1581 2074 quamquam
1614 2022 1796 2061 facillima
1822 2027 1884 2061 est

1010 2080 1231 2119 coniectura
1245 2079 1435 2118 Schefferi
1458 2080 1698 2131 recliqales:
1725 2083 1763 2116 et
1778 2080 1884 2130 apud

1009 2137 1157 2175 Arnob.
1183 2135 1250 2174 IV.
1280 2140 1344 2178 26.
1377 2137 1570 2175 delicium
1597 2139 1786 2187 futurus,
1818 2137 1884 2174 uhi

1009 2197 1139 2231 tamen
1166 2206 1215 2230 ex
1241 2192 1342 2231 Mss.
1372 2192 1473 2243 Reg.
1508 2192 1684 2243 vestigiis
1716 2192 1886 2231 delicio·

1009 2250 1090 2288 lum
1115 2251 1280 2300 corrigo:
1313 2249 1359 2287 cf.
1387 2249 1528 2287 Senec.
1552 2247 1680 2300 Epist.
1703 2253 1765 2289 12.
1792 2248 1824 2298 ξ.
1846 2252 1885 2289 3.

1008 2305 1094 2356 Ego
1109 2310 1239 2344 contra
1250 2308 1464 2358 facturum
1478 2306 1642 2350 retineo,
1675 2306 1783 2343 cuius
1804 2319 1884 2344 cor-

1007 2361 1197 2413 ruptelam
1222 2362 1366 2400 indicat
1386 2361 1528 2400 Dresd.
1555 2361 1659 2406 cod.,
1686 2363 1749 2412 qui
1771 2364 1883 2414 fata-

1007 2433 1097 2458 rmn
1122 2423 1257 2470 aperte
1281 2418 1447 2470 scribit]

1067 2475 1203 2514 libros.
1242 2474 1344 2513 Oud.
1370 2475 1472 2513 bene
1499 2474 1669 2526 explicat
1700 2475 1749 2512 de
1775 2474 1882 2512 libris

1009 2531 1404 2584 Metamorphoseon,
1441 2535 1481 2569 ut
1519 2532 1668 2582 passim
1707 2530 1788 2569 libri
1815 2545 1882 2582 po-

1010 2592 1146 2626 uantur
1180 2601 1249 2639 pro
1287 2601 1419 2626 corum
1456 2588 1688 2626 auctoribus.
1766 2586 1884 2633 Quod

1008 2649 1137 2683 tamen
1154 2645 1343 2696 adiungit,
1370 2644 1458 2682 hinc
1471 2644 1585 2682 simul
1601 2643 1752 2682 doctius
1767 2656 1882 2694 quam

1008 2715 1080 2754 pro
1117 2701 1353 2739 librariorum
1393 2704 1505 2752 captu
1544 2704 1702 2752 patere,
1747 2699 1883 2738 harum

1009 2757 1251 2796 Milesiarum
1278 2758 1429 2795 titulum
1455 2756 1579 2794 fuisse
1600 2756 1774 2795 Lucium
1792 2755 1884 2794 mihi

1007 2828 1082 2852 non
1108 2814 1332 2866 persuadet.

1066 2869 1154 2909 Cam.
1181 2867 1285 2909 XIII.
1346 2870 1544 2908 renidens.
1573 2869 1781 2908 In'enidere
1805 2872 1884 2908 tam

1007 2928 1043 2965 in
1071 2928 1211 2965 bonam
1237 2939 1352 2977 quam
1379 2927 1413 2963 in
1439 2925 1581 2963 malam
1612 2929 1762 2977 partem
1792 2925 1883 2964 dici-

1011 2988 1080 3022 tur.
1108 2984 1156 3022 ct'.
1182 2982 1267 3021 Intt.
1295 2981 1342 3021 ad
1370 2982 1459 3019 val.
1486 2981 1596 3020 Max.
1622 2978 1689 3021 111.
1716 2986 1753 3022 2.
1785 2982 1816 3034 §.
1844 2986 1880 3023 6.

1009 3039 1141 3079 Burm.
1172 3040 1223 3078 ad
1255 3038 1343 3077 val.
1375 3037 1507 3076 Flaec.
1535 3036 1601 3076 IV.
1629 3042 1721 3079 234.
1747 3037 1882 3077 Heius,

1011 3096 1061 3134 nd
1091 3096 1203 3134 ovid.
1230 3095 1325 3133 Met.
1352 3093 1402 3133 X.
1436 3098 1529 3135 558.
1557 3093 1660 3133 Gell.
1697 3093 1782 3133 XII.
1820 3098 1882 3135 13.

1010 3151 1100 3191 XV.
1154 3152 1248 3190 Min.
1302 3150 1386 3190 Fel.
1438 3165 1469 3190 c.
1524 3155 1585 3191 14.
1635 3151 1706 3204 [cs.
1754 3151 1882 3190 Doed.

1910 367 2005 423 119²
