2155 3590
634 181 816 220 LIBER
840 179 959 220 vill.

1020 179 1146 219 CAP.
1178 178 1295 218 vill.
1800 178 1879 220 671

88 293 258 346 mugitus
279 293 490 342 reiterans,
514 292 630 332 etiam
653 306 810 333 scenam
826 291 983 346 pessimi
1002 290 1204 345 Thrasylli
1224 289 1485 345 perspiciens,
1514 290 1709 330 adlimam
1731 290 1882 330 consilii

84 419 230 458 mugitus
248 421 284 449 F.
301 421 329 449 1.
344 422 376 449 3.
396 422 432 450 G.
448 422 477 449 1.
491 421 522 448 2.
542 421 578 449 L.
598 421 637 449 D.
657 421 692 449 0.
714 421 749 449 P.
765 429 799 454 φ.
818 422 903 449 Iunt.
917 421 948 449 2.
985 418 1079 457 rugit
1093 418 1115 449 f.
1152 416 1288 455 rugiens
1301 414 1331 446 δ.
1369 416 1504 454 rugitus
1524 417 1558 446 in
1577 420 1650 446 cett.
1665 419 1755 446 codd.
1769 421 1799 447 et
1813 419 1883 446 edd.

85 473 186 500 usque
199 466 276 494 edit.
297 467 338 494 ad
352 468 453 502 Elm.‚
479 472 562 500 quae
577 465 722 502 mugitus
736 468 831 494 habet
846 473 935 499 seqq.
949 465 1054 493 Scriv.
1075 467 1107 493 et
1120 463 1241 492 Florid.
1288 462 1459 490 reiterans
1478 463 1515 491 F.
1526 464 1594 491 1.3.
1605 460 1883 491 (5.L.Elm.Scriv.

86 511 204 539 Florid.
228 513 266 539 In
280 515 352 540 cett.
365 512 509 539 iterans.
557 510 660 538 etiam
674 511 709 539 F.
727 512 754 539 1.
770 512 800 539 3.
815 512 851 539 G.
866 512 896 538 2.
910 511 948 538 D.
962 511 998 538 B.
1019 513 1050 538 et
1064 510 1154 538 codd.
1173 516 1284 537 omnes
1302 510 1379 536 velt.
1399 509 1483 536 Elm.
1503 508 1599 535 Vulc.
1612 509 1643 535 2.
1658 508 1747 536 Colv.
1783 509 1823 536 Et
1838 508 1883 536 ita

84 556 235 584 videnlur
247 563 357 584 omnes
370 557 460 584 codd.
473 555 632 584 habuisse
644 558 771 589 praeter
784 552 812 584 ὃ.
827 558 856 584 et
871 556 906 583 G.
924 556 970 591 1.‚
996 555 1031 583 in
1045 554 1163 588 quinus
1175 553 1245 580 iam
1259 555 1364 590 abest,
1384 553 1469 581 unde
1482 555 1634 589 apparet,
1649 553 1731 581 duas
1744 555 1884 580 voculas

82 601 160 629 olim
173 601 207 629 in
220 601 263 629 iis
277 601 392 629 fuisse.
416 601 543 629 Dividit
556 601 607 629 vir
620 602 732 629 doctus
746 602 786 629 ad
799 607 900 635 marg.
914 601 974 628 Ed.
989 600 1080 628 Colv.
1100 602 1131 628 et
1144 599 1248 636 Pric.,
1273 606 1368 633 quem
1387 599 1467 627 Oud.
1487 600 1620 626 secutus
1639 601 1698 626 est.
1746 604 1884 624 saevam

78 648 224 680 pesstem
238 647 274 674 G.
291 646 319 674 1.
356 652 494 672 coenam
513 647 583 674 edd.
603 648 679 674 ante
697 646 812 675 Venet.
831 647 862 674 4.
915 642 1061 672 Trasiliz·
1071 646 1108 673 G.
1125 645 1154 673 1.
1195 641 1373 680 Tharsylli
1383 651 1414 679 p.
1434 642 1488 671 hic
1501 646 1532 671 et
1544 642 1634 672 alibi.
1675 642 1884 679 prespiciens

82 691 195 720 Venet.
209 692 240 719 4.
287 689 335 718 ad
344 689 459 718 lunam
473 692 509 719 G.
525 691 554 719 1.
568 691 604 720 0.

82 813 156 837 non
193 800 459 850 corrigendum
494 814 588 839 esse
618 802 654 839 in
688 801 950 845 obumbravit,

81 855 184 894 Oud.
209 856 350 907 probat
370 870 423 894 ex
446 856 542 896 Met.
557 856 625 896 IX.
651 871 688 908 p.
704 861 795 898 640.
823 859 952 897 odore

81 912 292 964 sulphuris
320 913 473 952 iuvenis
502 915 701 953 inescatus
732 919 855 966 atque
881 914 951 953 ob-

80 968 344 1009 nubilatus.
371 969 475 1008 Gell.
496 969 523 1007 I.
539 973 574 1010 2.
601 969 690 1008 coll.
705 969 821 1009 Ovid.
836 969 951 1007 Trist.

82 1023 108 1061 Ι.
134 1028 170 1064 3.
201 1030 262 1065 11.
287 1039 371 1064 non
395 1025 516 1064 aliter
539 1027 697 1077 stupui,
733 1040 853 1078 qaam
878 1027 950 1078 qai

81 1080 186 1120 loeis
209 1082 376 1134 iynibas
405 1083 510 1121 ictus
540 1082 663 1127 Vicit,
697 1087 735 1121 et
764 1087 823 1121 est
843 1084 950 1121 ritae

77 1138 234 1177 nescias
246 1139 451 1189 ipsesnae.
484 1138 540 1178 Ut
550 1143 681 1177 tamen
694 1138 802 1177 hanc
815 1139 950 1177 animo

79 1194 245 1233 nubem
269 1194 415 1232 dolor
438 1195 542 1246 ipse
565 1196 785 1239 removit,
811 1195 875 1232 ubi
901 1192 949 1231 cf.

79 1249 251 1288 Ciofann.
300 1249 375 1302 [lta
399 1249 673 1300 explicandum
698 1254 761 1288 est
784 1251 952 1288 turbare

81 1307 237 1345 ocellos
261 1306 365 1357 apud
389 1305 519 1344 Iuven.
535 1305 602 1344 Vl.
628 1310 685 1352 8.,
717 1306 822 1357 quod
845 1305 951 1344 male

77 1363 284 1400 emendant
296 1363 331 1400 in
347 1366 536 1414 turpare,
561 1362 612 1400 de
627 1375 703 1412 qua
722 1361 951 1400 confusione

76 1418 123 1456 cf.
137 1419 186 1457 ad
201 1417 348 1457 Merv.
362 1431 399 1468 p.
414 1417 552 1460 61.1ta
563 1419 612 1456 de
626 1419 786 1457 turbine
798 1419 950 1463 mentis,

75 1475 126 1512 de
138 1474 328 1527 procella
336 1474 385 1512 al.
400 1475 607 1525 loquuntur
619 1476 782 1526 saepius
795 1478 950 1512 veteres

76 1531 126 1570 cf.
151 1531 201 1568 ad
225 1531 275 1568 de
299 1530 386 1568 Deo
413 1531 561 1570 Socrat.
576 1544 613 1582 p.
632 1534 709 1571 148
726 1532 762 1570 b.
786 1530 884 1569 Met.
897 1529 949 1569 X.

78 1601 114 1638 p.
142 1591 234 1627 732.
259 1592 425 1638 repente
447 1589 573 1626 ventis
597 1587 766 1627 nubilo
791 1587 951 1627 turbine

21 1639 23 1642 ’
77 1648 286 1695 correpta.
301 1643 464 1696 Apol.p.
474 1647 567 1684 509.
581 1645 798 1696 repentino
810 1645 951 1683 mentis

76 1714 102 1738 n
111 1716 137 1739 a
146 1700 247 1739 bilo
275 1699 578 1752 obtorpescunt.
588 1700 604 1753 ]

131 1757 311 1808 nmyitus
323 1758 529 1796 reiterans.
549 1755 671 1795 Pauci
684 1756 950 1795 tantummodo

74 1816 165 1850 sunt
177 1811 304 1856 codd.³
330 1813 395 1862 qui
408 1814 572 1865 ruyitns
584 1812 818 1864 praeferunt,
833 1826 951 1864 quum

76 1869 207 1920 optimi
230 1870 409 1921 mugitus
431 1870 662 1920 praebeant,
688 1883 711 1907 a
731 1870 872 1920 quibus
895 1882 951 1907 re-

76 1925 179 1963 cedit
192 1924 312 1971 Oud.,
339 1926 430 1976 quia
447 1927 592 1978 ruyire
606 1930 645 1964 et
663 1927 826 1978 rayitus
845 1925 952 1963 serae

79 1982 240 2020 leaenae
264 1981 328 2028 sit,
355 1982 414 2019 eui
438 1995 563 2033 saepe
588 1986 832 2033 comparetur
856 1982 953 2021 irata

76 2038 230 2083 mulier,
263 2037 445 2088 adeoque
463 2039 626 2089 ruyitas
644 2039 741 2076 satis
761 2039 952 2089 exprimat

77 2093 276 2131 muliebris
324 2093 545 2132 eiulationis
581 2095 756 2133 insanam
798 2108 948 2141 vocem,

77 2163 194 2200 quam
226 2153 318 2188 ante
348 2149 615 2201 descripserit.
664 2149 744 2203 [At
772 2152 951 2203 nzztyitus

76 2208 164 2257 ipse
198 2219 273 2244 non
311 2206 464 2244 omnino
505 2207 666 2245 reiicere
706 2207 842 2254 audet;
890 2207 950 2245 cui

79 2262 232 2300 lectioni
247 2262 428 2313 equidem
442 2275 527 2301 cum
542 2264 697 2314 optimis
711 2263 823 2302 codd.
837 2263 950 2316 ’νηρί-

78 2323 141 2358 tas
164 2319 404 2370 posthabe03
430 2332 518 2358 nam
538 2318 716 2372 muy‘itus
734 2323 773 2357 et
790 2321 950 2372 mnyire

76 2376 238 2426 saepius
263 2375 314 2413 de
338 2375 479 2413 tonitru
503 2379 542 2414 et
565 2380 690 2414 terrae
707 2376 879 2414 motibus
899 2375 952 2413 di-

75 2431 190 2476 citur,
213 2435 256 2469 ut
272 2444 413 2470 sonum
431 2432 549 2470 istum
562 2431 785 2470 horribilem
797 2431 951 2478 indicet,

76 2500 193 2538 quem
218 2501 268 2526 ex
292 2488 424 2526 intimo
447 2492 609 2540 pectore
634 2488 759 2527 insani
779 2492 819 2527 et
837 2502 861 2526 a
879 2487 951 2527 ful-

75 2544 181 2582 mine
204 2546 317 2594 quasi
329 2545 510 2596 percussi
525 2545 643 2583 edere
657 2544 797 2583 solent.
823 2543 952 2583 Etiam

77 2601 129 2639 de
181 2600 320 2639 insano
367 2601 608 2640 vociferante
664 2600 802 2653 legitur
847 2601 952 2653 apud

76 2656 193 2696 Mart.
219 2656 282 2697 111.
307 2662 374 2699 46.
401 2657 458 2697 At
481 2658 555 2697 tibi
579 2659 844 2710 terqeminum
866 2671 952 2698 mu-

76 2713 184 2766 yiet
211 2714 283 2752 ille
313 2714 479 2766 sophos.
534 2713 594 2752 lta
623 2715 740 2752 etiam
776 2713 836 2752 de'
860 2728 954 2753 ursa

77 2769 215 2808 dicitur
228 2769 323 2808 Met.
337 2768 405 2809 lV.
420 2783 457 2821 p.
473 2774 566 2811 283.
583 2771 742 2809 obnixo
765 2770 953 2824 mayitu

78 2830 120 2864 et
138 2826 281 2877 ferino
292 2828 463 2878 fremitu
484 2840 619 2867 casnm
639 2827 831 2866 tolerans.
858 2825 952 2865 Ter-

78 2880 161 2919 tull.
177 2881 227 2918 de
240 2880 392 2921 Poenit.
408 2887 446 2924 9.
466 2896 501 2934 p.
526 2886 617 2923 127.
642 2883 692 2921 A.
706 2882 853 2933 Rigalt.
871 2897 952 2923 ma·

79 2937 173 2989 yire
185 2937 274 2976 dies
292 2943 512 2992 noctesque
530 2937 589 2978 ad
607 2939 815 2978 dominam
833 2939 951 2979 deam

76 3005 205 3032 suum.
229 2992 282 3032 Et
304 2995 358 3034 ita
382 2996 560 3048 mugitus
588 2994 756 3033 hominis
779 2996 951 3035 iracundi

78 3049 393 3089 mussitationem
418 3051 590 3090 nominat
613 3049 734 3102 Apul.
760 3051 854 3091 Met.
880 3051 949 3092 IX.

78 3117 115 3155 p.
132 3108 225 3146 632.
246 3109 396 3146 tacitos
407 3121 538 3147 secum
551 3109 764 3160 nzuyitas
788 3110 948 3148 iterans.

78 3159 192 3200 Hanc
211 3163 260 3200 ob
279 3175 463 3202 caussam
482 3165 661 3216 muyitas
681 3164 826 3204 retinui.
863 3164 951 3203 Nec

1009 800 1138 839 minus
1156 798 1339 850 displicet
1357 797 1459 838 Oud..
1481 797 1694 842 sententia,
1719 797 1782 848 qui
1808 797 1884 834 rei-

1010 861 1166 901 terans,
1210 855 1316 907 quod
1360 854 1493 905 optimi
1530 853 1643 891 codd.
1680 853 1884 904 praebent.

1010 909 1294 951 Monachorum
1320 908 1502 949 latinitati
1521 910 1668 956 tribuit,
1695 922 1781 947 cum
1795 912 1885 947 cett.

1012 968 1125 1007 codd.
1157 969 1311 1006 iterans
1341 967 1491 1017 legens.
1540 965 1642 1005 Nam
1668 965 1773 1016 quod
1797 979 1883 1003 sae-

1008 1024 1174 1075 pissime
1198 1025 1351 1062 iterare
1375 1023 1480 1074 apud
1493 1021 1706 1074 Apuleium
1732 1022 1882 1072 legitur,

1010 1094 1125 1130 quam
1171 1092 1309 1118 vocem
1355 1079 1488 1118 multis
1547 1079 1742 1129 exemplis
1796 1078 1885 1130 ipse

1009 1137 1253 1187 comprobat,
1292 1149 1437 1174 caussa
1460 1139 1542 1182 est,
1577 1149 1643 1173 cur
1667 1135 1768 1173 hanc
1791 1134 1884 1172 scri-

1008 1196 1161 1243 pturam
1187 1193 1384 1231 reiterans
1405 1192 1642 1237 confirmem,
1670 1190 1884 1242 quiaintel-

1010 1248 1076 1299 ligi
1101 1249 1251 1298 nequit,
1277 1248 1473 1298 quomodo
1494 1248 1728 1286 vocabulum
1748 1247 1884 1285 forma-

1011 1305 1131 1342 verint
1150 1304 1307 1349 librarii,
1334 1304 1444 1342 cuius
1460 1317 1507 1341 ne
1526 1304 1563 1341 in
1584 1304 1713 1342 media
1727 1303 1883 1354 quidem

1010 1359 1200 1399 latinitate
1213 1360 1421 1410 vestigium
1435 1360 1556 1398 ullum
1571 1361 1726 1410 reperiri
1739 1364 1884 1410 potest.

1008 1416 1114 1455 Nam
1146 1430 1251 1454 error
1282 1416 1398 1455 codd.
1430 1415 1559 1462 Quint.
1591 1415 1661 1455 XI.
1687 1420 1724 1457 2.
1751 1419 1817 1456 35.
1848 1417 1885 1453 in

1009 1471 1177 1511 lectione
1191 1474 1451 1512 reiteratione
1464 1485 1533 1522 pro
1548 1473 1776 1518 iteratione,
1785 1472 1887 1510 bene

1009 1529 1227 1581 explicatur
1251 1528 1513 1580 praecedente
1539 1527 1699 1579 syllaba
1722 1542 1784 1573 ra,
1811 1541 1888 1579 qua

1007 1586 1174 1637 repetita
1186 1586 1396 1624 reiteratio
1414 1584 1557 1623 factum
1579 1587 1658 1632 est3
1684 1588 1888 1636 praeterea

1011 1643 1063 1681 ibi
1107 1642 1220 1680 codd.
1263 1641 1394 1692 optimi
1439 1641 1611 1693 simplex
1663 1641 1888 1692 praeferunt

1011 1698 1059 1738 cs.
1082 1698 1219 1749 Spald.
1240 1698 1289 1737 ad
1310 1698 1348 1736 h.
1367 1697 1392 1736 l.
1417 1697 1493 1736 Hic
1506 1711 1597 1736 vero
1610 1696 1784 1736 Florent.
1799 1697 1888 1736 cod.

1009 1759 1174 1805 uterque
1209 1755 1411 1793 reiterans
1446 1758 1582 1805 aperte
1608 1753 1744 1802 habet,
1783 1753 1888 1805 quod

1011 1825 1128 1863 quum
1143 1811 1309 1849 librariis
1321 1810 1482 1849 latinum
1497 1823 1591 1849 esse
1606 1824 1679 1848 non
1694 1810 1889 1848 videretur

1012 1869 1048 1906 in
1062 1869 1216 1906 iterans
1231 1871 1508 1905 commutatum
1522 1870 1596 1905 est.
1621 1866 1711 1905 Huc
1723 1866 1886 1912 accedit,

1012 1924 1117 1975 quod
1141 1923 1248 1961 Afris
1279 1936 1367 1961 cum
1398 1924 1692 1975 praepositione
1716 1937 1762 1962 re
1785 1935 1885 1961 com-

1011 1981 1153 2032 positio
1177 1980 1378 2018 tritissima
1403 1983 1485 2024 est,
1516 1983 1558 2018 ut
1580 1979 1796 2024 rebullire,
1826 1992 1885 2018 re-

1012 2036 1278 2081 concludere,
1310 2036 1616 2088 reconsiynare.
1665 2035 1887 2075 Reiterans

1009 2093 1251 2143 frequentem
1276 2093 1489 2143 mugituum
1514 2092 1721 2131 ferinorum
1745 2093 1885 2143 repeti-

1008 2151 1153 2188 tionem
1179 2148 1331 2187 indicat.
1380 2148 1518 2198 Inepta
1550 2161 1664 2199 porro
1695 2151 1758 2186 est
1783 2147 1885 2186 Oud.

1008 2206 1243 2251 coniectura,
1268 2205 1433 2257 ruyitus
1458 2218 1540 2243 ore
1565 2206 1729 2250 iterans,
1749 2208 1888 2255 utpote

1007 2262 1126 2315 plane
1138 2260 1376 2312 superfluum
1389 2261 1646 2299 etmolestum
1666 2260 1885 2314 adficiens]

1066 2320 1186 2358 etiam
1214 2331 1386 2356 scenam.
1434 2317 1607 2356 Recessi
1637 2331 1661 2356 a
1691 2318 1888 2355 sententia

1012 2375 1077 2413 viri
1125 2374 1228 2413 docti
1276 2373 1327 2412 ad
1373 2387 1492 2424 marg.
1541 2371 1618 2412 Ed.
1668 2372 1800 2418 Colv.,
1848 2377 1887 2410 et

1010 2430 1108 2470 Pric.
1140 2443 1280 2469 vocem
1311 2430 1430 2469 etiam
1459 2431 1496 2468 in
1530 2435 1569 2470 et
1596 2431 1679 2469 iam
1714 2429 1886 2468 dividen-

1009 2489 1122 2532 tium,
1160 2500 1277 2537 quam
1313 2487 1548 2525 sententiam
1583 2485 1686 2525 Oud.
1730 2499 1886 2536 quoque

1009 2548 1172 2582 secutus
1197 2548 1278 2589 est,
1303 2556 1425 2582 sensu
1437 2557 1514 2582 non
1528 2543 1767 2595 postulante.
1793 2540 1886 2580 Par-

1008 2600 1142 2651 ticipia
1165 2600 1269 2638 enim
1294 2599 1437 2651 copula
1468 2613 1543 2638 non
1568 2598 1702 2638 addita
1725 2599 1886 2649 iungere

1010 2661 1115 2695 amat
1139 2656 1334 2708 Apuleius
1365 2655 1413 2694 cs.
1438 2655 1538 2694 Met.
1563 2655 1631 2694 lV.
1657 2668 1694 2705 p.
1721 2658 1814 2695 370.
1847 2658 1887 2692 et

1009 2714 1185 2764 saepius.
1233 2713 1339 2752 Ante
1362 2712 1600 2751 Beroaldum
1630 2724 1724 2748 vero
1754 2711 1885 2761 inepte

1011 2770 1202 2809 edebatur
1233 2783 1401 2809 coenam
1432 2781 1479 2806 ac
1503 2768 1646 2806 frustra
1670 2766 1886 2805 Vulcanius

1010 2826 1173 2877 margini
1197 2826 1258 2864 sui
1279 2825 1364 2863 libri
1383 2824 1530 2863 adlevit
1547 2824 1756 2869 schemam,
1781 2823 1888 2873 quod

1011 2883 1075 2922 hic
1111 2896 1186 2921 non
1223 2885 1357 2934 aptum
1395 2884 1469 2920 est.
1518 2881 1652 2919 Scena
1688 2882 1750 2918 est
1784 2880 1886 2918 actio

1011 2938 1213 2990 Thrasylli
1238 2941 1452 2989 personata
1476 2936 1523 2976 cf.
1538 2936 1634 2975 Met.
1648 2934 1714 2973 IV.
1735 2949 1773 2987 p.
1790 2938 1884 2976 281.

1008 3009 1199 3035 scenam
1233 3007 1326 3034 cnm
1361 2994 1497 3032 anima
1533 2993 1725 3036 retinens,
1762 2993 1888 3032 variis

1011 3052 1204 3103 corporis
1218 3051 1301 3090 suis
1317 3049 1518 3088 schemis
1543 3062 1594 3088 ac
1613 3048 1798 3092 motibus,
1822 3049 1888 3087 ubi

1009 3109 1185 3160 pessime
1199 3108 1288 3144 item
1304 3105 1498 3144 inculcant
1511 3104 1667 3155 quidam
1677 3104 1886 3144 schemam.

1068 3164 1124 3204 ad
1149 3164 1296 3202 Ilmam.
1334 3160 1446 3200 Hanc
1470 3161 1676 3199 dictionem
1701 3159 1886 3199 Beroald.
