2155 3590
701 101 891 142 LIBER
919 101 946 142 I.

64 225 168 265 gena
186 211 344 265 peralbo
368 211 526 259 vehens,
549 211 555 267 Ι
575 213 651 252 iani
671 227 718 253 eo
737 228 890 268 quoque
910 214 1113 254 admodum
1134 215 1256 264 fesso,
1285 220 1328 253 ut
1345 212 1428 267 ipse
1448 212 1565 253 etiam
1587 212 1857 267 fatigationem
1906 214 1945 246 13

1006 100 1133 142 CAP.
1163 101 1209 141 ll.
1802 100 1854 144 15

63 268 324 308 sedentariam
360 269 536 309 incessus
565 270 819 322 vegetatione
844 272 1100 321 discuterem,
1133 271 1174 310 in
1200 270 1316 324 pedes
1342 269 1502 319 desilio,
1549 270 1638 323 equi
1675 269 1857 310 sudorem

63 324 193 364 fronte
231 325 384 364 curiose
421 325 598 376 exfrieo,
637 338 753 366 aures
790 328 1006 375 remuleeo,
1051 328 1185 367 frenos
1224 326 1411 376 detraho,
1452 325 1493 365 in
1533 327 1694 379 gradum
1730 326 1858 366 lenem

57 439 194 477 peraeto
209 442 277 470 cod.
292 443 326 470 0.
343 443 382 470 de
395 449 458 476 qua
471 443 704 476 permutatione
717 443 756 471 cf.
771 444 880 472 Liv.1.
895 446 947 473 32.
963 444 986 482 ᾗ.
1000 446 1032 473 2.
1079 443 1182 471 etiam
1206 451 1305 478 prave
1329 445 1443 472 exulat.
1467 445 1507 472 ab
1534 444 1572 471 ed
1595 444 1690 472 Vinc.
1710 444 1859 472 Beroald.

61 488 143 515 lunt.
165 488 193 514 1.
213 487 289 514 Ald.
309 487 413 515 Basil.
433 490 544 516 contra
561 488 654 516 fidem
673 489 814 517 onmium
828 492 909 517 Mss.
934 491 1120 518 natantum
1139 490 1337 524 praecedens
1356 496 1487 526 quoque
1500 492 1602 522 potest
1622 489 1772 524 intelligi.
1798 490 1860 517 Per

61 532 293 567 negligentiam
307 539 362 565 pro
369 531 619 570 fatigationem
632 533 665 560 in
681 534 730 561 ed.
743 534 862 562 Florid.
876 535 994 567 legitur
1006 532 1240 562 lassitudinem
1253 532 1433 573 —fronde
1446 535 1515 562 cod.
1530 535 1564 562 Ο.
1580 533 1859 572 ceterifronte—

61 574 376 615 sudoremfrontem
389 577 424 605 F.
439 579 469 605 3.
483 578 520 605 L.
534 582 563 606 et
578 579 659 606 coll.
672 579 711 607 V.
726 581 755 606 et
769 580 838 606 edd.
850 583 928 608 vett.
976 580 1113 608 curiosa
1130 581 1166 608 P.
1214 579 1349 607 eurico
1362 587 1393 614 p.
1407 580 1446 609 B.
1466 583 1495 607 et
1508 580 1623 607 Roam.
1638 587 1665 607 c.
1680 579 1770 607 codd.
1782 582 1858 607 vett.

60 625 188 655 praeter
198 623 282 650 lunt.
295 623 325 650 2.
373 629 475 650 aures
488 624 602 651 Venet.
617 624 647 651 2.
694 626 726 650 et
738 622 880 660 gradum
895 633 925 659 p.

61 718 229 771 Apuleio
266 721 458 766 vindices,
501 722 565 772 qui
600 723 760 773 saepius
799 723 834 760 in
871 722 931 761 his

60 775 344 828 deponentibus
369 792 393 816 a
417 778 637 828 quotidiano
662 792 736 816 usu
755 780 932 817 recessit.

60 832 166 870 Idem
191 834 290 871 enim
314 833 410 872 Met.
430 834 497 872 IV.
523 848 561 886 p.
588 838 680 875 260.
705 835 816 873 solus
841 835 934 874 dixit

59 891 393 929 comminiscimus
418 895 456 929 et
479 892 625 929 Arnob.
652 890 696 930 ll.
723 906 754 930 c.
776 895 839 931 61.
865 891 932 930 Or.

58 947 191 984 metiri
213 947 374 997 passivo
399 961 521 986 sensu
545 949 744 999 usurpavit
769 948 865 987 orbe
884 949 934 987 sit

59 1001 124 1040 sol
147 1002 328 1054 amplior
353 1018 406 1042 αη
429 1005 551 1056 pedis
574 1005 693 1043 unias
714 1005 935 1043 latitudine

57 1059 268 1104 metiatur5
293 1059 338 1098 cs.
366 1060 414 1098 ad
428 1060 524 1099 Met.
548 1074 586 1112 p.
602 1065 666 1100 74.
692 1060 756 1098 Ad
774 1073 932 1098 sensum

57 1118 98 1152 et
128 1117 414 1165 grammaticam
444 1117 557 1155 lectio
590 1116 638 1155 F.
674 1121 707 1156 1.
735 1121 772 1157 2.
802 1121 934 1168 potest

57 1170 227 1216 defendi,
259 1173 333 1210 sed
363 1177 495 1212 contra
518 1177 668 1211 ceteros
705 1173 818 1211 codd.
855 1186 933 1210 mu-

56 1230 138 1265 tare
164 1228 373 1278 quidquam
403 1229 518 1267 nolui.
561 1229 624 1267 De
653 1230 933 1281 permutatione

57 1284 259 1322 verborum
289 1298 492 1336 emer-‘sere
517 1291 555 1324 et
579 1286 734 1324 emetiri
758 1286 792 1323 in
820 1284 931 1323 codd.

57 1339 107 1379 cf.
139 1340 243 1378 Duk.
275 1341 325 1379 ad
355 1341 460 1380 Flor.
496 1341 558 1380 lll.
600 1345 661 1382 10.
700 1345 764 1382 22.
801 1341 932 1379 Bentl.

57 1396 106 1435 ad
119 1396 254 1435 Manil.
281 1396 308 1436 l.
338 1402 428 1438 178.
455 1397 557 1437 Oud.
579 1398 629 1437 ad
654 1397 784 1436 Front.
811 1397 839 1435 l.
866 1401 931 1438 43.

56 1451 118 1492 Ill.
148 1457 182 1493 1.
209 1453 264 1506 2.]

111 1523 172 1549 me
196 1523 301 1563 equo
325 1511 475 1550 vellens.
502 1510 603 1549 Oud.
626 1510 743 1550 latine
763 1511 836 1549 dici
858 1511 931 1549 hoc

56 1578 206 1617 negans
237 1581 268 1605 c.
299 1567 384 1606 cod.
412 1566 546 1606 Tolos.
579 1569 620 1606 in
653 1582 758 1620 equo
791 1568 933 1607 vehens

56 1622 188 1674 legere
212 1624 376 1669 mavult,
409 1637 511 1675 quae
541 1624 724 1674 iungendi
748 1625 842 1663 ratio
868 1638 932 1662 ex-

56 1679 186 1731 emplo
225 1678 410 1731 Quadrig.
442 1695 504 1733 ap.
543 1681 646 1720 Gell.
681 1680 723 1719 ll.
762 1695 792 1719 c.
826 1684 863 1721 2.
895 1684 933 1719 et

57 1735 173 1774 Gron.
217 1740 256 1775 et
290 1736 358 1776 Dr.
390 1737 440 1776 ad
475 1737 559 1776 Liv.
598 1736 641 1775 ll.
675 1752 706 1776 c.
749 1741 810 1778 19.
853 1736 929 1776 Cic.

56 1790 102 1831 Π.
143 1792 230 1832 Div.
268 1807 301 1832 c.
341 1797 405 1834 68.
441 1795 656 1833 stabiliatur
693 1793 769 1845 [cui
806 1793 931 1833 addas

56 1847 192 1888 Eckst.
208 1849 259 1888 ad
271 1850 393 1888 Voss.
415 1850 534 1890 Arist.
550 1850 611 1889 Ill.
627 1865 664 1902 p.
680 1854 771 1891 735.
795 1849 930 1890 Creuz.

55 1906 106 1944 ad
122 1905 198 1945 Cic.
225 1906 275 1944 de
299 1906 348 1945 N.
362 1906 412 1945 D.
427 1906 454 1946 l.
476 1911 542 1948 28.
561 1921 599 1960 p.
618 1911 709 1948 124.
742 1905 930 1953 Quamvis

54 1963 141 2002 trita
169 1964 220 2001 sit
250 1963 349 2002 haec
378 1963 530 2002 dicendi
560 1965 672 2009 ratio,
708 1967 836 2002 tamen
869 1978 931 2002 ca·

55 2031 150 2058 reas
175 2023 308 2058 contra
333 2021 496 2058 omnium
516 2020 616 2059 Mss.
643 2020 758 2059 fidem
783 2024 822 2058 et
841 2021 930 2059 edit.

55 2079 147 2114 vett.
175 2076 385 2126 quidquam
410 2080 548 2115 mutes.
582 2076 812 2115 Conceditur
831 2078 932 2115 enim

54 2132 196 2171 vehere
207 2145 364 2184 semper
377 2133 559 2171 absolute
572 2137 638 2172 aut
655 2134 816 2185 passive
827 2135 931 2186 poni,

55 2189 130 2227 sed
154 2188 245 2227 licet
269 2203 342 2228 non
368 2190 573 2242 exemplis,
599 2190 779 2241 analogia
802 2194 931 2229 tamen

56 2245 215 2284 alteram
241 2247 563 2284 constructionem
588 2247 733 2285 tuebor.
777 2246 820 2284 Si
839 2246 932 2285 Bar-

55 2302 135 2340 thio
168 2302 267 2341 fides
302 2301 487 2342 habenda
518 2307 578 2341 est
615 2303 782 2342 Advers.
820 2302 929 2341 XXI.

58 2363 120 2399 18.
133 2372 172 2410 p.
185 2362 303 2400 1059.
320 2358 581 2399 Tertullianus
595 2359 690 2398 dixit
709 2373 748 2398 se
763 2365 929 2405 vectare,

57 2417 122 2466 qui
150 2415 280 2462 locus,
311 2428 426 2466 quem
463 2420 592 2455 tamen
629 2416 756 2454 adhuc
792 2416 932 2455 frustra

57 2473 244 2522 quaesivi,
268 2476 390 2511 totam
414 2472 519 2512 litem
549 2472 712 2511 tolleret.
756 2473 814 2511 Ita
838 2476 932 2518 erat,

57 2541 173 2579 quum
204 2529 307 2581 apud
337 2528 518 2568 Fronton.
552 2529 674 2581 Epist.
707 2529 758 2567 ad
788 2529 929 2567 Anton.

55 2583 104 2624 L.
129 2584 156 2624 l.
185 2590 220 2626 1.
246 2599 271 2637 p
315 2589 405 2626 142.
430 2586 480 2624 ed
497 2585 611 2625 Rom.
637 2585 809 2637 legerem
831 2590 931 2638 peto

57 2655 83 2680 a
107 2646 145 2681 te
168 2642 240 2681 sed
268 2643 526 2694 impetratum
548 2644 599 2682 sil
623 2656 673 2681 ne
698 2647 736 2681 ie
756 2642 806 2681 ob
827 2642 933 2681 diem

55 2698 235 2737 natalem
251 2698 497 2751 Cornificiae
505 2698 679 2738 Lorium
692 2703 818 2738 vectes
833 2698 930 2751 [pro

56 2767 174 2794 vexes
207 2754 408 2807 palimps.‚
440 2768 542 2806 quae
578 2754 850 2793 intolerabilior
878 2755 931 2793 vi-

56 2808 168 2849 detur
197 2824 292 2850 esse
322 2811 470 2864 dictio]
509 2810 715 2857 Quomodo
741 2812 839 2849 enim
865 2824 930 2850 ex-

56 2865 181 2918 plices
223 2869 477 2907 constantiam
517 2867 698 2908 librorum
732 2881 793 2907 me
827 2881 930 2921 equo

54 2924 309 2971 retinentium,
333 2937 451 2976 quum
470 2923 538 2964 illa
556 2928 745 2964 structura
764 2926 807 2963 in
826 2938 931 2977 equo

56 2980 178 3019 tritior
207 2985 335 3027 esset,
372 2994 488 3033 quam
518 2994 620 3033 quae
650 2996 674 3020 a
698 2981 859 3020 librariis
894 2982 931 3020 in

57 3036 287 3076 insolentem
322 3036 443 3090 plane
483 3038 646 3078 alteram
680 3041 930 3077 commutare-

56 3094 126 3132 tur.
185 3092 340 3135 Eodem
367 3094 484 3134 modo
509 3095 711 3134 inclinare
742 3096 781 3133 et
809 3093 928 3134 incli-

991 724 1083 762 nari
1126 723 1207 761 sere
1252 736 1408 775 semper
1447 723 1601 767 dicitur,
1648 722 1722 760 sed
1758 722 1863 774 apud

993 778 1104 818 Caes.
1136 779 1182 818 B.
1210 778 1251 818 C.
1282 779 1308 818 Ι.
1336 784 1399 820 52.
1433 777 1510 818 Cic.
1541 779 1591 817 de
1621 776 1703 817 Fin.
1735 777 1796 816 ΠΙ.
1824 783 1860 818 5.

990 849 1030 875 se
1071 837 1273 875 inclinare
1315 839 1439 881 extat,
1489 837 1540 874 ita
1580 837 1782 874 remittere
1823 840 1862 873 et

991 893 1144 931 remitti
1178 893 1228 930 de
1264 893 1425 937 morbis,
1473 893 1536 942 qui
1572 892 1756 930 sedantur
1798 895 1863 930 aut

991 948 1239 994 decrescunt,
1274 952 1316 987 ut
1346 948 1422 987 Cic.
1452 949 1562 987 Brut.
1589 951 1655 988 34.
1685 947 1770 986 Liv.
1796 946 1862 986 Vl.

993 1008 1057 1044 36.
1089 1005 1120 1056 δ.
1146 1009 1182 1045 3.
1216 1003 1302 1044 Ter.
1333 1005 1478 1056 Hecyr.
1510 1004 1572 1043 ΠΙ.
1599 1008 1636 1045 2.
1669 1009 1730 1044 14.
1757 1003 1861 1042 Cels.

992 1060 1055 1099 111.
1096 1065 1157 1101 12.
1201 1065 1369 1100 attamen
1409 1061 1515 1113 apud
1551 1060 1654 1100 Cels.
1691 1060 1758 1099 IV.
1798 1065 1861 1100 14.

991 1117 1062 1155 ubi
1098 1118 1223 1156 dolor
1258 1123 1296 1156 et
1330 1119 1597 1171 inflammatio
1634 1131 1676 1157 se
1709 1118 1861 1156 remise-

989 1178 1086 1211 runt
1120 1177 1159 1211 et
1205 1172 1319 1212 Ovid.
1362 1173 1521 1212 Hei-oid.
1563 1173 1629 1213 lV.
1673 1179 1737 1214 51.
1774 1187 1864 1212 cum

991 1242 1031 1266 se
1058 1232 1185 1280 furor
1216 1230 1286 1269 ille
1316 1232 1470 1269 remisit
1499 1230 1646 1281 legitur.
1700 1229 1804 1268 Nam
1828 1231 1862 1267 si

991 1285 1026 1321 in
1061 1285 1226 1336 Apuleio
1263 1288 1390 1324 omnia
1425 1287 1538 1324 certis
1574 1286 1764 1338 exemplis
1801 1299 1863 1324 es-

991 1345 1079 1379 sent
1103 1342 1349 1383 stabilienda.
1374 1342 1498 1382 multa
1516 1355 1748 1393 quamquam
1768 1343 1862 1394 opti-

990 1398 1063 1435 mis
1094 1398 1205 1436 codd.
1242 1399 1462 1437 confirmata
1499 1398 1714 1448 derelinqui
1744 1399 1863 1437 debe-

989 1460 1085 1499 rent,
1111 1468 1213 1505 quae
1232 1460 1363 1494 contra
1380 1467 1493 1493 usum
1519 1455 1778 1505 quotidianum
1798 1455 1864 1493 ille

989 1511 1156 1561 protulit.
1188 1511 1273 1550 Nisi
1294 1511 1498 1562 analogiae
1522 1515 1735 1563 repugnant
1758 1512 1863 1558 talia,

992 1567 1153 1606 fidenter
1176 1568 1373 1621 recipias.]

1045 1625 1231 1676 peralbo.
1261 1624 1365 1677 [Non
1385 1626 1470 1663 sine
1490 1638 1633 1663 caussa
1653 1625 1741 1675 eqni
1761 1624 1863 1663 colo·

991 1694 1071 1719 rem
1096 1682 1291 1720 indicasse
1321 1682 1469 1720 videtur
1493 1681 1697 1733 Apuleius.
1728 1680 1862 1719 Reser-

991 1741 1050 1776 tur
1080 1739 1180 1777 enim
1211 1738 1260 1777 ad
1294 1738 1377 1777 libri
1401 1737 1469 1776 ΧΙ.
1500 1752 1539 1790 p.
1567 1743 1658 1779 794.
1685 1739 1863 1776 narratio-

990 1808 1094 1840 nem,
1131 1795 1194 1833 ubi
1234 1794 1379 1833 Lucius
1416 1808 1553 1833 somno
1589 1796 1753 1833 monitus
1789 1798 1863 1839 est,

989 1864 1145 1890 servum
1182 1852 1218 1889 ei
1254 1850 1301 1889 de
1339 1850 1552 1890 Thessalia
1585 1853 1864 1903 supervenisse

990 1909 1143 1946 nomine
1157 1907 1384 1953 Candidum,
1406 1909 1468 1958 qui
1489 1921 1614 1958 equus
1634 1911 1716 1946 erat
1733 1908 1863 1946 colore

990 1964 1194 2011 candidus3
1226 1964 1272 2003 cs.
1299 1964 1386 2003 ibid.
1413 1979 1451 2016 p.
1479 1967 1570 2004 796.
1596 1964 1675 2016 sq.]

1046 2022 1279 2060 sedentaria
1296 2024 1376 2073 sat.
1404 2021 1470 2072 [ea
1489 2024 1562 2066 est,
1589 2033 1689 2070 quae
1714 2020 1777 2059 diu
1801 2034 1861 2059 se-

990 2077 1118 2115 dendo
1145 2077 1315 2123 efficitur,
1344 2081 1386 2116 ut
1400 2076 1648 2116 Colum.Xll.
1665 2081 1700 2116 3.
1727 2077 1862 2116 seden-

991 2136 1101 2172 taria
1137 2148 1264 2186 opera
1301 2138 1433 2173 contra
1465 2135 1658 2179 usitatam,
1690 2146 1791 2183 quae
1825 2136 1862 2172 in

990 2190 1065 2229 hac
1111 2191 1385 2229 adiectivorum
1436 2191 1703 2229 terminatione
1748 2191 1862 2235 inest,

990 2248 1318 2297 significationem.
1355 2247 1402 2286 cs.
1438 2247 1601 2286 Ramsh.
1633 2246 1729 2298 Syn.
1760 2246 1786 2285 Ι.
1824 2261 1861 2299 p.

989 2302 1121 2341 LXX.
1161 2317 1222 2354 sq.
1261 2304 1433 2343 Schmid.
1470 2304 1653 2356 hypomn.
1696 2317 1734 2355 p.
1771 2308 1861 2344 170.

989 2358 1124 2398 Eckst.
1151 2361 1201 2399 ad
1226 2360 1344 2400 Voss.
1369 2360 1486 2400 Arist.
1513 2360 1577 2399 ΙΙΙ.
1602 2374 1638 2412 p.
1666 2359 1776 2412 716.]

1045 2418 1222 2457 incessus
1252 2419 1467 2471 vegetatio.
1501 2416 1646 2469 [Quum
1676 2421 1863 2469 reyetare

989 2475 1143 2526 proprie
1167 2475 1217 2512 sit
1241 2476 1443 2519 excitare,
1468 2474 1678 2518 roborare,
1709 2474 1861 2512 exerci-

990 2535 1091 2577 tare,
1116 2532 1308 2582 vegetatio
1338 2532 1518 2569 incessus
1547 2530 1733 2580 significat
1757 2528 1861 2580 agili·

989 2590 1109 2626 tatem
1138 2590 1338 2639 vegetam,
1369 2587 1513 2639 pedum
1550 2586 1862 2624 exercitationem

990 2645 1102 2693 quasi
1127 2648 1167 2682 et
1195 2647 1358 2689 motum,
1390 2656 1465 2694 quo
1496 2642 1757 2694 fatigationem
1781 2642 1861 2680 diu·

988 2701 1067 2739 tina
1090 2701 1325 2751 equitatione
1354 2701 1592 2751 ingruentem
1616 2697 1761 2737 Lucius
1791 2698 1861 2737 tol-

989 2755 1069 2796 lere
1093 2757 1269 2809 studuit]

1045 2815 1140 2868 equi
1154 2814 1342 2853 sudorem
1351 2816 1492 2866 fronte
1508 2813 1686 2864 exfrico.
1711 2811 1861 2851 Omnes

989 2875 1174 2922 quantum
1203 2869 1336 2916 video,
1367 2868 1478 2908 codd.
1509 2872 1575 2908 aut
1595 2871 1774 2921 frontem
1797 2873 1863 2908 aut

985 2930 1141 2980 fronte,
1177 2940 1278 2965 unus
1298 2927 1457 2979 fronde
1491 2924 1693 2970 exhibent,
1734 2929 1776 2964 ut
1810 2925 1862 2964 de

987 2985 1179 3036 scriptura
1201 2983 1365 3021 dubitari
1389 2985 1568 3033 nequeat.
1605 2980 1708 3020 Oud.
1732 2985 1860 3021 tamen

986 3042 1188 3094 proposita
1222 3053 1246 3078 a
1275 3038 1432 3078 Becich.
1469 3037 1572 3091 Epit.
1608 3041 1673 3079 64.
1704 3037 1860 3078 Bernat.

987 3097 1038 3137 ad
1087 3098 1184 3137 Stat.
1235 3094 1362 3136 Theb.
1398 3093 1462 3135 111.
1511 3098 1603 3136 567.
1646 3095 1861 3135 coniectura
