2155 3590
714 154 901 196 LIBER
939 155 985 196 V.

119 284 190 311 nec
213 270 310 324 ipse.

1047 154 1173 195 CAP.
1202 153 1275 194 ΠΙ.
1820 152 1900 196 315

358 268 472 309 Tunc
495 268 715 309 modulatae
739 269 997 310 multitudinis
1021 267 1199 310 conferta
1222 281 1305 309 vox
1335 267 1495 308 auribus
1526 268 1609 309 eius
1641 268 1826 320 affertur,
1858 274 1904 309 ut

117 325 292 380 quamvis
317 325 513 366 hominum
538 339 650 365 nemo
675 332 852 380 pareret,
880 326 1021 367 chorus
1045 333 1175 366 tamen
1199 337 1286 365 esse
1310 330 1476 379 pateret.

115 432 149 459 in
162 429 289 459 modum
303 429 527 459 multitudi'ms
541 439 597 466 pro
610 429 804 459 modulatae
822 430 930 467 mult„
957 433 1041 466 quod
1059 433 1164 460 solum
1181 429 1286 466 reperi
1303 429 1338 459 in
1357 431 1393 459 1⁴.
1409 431 1438 458 1.
1451 433 1480 458 et
1495 430 1531 458 B.
1546 433 1577 458 et
1589 431 1659 459 edd.
1672 433 1748 459 vett.
1773 430 1818 459 (in
1830 432 1899 459 Vc-

115 480 178 506 net.
192 478 222 506 2.
247 475 454 513 modulatae)
478 477 598 513 legitur
616 477 650 505 in
669 479 704 506 G.
721 479 748 505 1.

762 478 793 505 2.
813 478 848 505 P.
863 479 898 506 0.
911 478 950 506 D.
963 478 1001 506 R.
1016 477 1038 507 f.
1051 485 1088 506 π.
1109 477 1186 505 etin
1197 477 1233 505 F.
1246 478 1277 504 3.
1297 477 1354 504 sed
1367 483 1413 504 ex>
1426 475 1634 503 correctione.
1683 474 1862 514 confertae
1875 475 1898 505 f.

115 521 272 561 confecta
285 524 321 550 G.
334 523 365 550 ,2.
380 523 417 550 P.
431 523 468 551 D.
515 521 655 549 auribus
674 523 709 551 F.
725 524 754 550 3.
775 523 810 550 G.
827 523 855 550 1.
870 524 899 550 2.
914 523 949 551 P.
965 523 999 551 O.
1013 523 1051 550 D.
1066 529 1102 551 π.
1116 518 1144 550 δ.
1191 527 1293 549 aures
1306 521 1342 549 F.
1358 522 1386 549 1.
1401 523 1429 549 et
1443 521 1479 549 P.
1505 518 1551 556 (si
1569 520 1646 548 fides
1666 523 1715 549 est
1734 520 1898 555 excerptis

116 568 150 596 in
163 574 262 602 marg.
277 568 325 595 ed.
340 567 429 596 Colv.
440 589 447 603 ,
462 566 579 601 quibus
593 570 699 596 tamen
712 575 776 595 non
789 568 959 596 admodum
972 567 1101 601 insisto,
1128 566 1317 601 praesertim
1329 573 1401 595 cum
1415 567 1449 594 G.
1465 567 1494 594 2.
1532 564 1672 592 auribus
1685 561 1853 602 praebeat)
1867 569 1899 594 et

112 613 182 640 edd.
197 615 273 641 vett.
320 615 355 639 et
366 620 422 647 pro
435 615 472 640 uc
485 613 520 641 F.
535 613 564 641 3.
581 613 616 641 G.
632 614 660 641 1.
676 614 705 641 2.
720 613 754 641 0.
769 613 803 640 Ρ.
818 613 857 640 D.
873 612 894 641 f.
908 610 937 641 ὃ.
978 615 1129 649 pararet
1141 618 1196 647 pro
1205 613 1346 648 pareret
1359 612 1396 639 D.
1412 617 1432 639 a
1444 619 1485 640 m.
1498 618 1528 644 p.
1576 607 1714 637 chorum
1728 610 1749 639 f.
1774 611 1850 639 Bas.
1865 612 1896 639 2.

113 665 141 686 c.
154 658 224 686 edd.
245 658 352 686 SVoW.
373 661 402 686 et
420 658 504 686 Prie.
537 659 600 686 Sed
618 658 650 686 iu
670 659 706 686 G.
720 659 751 686 2.
770 657 890 690 legitur
907 656 1046 693 chorus,
1071 665 1134 686 non
1154 655 1308 692 chorum,
1334 657 1381 684 uti
1395 657 1473 685 Oud.
1493 659 1647 689 excerpta
1665 658 1897 684 monstrabant.

114 709 253 739 quorum
266 710 324 737 pro
338 700 459 730 chorus
473 705 507 731 G.
518 704 546 731 1.
557 704 591 732 0.
629 706 739 730 cumen
754 705 843 731 abest
858 704 920 731 aP.
961 705 1105 739 pareret
1118 703 1215 731 eliam
1230 704 1434 738 proponeret
1445 702 1480 730 G.
1497 702 1525 729 1.
1540 702 1570 731 2.
1584 702 1622 729 D.

111 749 150 776 ad
158 749 299 784 pateret
312 749 443 777 exulant
458 755 477 776 a
491 745 520 777 δ.

111 834 255 886 Rigalt.
288 835 419 874 Deum
448 849 636 876 summum
667 849 745 875 esse
774 849 974 887 maslaum.

112 892 153 929 in
178 893 416 931 aeternitate
437 895 705 938 constitutum,
729 893 900 931 innata
910 891 974 944 m.]

173 948 334 988 cithara
354 949 506 1000 pulsat.
534 948 714 987 Floridus
740 952 870 987 contra
894 948 977 1000 plu-

111 1009 229 1046 rimos
243 1005 354 1043 codd.
370 1004 488 1043 edidit
503 1005 699 1044 citharam
710 1005 859 1057 pulsat,
876 1017 976 1056 quae

112 1064 223 1103 lectio
239 1060 416 1099 Oudend.
445 1066 482 1100 ct
497 1061 636 1099 deinde
651 1060 798 1099 Orellio
814 1062 975 1113 probata

109 1125 189 1167 est,
216 1118 279 1169 qui
298 1119 489 1168 posterior
509 1131 594 1155 eam
609 1118 804 1156 intextum
818 1119 971 1166 recepit.

111 1176 211 1215 Mira
239 1187 336 1212 sane
368 1178 429 1212 est
460 1173 621 1218 locutio,
652 1187 752 1225 quae
777 1174 882 1212 nullo
906 1187 971 1211 un-

110 1246 224 1284 quam
255 1229 437 1282 exemplo
470 1234 602 1281 potest
632 1230 861 1276 confirmari,
897 1230 972 1267 nisi

108 1289 158 1328 ad
172 1287 391 1337 analogiam
405 1290 443 1324 te
456 1286 653 1331 conferas,
680 1285 770 1324 licet
782 1301 854 1324 non
870 1299 971 1336 pror-

107 1359 177 1384 sus
208 1343 447 1384 consimilem
491 1342 606 1395 [Tac.
638 1343 739 1381 Anu.
771 1342 881 1381 XIV.
911 1347 971 1382 14.

108 1402 198 1441 dicit
223 1400 382 1441 cithara
413 1399 593 1452 συντακῇ,
625 1397 792 1437 Phaedr.
817 1397 882 1437 III.
910 1403 971 1439 16.

111 1463 174 1500 12.
198 1470 344 1497 souare
368 1456 545 1500 eithara,
572 1456 634 1507 qui
659 1460 788 1493 tamen
814 1454 925 1493 locus
950 1468 974 1493 a

105 1514 238 1553 multis
263 1513 534 1564 interpretibus
559 1513 595 1550 in
622 1512 776 1550 dubium
800 1516 971 1557 vocatur,

113 1585 185 1610 nec
212 1571 338 1609 minus
367 1568 485 1614 alter,
516 1569 580 1620 qui
604 1572 723 1606 totam
750 1568 854 1607 litem
886 1568 971 1606 diri-

105 1641 211 1668 mere
231 1630 365 1678 queat,
390 1627 425 1663 si
443 1639 466 1663 a
484 1625 584 1664 Mss.
605 1627 832 1664 auctoritate
850 1638 972 1663 sanus

107 1686 158 1724 sit
180 1683 269 1722 val.
295 1681 488 1721 Flacc.V.
515 1686 608 1722 694.
634 1687 673 1721 et
695 1682 853 1721 cithara
875 1682 969 1733 pul-

105 1746 215 1781 satos
240 1739 414 1791 Apollo,
438 1739 503 1777 ubi
528 1738 714 1777 Heinsius
740 1739 906 1777 correxit
918 1740 970 1777 ci-

107 1798 264 1841 tharae,
279 1795 350 1834 sed
364 1799 404 1833 ut
415 1795 566 1833 videtur
579 1809 600 1833 e
615 1796 843 1834 coniectura.
868 1795 971 1834 Rem

106 1855 141 1892 in
176 1853 345 1891 medium
381 1852 582 1903 relinquo;‚
619 1856 659 1890 at
700 1852 898 1891 citharam
933 1852 968 1889 in

108 1914 216 1949 textu
240 1921 386 1961 ponere
417 1908 533 1946 nolui.

165 1979 269 2020 quae
292 1979 373 2004 non
399 1965 626 2011 videbatur,
657 1978 731 2003 nec
761 1966 858 2017 ipse.
906 1964 970 2003 Ab

106 2023 252 2075 optimo
278 2021 362 2060 cod.
394 2020 438 2060 F.
465 2025 500 2061 3.
528 2021 591 2071 qui
624 2035 728 2073 quae
757 2021 971 2060 videbatur

105 2093 178 2118 nec
191 2080 278 2130 ipse
290 2078 469 2130 praebet,
495 2077 753 2115 recedendum
779 2077 860 2123 erit,
881 2078 970 2128 quia

103 2134 170 2173 vel
195 2147 279 2173 cum
305 2137 339 2172 δ.
377 2138 417 2172 et
446 2147 482 2184 p.
516 2133 722 2183 legendum
749 2137 828 2177 est,
866 2147 970 2185 quae

106 2205 189 2230 nou
212 2191 426 2230 videbatur
449 2203 522 2228 nec
547 2191 634 2241 ipse
656 2189 719 2227 vel
735 2203 819 2228 cum
834 2190 974 2228 ceteris

107 2247 217 2286 codd.
234 2260 337 2299 quae
350 2246 563 2285 videbatur
576 2259 649 2284 uec
664 2247 765 2296 ipsa.
795 2245 901 2283 Prior
919 2250 973 2283 ta-

105 2317 194 2342 men
210 2302 323 2341 lectio
341 2303 466 2353 magis
480 2303 765 2352 comprobatur,
793 2301 895 2352 quod
909 2315 973 2340 au·

109 2364 189 2398 ctor
203 2360 287 2397 sine
303 2359 418 2397 dubio
434 2359 601 2397 indicare
613 2358 828 2403 voluit,non
844 2358 973 2397 solum

106 2418 216 2454 visos
239 2429 315 2453 non
337 2428 429 2453 esse
450 2428 532 2461 eos,
559 2415 620 2464 qui
635 2414 711 2453 hoc
723 2416 971 2453 ministerium

106 2472 375 2525 praestabant,
405 2471 476 2510 sed
510 2473 623 2509 etiam
650 2484 697 2508 ue
722 2472 972 2509 instrumenta

107 2529 280 2580 quidem,
314 2528 453 2579 quibus
485 2528 521 2565 id
546 2528 796 2579 peragebant.
844 2527 907 2565 De
930 2541 972 2566 re

107 2587 305 2638 comparat
324 2583 425 2623 Oud.
439 2581 600 2623 Melam.
614 2583 640 2621 Ι.
661 2587 723 2624 13.
741 2583 803 2622 ΙΙΙ.
819 2587 855 2624 9.
870 2583 971 2622 Lou-

107 2641 182 2694 gin
213 2640 311 2680 Pist.
343 2640 389 2680 ΙΙ.
421 2654 458 2692 p.
491 2645 554 2680 57.
588 2640 647 2678 ed.
678 2638 793 2679 Moll.
827 2638 901 2678 τῶν
930 2641 972 2679 δὲ

106 2701 220 2750 αἰγῶν
247 2696 369 2768 7‘7713170
399 2693 571 2749 σίνριγγος
604 2691 691 2749 ἦχος
726 2691 875 2748 ἥδιστος
909 2699 971 2736 καὶ

105 2751 170 2794 τὸν
194 2756 412 2805 συρίττοντα
437 2752 589 2806 ἔβλεπεν
613 2751 741 2799 οἰὸείς.
763 2753 831 2791 Sil.
845 2752 972 2793 XVII.

109 2814 173 2851 43.
197 2811 316 2850 ‘nulla
339 2810 461 2862 pulsa
485 2824 605 2849 manu
629 2814 849 2850 sonuerunt
879 2815 973 2865 tym-

106 2880 220 2918 pana
246 2867 377 2905 divae.

142 2922 376 2962 modulatae
388 2923 660 2962 multitudinis
674 2925 864 2974 conferta
880 2936 973 2963 vox.

109 2976 227 3016 Varie
256 2977 316 3017 hic
348 2979 457 3016 locus
488 2992 510 3016 a
534 2979 626 3016 viris
651 2978 778 3017 doctis
803 2983 974 3017 tentatus

110 3036 184 3072 est.
228 3033 407 3073 Roaldus
431 3035 582 3073 restitui
605 3034 743 3073 voluit:
769 3036 974 3075 Tanemo-

115 3088 292 3130 dulantis
332 3092 604 3131 multitudinis
647 3094 838 3144 conferta
871 3105 972 3138 vox,

113 3143 215 3184 Oud.
241 3149 342 3187 tunc
357 3147 569 3188 modulata
591 3149 635 3186 in
659 3149 822 3188 modum
844 3148 973 3188 multi-

1659 698 1899 737 chorusbusque

1033 836 1187 875 tudinis
1201 838 1511 888 confertaevox,
1520 833 1624 885 quod
1636 845 1744 872 mere
1751 832 1898 886 Apule·

1033 894 1160 931 ianum
1175 896 1283 930 esset
1297 893 1335 930 in
1349 891 1512 930 modum
1524 890 1795 931 multitudiuis
1808 889 1896 929 coll.

1033 948 1131 987 Met.
1156 947 1201 986 II.
1237 961 1274 999 p.
1304 952 1397 988 155.
1430 960 1467 998 p.
1497 950 1586 987 165.
1624 948 1666 985 in
1701 947 1899 986 exanimis

1033 1005 1218 1043 modum
1256 1004 1361 1056 [ibid.
1392 1005 1435 1042 iu
1463 1003 1627 1042 modum
1651 1008 1899 1055 prosecta·

1031 1062 1149 1100 rium
1184 1064 1406 1113 formatam
1442 1061 1600 1100 aurium
1635 1074 1670 1111 p.
1706 1064 1796 1100 175.
1832 1057 1896 1097 111.

1030 1131 1066 1167 p.
1083 1121 1176 1157 207.
1203 1116 1269 1155 IV.
1293 1131 1330 1168 p.
1347 1119 1438 1157 239.
1459 1129 1497 1167 p.
1514 1116 1624 1168 248]
1673 1116 1899 1156 Modulata

1030 1187 1124 1212 vero
1149 1187 1229 1212 coa:
1252 1173 1523 1213 multitudinis
1547 1172 1690 1211 dictum
1715 1185 1826 1218 esse,
1856 1176 1899 1210 ut

1030 1229 1190 1280 saepius
1225 1230 1440 1268 modulata
1477 1230 1659 1275 cantica,
1702 1230 1898 1269 carmina.

1031 1285 1141 1324 Suet.
1167 1284 1287 1336 Calig.
1313 1288 1373 1325 16.
1400 1285 1651 1324 modulatum
1671 1298 1899 1337 puerorum

1032 1347 1072 1380 et
1103 1341 1336 1392 puellarum
1380 1355 1561 1385 carmen,
1605 1345 1655 1379 et·
1678 1345 1786 1380 recte
1823 1341 1897 1380 dici

1032 1398 1249 1437 multitudo
1276 1401 1464 1450 conferta
1490 1397 1512 1435 i.
1526 1411 1559 1435 e.
1587 1397 1728 1443 densa,
1755 1399 1897 1449 spissa,

1030 1467 1102 1492 nec
1124 1467 1218 1491 vero
1246 1454 1331 1492 ferri
1357 1466 1481 1504 posse
1507 1467 1587 1492 voa:
1613 1457 1802 1506 conferta
1825 1467 1896 1506 pro

1031 1515 1217 1550 conserta
1248 1525 1281 1549 s.
1306 1512 1449 1549 mixta.
1498 1509 1662 1562 [Mirum
1692 1523 1789 1548 sane
1823 1514 1897 1555 est,

1031 1567 1227 1620 quomodo
1243 1568 1318 1606 hoc
1330 1567 1550 1618 glossema:
1570 1567 1612 1604 in
1625 1567 1789 1606 modum
1803 1567 1899 1618 opti-

1029 1637 1115 1662 mos
1147 1624 1257 1662 codd.
1290 1628 1366 1662 tam
1399 1627 1623 1661 constanter
1646 1624 1813 1674 potuerit
1837 1637 1898 1662 oc-

1030 1694 1190 1732 cupare,
1216 1685 1258 1719 ut
1282 1681 1355 1718 nisi
1381 1693 1404 1717 a
1428 1693 1542 1718 manu
1568 1680 1829 1719 emendatrice
1859 1680 1897 1719 in

1029 1737 1073 1775 F.
1100 1741 1135 1778 3.
1173 1737 1382 1789 legeretur,
1419 1737 1454 1775 in
1491 1740 1638 1776 textum
1667 1737 1897 1788 reciperem.

1028 1792 1240 1832 Praeterea
1263 1798 1391 1832 autem
1417 1793 1493 1831 loci
1517 1793 1713 1831 sententia
1736 1792 1898 1832 alteram

1030 1850 1235 1889 lectionem
1254 1851 1490 1889 modulatae
1509 1849 1780 1889 multitudinis
1801 1864 1898 1890 con-

1027 1910 1139 1959 ferta
1168 1921 1251 1946 voa:
1273 1906 1447 1957 flagitare
1477 1906 1643 1951 videtur,
1668 1907 1899 1956 praesertim

1031 1976 1145 2013 quum
1182 1963 1453 2014 explicationis
1489 1963 1576 2013 ipsa
1611 1961 1819 2002 difficultas
1858 1963 1898 2001 li-

1027 2020 1179 2058 brarios
1193 2020 1375 2070 decipere
1390 2019 1566 2072 potuerit.
1605 2018 1704 2057 Tum
1719 2019 1810 2070 quid
1823 2019 1898 2058 sibi

1028 2076 1163 2114 volunt
1197 2076 1318 2114 verba
1352 2077 1395 2114 iu
1429 2077 1592 2116 modum
1626 2076 1899 2116 multitudinis

1028 2134 1265 2184 confertae?
1289 2132 1338 2171 In
1361 2133 1525 2171 modum
1550 2133 1650 2170 enim
1674 2132 1899 2173 multitudi-

1031 2190 1095 2227 m's
1125 2193 1206 2233 est,
1237 2194 1282 2228 ut
1310 2189 1547 2234 multitudo,
1579 2202 1708 2240 neque
1730 2202 1824 2227 vero
1854 2193 1901 2229 ut

1031 2245 1319 2291 multitudinis,
1346 2245 1448 2297 quod
1462 2244 1564 2284 Oud.
1579 2246 1706 2284 animo
1725 2246 1799 2284 sibi
1812 2259 1898 2298 pro-

1031 2306 1236 2353 posuerat,
1273 2301 1345 2339 sed
1381 2302 1522 2340 melius
1559 2303 1826 2353 percepisset,
1863 2302 1898 2340 si

1031 2358 1213 2410 exempla
1226 2359 1440 2397 accuratius
1455 2358 1756 2398 considerasset.
1783 2357 1900 2398 Geni-

1029 2415 1147 2453 tivum
1178 2415 1291 2466 igitur
1313 2415 1467 2453 videbis
1497 2415 1768 2455 multitudinis
1791 2414 1897 2453 nullo

1029 2471 1146 2510 modo
1178 2485 1300 2524 posse
1331 2471 1554 2510 desiderari.
1604 2472 1648 2510 Si
1678 2485 1795 2510 unum
1819 2474 1898 2510 tan-

1028 2531 1108 2565 tum
1133 2527 1223 2566 mihi
1249 2529 1471 2580 exemplum
1496 2532 1706 2573 constaret,
1730 2528 1796 2567 ubi
1822 2527 1898 2566 duo

1029 2584 1221 2623 adiectiva
1250 2585 1303 2624 ita
1333 2585 1430 2623 inter
1454 2598 1501 2623 se
1527 2588 1823 2631 commutantur,
1859 2587 1901 2622 ut

1030 2641 1134 2692 quod
1154 2641 1203 2680 ad
1220 2642 1327 2693 prius
1352 2644 1518 2693 pertinet
1540 2641 1826 2680 substantivum
1848 2640 1901 2680 ad

1029 2699 1226 2749 posterius
1251 2699 1420 2750 positum
1444 2700 1496 2736 sit
1521 2702 1560 2736 et
1582 2697 1668 2736 vice
1693 2710 1826 2743 versa,
1858 2701 1901 2736 ut

1030 2758 1164 2792 nostro
1215 2755 1300 2794 loco
1347 2755 1584 2793 modulatae
1629 2753 1900 2793 multitudinis

1031 2812 1223 2863 conferta
1247 2825 1331 2850 vox
1354 2824 1423 2862 pro
1448 2810 1660 2850 modulata
1678 2810 1900 2850 multitudi-

1029 2868 1093 2906 nis
1118 2871 1329 2920 consertae
1353 2882 1433 2906 vox
1457 2867 1626 2917 positum
1647 2870 1768 2912 esset,
1794 2870 1901 2906 totus

1030 2922 1141 2961 locus
1172 2924 1259 2961 sine
1290 2923 1369 2961 ulla
1400 2923 1627 2961 difficultate
1657 2923 1898 2974 procederet.

1032 2977 1083 3017 Et
1109 2979 1278 3018 fortasse
1303 2983 1382 3026 cst,
1410 2979 1473 3030 qui
1499 2978 1592 3018 talia
1622 2979 1808 3018 defendat
1835 2978 1901 3018 vel

1032 3034 1107 3073 levi
1132 3038 1342 3074 mutatione
1363 3036 1560 3087 posterius
1579 3035 1614 3073 in
1634 3040 1743 3075 textu
1755 3049 1902 3088 ponere

1031 3092 1183 3131 audeat.
1232 3092 1423 3143 Equidem
1447 3095 1580 3131 contra
1603 3091 1706 3132 Mss.
1731 3094 1901 3144 optimos

1032 3148 1400 3201 quidquammutare
1413 3148 1598 3194 dubitavi,
1622 3152 1662 3189 et
1674 3162 1724 3188 ea
1735 3149 1772 3188 in
1785 3162 1826 3187 re
1839 3162 1899 3187 ac-
