2221 3667
331 150 415 193 232

593 150 638 191 L.
671 151 888 191 APULl-:u
921 148 1323 191 MADAURENSIS
1354 148 1896 192 METAMORPHOSEON

331 262 394 317 qui
426 261 570 304 robore
601 271 754 306 eeteros
787 264 1022 305 antistabat:
1071 261 1158 303 Nos
1185 261 1360 314 quidem,
1394 262 1540 316 inquit,
1573 261 1736 303 Milonis
1762 263 1950 319 Hypatini
1978 265 2132 305 domum

331 391 453 420 ceteris
467 393 503 421 1..
518 392 550 421 in
566 394 702 428 reliquis
715 394 808 423 libris
823 394 885 427 legi
900 395 1030 419 ceteros
1043 391 1122 419 Oud.
1136 390 1201 418 iam
1214 391 1336 419 monuit
1351 393 1380 419 et
1395 391 1466 426 ipse
1480 391 1600 421 inveni.
1638 391 1997 423 antistabael-*.3.G.1.
2008 392 2132 422 2.D.1..

332 437 531 465 mileseabal
552 439 587 466 F.
611 440 638 467 1.
661 439 681 467 s.
720 441 830 467 rtrum
857 437 955 465 ceteri
979 436 1054 464 nuri
1081 435 1282 470 praeferant,
1309 437 1436 472 nescio,
1474 444 1571 470 quum
1591 439 1672 465 iuss.
1698 437 1782 466 inter
1807 437 1939 466 formam
1964 443 2134 473 utramque

330 484 458 511 omnino
473 484 627 512 fluctuare
641 487 680 513 ah
696 486 774 512 Onu.
789 485 974 511 adnotatum
990 481 1042 509 sit.
1067 479 1223 508 anteibat
1236 482 1317 515 qumi
1335 489 1434 515 prave
1447 486 1631 516 corruptum
1644 491 1718 511 esse
1742 489 1763 511 a
1775 483 1877 511 Basil.
1897 492 1962 513 sec.
1977 485 2055 512 oud.
2075 484 2133 520 ait,

331 529 364 556 in
386 530 452 557 cod.
467 530 502 557 Β.
519 537 581 556 non
597 533 757 563 comparet
775 532 804 555 ut
819 529 901 555 Elm.
917 526 1036 561 voluit,
1063 533 1136 554 nam
1152 533 1234 559 quae
1247 527 1291 554 ini
1306 527 1338 554 in
1353 534 1452 561 marg.
1467 531 1555 555 extat
1575 528 1669 555 lertio
1690 536 1752 556 non
1772 530 1807 556 B.
1828 530 1885 556 sed
1905 529 1941 558 F.
1960 533 2024 564 est,
2051 537 2134 562 quae

332 582 373 601 ex
387 574 544 602 Lindenb.
559 575 732 602 conatione
746 575 847 601 allata
863 576 921 600 est.
964 569 1068 608 spati
1081 572 1116 599 G.
1129 573 1193 600 1.2.
1210 570 1248 601 Ι).
1265 573 1300 600 Ρ.
1314 573 1350 600 L.
1366 574 1403 601 R.
1419 572 1440 600 f.
1456 574 1489 601 Ο.
1505 569 1534 602 δ.
1561 573 1666 601 Ceteri
1681 577 1829 602 mouente
1844 575 1922 603 Oud.
1939 574 2067 602 variant
2082 574 2134 603 in-

332 623 378 647 ter
391 617 514 655 hypati
524 619 594 647 sive
610 616 756 655 llysucht'.

333 720 544 768 ‹ivrrqqiu'ag
564 725 678 769 τνχεῖι·
691 712 837 766 ταῦτης.
888 714 1036 766 Spauh.
1052 715 1100 753 ad
1117 714 1202 753 Cal-

333 773 396 812 lim
424 775 459 812 in
482 773 568 812 Del.
585 778 650 812 31.
673 772 808 810 freuz.
829 771 964 822 Symb.
986 770 1029 809 ll.
1056 786 1092 823 p.
1108 776 1204 813 304.

331 845 418 881 sqq.
474 830 570 868 Tum
597 829 698 866 Oud.
726 829 889 867 coniecit
914 842 983 879 pro
1007 828 1204 880 Lape'tloeis

332 888 533 927 Thebanis
545 885 770 936 simpliciter
782 885 1204 939 Laestryyom'bnsaut

332 943 552 985 Leontinis,
565 943 626 992 qui
638 943 671 979 in
681 941 794 979 simili
806 942 1090 992 comparatione
1100 941 1203 993 apud

334 999 576 1049 Theopomp.
603 998 710 1037 Lihr.
735 997 881 1036 XLIX.
909 997 1078 1049 Philipp.
1109 999 1204 1038 Cen-

333 1061 472 1095 {auras
498 1055 609 1093 Pelii
641 1059 679 1093 et
705 1055 1008 1108 Laestryssones
1039 1056 1206 1094 Leontii

332 1114 616 1161 coniimgantur.
676 1111 791 1149 Nove
822 1111 913 1162 quid
940 1112 1123 1151 intactum
1149 1126 1204 1149 re-

332 1169 489 1218 linquat,
504 1168 687 1206 emendat
700 1173 900 1220 postremo
916 1169 1122 1207 evantibus
1134 1169 1156 1206 i.
1173 1183 1203 1206 e.

331 1226 451 1265 ebriis
465 1228 503 1262 et
518 1225 831 1271 bacchantibus,
858 1225 963 1276 quod
976 1226 1106 1263 statim
1120 1240 1206 1278 pro-

330 1283 481 1327 barem,
506 1282 541 1319 si
566 1295 666 1320 unus
692 1281 819 1320 afferri
835 1286 974 1333 posset
989 1281 1117 1327 locus,
1142 1283 1206 1320 ubi

331 1353 451 1378 ermis
483 1338 533 1376 de
564 1352 796 1389 quocunque
826 1339 962 1377 dicitur
993 1339 1206 1377 temulento

331 1400 371 1434 et
396 1395 564 1439 furente,
590 1396 665 1433 nisi
698 1397 761 1446 qui
786 1395 932 1433 Bacchi
958 1397 1111 1434 numine
1137 1409 1206 1434 ex-

331 1452 462 1490 sultat.
522 1450 665 1501 Unger.
692 1454 727 1491 in
755 1452 777 1490 l.
805 1466 836 1490 c.
864 1466 979 1503 quum
1007 1453 1207 1493 Thebani-

331 1510 404 1549 lms
429 1508 492 1546 vel
507 1509 763 1549 Thebonibus
788 1523 857 1560 pro
884 1508 1021 1559 glossa
1049 1509 1205 1548 haheat.

331 1566 394 1603 vel
427 1566 655 1603 eiiciendum
688 1566 841 1604 omnino
870 1566 928 1603 vel
958 1566 1207 1605 Aevimzibus

332 1622 539 1673 legendum
561 1636 654 1659 esse
674 1623 807 1667 voluit,
828 1622 1033 1673 dequibus
1060 1623 1106 1661 ct‘.
1122 1622 1206 1660 Intt.

332 1679 382 1717 ad
408 1678 695 1718 LinXXYlII.
712 1684 747 1719 5.
769 1679 798 1729 δ.
820 1684 880 1719 15.
942 1679 1068 1717 Vides
1095 1680 1207 1729 igitur

333 1749 448 1787 quam
469 1735 546 1774 late
565 1740 698 1786 pateat
720 1737 964 1774 coniecturae
985 1749 1158 1787 campus,
1169 1740 1207 1774 et

332 1795 367 1831 in
390 1805 503 1844 quam
524 1792 830 1830 diversissimam
845 1796 993 1844 partem
1012 1793 1205 1842 ingenium

331 1850 459 1901 possit
472 1850 654 1887 exerceri.
694 1848 884 1899 Equidem
901 1849 935 1887 in
951 1850 1105 1900 epici-isi
1118 1862 1208 1888 mea

332 1907 382 1944 ‹le
396 1905 497 1944 Oud.
514 1905 602 1943 edit.
634 1906 773 1958 Apul.²
796 1919 897 1956 quae
919 1910 1024 1944 extat
1039 1908 1073 1945 in
1088 1905 1204 1945 Jahn.

331 1962 473 2003 Annal.
486 1977 518 2000 a.
534 1966 793 2013 1838.p.393.
811 1962 859 2000 (le
869 1962 1039 2000 hocloco
1056 1976 1209 2001 accura-

333 2021 407 2058 tius
429 2020 491 2069 egi
515 2033 586 2057 nec
601 2033 726 2057 meam
741 2020 974 2058 sententiam
989 2020 1209 2071 improbare

331 2076 529 2127 hodieque
576 2089 752 2127 possum.
829 2076 927 2114 Mihi
975 2078 1076 2115 enim
1125 2090 1209 2128 per-

332 2133 454 2178 suasi,
475 2133 735 2184 quodeunque
751 2133 950 2184 epitheton
966 2147 1058 2172 esse
1073 2148 1208 2185 super-

332 2203 564 2234 vacaneum,
597 2190 699 2239 quod
731 2190 994 2229 temulentiam
1021 2195 1060 2229 et
1085 2191 1207 2228 ebrie-

332 2251 450 2286 tatem
476 2247 748 2297 ingeniumque
771 2246 1047 2285 Centaurorum
1073 2252 1112 2285 et
1130 2246 1206 2285 La-

332 2303 526 2356 pitharum
546 2302 642 2340 rude
663 2307 701 2341 ot
721 2303 876 2342 crudum
898 2305 1115 2343 accuratius
1131 2317 1205 2342 nou

333 2360 540 2399 describat.
578 2359 682 2397 Nihil
707 2361 806 2398 enim
828 2360 1105 2399 videnturmihi
1121 2374 1206 2411 pro-

334 2418 500 2462 fecisse,
533 2416 595 2466 qui
629 2430 651 2453 e
682 2417 852 2467 regionis
880 2418 1097 2455 nominihus
1130 2430 1206 2455 me—

333 2474 462 2513 delam
496 2473 569 2511 loci
600 2477 735 2525 petere
768 2473 982 2512 voluerunt.
1044 2474 1208 2524 Compa-

333 2535 462 2569 rantur
486 2534 618 2568 nostro
641 2530 726 2568 loeo
751 2529 921 2568 latrones
942 2530 1150 2583 epulantes
1171 2535 1209 2568 et

334 2589 509 2626 iocantes
535 2600 620 2625 cum
647 2587 868 2625 hominihus
895 2587 970 2625 illis
996 2588 1207 2632 semiferis,

335 2646 399 2695 qui
415 2658 461 2682 ne
476 2646 572 2682 inter
587 2644 740 2695 nuptias
757 2644 911 2695 quidem
923 2644 1206 2695 Hippodames,

336 2706 373 2739 et
399 2700 559 2738 Pirithoi
586 2702 689 2749 regis
709 2700 962 2751 Lapitharum
988 2715 1010 2738 a
1036 2701 1205 2739 vinolen-

335 2759 388 2795 tia
425 2762 464 2795 et
492 2759 573 2795 rixa
601 2761 820 2808 tenq›e1·al·e
852 2761 1039 2808 poterant.
1098 2757 1205 2795 Idem

336 2814 533 2859 tumultus,
559 2814 697 2851 eadem
723 2814 961 2859 temulentia,
988 2813 1126 2852 eadem
1153 2814 1206 2852 se-

336 2873 427 2909 ritas
448 2875 529 2909 erat
548 2872 732 2909 conviviis
755 2871 958 2909 latronum.
1018 2870 1134 2909 Unde
1154 2871 1206 2908 in—

337 2927 457 2977 telligi
491 2931 638 2978 potest,
674 2927 862 2965 voeabula
888 2927 1082 2979 Lapillu's
1110 2928 1206 2967 Cen-

339 2986 545 3036 taurisque
569 2985 680 3022 tertio
707 2985 874 3035 quodam
894 2985 1020 3036 gentis
1041 2985 1208 3035 agrestis

339 3042 491 3077 nomine
512 3055 584 3079 non
600 3054 691 3079 esse
705 3041 981 3092 disiungeuda:
1014 3040 1119 3092 quod
1133 3054 1209 3079 ma-

340 3096 399 3146 gis
417 3096 565 3134 ferrem.
591 3099 623 3135 si
650 3101 741 3148 post
759 3098 982 3137 Centum-os
995 3097 1074 3135 tale
1099 3102 1212 3136 esset

337 3153 520 3205 positum.
579 3154 688 3191 liene.
720 3154 903 3193 describit
935 3154 1210 3193 Centaurorum

1263 715 1508 766 epulationes
1539 716 1684 756 Alhric.
1719 717 1767 755 de
1799 717 1915 770 lmag.
1950 731 1980 756 e.
2007 716 2135 756 XXII.

1262 787 1299 825 p.
1333 775 1427 813 931.
1461 773 1582 819 Stav..
1619 775 1683 824 qui
1715 773 1825 812 locus
1856 788 1974 826 pravo
2008 787 2136 813 errore

1263 829 1443 868 foedatus
1469 833 1548 867 est:
1580 830 1724 869 Prima
1742 831 1938 870 Hercules
1964 831 2138 870 victoria

1259 887 1357 939 fuit,
1386 887 1554 939 qmmdo
1574 888 1616 924 in
1636 888 1793 938 nuptiis
1817 887 2041 927 Centauros
2067 887 2136 925 ἰὺῖ-

1263 943 1353 981 dem
1385 943 1598 982 existentes
1629 947 1667 981 et
1694 943 1931 986 inebriatos.
1966 944 2036 996 qui
2066 944 2137 982 tlo-

1263 1000 1392 1038 me‘nas
1417 1000 1609 1038 invitatas
1635 999 1822 1038 colebant
1847 998 2136 1052 violenter'op-

1260 1057 1450 1108 primere,
1463 1056 1529 1093 uhi
1543 1056 1811 1107 meopericulo
1828 1061 2044 1095 commutes
2053 1058 2137 1096 exi-

1265 1113 1414 1152 limites.
1458 1112 1624 1151 Emito-e
1637 1113 1736 1149 enim
1752 1112 1802 1149 de
1818 1114 2044 1165 ferociente
2063 1113 2137 1151 dici

1265 1182 1386 1220 posse
1400 1169 1462 1206 vix
1476 1169 1653 1220 negabis.
1668 1169 1701 1207 si
1718 1183 1801 1207 cum
1818 1170 2023 1209 exsultare
2036 1183 2137 1208 com-

1264 1227 1474 1277 paraveris,
1489 1230 1527 1263 et
1541 1225 2026 1276 utrumquevocabulumin
2036 1225 2138 1266 Mss.

1265 1284 1425 1334 saepius
1436 1286 1706 1329 comnmtatur3
1723 1282 1767 1320 ct'.
1779 1282 1845 1321 Dr.
1854 1283 1903 1320 ad
1913 1282 1996 1321 Liv.
2005 1283 2137 1322 XXV.

1266 1344 1330 1380 21.
1353 1343 1388 1379 3.
1415 1339 1478 1377 De
1503 1352 1544 1377 re
1570 1339 1617 1377 ef.
1643 1340 1770 1377 adnot.
1797 1339 1931 1378 Munk.
1957 1340 2006 1378 ad
2033 1340 2138 1391 Hyg.

1265 1396 1434 1447 Mythol.
1460 1410 1496 1448 p.
1513 1399 1577 1436 93.
1627 1396 1709 1434 Sed
1736 1410 1834 1434 tuine
1859 1396 1990 1434 redeo,
2040 1397 2139 1435 Hinc

1267 1452 1409 1491 lactum
1443 1456 1522 1496 est,
1554 1457 1593 1490 ut
1624 1454 1731 1504 prius
1758 1454 1986 1490 coniicerem
2013 1459 2051 1492 et
2076 1454 2139 1492 he-

1266 1511 1455 1549 luom'bus
1491 1508 1701 1549 sentam-is
1740 1510 1800 1548 rel
1835 1514 1872 1547 e!
1908 1510 2140 1548 ehi-ionibus

1270 1567 1492 1606 (Teutam-is.
1519 1580 1618 1604 nunc
1643 1579 1734 1603 vero
1764 1565 1851 1615 lego
1873 1571 1911 1604 et
1929 1566 2141 1605 othonibus

1270 1623 1379 1661 Ceut.
1428 1622 1597 1660 Primum
1620 1624 1718 1660 enim
1738 1627 1832 1674 puto
1853 1622 2140 1674 persistendum

1267 1692 1361 1716 esse
1387 1681 1420 1716 in
1450 1679 1615 1717 lectione
1641 1679 1768 1725 codd„
1795 1679 2141 1730 qui-Theborzibns

1266 1736 1327 1773 vel
1360 1736 1615 1775 Thebauibus
1645 1736 1832 1781 scribunt,
1871 1749 1987 1787 quum
2019 1734 2142 1775 altera

1266 1793 1478 1838 Thebanis,
1494 1805 1727 1843 quamquam
1742 1793 1956 1844 ahoptimis
1965 1793 2140 1844 probata,

1264 1854 1393 1887 tamen
1426 1849 1604 1899 glossam
1637 1850 1765 1899 sapiat
1790 1847 2045 1894 librariorum,
2078 1849 2140 1901 qui

1266 1906 1521 1946 Tleehane'bus
1545 1920 1614 1958 pro
1642 1906 1843 1945 Thebanis
1868 1906 1970 1944 falso
1997 1905 2141 1944 dictum

1268 1977 1362 2001 esse
1394 1963 1591 2014 putabant.
1652 1963 1807 2001 Deinde
1839 1968 1877 2002 et
1905 1963 2045 2001 inserui
2077 1977 2142 2001 au-

1269 2021 1443 2058 ctoritate
1468 2020 1644 2058 codicum
1671 2018 1716 2058 P.
1733 2021 1778 2058 G.
1795 2024 1830 2060 2.
1852 2019 1914 2065 Ι).,
1940 2019 2044 2058 unde
2068 2020 2142 2071 pri-

1268 2090 1372 2115 mum
1398 2076 1559 2126 intelligi
1585 2080 1738 2128 potest,
1771 2076 1966 2127 quomodo
1993 2076 2101 2114 litera
2127 2081 2143 2115 t

1268 2133 1317 2171 ad
1349 2146 1524 2184 sequens
1554 2133 1786 2172 vocabulum
1815 2133 2009 2172 transierit
2039 2147 2141 2171 uim-

1266 2204 1342 2241 que
1374 2204 1419 2228 ea
1451 2204 1570 2242 prave
1595 2190 1830 2231 cohaeserit:
1868 2194 1906 2228 et
1931 2189 2032 2228 unde
2058 2203 2141 2240 par-

1266 2246 1382 2285 ticula
1409 2261 1497 2300 qne.
1525 2260 1626 2298 quac
1652 2247 1863 2286 Cenwurc's
1887 2246 2042 2285 adnexa
2067 2252 2141 2293 est,

1267 2308 1349 2341 orta
1369 2305 1429 2342 sit.
1491 2302 1618 2349 Quum
1641 2303 1741 2341 enim
1762 2308 1801 2342 et
1817 2304 1866 2342 ab
1887 2303 2142 2342 oscitantibus

1266 2360 1431 2398 librariis
1452 2361 1568 2411 plane
1590 2360 1808 2411 neglectum
1828 2361 2009 2411 sequenti
2029 2373 2141 2400 voca-

1266 2417 1358 2455 bulo
1397 2416 1675 2467 adglutinatam
1711 2421 1841 2462 esset,
1878 2418 2142 2455 necessarium

1268 2479 1366 2519 erat,
1399 2478 1439 2511 ut
1471 2473 1677 2524 copulandi
1709 2473 1897 2524 particula
1928 2475 2010 2512 voci
2046 2473 2142 2512 Cen-

1268 2531 1401 2570 tauris
1420 2530 1644 2568 adderetur:
1678 2530 1779 2581 quod
1799 2530 1960 2581 saepius
1981 2531 2054 2568 iam
2068 2543 2143 2568 usu

1268 2587 1562 2639 comprobatum
1582 2591 1654 2624 est.
1709 2586 1843 2625 Helm>
1862 2591 2020 2638 propter
2039 2587 2144 2638 aspi-

1268 2649 1389 2682 ratam
1420 2644 1456 2681 in
1487 2657 1573 2681 voc.
1602 2643 1857 2683 Thebonilms
1881 2644 2012 2682 statim
2037 2656 2142 2682 rece-

1265 2703 1435 2752 pissem,
1462 2700 1534 2737 nisi
1560 2701 1682 2737 tritius
1709 2704 1831 2745 esset,
1857 2704 1899 2738 ut
1923 2701 1958 2738 in
1985 2700 2063 2739 tale
2090 2699 2141 2738 le·

1266 2758 1402 2796 ctionis
1418 2761 1626 2795 monstrum
1643 2756 1775 2802 abiret,
1790 2769 2022 2808 quamquam
2038 2757 2142 2795 idem

1265 2814 1498 2853 vocabulum
1538 2817 1754 2865 corruptum
1792 2812 1905 2851 video
1939 2814 1974 2852 in
2007 2813 2141 2864 fragm.

1265 2871 1374 2909 Van-r.
1407 2870 1510 2921 apud
1535 2869 1636 2908 Non.
1664 2884 1699 2921 p.
1727 2874 1764 2908 5.
1790 2882 1822 2907 s.
1848 2883 1882 2908 v.
1909 2870 2141 2915 temulenta,

1265 2928 1329 2965 uhi
1363 2927 1570 2978 legendum
1603 2930 1682 2964 est:
1724 2927 1825 2972 Quis
1855 2927 1896 2964 in
1928 2928 2036 2965 omm'
2061 2927 2141 2966 vila

1267 2985 1388 3024 heluo
1401 2980 1588 3029 πιόδεπας
1602 2983 1752 3035 olfacit
1764 2985 1970 3022 temetum?
2001 2981 2141 3034 [Vulg.

1270 3041 1376 3080 bello
1401 3036 1606 3092 πιόδεπες].
1660 3038 1746 3077 Nec
1771 3040 1897 3078 minus
1923 3039 2014 3077 mihi
2039 3053 2142 3077 com-

1268 3098 1451 3149 probatur
1465 3098 1681 3135 coniectura
1695 3096 1940 3142 ‘’brionibus,
1955 3096 2058 3147 quod
2072 3109 2142 3147 per

1270 3154 1539 3206 compemlium
1572 3153 1778 3192 eb'onious
1807 3153 1991 3205 seriptum
2018 3166 2142 3192 corru-
