2221 3667
323 119 354 162 2
484 117 534 159 L.
562 117 784 159 APULEII
811 117 1214 159 MADAURENSIS
1243 116 1790 159 METAMORPHOSEON
1819 118 1977 158 LIBRI.

327 232 552 271 auctoritate
569 247 660 272 mea
679 233 834 284 quidem
853 235 1045 273 sententia
1059 236 1203 287 optime

326 290 378 326 ita
408 289 575 334 diremit,
611 294 653 327 ut
676 291 842 342 priorem
871 292 1062 330 scribendi
1093 293 1203 330 ratio-

326 358 413 383 nem
430 345 661 397 Appuleius
681 351 770 385 ante
791 346 1002 386 Caesarum
1023 351 1203 389 aetatem,

326 400 486 440 alteram
511 416 602 440 vero
629 407 768 454 postea
793 405 1007 442 obtinuisse
1033 408 1204 448 censeat,

326 458 374 496 cf.
394 472 588 496 mummnn
618 461 654 497 in
681 460 827 499 Raseh.
853 460 952 499 Lex.
980 460 1089 499 Tom.
1114 459 1142 498 I.
1167 475 1205 511 p.

327 518 406 555 978
435 520 473 552 et
499 516 612 553 eund.
640 516 788 555 Osann.
815 519 851 555 in
877 516 1043 568 Ephem.
1071 516 1206 554 Schol.

326 586 349 609 a
371 575 476 612 1828
498 586 536 623 p.
552 576 645 612 958.
674 572 792 611 Cuius
811 575 1024 625 scripturae
1038 577 1077 610 ut
1091 585 1207 610 unum

324 631 472 667 tantum
499 630 721 680 exemplum
753 630 964 681 proferam,
997 629 1101 680 apud
1133 627 1207 666 Ta-

326 686 439 723 citum
461 685 560 724 Anu.
583 684 608 723 I.
637 691 672 726 7.
699 687 784 724 cod.
802 686 1005 723 Medieeus
1021 686 1208 737 apuleius

324 743 496 793 praebet.
524 742 626 779 Oud.
649 757 734 780 cum
749 742 850 780 Duk.
872 742 921 779 ad
935 741 1037 780 Flor.
1055 740 1115 779 III.
1145 745 1207 781 ¹12.

324 797 444 837 Drak.
477 799 527 837 ad
558 798 643 836 Liv.
671 798 772 849 Epit.
800 798 849 837 V.
885 797 1003 835 Voss.
1042 798 1091 835 de
1123 798 1206 836 Art.

326 854 538 893 Granunat.
563 854 590 893 l.
628 870 659 892 c.
687 858 738 894 43
778 854 865 905 [ubi
891 855 938 893 cl'.
964 854 1143 892 Fortsch.
1169 869 1206 906 p.

329 911 446 963 118.]
491 911 688 948 Zeibichio
720 910 770 947 de
802 910 910 949 Athl.
943 909 1137 949 Paradox.
1169 925 1206 962 p.

330 972 421 1012 179.
447 981 546 1017 quos
573 980 708 1004 omnes
729 968 884 1011 excitat,
909 969 1208 1017 geminationem

325 1022 460 1061 literae
491 1024 681 1075 praetulit.
742 1023 799 1062 Ita
829 1024 1003 1062 Orellius
1036 1024 1209 1062 Ciceroni

325 1081 467 1130 ubique
494 1080 689 1130 duplicem
718 1081 865 1118 literam
890 1082 1064 1119 restituit.
1104 1080 1208 1120 Ono-

324 1142 437 1175 mast.
465 1135 632 1175 Tullian.
660 1151 697 1186 p.
718 1141 770 1177 58
796 1151 829 1175 s.
856 1151 890 1176 v.
916 1137 1144 1190 Appuleia]

383 1193 688 1233 Madaurense‘s.
740 1193 796 1245 [In
829 1194 936 1232 libris
973 1208 1089 1233 manu
1119 1207 1209 1233 exa-

324 1252 418 1288 ratis
455 1254 493 1287 et
531 1250 643 1288 editis
681 1249 799 1301 vulgo
839 1252 957 1290 verba
993 1252 1210 1290 Platonici

322 1307 569 1359 philosophi
593 1311 858 1352 annectuntur,
884 1321 984 1357 quae
1005 1306 1209 1346 cumOud.

323 1375 392 1414 pro
430 1363 671 1402 librariorum
703 1364 965 1403 additamento
996 1365 1209 1409 habuerim,

327 1419 431 1470 quod
462 1420 551 1458 inde
583 1425 757 1459 exortum
788 1422 989 1472 probatur,
1029 1422 1209 1472 quoniam

326 1477 485 1528 Apuleii
510 1491 662 1523 nomen,
699 1481 739 1515 ut
770 1479 1048 1516 accuratissimi
1079 1477 1210 1516 Plato-

325 1535 436 1572 nicae
461 1534 738 1585 philosophiae
770 1538 809 1572 et
840 1536 1058 1586 interpretis
1085 1539 1123 1572 et
1148 1548 1209 1572 as-

326 1590 474 1635 seclae,
498 1592 596 1629 inter
618 1592 856 1643 posteriores
881 1592 933 1629 ita
950 1593 1082 1642 viguit,
1108 1595 1147 1630 ut
1162 1604 1210 1629 eo

326 1649 555 1699 cognomine
579 1648 724 1698 ubique
749 1648 1076 1700 distingueretur]

384 1705 783 1756 Metamorphosesin.
805 1703 936 1756 [Quae
957 1706 991 1743 in
1012 1704 1207 1743 nonnullis

326 1761 433 1800 libris
458 1761 609 1799 additur
639 1762 835 1813 inscriptio
872 1762 959 1806 „de
989 1763 1106 1801 asino
1138 1776 1207 1801 au-

324 1823 433 1858 ·reo“
457 1830 692 1868 quamquam
719 1818 767 1856 ab
782 1817 989 1869 Fulgentio
1016 1819 1066 1856 de
1090 1821 1205 1871 prisc.

326 1888 441 1914 serm.
469 1888 502 1913 v.
530 1875 712 1914 edulium
748 1874 811 1927 [p.
839 1878 918 1915 779
946 1875 1079 1928 Stav.]
1107 1879 1146 1914 et
1169 1888 1207 1915 v.

322 1932 526 1985 pumilior
551 1935 588 1968 et
611 1931 808 1983 ylabrior
845 1931 907 1983 [p.
936 1933 1040 1985 774]
1073 1933 1207 1983 Augu-

327 1990 428 2027 stino
454 1988 503 2026 de
529 1987 608 2026 Civ.
625 1988 674 2026 l).
694 1987 839 2027 XVIII.
866 1992 915 2029 18
940 1991 1077 2034 „sicut
1094 1989 1207 2042 Alm-

328 2045 429 2084 {eius
458 2045 501 2083 in
534 2045 648 2084 libris
682 2059 784 2097 quos
815 2046 920 2084 asini
944 2047 1061 2085 aurei
1086 2045 1206 2085 tilulo

327 2102 538 2153 inscripsit
547 2108 571 2124 ‘⁸
596 2106 636 2140 et
650 2101 962 2141 commentatore
982 2107 1114 2141 vetere
1126 2102 1206 2140 Ho-

327 2159 408 2196 ratii
438 2157 565 2209 Epod.
591 2157 682 2198 XV.
708 2158 957 2210 comprobata
990 2165 1068 2205 est,
1104 2161 1207 2198 bene

326 2218 455 2253 tamen
493 2216 577 2253 eius
613 2217 717 2266 origo
761 2216 810 2254 ab
847 2214 989 2267 Erycio
1026 2215 1205 2255 Puteano

329 2270 436 2310 Ceut.
451 2270 478 2310 I.
493 2271 618 2323 Epist.
637 2276 688 2311 38
715 2272 764 2310 ad
778 2271 888 2324 Lips.
902 2287 973 2325 per
992 2273 1205 2312 admiratio·

327 2341 416 2366 nem
442 2329 672 2380 explicatur,
710 2342 787 2379 qua
818 2329 885 2367 ille
914 2329 1013 2368 liber
1036 2331 1085 2369 ab
1112 2332 1205 2368 anti-

329 2386 473 2434 quitate
487 2390 675 2437 exceptus
695 2387 763 2430 sit,
785 2398 902 2436 quum
922 2387 1106 2438 quidquid
1121 2385 1205 2439 pul-

329 2441 459 2481 chrum
475 2456 521 2481 ac
533 2442 716 2481 decorum
724 2441 875 2481 Latinis
891 2457 1071 2489 aureum,
1085 2443 1204 2482 Grae-

1261 235 1317 272 cis
1359 236 1518 286 χρυσοῦν
1568 234 1779 272 nominetur
1819 232 1868 270 cs.
1910 232 2043 271 Barth.
2085 231 2136 270 ad
2205 244 2207 258 ³

1263 291 1398 329 Claud.
1437 292 1471 329 in
1510 289 1625 328 Cous.
1676 289 1812 340 Olybr.
1842 302 1879 327 v.
1905 292 1973 329 49.
2006 303 2043 341 p.
2070 289 2137 328 21.

1263 348 1430 385 advers.
1468 346 1615 384 XLIX.
1654 350 1690 385 8.
1727 360 1763 397 p.
1797 349 1916 386 2294.
1966 345 2137 384 Salmas.
2206 375 2210 399 ,ζ

1263 402 1445 453 Prolegg.
1471 404 1521 441 ad
1541 403 1662 440 Solin.
1682 403 1826 453 XVagn.
1852 402 1913 441 ad.
1927 402 2034 454 Virg.
2053 400 2140 441 Ecl.
2207 417 2210 444 ε

1264 457 1325 496 III.
1342 459 1538 499 70.Bach.
1553 459 1603 497 ad
1617 458 1834 498 Ovidmet.
1850 458 1877 497 Ι.
1892 458 1975 510 89]
1986 458 2141 504 Quanta
2209 487 2211 495 .

1266 516 1366 552 enim
1402 515 1602 566 voluptate
1639 516 1714 553 iam
1744 517 2014 567 imperatorum
2043 518 2140 553 tem-

1265 585 1359 623 pore
1384 571 1550 609 Romani
1575 571 1959 623 Metainorphosilms
1984 572 2142 623 Apuleii
2211 582 2213 607 3

1267 628 1451 666 delectati
1488 628 1641 672 fuerint,
1679 628 1767 665 inde
1803 632 1935 680 potest
1969 628 2143 679 intelligi,
2212 661 2214 665 ,

1268 685 1371 734 quod
1413 684 1555 723 Albino
1600 684 1772 722 Severus
1822 686 1909 722 vitio
1953 686 2065 723 vertit
2106 686 2143 722 in
2212 696 2214 698 '

1268 743 1439 779 oratione
1465 741 1514 779 ad
1538 745 1716 779 senatum
1743 741 1876 780 habita
1900 741 1947 780 cs.
1974 741 2052 780 Jul.
2073 740 2143 780 Ca-

1268 799 1333 848 pit.
1359 799 1421 836 vit.
1444 798 1574 836 Albin.
1601 812 1632 835 c.
1657 802 1724 837 12:
1752 812 1840 837 cum
1860 798 1930 837 ille
1943 799 2049 837 inter
2062 799 2144 837 Mi·
2216 818 2218 853 J

1267 854 1387 893 ἰθείας
1418 855 1604 893 Punicas
1636 854 1857 906 Apulee'i...
1897 867 2144 894 consenesce·
2216 865 2221 895 'z

1266 915 1338 948 ret.
1392 910 1454 949 Ex
1484 910 1560 949 hoc
1590 924 1745 961 quoque
1772 912 1857 949 loco
1892 912 2147 964 repetendum
2220 931 2221 934 ¹

1268 967 1417 1005 videtur
1443 981 1535 1005 esse
1556 967 1857 1006 additamentum
1878 969 2144 1014 ameum-um,
2216 976 2219 994 ’-

1270 1024 1374 1073 quod
1405 1025 1438 1062 in
1472 1023 1665 1062 nonnullis
1703 1025 1808 1062 libris
1841 1028 1879 1063 et
1915 1025 2146 1064 editionibus

1268 1094 1388 1132 prave
1429 1082 1625 1119 invenitur.
1696 1080 1816 1119 Porro
1859 1095 1977 1132 quum
2020 1082 2148 1121 Meta·
2218 1080 2221 1086 ’

1267 1138 1539 1189 morphoseon.
1564 1137 1712 1176 titulum
1743 1142 1895 1190 praeter
1919 1138 2019 1178 MSS.
2046 1153 2082 1191 p.
2109 1143 2148 1177 et

1269 1194 1295 1232 f.
1333 1208 1468 1232 omnes
1506 1194 1663 1232 codices
1705 1196 1940 1246 praebeant,
1983 1199 2022 1234 et
2057 1195 2147 1234 Ful-

1269 1252 1422 1301 gentius
1444 1251 1609 1302 Mythol.
1631 1249 1696 1290 III.
1715 1251 1752 1291 (3.
1773 1256 1812 1290 et
1830 1252 1880 1290 de
1899 1253 2013 1304 prisc.
2032 1266 2145 1292 serm.

1269 1322 1302 1346 s.
1323 1321 1358 1346 v,
1389 1309 1639 1359 (fleorayium
1665 1312 1842 1353 testetur,
1868 1309 1956 1347 hinc
1980 1323 2054 1348 non
2081 1309 2146 1348 du·

1269 1365 1466 1403 bitaudum
1487 1366 1572 1410 erit,
1599 1366 1687 1415 quin
1715 1365 1824 1404 alteri
1844 1366 2149 1418 [Metamorpho-

1269 1435 1357 1460 seos
1386 1422 1493 1460 titulo
1525 1422 1785 1474 praeferatur.
1818 1424 1881 1473 qui
1906 1421 2035 1461 Photii
2066 1426 2146 1461 tan-

1269 1482 1350 1516 tum
1369 1478 1531 1516 debetur
1549 1480 1760 1517 auctoritati
1786 1480 1821 1516 in
1849 1478 1943 1518 Cod.
1959 1478 2146 1526 CCXIX„

1270 1536 1332 1572 ubi
1357 1534 1469 1573 Lucii
1492 1533 1695 1573 Patrensis
1727 1535 1809 1574 libri
1833 1532 1939 1588 λόγοι
1961 1550 2147 1590 μεταμορ-

1269 1587 1427 1642 φώσεως
1457 1593 1714 1637 nominantur,
1750 1593 1825 1630 etsi
1854 1593 1995 1631 ibidem
2031 1595 2146 1632 etiam

1267 1646 1580 1701 μεταμορφώσεις
1593 1653 1873 1701 nuucupentur3
1889 1650 1934 1689 cf.
1946 1650 2080 1688 Heius.
2096 1650 2146 1688 ad

1268 1704 1382 1744 Ovid.
1408 1705 1671 1758 Metamorph.
1698 1707 1771 1745 init.
1798 1720 1838 1758 p.
1866 1710 1902 1747 8.
1928 1707 2056 1745 Verus
2081 1708 2144 1758 igi-

1267 1765 1327 1800 tur
1357 1762 1492 1802 horum
1517 1762 1698 1803 librorum
1723 1763 1854 1802 titulus
1881 1763 1973 1803 mihi
1997 1763 2147 1804 videtur

1268 1832 1301 1858 is
1327 1832 1438 1858 esse:

1414 1919 1463 1962 L.
1492 1920 1715 1960 APULEII
1743 1921 2145 1962 MADAURENSIS

1491 1978 2042 2047 METAMoRPHOSEON

1268 2105 1339 2131 nec
1363 2105 1449 2131 cum
1474 2091 1576 2131 Oud.
1602 2036 1844 2145 prolliiii‘lerim

1509 2159 1706 2200 LUCIUS
1738 2160 1969 2227 'APULEII
2005 2161 2142 2201 MAD.

1395 2217 1947 2314 METAMORSII'IIIZJSEON
1982 2273 2140 2313 LIBRI.

1293 2329 1357 2368 vel
1397 2330 1946 2440 METAMOingssffiEON
1994 2329 2142 2370 ASINI
