2155 3590
668 176 855 216 LIBER
887 175 1006 216 Vlll.

1066 175 1195 215 CAP.
1228 174 1345 215 Vlll.
1807 175 1890 217 669

87 299 217 332 vestes
232 291 471 330 lacerantem
484 321 494 340 ,
521 288 646 328 adhuc
661 288 823 342 capillos
837 288 1122 328 distrahentem
1135 301 1214 328 non
1227 286 1421 327 dubitavit
1434 287 1480 326 de
1495 286 1640 341 nuptiis
1656 288 1886 337 convenire,

87 356 128 389 et
150 346 412 402 impudentiae
436 346 524 386 labe
550 345 668 385 tacita
693 345 865 398 pectoris
898 344 959 385 sui
989 351 1144 385 secreta
1175 344 1421 397 fraudesque
1441 343 1661 384 ineffabiles
1687 345 1887 398 detegere.

88 489 214 514 restem
235 487 270 515 G.
293 488 320 514 1.
341 487 376 514 Ο.
425 482 537 512 adhuc
556 487 632 513 ante
652 483 794 521 capillos
814 492 877 512 non
897 486 1060 518 comparet
1074 483 1108 512 in
1121 483 1170 511 ed.
1185 483 1297 510 XVoW.
1311 482 1440 510 etPric.
1457 485 1696 517 typothetarum
1710 483 1782 512 sine
1796 483 1893 511 dubio

87 534 196 566 culpa.
245 530 454 558 dubbitatum
467 531 506 558 D.
554 532 591 556 ee
608 533 684 558 ante
697 529 772 566 imp.
787 532 880 558 abest
902 536 922 558 a
936 526 965 558 δ.

81 575 231 614 pudente
242 578 356 606 Vener.
370 577 401 605 4.
414 575 520 604 Paris.
534 576 611 604 Bas.
628 576 657 604 1.
687 572 830 612 imprud.
846 581 929 602 suae
942 575 978 603 Ο.

87 686 267 725 cordatus
277 715 287 730 ,
309 687 517 737 facessere
530 687 664 722 neutra
678 683 959 735 significatione

86 743 246 794 saepius
272 741 349 792 legi
374 740 424 780 cf.
448 738 544 780 Met.
571 739 616 779 Il.
649 754 686 791 p.
716 744 806 781 182.
836 741 960 778 omnis

86 800 257 851 iynaeia
278 801 501 850 facessat
524 811 544 836 e
564 801 747 849 pectore.
786 795 858 848 [At
885 796 960 834 loci

86 855 406 906 significationem
419 853 521 893 Oud.
548 854 613 892 vix
636 853 882 891 intellexisse
908 853 959 890 vi·

86 912 215 959 detur3
240 911 294 950 ita
313 911 414 948 enim
434 911 477 949 in
490 923 571 949 sese
587 909 829 954 lassesceret,
855 908 961 959 quod

87 968 221 1019 optimi
250 967 363 1005 codd.
394 967 601 1017 praebent,
639 979 714 1004 non
745 966 962 1004 reiecisset.

92 1025 156 1063 Ad
177 1024 291 1062 codd.
311 1023 413 1061 enim
437 1023 703 1061 auctoritatem
722 1026 855 1072 potest
880 1034 963 1072 per-

88 1082 161 1132 cipi
195 1093 331 1118 vocem
360 1082 598 1132 facesseret,
631 1091 733 1128 quae
762 1078 964 1116 tritissima

87 1142 150 1176 est
173 1136 343 1188 Apuleio
369 1139 408 1173 et
431 1135 482 1173 ad
505 1135 702 1173 minimum
734 1134 962 1185 quindecies

88 1195 124 1232 in
150 1194 234 1231 eius
259 1192 367 1230 libris
392 1192 547 1243 legitur,
573 1190 825 1229 conferrinon
839 1202 962 1242 posse

87 1264 174 1289 cum
201 1249 369 1287 lectione
394 1248 640 1292 lassesceret,
665 1245 772 1296 quod
796 1246 963 1284 vocabu-

89 1306 167 1345 lum
192 1319 265 1344 non
290 1305 420 1343 solum
444 1303 550 1354 apud
575 1307 771 1341 auctorem
792 1302 868 1340 hoc
886 1315 962 1340 uno

89 1363 174 1401 loco
203 1361 357 1411 legitur,
394 1359 468 1398 sed
497 1373 572 1397 non
604 1360 657 1397 ita
686 1358 874 1410 frequens
900 1361 964 1395 est

89 1432 158 1470 per
172 1417 410 1457 latinitatem.
446 1415 535 1454 Huc
553 1415 724 1461 accedit,
751 1415 856 1466 quod
882 1415 962 1452 ubi-

86 1476 150 1514 ubi
173 1476 379 1525 facessere
402 1472 508 1524 apud
519 1471 734 1523 Apuleium
759 1471 961 1516 invenitur,

87 1531 263 1570 lectionis
287 1530 549 1580 discrepantia
567 1529 630 1566 vix
649 1527 962 1579 deprehenditur.

87 1588 244 1627 Deinde
281 1585 521 1637 negaverim,
557 1586 601 1623 in
637 1598 718 1624 sese
747 1587 962 1637 facessere,

87 1644 227 1682 eodem
251 1643 367 1681 modo
394 1642 467 1680 dici
492 1655 633 1692 posse,
666 1654 742 1691 quo
774 1642 816 1679 ‘in
840 1654 880 1679 se
904 1652 962 1678 re-

88 1701 250 1746 cedere,
288 1712 405 1749 quum
435 1698 554 1750 plane
584 1698 662 1737 alia
685 1698 736 1736 sit
760 1698 962 1746 utriusque

89 1756 267 1796 vocabuli
301 1756 416 1802 ratio,
452 1758 495 1792 ut
531 1767 765 1805 quamquam
802 1753 964 1804 saepius

84 1816 291 1866 facessere
303 1812 405 1850 idem
419 1811 626 1863 significet,
642 1809 746 1861 quod
761 1810 964 1854 recedere,

88 1870 377 1915 abire,1tamen
408 1869 452 1907 in
481 1881 562 1906 sese
586 1867 780 1906 recedere
805 1869 964 1916 propter

88 1926 412 1977 compositionem
435 1938 480 1963 re
503 1924 594 1976 poni
625 1921 890 1962 tantummodo
923 1921 964 1959 li-

89 1986 187 2021 ceat.
238 1981 394 2021 Luctus
418 1981 520 2018 enim
544 1982 587 2019 in
611 1993 693 2018 sese
719 1980 900 2018 lassescit
919 1979 964 2025 is,

89 2040 153 2089 qui
183 2052 258 2077 non
290 2041 489 2076 externam
520 2037 570 2074 ob
601 2048 788 2075 caussam
814 2034 964 2080 lenitur,

89 2095 164 2133 sed
188 2096 278 2145 quia
301 2094 441 2132 nimius
465 2096 530 2131 est
553 2097 593 2131 et
617 2091 707 2130 ferri
731 2091 796 2130 diu
821 2091 966 2141 nequit,

89 2153 125 2189 in
151 2165 198 2190 se
223 2152 310 2202 ipso
337 2150 512 2188 senescit
535 2152 576 2187 et
599 2148 782 2194 solvitur,
807 2151 849 2186 ut
874 2160 967 2186 nos:

88 2210 264 2260 stumpft
279 2206 369 2246 sicli
386 2208 429 2245 in
448 2205 536 2246 sicli
555 2205 677 2244 selbst
689 2205 760 2250 ab,
786 2204 870 2243 lest
880 2203 967 2242 sicli

87 2266 132 2303 in
148 2264 237 2304 sich
255 2263 378 2302 se'lbst
393 2263 480 2313 auf.
517 2261 630 2300 Bene
648 2262 761 2299 vertit
779 2262 969 2312 interpres

91 2320 300 2371 Francog.:
325 2319 441 2369 qu’un
466 2325 597 2369 temps
622 2316 894 2356 considerable
918 2330 966 2355 en

90 2377 158 2415 ent
180 2377 348 2415 diminue
367 2375 406 2413 la
425 2374 602 2413 violence
622 2378 662 2412 et
680 2373 854 2412 Rodius:
880 2373 969 2413 und

90 2433 160 2472 die
206 2432 381 2472 ltiiclzste
423 2431 671 2471 Betritbniss
717 2429 854 2469 durch.
900 2430 969 2468 die

92 2489 242 2542 La'nye
277 2488 353 2528 der
385 2488 477 2527 Zeit
509 2487 597 2526 sicli
628 2486 814 2526 cerloren
843 2486 968 2526 lu'z'tte.

92 2544 145 2584 Ut
163 2546 276 2585 senio
296 2545 478 2584 lassescit
499 2543 563 2582 hic
587 2543 730 2581 dictum
755 2546 830 2588 est,
855 2542 909 2580 ita
921 2542 972 2580 de

91 2601 228 2641 Mund.
253 2615 291 2652 p.
317 2605 416 2642 500:
442 2601 604 2639 Pontus
630 2600 745 2639 cuius
770 2603 973 2639 extremus

90 2672 268 2698 recessus
286 2659 329 2696 in
343 2658 532 2697 Maeotin
556 2656 772 2695 senescit.
798 2653 900 2693 Hinc
917 2655 971 2692 ri-

91 2715 243 2761 demus,
267 2715 528 2767 flaccesceret
545 2711 858 2750 emendationem
877 2724 971 2750 esse

90 2770 209 2823 plane
232 2782 579 2822 supervacaneam,
605 2781 722 2819 quum
742 2767 846 2806 idem
865 2768 971 2818 quod

93 2828 326 2867 lassesceret
348 2827 424 2866 hoc
447 2826 568 2864 verbo
593 2825 840 2875 exprimatur.
872 2824 971 2862 Sen-

92 2883 254 2922 tentiam
273 2883 348 2922 loci
367 2895 600 2935 persuasum
622 2884 685 2919 est
709 2881 854 2931 cuique
874 2881 970 2931 opti-

94 2953 196 2978 mam
205 2939 301 2985 fore,
309 2953 427 2990 quum
435 2945 508 2979 eae
516 2952 594 2983 res,
603 2950 704 2989 quae
712 2937 826 2975 nimio
840 2936 969 2975 studio

92 3000 301 3035 tractantur
320 2997 504 3047 viresque
523 3008 644 3047 supra
668 2993 826 3032 modum
851 2993 970 3031 inten-

93 3052 199 3098 dunt,
207 3052 324 3103 paulo
335 3053 664 3103 postrelaxcntur,
673 3051 771 3088 etita
778 3049 926 3088 sensim
934 3051 969 3088 in

93 3121 140 3146 se
153 3109 253 3160 ipsis
267 3113 517 3155 evanescant,
528 3108 618 3159 quia
631 3120 706 3144 non
721 3106 821 3145 satis
833 3106 970 3143 virium

94 3165 128 3203 in
148 3178 194 3204 se
213 3165 378 3212 habent,
405 3166 546 3217 quibus
565 3163 777 3203 sustentari
792 3162 967 3214 queunt]

1012 526 1261 565 imprudentiae
1273 528 1310 556 F.
1327 528 1355 556 1.
1370 528 1407 556 G.
1424 529 1452 556 1.
1467 530 1497 556 2.
1512 536 1543 563 p.
1557 529 1592 556 Ο.
1605 530 1644 557 D.
1660 529 1695 557 P.
1709 530 1745 557 L.
1760 528 1783 557 f.
1829 528 1893 555 im-

1025 573 1139 601 cilata
1152 581 1208 608 pro
1222 574 1358 601 secreta
1370 574 1407 601 L.

1075 688 1210 723 vestes.
1256 681 1456 721 Pluralem
1476 695 1563 720 cum
1576 681 1679 722 Oud.
1706 695 1756 720 ex
1781 683 1895 721 codd.

1019 740 1247 778 auctoritate
1270 739 1459 792 praetuli,
1494 740 1621 777 minus
1644 743 1773 778 tamen
1811 740 1895 777 eius

1018 800 1246 847 argumento
1289 798 1513 847 permotus,
1550 795 1652 834 hunc
1693 809 1892 833 numerum

1018 856 1110 891 ante
1147 852 1335 904 posuisse
1370 855 1584 898 auctorem,
1621 856 1663 890 ut
1699 852 1896 902 frangeret

1018 909 1174 947 nimium
1201 909 1352 959 litterae
1372 922 1409 947 m
1422 921 1670 954 concursum,
1696 921 1812 959 quem
1827 921 1897 946 ne-

1020 965 1109 1003 mini
1143 969 1236 1016 puto
1266 973 1437 1015 unquam
1466 964 1529 1004 hic
1559 964 1771 1004 offensioni*
1802 964 1897 1003 fore.

1020 1022 1261 1072 Argumenta
1308 1020 1448 1059 afferre
1494 1035 1781 1073 supervacuum
1822 1025 1898 1065 est,

1022 1091 1139 1129 quum
1157 1082 1320 1129 uterque
1338 1090 1520 1116 numerus
1540 1091 1609 1129 per
1627 1091 1675 1116 se
1700 1078 1790 1116 ferri
1809 1091 1898 1129 pos-

1021 1135 1090 1181 sit3
1115 1133 1213 1173 alias
1233 1134 1471 1185 singularem
1485 1134 1682 1185 Apuleius
1701 1134 1899 1186 praetulit,

1020 1194 1062 1229 ut
1085 1190 1182 1228 Met.
1204 1189 1249 1228 ll.
1274 1204 1311 1241 p.
1336 1194 1428 1230 155.
1454 1191 1633 1242 capillos
1658 1191 1898 1236 distrahere,

1020 1251 1191 1285 vestem
1227 1247 1470 1286 discindere.
1519 1246 1586 1286 vl.
1628 1260 1663 1298 p.
1702 1251 1796 1288 398.
1832 1261 1900 1286 re·

1021 1307 1218 1354 stentque
1237 1303 1514 1354 plurifariam
1545 1303 1747 1342 diloricat
1769 1304 1894 1355 capil-

1023 1359 1146 1410 loque
1160 1358 1342 1398 discisso.
1390 1357 1454 1396 Ne
1468 1359 1561 1409 quid
1575 1364 1704 1398 tamen
1721 1360 1900 1398 dissimu-

1020 1414 1117 1459 lem,
1141 1414 1219 1458 hoc
1237 1414 1474 1452 monendum
1494 1420 1574 1461 est,
1599 1429 1795 1466 nunquam
1817 1416 1900 1466 plu-

1019 1470 1141 1509 ralem
1161 1471 1265 1521 apud
1279 1470 1492 1521 Apuleium
1518 1471 1593 1523 legi
1620 1472 1670 1509 de
1695 1473 1808 1510 unius
1833 1472 1901 1510 ho-

1020 1528 1132 1566 minis
1147 1527 1390 1574 indumento,
1404 1528 1478 1566 sed
1492 1528 1637 1578 ubique
1650 1528 1901 1580 singularem,

1020 1588 1063 1623 ut
1075 1583 1173 1622 Met.
1192 1582 1238 1622 ll.
1254 1597 1290 1635 p.
1306 1587 1370 1624 92.
1386 1587 1724 1638 vestereslatnm.
1749 1598 1789 1636 p.
1809 1590 1901 1626 111.

1022 1641 1203 1694 quamvis
1227 1654 1346 1687 aure,
1372 1645 1517 1686 veste,
1541 1642 1719 1693 yemmis.
1742 1655 1780 1693 p.
1811 1646 1904 1682 147.

1017 1701 1143 1750 fusca
1178 1702 1327 1736 veste
1363 1702 1603 1737 contectam.
1654 1697 1704 1737 X.
1742 1712 1779 1750 p.
1807 1703 1903 1739 734.

1017 1752 1153 1806 puelli
1251 1759 1379 1793 veste
1408 1754 1547 1794 nitidi.
1606 1753 1648 1792 ln
1687 1755 1827 1794 eadem
1860 1769 1903 1792 re

1022 1809 1218 1861 Apuleius
1232 1810 1326 1848 dixit
1338 1809 1434 1848 Met.
1449 1809 1516 1848 IV.
1530 1824 1568 1861 p.
1584 1814 1676 1851 289.
1704 1816 1750 1850 et
1772 1812 1904 1851 cm'nes

1023 1880 1115 1906 cum
1128 1880 1149 1904 v
1159 1879 1204 1905 es
1214 1871 1257 1905 te
1269 1880 1344 1906 sua
1360 1868 1606 1906 lacerantem
1617 1883 1629 1907 :
1654 1867 1902 1918 potissimum

1023 1922 1088 1961 ubi
1124 1922 1376 1960 obvolucrum
1415 1924 1537 1961 vestis
1573 1924 1784 1974 significat,
1827 1937 1904 1974 quo

1022 1978 1203 2017 homines
1217 1979 1468 2029 obteguntur,
1493 1979 1558 2017 vel
1572 1982 1712 2020 mortui
1727 1980 1789 2019 vel
1804 1981 1906 2021 clam

1024 2035 1171 2086 aliquid
1195 2036 1402 2086 peracturi.
1428 2035 1477 2074 cs.
1502 2036 1719 2076 Met.v111.
1746 2051 1783 2088 p.
1810 2041 1906 2077 557.

1028 2106 1152 2144 qaam
1170 2092 1306 2143 probe
1332 2097 1458 2133 ceste
1484 2098 1693 2132 conlectus
1709 2095 1907 2146 'omnique

1027 2149 1204 2188 comite
1226 2148 1436 2194 viduatus,
1461 2152 1501 2186 et
1525 2150 1578 2187 ita
1597 2149 1647 2187 de
1665 2154 1779 2190 veste
1794 2150 1908 2189 fusca

1026 2205 1062 2242 in
1090 2204 1194 2243 luctu
1219 2204 1402 2243 adhibita.
1431 2203 1629 2244 Pluralem
1649 2206 1726 2258 legi
1746 2211 1907 2246 tantum-

1026 2261 1144 2299 modo
1168 2260 1214 2298 ΙΙ.
1241 2274 1278 2312 p.
1297 2264 1388 2302 135.
1415 2261 1511 2301 lecti
1535 2264 1908 2303 aureis-vestibus

1026 2318 1177 2357 intecti.
1203 2317 1252 2356 V.
1267 2331 1303 2369 p.
1319 2321 1414 2359 337.
1433 2318 1574 2358 vidisti
1586 2333 1723 2364 soror,
1751 2324 1907 2372 quanta

1026 2375 1069 2413 in
1082 2375 1205 2413 domo
1224 2375 1364 2414 ‘iacent
1381 2379 1421 2414 et
1434 2375 1575 2426 qualia
1591 2377 1773 2423 monilia,
1801 2389 1907 2428 qaae

1023 2431 1265 2482 praenitent
1299 2436 1467 2477 vestes,
1508 2445 1614 2484 quae
1648 2433 1909 2484 splenditant

1025 2500 1218 2539 yemmae.
1236 2484 1380 2526 Florid.
1389 2493 1450 2540 p.1
1460 2491 1495 2529 9.
1506 2493 1545 2528 et
1554 2489 1694 2541 fluxos
1707 2503 1728 2527 v
1737 2490 1908 2528 estium

1031 2542 1289 2596 Arsacidas]
1843 2551 1845 2553 ’

1088 2599 1141 2638 de
1160 2601 1317 2651 nuptiis
1338 2601 1566 2641 convenire.
1607 2599 1796 2639 Pricaeus
1817 2602 1909 2640 citat

1029 2655 1140 2694 Fest.
1167 2669 1199 2694 S.
1215 2669 1249 2695 v.
1276 2670 1315 2708 p.
1341 2661 1408 2697 47.
1433 2656 1613 2696 Lindem.
1640 2663 1909 2696 conventae

1031 2712 1226 2752 condicio
1239 2713 1467 2759 dicebatur,
1481 2727 1601 2765 quum
1609 2714 1768 2764 primus
1780 2727 1910 2752 sermo

1030 2770 1084 2808 de
1108 2769 1267 2820 nuptiis
1292 2774 1332 2808 et
1354 2783 1494 2809 earnm
1518 2770 1768 2809 condicione
1790 2770 1910 2810 lzabe-

1030 2825 1164 2865 batur.
1805 2843 1807 2845 ¹

1085 2882 1380 2932 impudentiae.
1409 2880 1516 2934 [Hoc
1541 2895 1628 2920 cum
1654 2882 1800 2932 optimo
1820 2883 1906 2921 cod.

1029 2936 1203 2976 Florent.
1241 2942 1277 2978 3.
1315 2937 1471 2982 retinui,
1517 2950 1754 2988 quamquam
1790 2940 1908 2978 ceteri

1030 2993 1143 3032 codd.
1178 2993 1260 3031 fere
1293 3007 1431 3032 omnes
1462 2994 1768 3045 imprudentiae
1797 3009 1908 3047 prae-

1027 3050 1140 3094 bent,
1168 3050 1272 3100 quod
1297 3063 1367 3101 per
1390 3051 1624 3089 sententiam
1648 3051 1752 3089 bene
1775 3056 1910 3102 potest

1029 3105 1199 3150 defendi.
1250 3106 1534 3158 Imprudentia
1566 3107 1684 3145 enim,
1706 3106 1908 3160 Thrasylli

1029 3162 1065 3201 in
1080 3176 1127 3200 eo
1141 3165 1296 3213 poterat
1309 3163 1431 3208 cerni,
1458 3164 1548 3213 quia
1567 3163 1765 3214 lugentem
1779 3165 1907 3204 adhuc
