2221 3667
279 1326 281 1328 ·
335 1290 501 1325 pres-linis
515 1294 551 1321 G.
568 1294 596 1321 1.
612 1290 640 1321 δ.
667 1296 861 1325 Gulielmius
875 1299 1133 1335 maluitprz'scz's.

354 137 436 179 754

607 139 655 179 1..
686 139 906 181 APULEII
935 143 1337 189 MADAURENSIS
1366 151 1910 200 METAMORPHOSEON

354 261 463 288 meae
488 249 565 289 talo
590 260 873 294 commonstrat
896 255 1061 308 ceteris,
1093 263 1137 297 ut
1159 271 1283 312 aquae
1313 263 1484 303 recentis
1516 267 1744 320 completam
1775 272 1924 324 pelvem
1950 274 2137 316 offerrent

354 304 460 357 potui
485 318 594 357 meo3
622 320 668 346 ac
692 309 726 347 si
750 307 968 364 intrepidus
994 319 1033 352 et
1056 327 1165 354 more
1190 316 1306 356 solito
1330 331 1489 360 sumens
1519 323 1629 375 aquis
1660 326 1960 381 adlffiesoerem,
1998 345 2135 371 sanum

351 373 413 400 me
435 358 442 415 Ι
463 367 578 414 atque
604 363 710 403 omni
735 365 871 406 morbo
897 370 1044 408 scirent
1068 371 1311 423 expeditum:
1344 382 1482 416 contra
1507 391 1604 418 vero
1629 380 1662 420 si
1686 382 1813 422 visum
1839 393 2135 440 contactumque

350 415 479 457 latims
510 417 678 461 vitarem
709 433 754 460 ac
786 422 1127 476 perhorrescerem

1141 458 1150 477 ‚
1191 442 1260 482 pro
1292 439 1489 484 comperto
1520 435 1681 476 noxiam
1712 438 1858 479 rabiem
1885 443 2139 495 pertinaciter

350 472 508 514 durare.
559 473 648 515 Hoc
673 476 780 517 enim
803 478 914 520 libris
939 484 1055 521 etiam
1081 483 1257 537 pristinis
1282 488 1474 540 proditum
1501 490 1705 534 observari
1729 494 1873 536 solere.

913 651 1356 705 CAPUT

1458 661 1572 711 IV.

461 780 539 819 {sto
571 779 712 833 placito
744 795 816 822 vas
854 783 1022 825 immane
1062 788 1268 829 confestim
1305 804 1430 845 aquae
1459 795 1681 848 perlucidae
1718 799 1765 839 de
1800 801 1981 854 proximo
2017 804 2138 858 petito

348 834 456 874 sonte
481 843 687 877 contantes
712 838 837 879 adhuc
864 841 1033 881 offerunt
1060 843 1163 884 mihi.

1212 848 1267 886 At
1285 860 1359 901 ego
1385 849 1470 891 sine
1490 852 1567 892 ulla
1594 868 1703 894 mora
1729 870 1986 910 progressus,
2021 861 2137 902 ctiam

348 890 462 931 obvio
489 892 614 945 gradu
639 894 736 934 satis
762 895 943 937 sitienter
967 912 1114 952 pronus
1140 908 1178 940 et
1205 909 1325 943 totum
1352 914 1467 961 caput
1491 908 1666 951 inferens
1691 912 1886 955 salutares
1910 930 2004 957 vere
2030 918 2137 971 equi-

346 1017 448 1046 talem
467 1027 498 1054 p.
526 1019 607 1049 talis
625 1022 662 1050 G.
683 1023 712 1051 1.
733 1030 754 1052 a
772 1032 812 1054 m.
832 1033 862 1059 p.
910 1029 1083 1055 monstrat
1102 1029 1137 1057 G.
1154 1032 1183 1058 ¹2.
1204 1032 1239 1059 P.
1253 1032 1292 1060 D.

1335 1033 1458 1070 pelm‘m
1477 1038 1511 1066 0.
1530 1039 1613 1068 Iunt.
1630 1041 1657 1068 1.
1672 1041 1703 1070 2.
1740 1039 1886 1079 off'erret
1897 1045 1974 1074 ΑΜ.
2011 1039 2138 1083 offeret

343 1064 426 1093 lunt.
441 1068 470 1092 2².
517 1074 588 1093 meo
603 1070 693 1096 abest
710 1076 730 1097 a
744 1077 772 1103 p.
820 1068 1058 1099 irdlz'bescerem
1074 1075 1108 1101 F.
1123 1076 1152 1103 3.
1168 1079 1197 1104 et
1211 1078 1280 1106 edd.
1296 1083 1373 1109 vett.
1397 1079 1626 1111 allibescerem
1639 1086 1676 1114 L.
1701 1084 1915 1116 olibes-cerem
1931 1090 1966 1119 G.
1983 1091 2011 1119 1.
2048 1090 2137 1120 allu-

343 1109 509 1137 hes-cerem
520 1112 554 1140 B.
580 1110 814 1141 aluham-erem
824 1116 859 1144 F.
873 1117 900 1144 1.
915 1116 1098 1145 alibescere
1112 1121 1147 1149 G.
1158 1122 1234 1150 2.l).
1250 1121 1347 1157 (Oud.
1363 1125 1439 1155 citat
1455 1126 1668 1166 a!abasccre‚
1690 1134 1772 1166 quod
1786 1133 1868 1162 idem
1882 1135 1948 1170 legi
1963 1136 2039 1164 eicit
2053 1137 2086 1165 in
2100 1138 2137 1165 P.

342 1155 404 1182 Sed
419 1163 481 1183 non
495 1158 675 1187 verisimile
688 1159 767 1195 est.)
792 1159 1016 1190 «lines-cerem
1031 1165 1064 1192 0.
1113 1164 1155 1191 uh
1169 1175 1186 1192 u
1193 1168 1260 1194 tune·
1269 1169 1382 1196 morbo
1398 1171 1419 1199 f.
1454 1172 1562 1201 sirene
1577 1176 1611 1204 G.
1629 1176 1657 1204 1.
1672 1184 1691 1205 a
1705 1185 1744 1205 m.
1759 1186 1788 1212 p.
1831 1182 2045 1209 contractum
2061 1183 2095 1210 G.
2107 1184 2136 1211 1.

343 1199 413 1229 0.1',
439 1200 480 1228 cs.
495 1209 595 1236 supra
610 1210 636 1231 c.
652 1205 683 1233 2.

731 1203 866 1234 lacticis
881 1209 916 1237 G,
933 1210 961 1236 1.
987 1202 1083 1236 elicis
1097 1207 1125 1238 δ’.
1174 1214 1278 1250 atque
1286 1213 1383 1250 perh.
1398 1219 1434 1246 G.
1451 1219 1480 1247 1.
1495 1220 1529 1248 0.
1549 1218 1843 1256 perhoresscerem
1857 1226 1893 1254 G.
1909 1227 1938 1255 1.
1971 1235 2035 1263 per
2048 1235 2136 1255 cnm—

336 1248 436 1280 perta
452 1248 487 1274 G.
503 1248 532 1274 ἱ).
546 1248 585 1275 D.
633 1246 719 1276 haec
731 1251 816 1277 enim
832 1253 901 1281 edd.
915 1258 991 1281 ante
1005 1255 1095 1283 colv.
1112 1261 1223 1286 contra
1237 1266 1346 1288 omues
1361 1264 1442 1291 Mss.
1485 1264 1645 1300 pristinis
1658 1267 1762 1295 eciam
1776 1270 1846 1299 edd.
1859 1274 1935 1301 vett.
1955 1275 2029 1301 aute
2043 1273 2135 1302 colv-

1181 1302 1362 1332 observare
1376 1308 1411 1336 G.
1427 1309 1456 1337 1.
1471 1310 1506 1338 0.

424 1334 562 1372 placido
582 1340 630 1366 ed.
651 1347 697 1373 pr.
718 1341 844 1370 Vicent.
866 1344 978 1372 Vcnet.
999 1346 1028 1373 2.
1071 1346 1182 1382 pell'lu
1202 1349 1236 1376 F.
1257 1350 1287 1378 3.
1308 1352 1343 1379 G.
1358 1353 1388 1381 2.
1404 1354 1441 1381 D.
1458 1363 1486 1389 p.
1501 1351 1529 1383 δ.
1554 1357 1590 1384 In
1606 1358 1831 1394 cett.pelieae.
1870 1360 1987 1399 fontis
2002 1363 2038 1391 G.
2055 1364 2083 1391 1.
2098 1371 2133 1391 π.

339 1383 520 1409 cantantes
535 1384 570 1411 G.
588 1385 616 1411 1.
632 1385 669 1413 Ι).
684 1386 718 1414 Ο.
733 1394 769 1414 π.
784 1384 812 1414 δ.
838 1389 954 1417 Incert.
990 1388 1121 1418 adhaec
1135 1388 1162 1420 δ’,
1178 1394 1225 1421 ed.
1242 1395 1390 1426 Beroam.
1404 1399 1509 1428 Paris.
1524 1401 1638 1431 Venet.
1651 1405 1682 1431 2.
1707 1402 1819 1432 adhuc
1832 1406 1957 1436 Viceut.
1982 1405 2090 1435 adhoc
2104 1416 2135 1443 p.

339 1448 522 1486 euaserunt
537 1447 566 1479 δ.
615 1451 744 1479 εῗεηίεν
757 1454 885 1484 Vicent.
934 1459 1026 1485 totus
1046 1466 1074 1492 p.

1126 1435 1149 1456 .“.,
1177 1439 1182 1449 V
1203 1441 1239 1456 7¹¹⁷

1122 1440 1293 1500 ‘inquesseiz'is
1310 1465 1344 1492 F.
1367 1467 1396 1493 3.
1418 1469 1586 1502 utrumque
1605 1472 1645 1498 ab
1665 1472 1777 1500 eadem
1796 1481 1892 1503 manu
1907 1475 2062 1510 scriptum
2075 1481 2125 1506 est

340 1493 492 1530 inferens
507 1495 603 1524 etiam
616 1498 700 1525 lunt.
714 1500 744 1526 2.
760 1501 866 1529 habet.
898 1508 1036 1538 vergens
1052 1505 1085 1532 F.
1102 1506 1130 1533 1.
1146 1508 1181 1534 G.
1200 1508 1271 1536 1.2.
1287 1508 1307 1537 f.
1322 1510 1359 1537 D.
1375 1519 1406 1543 φ.
1433 1511 1610 1549 invergens
1624 1516 1659 1543 B.
1673 1524 1714 1544 ex
1726 1519 1799 1546 coll.
1814 1519 1914 1548 modii
1929 1524 1957 1549 et
1972 1522 2042 1550 edd.
2056 1526 2135 1551 vett.

339 1537 537 1575 iummrgcns
552 1548 592 1568 ex
602 1542 636 1570 B.
652 1547 758 1571 enotat
774 1545 862 1573 Colv.
887 1554 1037 1583 mergens
1052 1552 1102 1577 vel
1124 1550 1239 1578 r'mmer

339 1584 477 1617 primum
491 1591 651 1619 comparet
667 1588 697 1615 in
713 1596 814 1621 marg.
829 1591 904 1618 Bas.
918 1593 977 1620 1-211.
992 1595 1023 1621 2.
1038 1598 1066 1621 et
1081 1595 1153 1623 dein
1169 1604 1231 1631 exp

338 1636 400 1661 que
420 1630 554 1658 defensa
571 1638 592 1658 a
606 1632 751 1669 Pricaw,
766 1643 925 1671 mungens
939 1645 968 1671 p.
983 1638 1097 1671 (quam
1113 1641 1262 1671 vitiosam
1275 1645 1339 1672 scri

2128 1500 2137 1516 7

1239 1561 1330 1589 gens,
1357 1563 1439 1589 quae
1458 1565 1520 1586 non
1540 1560 1691 1589 Beroaldi
1711 1564 1768 1591 sed
1794 1565 1911 1593 noaidi
1936 1567 2133 1605 coniectura,

1236 1606 1327 1627 ressa
1341 1605 1387 1628 est
1402 1602 1435 1630 in
1445 1603 1539 1632 Vulc.
1554 1606 1641 1634 ed.2.
1656 1607 1737 1636 Elin.
1752 1610 1855 1638 Scriv.
1867 1611 1985 1639 Florid.
1999 1613 2135 1641 acriter-

1345 1649 1469 1679 pturam
1483 1654 1626 1678 exortam
1641 1659 1712 1680 reor
1724 1659 1764 1681 ex
1775 1656 1967 1689 compendio
1981 1644 2132 1697 2·nu³gens,

338 1675 420 1706 quod
441 1674 597 1704 facillime
616 1678 630 1701 1>
649 1682 726 1706 nota.
744 1679 778 1707 in
797 1694 840 1698 —
858 1688 1024 1719 corrupta,
1051 1685 1083 1713 in
1103 1694 1261 1723 mungens
1280 1690 1372 1718 abire
1389 1695 1543 1730 poterat.)
1570 1695 1752 1726 Ceterorum
1768 1700 1856 1729 codd.
1870 1702 2039 1731 lectionem
2053 1704 2132 1733 oud.

337 1723 491 1748 accurate
510 1728 573 1748 non
592 1724 743 1762 protulit,
768 1724 801 1752 id
819 1728 941 1755 tantum
962 1735 1177 1770 asseverans,
1202 1733 1237 1761 in
1257 1735 1406 1765 omnibus
1423 1741 1620 1770 membranis
1640 1750 1714 1771 esse
1727 1751 1867 1781 vergens
1879 1746 2132 1786 veloe'nvergens.

394 1828 446 1866 de
471 1830 586 1869 coelo
616 1833 766 1872 missus.
818 1834 901 1888 [De
926 1840 1122 1878 sententia
1157 1841 1206 1881 cs.

337 1883 437 1923 Prie.
453 1888 492 1923 et
505 1885 680 1927 d'Orvill.
701 1889 752 1928 ad
774 1890 914 1931 Charit.
930 1892 958 1934 l.
976 1898 1037 1934 13.
1059 1910 1095 1946 p.
1113 1901 1206 1939 280.

337 1941 398 1980 ed.
425 1941 560 1995 Lips.]

390 1998 556 2049 pelvem.
591 1999 766 2052 [Pelvim
780 2003 894 2043 lectio
910 2008 1128 2047 emendatio
1144 2015 1206 2050 est

336 2052 593 2103 librariorum,
621 2058 683 2107 qui
700 2072 722 2095 e
735 2064 995 2110 grammaticis
1011 2067 1205 2116 cognitum

335 2109 550 2158 habebant,
583 2114 735 2165 pelvim
765 2117 893 2156 solum
923 2122 1092 2171 reperiri.
1151 2125 1206 2162 At

335 2166 424 2204 vide
449 2167 579 2209 Rudd.
605 2169 725 2209 Instit.
754 2171 798 2211 T.
825 2173 851 2213 I.
876 2188 913 2226 p.
942 2181 1005 2217 78.
1032 2192 1065 2216 n.
1093 2177 1180 2234 56]

392 2225 515 2262 visum
537 2232 860 2282 contactumque.
889 2230 1110 2274 Istiusmodi
1124 2237 1202 2274 ani-

334 2279 453 2318 malia
484 2281 761 2335 hyclroplzoba
796 2293 953 2335 vocant.
989 2304 1090 2341 quae
1126 2297 1203 2332 stu-

335 2336 448 2373 diose
474 2338 593 2376 vitant
610 2353 737 2391 aquae
756 2349 956 2393 aspectum
978 2352 1017 2385 et
1036 2349 1203 2388 omnium

336 2392 559 2443 poculorum
573 2394 753 2435 haustum
772 2400 1084 2450 perhorrescunt.
1122 2405 1203 2444 Fir-

334 2452 419 2488 mic.
434 2449 595 2490 Astron.
612 2451 713 2492 VIII.
730 2458 765 2494 5.
794 2454 990 2499 Theodor.
1008 2459 1129 2500 Prisc.
1152 2463 1202 2501 de

333 2519 375 2542 re
413 2506 565 2545 medica
596 2506 644 2547 lt.
676 2523 709 2548 c,
742 2515 778 2551 8.
812 2512 953 2565 Veget.
983 2515 1202 2559 Mulomed.

334 2561 396 2600 Ill.
424 2566 488 2603 32.
514 2563 626 2603 Haec
651 2564 749 2605 Elm.
775 2571 942 2619 protulit.
975 2572 1112 2625 [Plura
1138 2576 1202 2627 qui

334 2617 550 2665 desiderat,
564 2620 682 2660 adeat
693 2624 808 2662 velim
826 2625 974 2666 Triller.
990 2630 1038 2667 ad
1054 2630 1200 2671 Lucan.

332 2673 401 2713 w.
429 2678 539 2721 671„
571 2691 594 2715 a
624 2691 700 2729 quo
732 2681 895 2731 plurima
924 2683 1133 2725 afferuntur
1163 2693 1202 2727 et

332 2732 453 2769 nostri
479 2746 634 2785 quoque
659 2735 734 2774 loci
758 2741 901 2777 mentio
927 2741 994 2794 fit]

391 2788 558 2828 (Ἅι-ΛΥ.
601 2794 746 2842 petito.
796 2794 1014 2847 [Difficilior
1029 2804 1090 2838 est
1102 2800 1201 2839 haec

332 2842 448 2882 lectio
486 2850 525 2884 et
555 2861 579 2885 a
608 2847 780 2888 melioris
812 2856 926 2891 notae
958 2855 1068 2894 codd.
1100 2858 1199 2896 satis

332 2900 514 2948 defensa,
539 2907 580 2941 ut
604 2904 713 2943 alteri
732 2910 890 2958 petitae
908 2913 1093 2963 praeponi
1113 2915 1199 2952 sine

331 2956 412 2993 ullo
439 2957 555 2996 dubio
582 2960 736 3001 debeat.
773 2963 860 3003 Nec
884 2967 934 3004 ad
958 2967 1198 3023 hypallagen

333 3012 498 3063 Apuleio
535 3017 632 3055 satis
668 3019 794 3058 tritam
834 3027 1099 3064 necessarium
1136 3033 1198 3067 est

334 3069 554 3120 confugias,
585 3077 626 3111 ut
655 3074 754 3114 hanc
783 3081 1106 3121 constructionem
1132 3098 1196 3123 ex-

331 3123 473 3174 plices.
498 3128 550 3166 ita
573 3134 614 3167 ut
637 3145 763 3181 aquae
777 3137 1041 3188 petitofonte
1053 3139 1194 3181 dictum

1266 1845 1319 1882 sit
1348 1858 1417 1896 pro
1450 1863 1583 1901 aquae
1608 1853 1923 1907 pctstaefmzte,
1960 1857 2033 1896 sed
2058 1873 2131 1911 pe-

1264 1902 1361 1941 ἰίΐιιε
1381 1905 1480 1953 fons
1498 1910 1560 1944 est
1579 1907 1629 1953 is,
1657 1921 1770 1959 quem
1792 1914 1967 1962 aggressi
1983 1914 2132 1954 fuerant

1264 1958 1410 1996 rabiem
1446 1962 1543 2000 asini
1574 1965 1841 2014 periclitaturi,
1874 1973 1915 2007 ut
1946 1971 1997 2010 de
2021 1985 2129 2023 prae-

1262 2016 1425 2065 positio,
1457 2017 1495 2056 id
1526 2019 1630 2070 quod
1660 2023 1822 2073 saepius
1852 2024 1909 2070 fit,
1940 2027 2130 2079 simplicis

1263 2072 1418 2123 genitivi
1445 2071 1570 2113 locum
1596 2078 1762 2131 teneat]

1316 2142 1475 2179 promes
1521 2137 1560 2170 et
1605 2138 1730 2174 totum
1778 2143 1907 2189 caput
1938 2140 2127 2191 inferens.

1262 2182 1539 2226 Difficillimum
1565 2194 1627 2228 est
1657 2204 1705 2229 eo
1737 2191 1786 2230 de
1816 2192 1901 2232 loco
1932 2196 2129 2244 iudicium,

1262 2253 1378 2290 quum
1405 2245 1572 2294 optimus
1585 2246 1669 2286 cod.
1685 2247 1856 2290 Florent.
1870 2254 1908 2291 3.
1922 2253 1970 2291 ab
1988 2253 2127 2293 eadem

1261 2310 1377 2336 manu
1402 2299 1595 2351 duplicem
1620 2304 1850 2356 scripturam
1879 2309 2059 2358 inferens
2088 2316 2129 2350 et

1260 2367 1429 2407 cerycus
1451 2359 1656 2407 praebeat,
1682 2360 1785 2412 prior
1803 2363 1852 2401 ab
1872 2364 1965 2406 edit.
1978 2365 2072 2406 lunt.
2088 2371 2126 2409 2.

1261 2411 1429 2449 omnium
1459 2416 1820 2465 praestantissima,
1857 2423 2047 2472 posterior
2076 2425 2126 2464 ab

1261 2465 1582 2519 locupletissimis
1631 2475 1850 2526 quibusque
1898 2479 2010 2519 codd.
2058 2481 2124 2520 de-

1261 2523 1461 2572 fendatur,
1503 2531 1543 2566 et
1584 2533 1718 2569 neutra
1765 2537 1893 2572 notam
1929 2542 2123 2589 coi-rupte-

1261 2578 1323 2618 lae
1347 2582 1447 2619 satis
1471 2588 1644 2635 apertam
1669 2587 1703 2624 in
1730 2601 1776 2626 se
1802 2592 2005 2631 contineat.
2050 2593 2124 2633 Ea-

1260 2636 1348 2674 dem
1368 2639 1515 2678 ratione
1540 2641 1654 2680 etiam
1677 2658 1861 2697 mci-yeus
1884 2648 1948 2687 vel
1973 2650 2122 2689 immer-

1257 2707 1359 2745 qens
1401 2708 1472 2746 per
1511 2700 1743 2737 sententiam
1780 2706 1913 2754 potest
1949 2719 2123 2757 compro-

1262 2750 1358 2794 bari,
1402 2751 1492 2790 licet
1527 2755 1561 2791 ei
1598 2756 1729 2794 obstet
1763 2757 1865 2797 Mss.
1901 2764 2121 2802 auctoritas.

1259 2805 1308 2845 cf.
1322 2804 1440 2852 Prie..
1467 2811 1530 2860 qui
1550 2811 1667 2850 multa
1687 2813 1772 2852 eius
1791 2817 1969 2856 vocabuli
1989 2832 2121 2858 exem·-

1257 2861 1325 2913 pla
1349 2864 1501 2904 excitat.
1527 2865 1628 2906 Oud.
1657 2868 1850 2922 Sopingii,
1883 2872 2054 2915 Gronov.
2084 2877 2119 2914 in

1258 2918 1426 2959 Observ.
1457 2920 1501 2959 Π.
1531 2927 1565 2963 7.
1595 2937 1632 2975 p.
1661 2929 1751 2965 134.
1783 2927 1843 2966 ed.
1869 2928 1979 2983 Lips.
2006 2936 2046 2970 et
2069 2930 2119 2972 N.

1256 2973 1406 3014 Heiusii
1432 2978 1583 3018 accedit
1606 2984 1841 3029 sententiae,
1869 2987 1932 3036 qui
1956 2988 2121 3027 retinent

1255 3028 1467 3084 turer-qens
1481 3035 1660 3083 colLVal.
1678 3037 1861 3081 Flaccv.
1876 3046 1967 3083 595.
1984 3044 2118 3084 Heius.

1253 3087 1303 3124 ad
1318 3087 1431 3128 Ovid.
1449 3090 1691 3133 Fast.1.141.
1708 3095 1795 3136 dict.
1809 3099 1893 3137 suis
1907 3098 1956 3138 ad
1970 3099 2117 3140 Lucan.

1252 3143 1319 3184 iv,
1341 3149 1433 3186 525.
1459 3147 1651 3201 Moy-,qm
1671 3153 1770 3190 enim
1791 3158 1829 3192 et
1849 3169 2014 3208 z-eryere
2032 3171 2118 3197 con-
