2155 3590
708 121 892 162 LIBER
930 122 1052 162 wll.
1113 120 1241 162 CAP.
1269 122 1411 163 XVII.
1865 123 1947 166 701

146 248 223 274 non
249 241 327 274 tam
354 233 536 274 hercules
565 235 885 286 memorandum,
919 249 1033 289 quam
1061 234 1325 276 miserandum
1358 235 1474 275 eliam
1506 234 1793 289 spectaculum,
1829 249 1948 277 canes

145 291 323 344 copiosos
357 291 585 331 ardentibus
619 292 760 332 animis
794 292 892 332 alios
924 292 1122 346 fugientes
1149 292 1346 346 arripere,
1375 292 1474 332 alios
1499 292 1695 332 stantibus
1719 293 1946 345 inhaerere,

144 347 329 400 quosdam
373 347 548 388 iacentes
585 347 810 389 inscindere
849 355 888 389 et
917 362 988 402 per
1019 363 1173 389 omnem
1211 347 1412 413 nojstrum
1452 356 1712 389 commeatum
1749 349 1946 390 morsibus

141 403 359 444 ambulare.
410 403 515 444 Eme
554 411 662 444 lanto
699 404 873 458 periculo
911 405 1056 445 malum
1094 406 1219 445 maius
1255 404 1492 458 insequitur.
1555 403 1616 445 De
1649 405 1811 445 summis
1843 406 1945 446 enim

144 459 255 500 lectis
282 474 326 500 ac
353 461 398 501 de
425 475 618 514 proxumo
645 476 705 501 co
694 461 743 501 'le
770 461 960 501 rusticmi
987 461 1042 501 illi
1068 475 1168 502 saxa
1202 476 1320 516 supet
1351 475 1423 501 nos
1455 461 1597 514 raptim
1632 461 1870 512 devolvunt,
1905 470 1948 503 ut

140 516 367 557 disecinerc
400 531 564 571 prorsus
598 518 874 571 nequiremus,
909 531 983 571 qua
1015 519 1260 573 potissimum
1293 531 1526 558 caveremus
1561 517 1688 568 clade,
1729 518 1946 560 comminus

141 648 252 673 tamen
267 643 419 674 hercules
433 647 470 675 R.
488 646 508 674 f.
536 654 586 673 me
599 644 754 674 hercules
769 648 804 675 G.
822 649 851 675 2.
866 649 904 675 D.
919 648 954 676 L.
981 655 1031 673 me
1044 645 1199 674 hercules
1213 655 1278 675 nun
1294 649 1362 674 tmn
1378 647 1413 675 P.
1430 648 1465 676 G.
1480 648 1511 675 2.
1525 647 1558 674 in
1573 654 1634 680 quo
1649 647 1827 680 posteriore
1840 648 1947 683 signis

139 713 166 731 ¹,
181 695 256 720 ante
270 700 319 718 me
332 695 360 720 et
376 700 441 719 nnn
456 694 525 718 tam
542 692 656 726 positis
670 692 844 728 indicatur,
860 700 923 721 non
939 695 1008 719 tam
1023 696 1098 721 aute
1111 701 1161 719 me
1176 691 1328 720 hercules
1342 701 1417 721 esse
1431 693 1589 726 ponenda.
1604 690 1947 722 Aliilaercnlecitante

139 738 218 766 Oud.
233 737 274 766 cf.
284 740 422 766 Menlll.
433 746 462 772 p.
472 738 547 765 180.
573 745 593 764 n
604 746 621 763 n
632 746 651 764 n
679 740 689 764 t
701 746 724 764 a
731 746 760 764 m
786 735 982 765 leet-cules
1009 737 1239 765 truculentam
1253 737 1523 774 accusationem,
1551 745 1651 775 qnam
1665 744 1772 764 meam
1787 738 1947 765 miseram

139 782 390 809 conscientiam.
440 781 562 809 Meam
584 780 738 810 herc-ales
756 784 871 812 Venet.
893 779 924 811 4.
971 782 1199 810 miserandum
1219 782 1449 820 spectaculum
1470 784 1507 812 L.
1526 785 1564 812 11.
1588 783 1609 812 f.
1625 791 1654 817 p.
1673 784 1709 811 P.
1725 784 1834 812 Wow.
1849 784 1946 812 Vulc.

137 828 372 857 Me1·c.}‹'lorid.
388 828 472 856 Pric.
499 828 605 857 Ceteii
619 829 710 857 codd.
726 832 753 856 et
770 829 839 856 edd.
854 828 958 855 etiam
973 832 1166 863 agnoscunt.
1215 831 1249 856 et
1262 827 1490 865 spectaculum
1505 830 1544 857 D.
1593 830 1624 855 el
1647 836 1749 856 canes
1771 830 1808 857 L.
1835 827 1852 862 (
1863 830 1946 856 unde

137 873 267 907 colligo,
282 873 314 901 in
328 880 364 902 eo
379 873 534 907 scriptum
550 873 670 902 fuisse:
697 871 926 909 spectaculum
940 872 1074 909 etiam.)
1106 874 1261 910 copiosus
1277 877 1312 903 G.
1327 876 1357 902 2.
1373 883 1406 907 φ.
1419 875 1458 903 D.
1473 875 1509 902 G.
1523 875 1621 903 Voss.
1636 873 1733 902 etiam
1749 882 1765 902 e
1778 874 1947 908 Ms.1.ips.

136 919 277 953 margini
298 919 474 953 adscripsit
497 919 650 955 copiosos
670 923 697 947 et
720 919 855 946 coluerit
878 918 1047 951 rabiosus,
1073 923 1104 946 ut
1126 920 1255 954 Sciopp.
1304 922 1336 946 et
1357 918 1444 946 alins
1455 919 1634 957 fugientes
1653 921 1689 948 L.
1739 917 1841 946 allius
1862 921 1898 947 G.
1916 920 1945 947 1.

137 961 238 999 (bis).
287 964 424 1000 arripere.
438 966 474 992 G.
490 965 519 992 1.
553 965 709 1000 arripere
722 967 833 993 exulat
848 971 867 991 a
882 961 911 993 ὃ.
960 962 1150 991 v‘nsm'ndere
1162 965 1198 992 F.
1218 966 1244 993 l.
1260 966 1289 993 3.
1306 966 1342 993 G.
1358 967 1386 993 2.
1402 966 1441 993 D.
1458 966 1493 992 B.
1515 965 1585 993 edd.
1605 967 1681 993 vett.
1703 962 1897 992 inscendere
1911 965 1945 993 Ο.

136 1016 173 1038 π.
188 1012 216 1036 et
233 1009 301 1037 edd.
317 1012 387 1043 post
403 1009 492 1038 Colv.
506 1007 654 1036 insidere
668 1007 696 1037 ὃ.
721 1010 802 1044 Quid
818 1009 914 1037 ceteri
929 1010 1019 1037 codd.
1035 1011 1143 1042 legant
1157 1031 1164 1044 ,
1191 1011 1270 1038 Oud.
1290 1018 1353 1038 non
1375 1014 1531 1038 accurate
1551 1010 1725 1044 discernit,
1751 1017 1945 1044 quamquam

136 1062 177 1082 ex
190 1053 263 1082 eius
277 1055 387 1082 verbis
402 1055 542 1090 intelligi
559 1058 673 1089 potest.
690 1056 721 1083 in
738 1058 831 1087 longe
846 1055 995 1088 plurimis
1009 1053 1201 1082 inscindere
1217 1064 1300 1084 esse.
1325 1057 1360 1084 In
1375 1057 1410 1083 G.
1426 1057 1455 1083 1.
1471 1056 1509 1083 de
1523 1063 1584 1089 quo
1599 1056 1680 1084 Oud.
1694 1057 1802 1084 collat.
1816 1056 1946 1084 omnino

136 1100 251 1135 silent,
276 1099 431 1127 scribitur
450 1102 486 1125 et
502 1108 565 1135 per
580 1108 705 1127 omnem
721 1103 873 1127 nostrum
891 1102 1078 1127 comeatum
1095 1099 1257 1137 quosdam
1272 1100 1423 1128 iacentes
1437 1099 1626 1128 rescindere
1645 1100 1812 1128 morsibus
1832 1100 1945 1129 ambu-

135 1142 222 1172 lare.
269 1142 344 1171 inse
366 1146 393 1173 D
414 1151 469 1178 pro
489 1145 694 1182 insequitur.

135 1192 167 1216 et
182 1188 334 1226 depr-111⁴.
349 1187 377 1218 ὅ.
422 1197 592 1225 prosumo
606 1191 641 1218 F.
657 1192 687 1220 3,
717 1193 753 1219 ln
770 1194 843 1218 cett.
856 1190 1028 1225 praa-imo.

135 1242 278 1271 superne
291 1243 347 1270 pro
362 1242 464 1270 supr-r
478 1242 538 1262 nos
550 1238 633 1264 lunt.
653 1237 677 1263 l.
692 1237 768 1263 ΑΜ.
794 1243 896 1271 super
909 1242 966 1262 nes
981 1236 1096 1264 Vener.
1112 1237 1141 1264 2.

133 1287 206 1307 mus
218 1281 257 1308 1).
284 1288 352 1317 qua
359 1280 572 1316 potissimum
588 1288 660 1309 cac.

132 1326 218 1354 idem
235 1326 366 1363 legitur,
391 1325 456 1354 nisi
477 1327 561 1360 quoti
582 1334 637 1360 pro
658 1324 754 1353 clade
774 1326 817 1354 ini
838 1329 928 1354 extat
947 1323 1088 1355 cladem.
1113 1327 1149 1354 In
1170 1329 1244 1355 cett.
1258 1326 1380 1362 legitur
1400 1334 1500 1363 quam
1515 1327 1730 1363 potis-simunt

132 1422 240 1476 publ.
259 1422 286 1462 Ῑ.
307 1427 371 1464 34.
398 1437 434 1476 p.
454 1428 545 1464 141.
571 1424 777 1464 discrimen
805 1425 1006 1475 turiusque

135 1480 312 1519 vocabuli
337 1483 544 1533 proposuit
570 1481 619 1520 cl'.
647 1481 759 1520 eund.
787 1481 834 1519 ad
863 1481 912 1518 de
938 1478 1004 1519 Di-

132 1539 246 1576 vinat.
274 1536 299 1575 Ι.
326 1542 391 1577 45.
416 1552 453 1589 p.
482 1543 573 1579 223.
601 1542 639 1576 et
664 1538 714 1576 ad
740 1537 921 1576 Tuch.
938 1542 1002 1577 25.

133 1593 179 1634 T.
204 1593 268 1633 111.
297 1607 330 1645 p.
352 1598 442 1635 153.
468 1594 616 1634 Deder.
644 1595 692 1633 ad
718 1592 822 1634 Dict.
849 1594 1002 1633 CretX.

136 1656 198 1692 11.
223 1665 260 1703 p.
276 1655 389 1696 202..
416 1665 492 1702 quo
523 1652 606 1690 loco
634 1665 683 1690 ex
709 1653 865 1703 optimis
892 1651 1008 1690 codd.

130 1707 258 1747 mulio
283 1709 440 1748 dilectu
463 1709 695 1748 retinuerim.
753 1709 873 1760 Apud
900 1708 1007 1758 Yirg.

133 1764 278 1815 Georg.
305 1763 368 1803 Ill.
396 1770 458 1805 72.
498 1765 797 1817 locupletissimi
837 1765 922 1803 libri
946 1765 1006 1804 ‹li-

133 1819 259 1860 lectns
283 1820 465 1875 habent]
866 1865 868 1868 .

188 1879 319 1917 etiam.
381 1878 635 1931 [particulam
671 1880 809 1925 etiam,
848 1891 949 1930 quae
985 1892 1008 1917 a

130 1933 332 1987 plerisque
347 1935 624 1981 c0d‹l.exulat,
651 1936 828 1986 reposui,
861 1937 1006 1987 quippe

131 2005 248 2042 quam
263 1992 297 2029 in
321 1991 485 2030 formula
508 1997 590 2032 iam
607 2016 656 2020 —
675 2006 796 2044 qnam
810 1993 871 2031 vel
895 1993 1006 2031 inter-

131 2047 262 2100 posito
289 2048 422 2099 aliquo
449 2050 603 2087 nomine
629 2050 842 2099 scriptores
873 2053 1006 2100 poste-

131 2104 244 2142 rioris
280 2105 366 2142 aevi
404 2105 550 2144 addere
574 2106 744 2149 soleant.
794 2105 841 2145 cf,
881 2106 1002 2145 Buen.

131 2160 179 2198 ad
212 2159 323 2199 Lact.
356 2160 450 2200 lust.
467 2163 517 2202 V.
545 2166 608 2203 20.
646 2163 677 2213 ᾗ.
707 2165 741 2202 9.
774 2175 810 2213 p.
839 2167 932 2204 682.
966 2167 1007 2202 et

130 2217 258 2256 Hand.
287 2216 453 2256 Turseli.
482 2218 529 2259 T.
555 2218 600 2258 ll.
625 2233 664 2270 p.
691 2220 802 2272 559]

187 2275 391 2326 copiosos.
452 2276 674 2321 Fabianis,
707 2276 810 2326 quod
839 2290 907 2327 pro
933 2291 1003 2317 ca-

126 2332 272 2383 piosos
303 2331 500 2370 emendari
529 2332 649 2371 voluit
675 2333 888 2384 Scioppius
917 2347 1003 2373 cum

131 2387 300 2434 Yossio,
328 2387 528 2427 serendum
555 2404 627 2427 uon
655 2394 715 2427 est
742 2394 901 2441 propter
924 2404 1005 2429 mo-

131 2442 275 2483 lestam
297 2445 473 2484 eiusdem
488 2446 709 2484 sententiae
724 2447 1003 2497 repetitionem.

135 2501 306 2553 Copiosi
330 2516 450 2541 canes
475 2507 566 2540 sunt
591 2503 723 2548 multi,
757 2515 831 2554 qna
863 2504 1005 2555 signifi-

131 2559 284 2596 catione
305 2558 381 2596 hoc
394 2559 626 2599 vocabulum
649 2561 886 2610 praecetcris
901 2561 1004 2612 apud

129 2612 297 2658 Plinium
336 2615 486 2667 legitur.
537 2616 583 2654 cs.
615 2616 712 2654 Met.
746 2615 812 2654 IV.
844 2631 881 2668 p.
909 2621 1002 2658 300.

130 2671 256 2712 Multa·
270 2673 415 2713 civium
435 2678 473 2712 ct
491 2673 673 2712 mli-enne
699 2675 906 2724 copiosi.
934 2673 1003 2714 lV.

130 2741 169 2780 p.
195 2732 290 2770 282.
322 2742 442 2769 canes
473 2731 558 2780 feri
587 2731 767 2782 salseque
793 2731 1003 2782 copiosi.

131 2784 184 2824 X.
207 2799 245 2838 p.
273 2790 366 2827 716.
391 2788 490 2826 satis
513 2787 738 2838 copiosis
759 2787 958 2838 pulvillis.

188 2842 342 2882 animis.
381 2842 538 2895 [Animi
562 2857 629 2895 pro
656 2845 877 2883 iracundia
903 2845 1002 2883 sumi

132 2897 276 2937 (locent
306 2898 390 2938 lntt.
423 2900 472 2938 ad
505 2899 622 2939 ovid.
654 2899 754 2939 Met.
779 2899 805 2937 l.
837 2904 929 2941 165.
954 2901 1004 2940 ad

131 2952 251 3007 Prop.
270 2954 298 2994 Ι.
319 2960 355 3000 5.
380 2961 444 2997 12.
467 2956 599 2995 Burm.
615 2956 665 2995 ad
681 2956 804 2995 eiusd.
820 2956 865 2995 ll.
882 2962 918 2997 4.
940 2962 1001 2998 18.

131 3010 266 3055 Barth.
296 3012 466 3053 Advers.
495 3012 687 3052 XXXlll.
715 3017 780 3054 22.
806 3018 1002 3065 p.1543.,

132 3068 196 3119 qui
210 3072 382 3108 nostrum
396 3070 522 3110 locum
538 3072 640 3117 citat,
654 3070 778 3110 Orell.
791 3071 841 3109 ad
855 3071 1000 3111 Arnob.

131 3123 234 3170 ills.
251 3129 286 3167 2.
307 3131 453 3182 p.181.
482 3132 520 3166 et
545 3128 579 3166 in
607 3127 713 3168 Add.
730 3127 776 3167 T.
792 3126 838 3165 ll.
853 3141 890 3183 p.
907 3132 1001 3171 468.

744 1143 794 1171 De
814 1152 937 1173 smnms
957 1152 1047 1172 emen
1068 1147 1103 1173 G.
1126 1146 1173 1175 2..
1201 1147 1283 1179 quod
1305 1146 1468 1180 posterius
1493 1146 1592 1175 etiam
1611 1147 1648 1174 P.
1670 1150 1697 1175 et
1719 1147 1756 1174 D.
1779 1148 1945 1180 praebent.

1076 1189 1243 1217 rusticam
1258 1191 1306 1219 etl.
1323 1199 1369 1225 pr.
1385 1191 1513 1219 Vivent.
1527 1192 1642 1219 Venet.
1658 1193 1688 1218 2.
1725 1190 1890 1219 rusticum
1906 1193 1944 1220 D.

1190 1233 1414 1263 ‹Ieron-untur
1428 1238 1466 1264 D.
1515 1235 1654 1264 ‘volvunt
1667 1238 1704 1265 R.
1722 1236 1743 1266 f.
1791 1237 1946 1274 require-

677 1279 772 1308 clade
786 1281 820 1309 F.
834 1282 900 1309 1.3.
915 1282 990 1308 G.2.
1002 1281 1038 1308 R.
1049 1280 1070 1308 f.
1087 1282 1124 1309 P.
1137 1282 1176 1309 1).
1189 1283 1226 1309 L.
1241 1282 1276 1309 0.
1290 1278 1598 1310 71.1''ulc.‘1.W'0w.
1614 1282 1704 1311 colv.
1720 1282 1808 1311 Pric.
1822 1284 1903 1311 InG.
1917 1283 1944 1312 1.

1805 1326 1945 1355 cladem.

1066 1424 1216 1463 Arnob.
1241 1424 1291 1463 V.
1320 1428 1357 1466 2.
1393 1426 1539 1477 (sitibus
1571 1426 1702 1465 modis
1728 1428 1947 1467 conveniat

1065 1481 1149 1520 iras
1185 1482 1268 1521 eins
1305 1487 1429 1534 atque
1470 1484 1657 1521 animos
1699 1488 1937 1535 temperare.

1063 1537 1210 1576 Deder.
1237 1539 1283 1576 ad
1312 1538 1413 1577 Dict.
1441 1537 1542 1578 Cret.
1570 1538 1612 1576 ll.
1640 1542 1706 1581 36.
1732 1553 1769 1591 p.
1796 1543 1863 1580 96.
1889 1539 1939 1578 Et

1064 1594 1117 1633 ita
1143 1596 1346 1635 animosus
1366 1609 1436 1647 pro
1458 1597 1665 1635 iracundo
1688 1596 1826 1647 legitur
1840 1600 1944 1635 teste

1067 1651 1171 1691 Non.
1185 1666 1218 1690 s,
1236 1665 1271 1691 v.
1285 1653 1420 1692 αηὶηια
1436 1665 1474 1703 p.
1489 1656 1585 1693 233.
1611 1652 1790 1692 Forsitan
1813 1667 1943 1692 emen-

1067 1708 1148 1747 dari
1175 1709 1227 1747 ita
1244 1708 1359 1747 liceat
1381 1709 1505 1748 locum
1521 1710 1670 1749 Amol».
1685 1709 1752 1749 Vl.
1771 1715 1853 1758 11„
1878 1711 1943 1751 ubi

1065 1778 1134 1816 pro
1162 1766 1381 1805 aninmntiS
1413 1766 1546 1817 legere
1576 1766 1706 1805 malim
1739 1767 1940 1820 animali]

1122 1822 1369 1862 inscindere.
1403 1822 1507 1874 [Nec
1533 1837 1618 1862 cum
1639 1823 1851 1871 Beroaldo,
1878 1826 1942 1876 qui

1066 1879 1302 1918 inscendere
1316 1892 1337 1916 e
1352 1880 1465 1918 codd.
1480 1880 1630 1931 aliquot
1650 1880 1843 1931 praetulit,
1869 1894 1944 1919 nec

1067 1949 1151 1973 cum
1178 1934 1280 1974 Oud.
1310 1935 1439 1974 facere
1465 1950 1648 1989 possum,
1675 1938 1738 1988 qni
1766 1951 1788 1976 e
1815 1938 1941 1976 conie-

1065 1995 1173 2030 ctura
1220 1994 1398 2042 quamvis
1448 1994 1550 2031 bona
1597 1994 1775 2034 insidere
1821 1994 1940 2033 dedit.

1066 2048 1313 2099 Quamquam
1340 2050 1442 2088 euim
1468 2051 1631 2102 saepius
1650 2051 1830 2090 insidere
1854 2065 1943 2090 cnm

1064 2106 1289 2144 accusativo
1315 2107 1492 2157 iungitur,
1526 2107 1574 2145 cl'.
1602 2107 1744 2146 Graer.
1771 2111 1810 2146 et
1835 2105 1940 2147 Duk.

1062 2162 1113 2200 ad
1145 2161 1249 2201 Flor.
1282 2162 1346 2201 lv.
1379 2168 1417 2204 7.
1447 2163 1518 2203 Dr.
1543 2164 1591 2203 ad
1620 2164 1691 2202 Sil.
1713 2164 1762 2204 V.
1789 2169 1829 2206 3.
1853 2164 1940 2204 Liv.

1062 2218 1131 2257 IX.
1151 2223 1213 2259 14.
1230 2224 1269 2258 et
1282 2220 1479 2272 Apuleius
1506 2221 1594 2273 ipse
1619 2221 1816 2261 nonnullis
1839 2222 1940 2261 locis

1061 2276 1114 2313 ita
1139 2276 1250 2323 dicit,
1288 2277 1337 2322 cl.
1364 2276 1429 2316 ΙΙΙ.
1461 2291 1499 2330 p.
1529 2281 1605 2318 173
1641 2277 1712 2325 al„
1750 2278 1940 2317 difficilior

1061 2336 1190 2371 tamen
1217 2333 1308 2372 mihi
1337 2334 1487 2373 videtur
1506 2332 1638 2373 altera*
1654 2335 1770 2374 lectio
1792 2336 1939 2376 inscin-

1064 2389 1173 2436 dere,
1184 2404 1298 2441 qnam
1314 2394 1354 2429 ut
1368 2391 1598 2430 emendetur
1613 2392 1805 2430 vocabulo
1821 2393 1940 2444 longe

1063 2446 1221 2486 trition-e.
1270 2447 1519 2495 Inscimlere,
1546 2453 1730 2500 qnantum
1757 2449 1938 2500 equidem

1062 2503 1167 2549 scio,
1209 2505 1244 2542 in
1271 2518 1345 2543 usu
1372 2518 1445 2544 non
1472 2509 1536 2543 est
1560 2505 1662 2557 apud
1690 2509 1866 2553 veteres,
1897 2509 1939 2543 ut

1062 2560 1287 2611 ponendum
1306 2562 1376 2607 sit,
1402 2560 1615 2614 Apuleium
1641 2562 1717 2601 hoc
1742 2562 1938 2614 composi-

1062 2621 1142 2655 tum
1169 2617 1381 2665 formasse,
1409 2620 1472 2670 qui
1493 2619 1711 2658 accuratius
1727 2620 1938 2658 instantem

1063 2687 1200 2713 canum
1236 2675 1380 2714 rabiem
1420 2675 1698 2727 bominumque
1736 2676 1937 2715 laceratio-

1063 2744 1152 2770 nem
1177 2731 1438 2777 describeret,
1466 2732 1515 2771 ad
1541 2732 1673 2770 intima
1691 2746 1819 2783 usque
1838 2733 1937 2771 scis-

1063 2800 1208 2828 sorum.
1246 2787 1309 2826 De
1337 2789 1454 2827 verbo
1478 2789 1666 2828 scindere
1690 2789 1765 2827 iam
1791 2789 1936 2828 (lictum

1063 2849 1127 2883 est
1141 2845 1190 2882 ad
1199 2844 1384 2884 MetXll.
1400 2858 1437 2895 p.
1449 2849 1543 2886 482.
1568 2844 1626 2883 Ita
1641 2845 1936 2897 loquiturOvid.

1062 2900 1117 2940 lb.
1141 2905 1234 2942 172.
1265 2902 1323 2941 Et
1346 2902 1578 2941 scindent
1600 2902 1748 2942 avidae
1770 2903 1936 2957 perfida

1062 2958 1195 2998 corda
1222 2958 1372 3010 canes]

1121 3028 1202 3067 qua
1233 3016 1489 3066 potissimmn
1534 3028 1762 3056 caveremus
1802 3015 1934 3057 clade.

1060 3070 1209 3121 Magna
1228 3076 1291 3109 est
1310 3072 1562 3123 interpretum
1582 3071 1632 3110 de
1651 3071 1726 3112 hoc
1746 3072 1833 3112 loco
1859 3073 1935 3112 dis-

1061 3128 1248 3184 ceptatio,
1277 3141 1392 3182 quum
1413 3140 1550 3167 omnes
1571 3128 1619 3168 ad
1639 3142 1755 3169 unum
1777 3134 1933 3187 negent,

1974 357 2037 389 555
