2155 3590
626 149 817 190 LIBER
847 151 922 190 III.

65 269 105 304 et
128 261 280 316 quidem
306 260 533 302 necessario
558 263 796 316 temperari,
831 270 870 302 et
894 276 1027 303 casum
1054 269 1302 318 praesentem
1330 262 1539 303 tolerans
1529 278 1568 303 ιιι
1596 266 1696 305 asini
1724 267 1861 306 faciem
1888 274 1952 307 ‘233

65 321 177 360 frena
194 317 394 359 rodebam.

53 371 165 437 fe
146 366 228 387 *r

983 151 1109 191 CAP.
1135 150 1305 191 XXIX.
1780 156 1860 196 211

61 458 97 486 in
114 456 208 485 asim*
222 456 330 494 speeie
348 458 391 486 M.
409 456 443 495 β.
467 454 600 493 sperno.
639 457 754 495 frena
770 456 969 487 rodebamus
993 461 1038 488 M.
1053 459 1086 497 β.
1116 457 1431 493 remordebamusp.
1446 459 1539 498 fena
1559 459 1715 488 rodebam
1736 463 1771 491 F.
1791 464 1817 491 1.
1831 463 1863 490 3.

62 505 98 532 G.
117 504 153 531 P.
171 504 210 532 R.
228 504 265 532 L.
285 499 316 531 δ.
340 505 421 530 Μ55.
445 502 574 531 Becich.
593 503 631 531 D.
660 503 692 531 in
712 503 807 531 cuius
825 504 971 539 margine
985 503 1050 532 aliz
1067 502 1281 532 rodebamus:
1302 508 1334 533 ut
1354 506 1449 533 habet
1470 506 1506 534 B.
1526 509 1555 533 et
1576 506 1648 535 edd.
1668 511 1744 535 xeit.
1766 515 1862 542 mae—

61 552 108 577 ler
123 549 206 577 lunt.
218 550 250 577 2.
275 554 359 582 quae
371 554 442 576 cum
455 548 490 576 F.
507 548 536 575 1.
550 548 581 575 3.
594 548 757 576 consentit
768 549 814 576 u
816 556 870 575 ow
873 556 915 578 er.
930 553 959 577 et
974 557 1062 584 seqq.

116 659 161 696 in
173 657 278 697 asini
287 657 450 709 faciem.
500 656 616 703 Quod
629 656 675 695 B.
696 661 735 695 et
747 657 804 696 M.
819 671 930 709 prae-

60 715 153 753 bent
175 715 218 753 in
242 715 346 752 asini
369 713 503 765 specie
527 716 566 751 et
590 715 622 752 ὃ.
649 715 690 751 ίη
714 728 825 765 spem
849 715 872 753 i.
895 728 928 753 e.

60 771 257 822 speciem,
305 769 468 820 glossae
514 772 779 810 tantummodo
827 774 928 809 sunt.

60 827 206 867 Facies
235 825 336 864 enim
366 839 435 876 pro
467 829 548 863 tota
578 825 701 864 forma
725 826 927 865 cuiuscun-

58 896 136 933 que
164 883 221 921 rei
250 882 429 932 adeoque
458 895 528 932 pro
561 895 723 933 corpore
752 883 929 922 animalis

57 939 302 989 hominisque
326 938 490 990 ponitur.
517 937 620 977 oud.
647 938 796 977 confert
815 938 928 978 Cerd.

57 995 109 1033 ad
144 995 251 1046 Virg.
285 994 426 1044 Georg.
458 993 502 1033 ll.
534 998 599 1035 85.
635 999 730 1035 358.
766 994 833 1034 IV.
861 999 928 1036 95-

59 1055 154 1092 361.
178 1049 437 1102 Propert.IV.
462 1055 500 1090 4.
529 1054 593 1091 19.
619 1050 734 1091 Ovid.
747 1050 843 1090 Met.
858 1051 926 1089 IV

58 1111 157 1148 395:
182 1108 247 1145 ubi
273 1107 413 1145 eadem
425 1108 606 1146 varietas.
625 1106 927 1159 PomponMel.

55 1163 82 1202 I.
100 1168 164 1204 17.
188 1163 235 1203 II.
251 1168 284 1204 1.
300 1167 336 1203 2.
351 1162 471 1200 Solin.
486 1177 517 1202 c.
535 1167 597 1203 10.
612 1167 678 1204 45.
705 1162 806 1202 Geli.
820 1163 925 1202 XIII.

58 1223 142 1261 29..
173 1219 237 1270 qui
267 1219 370 1258 hunc
398 1232 511 1257 usum
543 1219 791 1270 apertissime
822 1232 924 1257 com—

55 1276 204 1329 probat.
251 1274 304 1314 Et
333 1276 386 1314 ita
416 1275 506 1313 dicit
530 1275 723 1327 Apuleius
748 1274 845 1314 Met.
875 1274 922 1315 II.

54 1347 92 1386 p.
108 1332 202 1373 218.
226 1330 294 1369 IV.
319 1345 356 1382 p.
371 1331 465 1373 239.
492 1334 531 1369 ct
554 1335 648 1373 268.
674 1330 758 1370 VII.
778 1346 814 1384 p.
830 1335 923 1371 457.

56 1388 122 1427 IX.
136 1402 174 1440 p.
191 1391 284 1428 650.
309 1385 376 1425 XI.
404 1401 440 1438 p.
459 1392 552 1428 755.
577 1387 723 1440 [Burm.
739 1387 789 1426 ad
802 1386 922 1440 Prop.

54 1444 207 1486 11267.
233 1442 390 1482 Ruhnk.
416 1442 517 1483 Dict.
543 1444 593 1482 ad
623 1443 738 1482 ovid.
763 1443 921 1483 Heroid.

54 1499 145 1541 XX.
178 1504 266 1541 118.
291 1514 328 1552 p.
358 1504 449 1540 112.
474 1500 539 1539 De
563 1501 847 1539 constructione
871 1500 921 1539 cf.

54 1557 180 1596 Hand.
209 1553 457 1596 Tu1·se¹l.lss.
483 1571 520 1609 p.
535 1561 647 1604 324„
674 1558 738 1607 qni
762 1556 921 1609 Apuicii

54 1614 246 1666 ingenium
280 1613 345 1650 vix
380 1615 610 1665 percepisse
647 1613 837 1659 videatnr3
878 1615 921 1653 in

54 1671 160 1710 asini
186 1671 339 1722 faeiem
365 1672 490 1722 frena
523 1670 721 1710 rodebam
755 1670 921 1710 barbaro

51 1740 125 1766 suo
149 1739 257 1765 more
281 1725 431 1764 dixisse
454 1739 542 1766 eum
565 1726 804 1779 proferens]

105 1841 231 1892 frena
262 1839 467 1878 rodebam.
515 1837 590 1879 Hic
619 1839 730 1878 locus
760 1839 810 1878 ab
835 1839 922 1880 Intt.

52 1896 320 1935 diversissimo
351 1896 470 1935 modo
501 1900 674 1935 tentatus
704 1899 777 1934 est.
833 1897 920 1934 Ste-

52 1952 174 1991 wech.
189 1951 426 1990 emendavit:
452 1953 495 1991 in
509 1953 616 1992 asini
625 1953 779 2004 faciem
789 1954 920 2004 foena

52 2014 98 2050 ut
126 2021 207 2048 mos
235 2008 433 2048 rodebam
461 2008 525 2047 vel
555 2010 598 2047 in
626 2009 733 2047 asini
765 2009 919 2061 faciem

48 2067 178 2117 foena
203 2064 358 2104 Lucius
380 2064 594 2111 rodebam,
624 2064 677 2102 ad
701 2064 828 2103 locum
851 2063 919 2102 lv.

51 2135 89 2173 p.
104 2125 197 2162 236.
215 2120 449 2171 respiciens,
466 2134 542 2160 nec
560 2134 621 2160 me
640 2134 730 2160 cum
748 2121 920 2160 asino...

51 2177 191 2216 adhuc
203 2175 409 2215 insolitum
420 2176 504 2216 alio
510 2177 607 2229 quin
617 2177 829 2228 prandere
833 2179 864 2228 f
861 2190 920 2216 oe·

51 2247 162 2278 num,
193 2245 309 2284 quum
333 2231 479 2271 Lucius
503 2234 539 2271 in
564 2234 716 2271 asinum
738 2232 922 2271 transfor-

51 2292 196 2334 matus,
227 2288 333 2328 nulla
362 2288 413 2327 de
442 2302 485 2327 re
518 2289 643 2339 magis
679 2293 919 2339 conquestus

51 2349 181 2390 esset,
206 2358 323 2395 quam
347 2345 453 2396 quod
482 2359 557 2383 non
583 2345 728 2396 rapinis
751 2349 814 2385 sat
838 2345 917 2384 lau·

50 2403 102 2440 tis
138 2402 256 2440 instar
291 2415 430 2440 canum
461 2402 625 2441 inescari
655 2404 722 2440 aut
745 2401 916 2452 reliquiis

51 2471 256 2497 coenarum
281 2458 452 2497 distendi
475 2462 625 2510 posset.
679 2457 767 2496 Hoc
792 2461 921 2496 tamen

53 2514 204 2553 Gruter.
231 2514 350 2567 Susp.
377 2513 445 2554 Vl.
473 2519 509 2556 2.
541 2528 591 2552 ex
622 2514 696 2552 hoc
720 2515 807 2565 ipso
833 2514 920 2553 loco

52 2570 215 2617 refutat,
259 2571 365 2622 quod
406 2572 526 2610 viride
566 2574 647 2609 tum
690 2569 922 2609 fastidiverit

52 2639 209 2678 gramen
233 2627 401 2678 ideoque
424 2628 476 2666 ad
501 2629 609 2666 olera
632 2626 776 2667 abierit.
802 2625 920 2664 Deni-

53 2694 129 2733 que
163 2683 201 2721 in
238 2683 372 2722 itinere
408 2684 537 2723 adhuc
572 2683 697 2721 fuisse
733 2682 919 2729 latrones,

51 2751 125 2778 nec
147 2740 363 2790 quievisse,
387 2741 611 2791 priusquam
628 2743 750 2777 totam
767 2743 919 2778 noctem

52 2798 92 2832 et
114 2795 282 2834 medium
301 2796 565 2835 confecissent
578 2796 679 2834 diem
703 2794 770 2833 lV.
784 2809 821 2847 p.
836 2799 917 2836 235

52 2863 113 2901 sq.
126 2851 293 2902 ideoque
302 2855 350 2905 fv
353 2867 430 2892 ena
442 2852 686 2892 cmvroclebam
710 2851 919 2902 legendnm

53 2919 148 2945 esse
170 2909 350 2960 proponit
369 2907 458 2948 coll.
473 2908 609 2947 Gloss.
631 2911 797 2960 frenum
819 2910 890 2960 xe)
894 2924 920 2947 ι-

52 2959 179 3015 νὰριον
208 2963 297 3002 Isid.
323 2963 459 3016 Origg.
484 2964 575 3003 XX.
604 2968 666 3005 16.
702 2968 736 3004 1.
761 2977 800 3014 p.
827 2967 918 3005 633.

53 3017 233 3059 Lindem.
247 3019 427 3061 Elmenh.
441 3021 609 3059 coniicit:
620 3023 788 3072 foenum
799 3021 919 3060 rode-

55 3074 142 3114 bam
155 3089 299 3128 usqae,
325 3090 427 3128 quae
440 3081 568 3118 tamen
583 3080 644 3115 est
655 3075 919 3128 Lindenbrog.

991 660 1221 697 coniectura.
1235 658 1495 699 Oud.Gn1te1·i
1509 664 1737 710 argumenta
1750 674 1860 698 socn-

988 720 1065 762 tus,
1085 729 1107 752 x
1112 728 1216 754 eram
1233 715 1348 754 huius
1367 714 1442 754 loci
1455 718 1683 768 scripturam
1697 719 1860 755 restituit

984 774 1111 823 frena
1134 772 1341 811 rodebam.
1367 772 1457 812 coll.
1481 772 1640 812 Lucian.
1661 772 1797 812 Lucid.
1824 787 1861 824 p.

987 831 1080 867 584.
1112 825 1199 892 Ἐπὶ
1234 842 1358 878 τουτῳ
1393 827 1524 894 ἡμέρα
1549 844 1590 868 τε
1620 823 1691 881 ἤδη
1722 824 1766 880 ἦν
1797 845 1861 868 και

988 881 1092 934 ημεῖς
1116 878 1186 936 ὅρη
1211 883 1338 924 πολλὰ
1369 881 1652 938 ἀιεβεβήκειμεν
1681 887 1746 924 καὶ
1776 882 1862 925 στό-

986 955 1091 990 ματα
1116 940 1157 978 δὲ
1181 938 1288 991 ἡμῶν
1312 944 1438 991 δεσμῷ
1463 944 1639 1013 ἐπείγετρ,
1665 941 1715 988 ὡς
1732 939 1782 993 μὴ
1798 957 1859 981 πε-

986 992 1248 1061 ριβοσκόμενοι
1271 996 1338 1048 τὴν
1361 995 1452 1036 ὁδὸν
1476 1001 1511 1044 ἐς
1534 997 1577 1037 τὸ
1598 992 1752 1049 αόιστον
1771 996 1858 1037 ἀια-

985 1054 1161 1102 λίσκομεν
1182 1048 1282 1092 ὡστε
1302 1056 1338 1100 ἐς
1349 1051 1415 1105 τὴν
1427 1049 1513 1093 τότε
1527 1057 1589 1093 καὶ
1609 1054 1736 1106 ἔμεινα
1762 1049 1857 1101 ὄιος.

983 1106 1087 1147 Ἐπεὶ
1110 1109 1150 1147 δὲ
1179 1104 1224 1160 ἦν
1254 1106 1349 1148 αὐτὸ
1377 1107 1421 1148 τὸ
1457 1112 1573 1161 μέσον
1606 1114 1673 1176 τῆς
1706 1109 1858 1163 ἡμέρας,

984 1161 1129 1203 κατ(ιλ’
1111 1179 1224 1216 υομεν
1236 1164 1286 1211 είς
1298 1179 1382 1205 τινα
1400 1164 1557 1206 ἔπαυλιν
1576 1163 1753 1233 συνήθων
1769 1170 1857 1207 ἐκεί-

981 1235 1058 1266 νοις
1071 1217 1316 1286 ἀνθρωπων.
1356 1223 1447 1260 ,καὶ
1460 1218 1720 1274 παρέθηκαν”
1700 1239 1857 1276 αριστον

981 1278 1046 1314 καὶ
1062 1284 1140 1323 τοῖς
1157 1292 1326 1348 κτηνξσιν
1342 1275 1429 1329 ἡμῖν
1445 1281 1618 1331 παρέβα)
1621 1295 1663 1318 ον
1674 1282 1858 1332 κριθιδία.

983 1334 1068 1371 Καὶ
1092 1336 1129 1372 οἱ
1149 1333 1217 1384 μὲν
1241 1332 1417 1386 ἠρίστων,
1449 1333 1520 1386 2?de
1552 1336 1593 1374 δὲ
1616 1339 1767 1375 ἐπείνων
1791 1337 1858 1387 μὲν

983 1392 1111 1436 κακῶς
1153 1387 1240 1429 ἀλλ’
1243 1389 1397 1455 ἐπειδὴ
1439 1389 1485 1429 οὐ
1521 1388 1680 1431 πώποτε
1715 1391 1858 1444 κριθὰς

983 1443 1090 1496 ὠμὰς
1120 1461 1350 1511 ιῖριστηκειν,
1382 1444 1621 1499 ἐσκοπούμην
1651 1444 1691 1495 ὅ,
1727 1464 1762 1487 τι
1793 1451 1857 1487 καὶ

980 1516 1251 1554 καταψαγοιμι.
1309 1501 1521 1542 Praeterea
1556 1517 1619 1542 me
1656 1504 1856 1543 offendunt

981 1558 1070 1610 ipsa
1094 1559 1215 1597 verba
1234 1562 1367 1612 foena
1379 1560 1592 1607 rodebam,
1619 1574 1854 1611 quamquam

980 1613 1172 1667 pluralem
1195 1615 1444 1667 Apuleianae
1475 1616 1630 1655 dictioni
1662 1617 1856 1657 condona·

982 1672 1107 1709 verim.
1135 1671 1182 1710 cf.
1207 1672 1330 1710 Voss.
1355 1672 1476 1711 Arist.
1504 1672 1548 1711 T.
1565 1672 1591 1712 l.
1616 1687 1653 1724 p.
1669 1678 1763 1714 447.
1789 1675 1854 1712 ibi-

981 1741 1057 1778 que
1084 1727 1263 1767 Fiirtsch.
1314 1727 1415 1775 Quis
1441 1730 1540 1767 enim
1567 1743 1736 1780 unquam
1762 1729 1854 1769 dicit

969 1783 1110 1833 foena
1134 1785 1283 1824 rodere
1313 1785 1364 1823 de
1388 1798 1454 1831 eo,
1487 1787 1550 1837 qui
1582 1785 1738 1824 foenum
1763 1787 1853 1825 edit.

981 1839 1045 1879 De
1070 1845 1305 1891 aspernante
1328 1845 1477 1879 tantum
1507 1841 1581 1880 dici
1605 1846 1757 1894 potest,
1788 1844 1852 1894 qui

981 1897 1098 1934 dente
1128 1897 1289 1948 fatigato
1319 1897 1481 1943 mandit,
1513 1902 1554 1936 ut
1584 1899 1687 1950 apud
1718 1898 1852 1936 Horat.

981 1952 1106 2004 Epist.
1131 1952 1159 1991 1.
1188 1957 1250 1993 14.
1276 1958 1342 1994 40.
1366 1954 1523 2006 propria
1546 1968 1620 1993 sua
1646 1956 1681 1993 vi
1706 1956 1851 1993 dicitnr.

979 2009 1068 2047 Nec
1098 2022 1198 2060 opus
1229 2013 1292 2048 est
1327 2014 1369 2048 ut
1404 2023 1491 2048 cum
1528 2010 1649 2050 Salm.
1683 2011 1849 2061 legatur:

977 2067 1101 2118 frena
1132 2066 1378 2105 mordebant.
1427 2066 1471 2104 Si
1502 2067 1595 2118 quid
1625 2068 1851 2106 mutandum

981 2126 1060 2167 est,
1097 2121 1281 2173 equidem
1311 2122 1492 2173 praefero
1523 2124 1763 2163 mandebam
1801 2123 1851 2162 cf.

980 2177 1111 2216 Burin.
1137 2178 1189 2216 ad
1202 2178 1362 2218 Anthol.
1391 2178 1500 2217 Tom.
1516 2178 1542 2218 l.
1570 2193 1606 2230 p.
1620 2185 1716 2220 447.
1742 2179 1852 2229 Virg.

981 2233 1083 2273 Aen.
1097 2233 1166 2274 IV.
1181 2238 1246 2275 35.
1271 2234 1358 2275 Vll.
1372 2239 1465 2276 279.
1490 2234 1633 2286 Neque
1655 2236 1716 2274 hic
1726 2239 1851 2288 frena

978 2291 1171 2330 mandere
1189 2291 1274 2329 sive
1293 2292 1442 2331 rodere
1460 2292 1509 2330 de
1522 2291 1722 2331 alacritate
1746 2293 1850 2343 posi-

977 2351 1059 2386 tum
1071 2360 1166 2385 esse
1179 2347 1339 2386 dixerim
1359 2349 1473 2386 animi
1486 2352 1525 2387 et
1538 2349 1773 2387 tortitudine.
1801 2347 1848 2386 cs.

979 2402 1081 2442 Cort.
1094 2403 1146 2442 ad
1157 2403 1307 2442 Lucan.
1324 2404 1392 2442 lv.
1408 2409 1432 2445 7
1436 2408 1520 2451 52..
1545 2405 1621 2443 sed
1641 2405 1691 2443 de
1711 2407 1784 2450 ira,
1808 2409 1850 2441 nt

977 2462 1103 2511 frena
1115 2461 1308 2500 mandere
1321 2460 1422 2499 idem
1434 2463 1497 2506 sit,
1524 2461 1628 2511 quod
1639 2461 1848 2514 frendere.

980 2515 1068 2554 Hoc
1080 2516 1237 2555 adiuvat
1251 2517 1459 2568 explicatio
1473 2517 1608 2555 Isidori
1624 2517 1647 2556 Ι.
1659 2531 1690 2556 c.
1701 2520 1849 2569 frena

980 2572 1096 2612 dicta
1112 2573 1226 2625 qaod
1238 2587 1362 2626 equos
1372 2576 1580 2625 fremere
1600 2578 1768 2625 eoyant,
1789 2572 1852 2610 rel

980 2629 1096 2680 qaod
1113 2631 1213 2668 llaec
1232 2631 1325 2682 equi
1346 2631 1589 2681 frendant
1611 2631 1638 2669 i.
1659 2643 1688 2667 e.
1710 2630 1848 2680 impri-

978 2690 1092 2724 mant
1119 2685 1307 2726 dentibus
1336 2690 1375 2724 et
1398 2686 1676 2725 obmordeant.
1727 2685 1848 2723 Fren-

980 2741 1138 2780 dereet
1152 2744 1327 2794 fremere
1345 2742 1395 2779 dc
1420 2742 1524 2780 iratis
1549 2745 1588 2779 et
1612 2741 1848 2779 mussitanti*

977 2797 1051 2835 bus
1075 2799 1252 2849 usurpari
1278 2798 1519 2836 notissimum
1545 2802 1617 2836 est.
1667 2796 1714 2835 cf.
1745 2810 1849 2848 quae

977 2853 1103 2892 dicam
1127 2852 1180 2892 ad
1202 2853 1299 2893 Met.
1313 2853 1380 2892 lv.
1405 2867 1442 2904 p.
1457 2858 1552 2894 305.
1577 2852 1712 2904 ltaque
1722 2856 1848 2905 frena

978 2910 1176 2949 rodebam
1215 2909 1481 2961 metaphorice
1518 2910 1664 2948 dictum
1699 2913 1762 2948 est
1798 2909 1848 2947 (lc

978 2963 1120 3012 Lucio,
1159 2967 1223 3018 qui
1254 2979 1328 3017 spe
1352 2965 1637 3005 reformationis
1662 2978 1847 3016 praescn-

978 3021 1032 3060 tia
1062 3021 1250 3061 latronum
1275 3022 1502 3068 destitutus,
1533 3023 1628 3060 iram
1652 3026 1770 3073 atque
1794 3023 1846 3060 in-

978 3076 1242 3129 dignationem
1274 3077 1383 3116 frena
1411 3078 1604 3117 mandens
1628 3079 1845 3129 mussitat]

1421 3135 1507 3175 ’νμ-
