2155 3590
614 101 799 141 LIBER
825 100 896 139 lx.
959 100 1083 139 CAP.
1123 99 1333 139 XXXIV.
1786 98 1866 140 843

80 216 195 256 etiam
221 221 415 258 mortuum
440 220 660 267 serpentem
686 214 906 254 forinsecus
932 212 1127 253 mordicus
1153 210 1411 261 attrahentes,
1446 219 1484 251 et
1508 212 1553 251 de
1580 223 1647 250 ore
1666 209 1867 263 pastoricii

80 271 188 312 oanis
218 270 353 311 virens
375 268 381 324 Ι
402 268 552 309 exsiliit
580 269 741 320 ramula,
774 268 976 323 ipsumque
1007 281 1142 314 canem
1173 267 1238 320 qui
1269 267 1472 320 proximus
1499 265 1739 307 consistebat
1763 265 1866 306 aries
1891 273 1956 306 ὃίιδἲ

79 327 287 380 appetitum
319 326 435 366 unico
467 339 600 364 morsu
631 324 909 378 strangulavit.
961 323 1070 364 Haec
1103 330 1160 363 tot
1190 336 1234 362 ac
1259 322 1352 362 talia
1376 322 1528 376 ingenti
1553 335 1698 376 pavore
1723 322 1868 361 domini

78 383 181 423 illius
212 389 252 422 et
281 381 452 422 familiae
484 381 603 421 totius
628 381 676 421 ad
701 388 922 421 extremum
954 387 1151 434 stuporem
1184 378 1409 418 deiecerant
1433 378 1605 418 animos:
1639 378 1728 431 quid
1760 377 1868 432 prius

76 544 260 579 significare
279 542 384 577 votius
407 545 536 579 volem,
562 543 664 570 etiam
684 545 770 577 loen,
796 544 851 571 ubi
869 542 966 571 lectio
984 543 1071 575 vulg.
1091 543 1204 575 nabet.
1230 548 1292 568 non
1312 543 1433 568 extare.
1482 538 1557 566 visa
1575 542 1625 566 esc
1645 538 1778 566 interea
1797 547 1868 567 mu-

76 585 531 622 stela...atcral1e1esp.Edd.
541 591 616 616 vett.
632 595 732 621 usque
746 588 886 616 atholv.
899 589 936 615 In
950 589 1022 614 celi.
1033 585 1126 612 visae
1139 585 1241 612 etiam
1255 584 1387 611 interea
1401 581 1573 611 mustelae.
1604 581 1869 623 Mustellejiahet

78 637 115 662 G.
131 635 177 669 1.;
202 632 276 661 visa
294 633 428 660 interea
446 631 591 660 mustela
610 630 793 659 attrahens
807 633 844 661 B.
886 629 1059 668 pasture‘cz‘
1071 631 1105 658 G.
1120 631 1151 658 2.
1164 632 1203 658 D.
1251 627 1367 656 e.z·z'li2‘t
1384 629 1420 657 F.
1434 629 1465 656 3.
1481 630 1516 656 G.
1532 629 1560 656 1.
1576 629 1607 656 2.
1620 629 1658 657 D.
1672 630 1708 657 L.
1724 636 1754 662 p.
1790 629 1868 656 exi-

77 677 158 707 lz'ret
170 680 206 707 0.
235 680 274 706 In
294 680 368 706 cett.
387 676 520 706 eviluit.
569 676 762 705 rauasnzcla
773 678 811 705 D.
859 684 922 714 que
943 679 1011 710 post
1031 674 1138 711 ipsum
1157 682 1220 703 non
1240 676 1357 702 nabent
1371 675 1453 702 lunt.
1471 674 1499 701 1.
1512 673 1587 702 Aia.

78 725 114 752 G.
131 725 159 751 1.
172 725 204 751 2.
217 724 256 752 D.
271 723 292 751 f.
308 723 343 751 P.
370 721 486 757 (etiam
499 723 533 751 in
545 722 711 756 excerptis
724 723 765 751 ad
778 729 879 757 marg.
893 722 941 750 ed.
957 720 1068 754 cmv.)
1118 719 1184 746 toea:
1195 721 1230 747 G.
1245 721 1274 748 2.
1289 720 1326 748 P.
1340 720 1378 748 D.

76 769 147 797 edd.
173 771 249 797 ante
273 769 363 797 Colv.

425 766 490 795 toti
512 775 555 794 ac
581 766 669 794 talia
693 769 729 795 G.
754 769 786 796 2.
811 768 847 795 P.
872 767 910 794 D.
959 764 1050 793 illius
1074 773 1130 799 pro
1157 764 1261 792 totius
1286 772 1316 799 p.

1638 672 1871 710 transgulat-it

1428 720 1479 746 tot
1491 720 1528 745 et
1541 716 1629 745 talia
1643 719 1678 746 G.
1694 719 1723 746 1.
1744 719 1778 746 Ο.
1801 726 1831 752 p.
1846 718 1868 747 f.

1375 770 1536 800 pavorem
1561 770 1616 797 pro
1640 765 1812 799 stuporem
1830 764 1869 791 R.

76 811 271 840 deiecerant
286 814 323 842 F.
344 814 374 841 3.
393 814 430 841 G.
456 814 484 841 vl.
504 814 534 841 2.
553 814 592 842 D.
613 813 647 841 P.
667 813 701 840 0.
722 808 750 841 δ.
770 820 799 847 p.
818 812 900 841 Edd.
921 814 995 838 vvll.
1018 818 1120 844 usque
1137 811 1177 838 ad
1199 810 1288 838 Colv.
1325 806 1494 837 deiectam
1508 809 1545 836 R.
1561 807 1581 836 f.
1605 809 1721 837 Incert.
1746 809 1782 836 In
1797 810 1870 836 cett.

75 856 249 886 dez'ecerun
255 860 275 886 t.

75 1000 194 1053 Apol.
219 1014 257 1053 p.
283 1005 378 1042 407.
407 1003 516 1054 iqui
547 1002 750 1047 deussit,
782 1014 818 1052 p.
851 1004 944 1040 503.

76 1058 243 1096 inimico
281 1058 390 1110 iyni
428 1057 703 1110 colliquescit,
735 1057 784 1094 de
809 1056 944 1095 Mund.

77 1128 114 1166 p.
130 1117 222 1153 326.
244 1114 356 1166 i971i3
381 1114 527 1152 variant
550 1113 647 1151 inter
670 1114 768 1166 ique
792 1116 832 1150 et
855 1113 945 1164 iqui

78 1169 190 1208 codd.
216 1169 267 1207 de
296 1169 439 1220 Dogm.
464 1168 491 1207 l.
522 1182 560 1219 p.
588 1171 699 1214 196„
730 1169 794 1207 ubi
826 1168 943 1219 paulo

75 1229 169 1278 post
191 1226 283 1278 iyni
307 1225 430 1271 extat,
456 1238 493 1276 p.
508 1229 601 1265 215.
626 1228 666 1263 et
690 1225 740 1263 de
763 1224 851 1262 Deo
873 1224 943 1262 So-

76 1285 168 1321 crat.
189 1294 227 1332 p.
250 1284 339 1321 138.
360 1282 402 1319 in
422 1281 531 1333 iyni
547 1282 701 1320 versari
720 1285 758 1319 et
775 1281 817 1319 in
835 1280 945 1332 iqui

74 1337 297 1391 flammida.
331 1336 432 1375 Hinc
451 1340 562 1387 puto,
587 1349 637 1374 ex
657 1336 767 1374 codd.
783 1336 945 1374 auctori-

75 1396 156 1432 tate
179 1406 291 1431 suam
322 1392 462 1444 cuique
493 1392 579 1430 loco
611 1392 817 1431 lectionem
850 1404 944 1430 esse

75 1448 386 1493 adiudicandam.
425 1461 541 1499 quum
577 1447 679 1487 Oud.
716 1448 847 1501 potius
872 1461 942 1499 pro

76 1505 230 1544 arbitrio
243 1505 339 1543 inter
351 1510 553 1556 utramque
568 1505 742 1554 elegisse
755 1504 943 1549 videatur,

75 1561 201 1611 magis
223 1565 353 1599 tamen
379 1560 428 1600 ad
456 1560 615 1599 sormam
634 1563 724 1613 tyni
743 1561 944 1604 inclinans

77 1630 193 1668 quam
208 1620 391 1667 quantum
407 1617 616 1655 observare
631 1618 757 1668 potui.
778 1617 944 1660 retinuit,

75 1674 140 1711 ubi
154 1686 252 1712 unus
266 1673 414 1711 alterve
428 1673 554 1712 codex
566 1687 639 1711 non
655 1673 942 1712 habitaratione

76 1731 314 1768 auctoritatis
340 1742 425 1770 eam
451 1730 696 1768 ostendebat.
745 1729 830 1780 Ego
856 1742 942 1768 con-

76 1798 238 1824 sensum
262 1785 364 1824 Mss.
389 1787 522 1837 utique
551 1790 711 1824 secutus
737 1799 822 1824 sum
848 1786 944 1836 opti-

75 1855 233 1882 morum.
261 1841 418 1888 Subito,
439 1842 543 1893 quod
557 1842 728 1880 nonnulli
743 1841 854 1880 codd.
868 1841 905 1879 h.
922 1841 944 1880 Ι.

77 1897 229 1949 legunt,
270 1897 453 1936 Brantius
488 1898 643 1936 mirifice
678 1912 701 1937 a
736 1898 945 1938 subeundo

76 1954 289 2006 petendum
303 1967 396 1992 esse
408 1955 602 2006 proponit.
641 1954 819 1995 Subdita
833 1954 945 1995 unice

77 2010 312 2049 servandum
337 2010 436 2062 est.]

134 2066 334 2107 mustelae.
391 2066 623 2118 [Illustelae,
648 2071 690 2105 ut
715 2067 817 2105 seles
841 2065 946 2117 apud

76 2122 279 2162 Romanos
305 2126 344 2160 et
363 2122 538 2161 Graecos
563 2123 659 2161 inter
683 2123 810 2166 omina
834 2135 944 2175 prae-

75 2179 317 2217 tereuntibus
333 2182 459 2227 erant3
473 2178 616 2218 cf.lntt.
627 2178 811 2218 adPlaut.
823 2178 944 2217 Stich.

77 2234 140 2274 Ill.
167 2239 205 2276 2.
231 2239 266 2275 7.
292 2238 357 2275 43.
388 2233 508 2274 Plura
533 2235 715 2287 exempla
739 2236 845 2275 dabit
867 2234 945 2272 Bn-

77 2291 179 2342 leng.
205 2291 255 2330 de
267 2290 506 2343 Prodig.lV.
523 2295 587 2332 38.
612 2291 648 2329 in
665 2291 807 2332 Graev.
822 2290 943 2329 Thes.

76 2348 213 2400 Antiq.
239 2347 286 2387 T.
307 2347 356 2386 V.
382 2361 421 2399 p.
445 2351 526 2389 498
551 2361 612 2399 sq.
644 2346 843 2387 Pluralem
868 2362 947 2387 uzu-

75 2404 199 2445 stelae
239 2408 489 2456 corruperunt
527 2404 765 2443 recentiores
795 2404 948 2449 librarii,

61 2481 65 2485 <
79 2460 184 2513 quod
196 2463 395 2512 putarunt,
420 2473 535 2499 unam
548 2459 756 2499 mustelam
768 2459 947 2500 sufficere

78 2517 254 2569 serpenti
278 2517 479 2556 trahendo.
523 2517 606 2555 Sed
630 2516 847 2569 prodigium
872 2516 949 2554 hoc

78 2573 229 2612 videtur
253 2574 501 2617 significasse
526 2574 611 2612 eius
628 2573 697 2610 viri
716 2573 884 2613 morituri
908 2577 949 2612 et

78 2643 149 2681 per
171 2630 306 2682 plures
332 2629 549 2682 efferendi]

130 2687 354 2738 pastoricii
378 2687 501 2725 cauis.
551 2685 615 2737 [cf.
632 2684 802 2725 Pausan.
817 2684 866 2724 X.
880 2688 945 2726 38.

80 2741 113 2791 ξ.
129 2747 164 2783 1.
179 2739 358 2794 Ὀρεσθεῖ
371 2742 426 2791 τῷ
437 2740 698 2789 Δευκαλίωνος
709 2738 946 2806 βασιλξύοντι

81 2795 118 2836 ἐν
146 2797 192 2848 τῇ
219 2796 326 2851 χώρᾳ
361 2796 460 2837 κύων
492 2796 612 2837 ἔτεκεν
641 2796 722 2837 ἀντι
757 2795 947 2845 σκύλακος

79 2850 201 2900 ξύλον.
230 2853 333 2894 Plin.
356 2853 457 2893 Hist.
482 2853 571 2893 Nat.
586 2853 690 2892 Vlll.
716 2857 781 2894 41.
808 2868 947 2894 canem

83 2910 260 2950 locutum
282 2912 326 2949 in
346 2911 502 2963 procli
507 2912 562 2963 qi
569 2913 583 2949 i
590 2925 608 2950 s
631 2911 874 2963 accepimus.
898 2909 950 2951 cf.

82 2965 293 3016 Bulenger.
319 2966 356 3005 d.
383 2966 406 3005 Ι.
432 2981 469 3019 p.
495 2966 608 3020 498]

140 3023 304 3062 exsiliit.
336 3021 459 3075 [Sci0‚
475 3037 590 3075 quam
604 3023 759 3063 difficile
773 3022 822 3062 de
835 3022 949 3062 huius

83 3079 189 3117 verbi
216 3078 338 3118 forma
356 3079 517 3131 perfecti
539 3081 590 3120 sit
609 3079 808 3126 iudicium,
833 3091 950 3131 quum

1003 1000 1115 1038 codd.
1130 1000 1273 1050 ubique
1286 999 1446 1037 varient.
1494 997 1684 1036 Diversas
1699 997 1784 1034 eius
1797 999 1870 1034 ter-

1002 1056 1233 1094 minationes
1271 1055 1479 1105 antiquitus
1517 1053 1696 1091 extitisse
1732 1053 1872 1103 probat

1003 1111 1125 1151 Prisc.
1140 1110 1192 1150 X.
1207 1114 1244 1152 9.
1257 1124 1295 1163 p.
1311 1115 1402 1151 509.
1428 1110 1582 1149 Krehl.:
1611 1109 1729 1148 Salio
1754 1108 1872 1148 salivi

1004 1168 1066 1206 rel
1100 1168 1195 1206 salii
1231 1172 1269 1206 et
1302 1167 1418 1207 salui,
1458 1167 1582 1213 'Idem
1603 1165 1872 1217 praeteritum

1002 1225 1045 1262 iu
1057 1223 1236 1263 secundo
1254 1223 1502 1275 Georyicou.
1520 1221 1648 1274 [384]
1673 1220 1872 1260 lnollibus

1002 1282 1045 1318 in
1078 1281 1214 1330 pratis
1248 1284 1392 1318 unctos
1427 1279 1608 1318 saliere
1641 1291 1720 1329 per
1743 1277 1871 1329 {utris

1005 1334 1070 1386 [cf.
1096 1335 1278 1373 Arusian.
1304 1334 1480 1373 Messns.
1536 1333 1731 1384 Exempla
1756 1333 1870 1371 locut.

1004 1405 1040 1442 p.
1063 1395 1155 1431 262.
1180 1390 1376 1442 Lindem]
1404 1391 1452 1429 1η
1478 1389 1717 1442 quibusdam
1742 1394 1872 1427 tamen

1002 1448 1202 1487 invenitur
1215 1447 1428 1486 codicibus
1442 1449 1559 1491 etiam
1575 1460 1623 1485 sa
1634 1444 1764 1484 luere
1777 1444 1873 1483 scri-

998 1508 1118 1556 ptum
1131 1533 1140 1542 .
1149 1533 1157 1541 .
1166 1532 1175 1541 .
1186 1533 1195 1541 .
1223 1503 1325 1542 Stat.
1341 1504 1527 1542 tamenin
1542 1502 1610 1541 IX
1620 1501 1872 1542 Thebaidos.-

1005 1560 1183 1599 Eoeeussi
1226 1559 1475 1598 salierunt
1514 1558 1686 1609 cuspide
1721 1558 1873 1595 dentes.

1005 1616 1053 1655 In
1080 1616 1243 1655 eodem.-
1270 1615 1500 1654 lnsiliere
1523 1615 1638 1654 vadis
1663 1617 1705 1652 et
1725 1627 1762 1665 p.
1778 1616 1872 1654 513.

1003 1672 1146 1712 Salio
1167 1685 1327 1724 quoque
1345 1671 1489 1710 salivi
1510 1670 1571 1710 vel
1586 1671 1704 1710 salii
1727 1669 1873 1709 saltum

999 1729 1116 1779 s'acit.
1142 1728 1322 1766 Diomed.
1336 1726 1365 1766 Ι.
1379 1741 1416 1779 p.
1432 1731 1524 1767 371.
1539 1726 1588 1765 cf.
1602 1726 1686 1766 Intt.
1699 1725 1872 1776 adVirg.

1003 1787 1026 1824 Ι.
1043 1799 1073 1823 e.
1084 1784 1276 1822 Heins.a‹l
1292 1782 1407 1822 Ovid.
1423 1780 1518 1822 Met.
1535 1781 1602 1821 IX.
1618 1787 1710 1823 314.
1726 1786 1767 1820 et
1778 1795 1874 1833 prae

1004 1841 1145 1879 ceteris
1170 1840 1237 1878 Dr.
1251 1840 1300 1878 ad
1315 1839 1384 1878 Sil.
1404 1839 1488 1878 Vll.
1509 1843 1594 1884 46„
1621 1839 1684 1890 qui
1709 1841 1874 1888 uterque

1003 1897 1054 1935 de
1077 1895 1252 1948 perfeeto
1279 1896 1417 1935 exsilii
1438 1899 1478 1933 et
1497 1896 1648 1935 exsilui
1666 1894 1873 1933 accuratis-

1003 1954 1103 1991 sime
1123 1957 1267 2003 agunt.
1317 1951 1413 1989 Cum
1449 1952 1564 2003 igitur
1593 1950 1740 1993 nullum
1765 1954 1875 1988 extet

1004 2022 1132 2060 neque
1163 2009 1302 2047 aetatis
1333 2021 1406 2047 nec
1434 2021 1531 2047 usus
1561 2007 1786 2054 discrimen,
1823 2020 1874 2045 ex

1004 2066 1116 2104 codd.
1154 2065 1384 2104 auctoritate
1419 2065 1564 2116 ubique
1593 2063 1775 2109 standum
1800 2067 1873 2102 est.

1004 2122 1160 2161 Exsilii
1183 2121 1307 2160 sorma
1331 2121 1435 2172 quod
1459 2121 1579 2159 rarior
1603 2123 1682 2167 est,
1707 2119 1799 2163 mihi
1825 2133 1873 2158 eo

1002 2179 1130 2230 magis
1150 2177 1315 2229 genuina
1327 2177 1478 2216 videtur
1496 2177 1534 2216 h.
1550 2177 1575 2218 l.
1588 2190 1700 2222 esse,
1727 2176 1875 2218 exsilui

1004 2234 1241 2274 librariorum
1268 2233 1524 2286 emendatio]

1061 2347 1348 2400 stranyulavit.
1387 2345 1527 2398 [Codd.
1548 2346 1716 2387 nonnulli
1729 2346 1875 2385 habent.

1006 2404 1297 2457 transyulctvit,
1335 2403 1436 2455 quod
1474 2403 1646 2442 nonnulli
1672 2402 1758 2442 lntt.
1789 2416 1873 2453 pro-

1004 2461 1128 2499 basse
1143 2460 1334 2506 videntur,
1359 2460 1445 2499 sine
1459 2460 1576 2503 dubio
1594 2463 1797 2512 putantes,
1822 2459 1874 2497 ita

1005 2516 1222 2568 prodigium
1245 2516 1396 2566 augeri,
1421 2517 1455 2554 si
1475 2516 1578 2555 aries
1598 2528 1735 2555 canem
1753 2519 1873 2553 trans-

1004 2577 1196 2617 vorasset.
1226 2572 1309 2611 Sed
1323 2572 1485 2623 primum
1499 2572 1731 2611 vocabulum
1744 2571 1873 2622 ipsum

1005 2630 1154 2674 obstat,
1180 2628 1285 2679 quod
1303 2629 1519 2679 antiquitati
1539 2642 1614 2667 non
1634 2629 1671 2666 in
1690 2641 1764 2667 usu
1778 2631 1872 2672 erat,

1004 2685 1145 2724 deinde
1169 2684 1409 2736 significatio.
1467 2684 1663 2736 Apuleius
1694 2685 1793 2725 enim
1825 2697 1873 2721 eo

1003 2741 1180 2794 prodigio
1211 2745 1384 2780 naturam
1414 2754 1539 2780 rerum
1563 2739 1679 2793 plane
1705 2753 1872 2782 commu-

1002 2801 1122 2837 tatam
1148 2810 1240 2836 esse
1266 2797 1347 2835 vult
1370 2798 1605 2848 exprimere,
1631 2797 1683 2835 ita
1700 2801 1742 2835 ut
1759 2796 1874 2841 aries,

1004 2854 1068 2905 qui
1093 2867 1118 2891 a
1143 2867 1238 2892 cane
1262 2853 1563 2904 strangulandus
1588 2857 1717 2899 esset,
1743 2856 1877 2891 contra

1006 2923 1132 2949 rerum
1156 2913 1330 2948 naturam
1355 2922 1489 2948 canem
1509 2908 1730 2948 suffocaret.
1758 2907 1876 2947 Canis

1008 2979 1099 3005 vero
1113 2967 1272 3004 arietem
1287 2979 1361 3003 non
1374 2965 1547 3010 devorat,
1573 2965 1646 3003 sed
1659 2964 1877 3016 strangulat

1007 3026 1153 3062 tantum
1178 3035 1328 3066 morsu,
1359 3021 1462 3060 unde
1492 3021 1766 3074 strangulavit
1794 3025 1874 3061 tan-

1008 3078 1205 3118 tummodo
1231 3077 1469 3117 retinendum
1496 3077 1593 3130 est.]
