2155 3590
589 140 778 180 LIBER
807 140 880 180 Vl.
934 139 1059 180 CAP.
1089 136 1303 178 XXVIII.
1781 135 1864 177 499

69 251 172 303 Vos,
199 252 346 306 inquit,
374 251 532 306 Superi,
559 253 715 293 tandem
733 253 831 293 meis
845 253 1038 308 supremis
1053 251 1235 306 periculis
1255 263 1365 303 opem
1381 247 1514 298 facite,
1544 255 1582 288 et.
1599 254 1654 297 lu,
1682 245 1862 287 Fortuna

67 310 220 360 durior,
246 309 322 348 iam
349 309 504 349 saevire
530 309 686 349 desiste.
735 308 808 350 Sat
833 310 900 349 tibi
924 309 1080 349 miseris
1104 308 1192 348 istis
1217 304 1454 347 cruciatibus
1480 306 1575 343 meis
1602 304 1754 343 litatum
1782 310 1858 342 est.

65 365 202 419 Tuque
239 365 475 419 praesidium
512 379 622 406 meae
657 365 852 406 libertatis
883 379 1071 419 meaeque
1102 364 1262 413 salutis,
1298 361 1331 402 si
1357 375 1418 401 me
1444 361 1598 399 domum
1624 359 1861 414 pervexeris

64 421 294 462 incolumem
325 421 630 476 parentibusque
661 429 700 461 et
729 423 903 462 formoso
934 436 1053 476 proco
1084 419 1323 469 reddideris,
1357 430 1453 471 quas
1486 416 1557 456 tibi
1591 415 1740 469 gratias
1773 428 1862 469 per-

64 477 221 528 hibebo,
251 492 347 531 quos
373 478 543 518 honores
567 478 740 529 habebo,
769 492 865 531 quos
893 478 1000 518 cibos
1026 476 1246 518 exhibebo?
1291 473 1375 515 Iam
1401 473 1568 528 primum
1593 472 1723 512 iubam
1744 471 1862 511 istam

61 540 165 573 tuam
201 534 322 588 probe
358 534 592 589 pectinatam
625 535 722 574 meis
752 534 1014 588 virginalibus
1057 533 1237 573 manibus
1279 529 1506 580 adornabo,
1552 529 1722 568 frontem
1765 541 1862 568 vero

59 660 196 698 superbi
218 660 352 690 tandem
365 663 481 692 Venet.
495 664 525 692 4.
573 662 700 700 ιιῷηιτέ
714 664 750 692 P.
798 662 947 700 supjmm's
967 664 1005 692 D.
1054 660 1268 699 supermissa&
1282 662 1317 689 G.
1357 659 1458 700 ferte
1470 665 1640 693 perperam
1651 657 1748 686 Vulc.
1761 656 1861 685 Ed.2.

58 706 237 745 profaciee
250 708 399 745 intrusit,
425 716 517 742 quem
531 711 708 738 nonnullae
719 709 799 737 Edu.
815 708 1011 743 posteriores
1024 711 1158 737 secutae
1171 710 1257 736 sunt.
1308 707 1343 733 tu
1358 707 1451 734 abest
1463 711 1484 732 a
1497 700 1527 732 δ.
1573 704 1637 731 Pro
1651 700 1771 729 durior
1784 708 1863 730 con-

55 751 129 780 iecit
143 753 255 781 Heins.
292 751 380 780 dura
395 761 470 788 orn,
498 760 563 788 qua
576 755 614 782 de
628 761 750 782 caussa
768 754 890 782 nescio.
939 751 1064 780 desiste
1076 754 1111 781 F.
1126 754 1157 780 3.
1171 753 1207 780 Ρ.
1221 755 1251 780 et
1266 751 1301 779 F.
1318 752 1346 779 1.
1361 748 1464 784 (teste
1476 750 1576 786 Elm.‚
1598 748 1657 777 sed
1670 747 1704 775 in
1717 746 1863 776 Linden-

54 797 159 832 hrogii
173 798 349 827 collatione
361 799 445 826 nihil
458 800 658 827 emendatum
674 802 721 827 est
732 820 740 835 ,
765 799 811 827 ila
826 802 859 827 ut
873 800 1001 834 legatur
1013 796 1152 832 desine.)
1169 798 1205 825 G.
1217 797 1257 824 D.
1272 797 1307 824 Ο.
1332 796 1448 824 Incert.
1462 795 1546 823 Elm.
1560 793 1666 821 Scriv.
1680 791 1801 820 Florid.
1825 793 1864 819 In

53 842 171 870 ceteris
185 843 305 878 legitur
317 842 439 871 desine.
488 843 564 871 silis
580 843 790 871 cruciatibus
803 845 917 872 Vener.
933 845 963 870 4.
990 843 1079 871 sutis
1093 839 1303 870 cruciatibus
1323 848 1380 875 pro
1399 839 1477 867 istis
1497 839 1574 867 Bas.
1590 839 1620 866 1.
1668 837 1788 874 itaque
1806 843 1863 871 pro

54 888 156 923 tuque
167 895 205 916 π.
230 896 369 925 cumque
383 890 418 917 G.
431 889 470 917 D.
496 891 600 926 utque
611 890 689 918 Bas.
708 890 736 917 1.
765 888 979 925 perverteris
992 890 1107 917 Venet.
1121 890 1152 916 2.
1164 889 1249 915 lunt.
1266 888 1295 914 1.
1326 883 1528 922 parentibus
1541 891 1607 912 non
1620 883 1731 911 addita
1744 883 1864 916 copula

52 932 88 960 P.
133 932 402 970 parentibusque
414 934 496 961 meis
511 942 551 962 ex
563 936 762 969 glossemate
776 932 805 963 δ’.
836 932 1021 970 prohibebo
1049 932 1132 967 (non
1141 929 1346 969 praehibebo
1361 934 1393 958 ut
1409 931 1487 959 Oud.
1502 931 1659 963 excerpta
1671 923 1808 966 liabent)
1824 927 1861 955 G.

46 975 206 1012 perhibeo
220 979 347 1007 Vicent.
385 978 522 1006 exibebo
538 986 592 1013 pro
600 977 780 1015 perhibebo
794 980 834 1007 1).
879 978 1092 1015 pectinatam
1113 979 1148 1005 G.
1169 976 1208 1005 D.
1239 975 1448 1012 pec-tinctam
1468 976 1545 1003 BaS.
1569 975 1598 1002 1.
1629 971 1860 1009 pectinabam,

51 1022 334 1051 vicent.ve11et.2.
362 1023 463 1050 iseum
477 1032 584 1050 meam
602 1027 694 1051 tuum
709 1026 744 1052 G.
755 1025 812 1052 sed
826 1024 919 1058 prius
932 1025 1130 1052 vocabulum
1144 1029 1250 1048 meam
1264 1020 1364 1049 minio
1378 1024 1425 1049 est
1441 1021 1591 1048 deletum.
1617 1016 1813 1055 m'rgi'nahus
1821 1017 1859 1045 D.

50 1066 204 1095 manibus
218 1065 391 1095 adornabo
400 1069 435 1096 F.
445 1070 475 1097 3.
490 1068 655 1106 φ.β.Ε1πι.
665 1068 777 1097 VVow.
791 1069 921 1103 Sciopp.
946 1067 1124 1095 monilibus
1139 1066 1286 1101 equidem
1301 1066 1411 1094 inveni
1428 1065 1461 1093 in
1479 1065 1515 1093 F.
1526 1065 1539 1091 1
1549 1085 1555 1092 .
1567 1065 1603 1091 G.
1617 1064 1655 1091 D.
1670 1064 1706 1092 B.
1719 1063 1815 1091 Vulc.
1829 1062 1860 1090 2.

50 1112 139 1140 Colv.
161 1113 243 1147 Quid
257 1114 357 1141 ceteri
370 1114 460 1142 codd.
477 1116 666 1151 praebeant,
689 1114 879 1143 accuratius
898 1114 1046 1141 indicare
1064 1120 1205 1149 nequeo,
1231 1111 1385 1145 quoniam
1404 1111 1483 1139 Oud.
1498 1110 1536 1138 de
1548 1109 1593 1137 iis
1607 1108 1714 1137 sileat.
1737 1109 1776 1136 In
1790 1107 1860 1136 edd.

46 1160 122 1186 vett.
136 1157 286 1187 omnibus
298 1157 475 1186 monilibus
487 1161 588 1188 extat.

103 1267 337 1320 coelumque
349 1268 528 1307 sollicito
542 1273 641 1308 nuta
652 1274 808 1321 petens.
830 1266 920 1306 Per-

45 1335 178 1374 peram
203 1323 304 1362 hunc
337 1324 461 1362 locum
491 1329 686 1363 mutarunt
711 1325 777 1362 viri
803 1325 918 1369 (loeti,

44 1380 134 1429 quia
157 1384 296 1419 nutum
319 1379 564 1419 crediderunt
587 1394 746 1432 semper
771 1380 842 1418 dici
868 1381 919 1418 de

42 1439 159 1485 gestu
183 1449 304 1486 prono
330 1440 370 1474 et
393 1436 588 1482 demisso,
613 1437 687 1476 sed
718 1440 757 1475 et
782 1436 918 1475 dicitur

42 1491 92 1529 de
110 1491 286 1542 obliquo,
313 1491 467 1543 qualem
490 1493 552 1531 hie
567 1494 745 1544 exprimit
758 1494 914 1544 egregie

41 1547 260 1586 inclinatum
285 1549 476 1601 supplicis
503 1553 543 1588 et
561 1550 774 1600 pendulum
801 1550 913 1600 quasi

41 1617 64 1642 a
89 1605 238 1642 cervice
263 1610 390 1656 caput.
416 1605 465 1644 cs.
492 1606 595 1645 Oud.
621 1606 672 1644 ad
686 1606 812 1657 Vesp.
827 1620 858 1644 c.
874 1609 911 1646 8.

38 1659 195 1700 Lucret.
230 1660 274 1699 II.
313 1665 405 1703 632.
458 1661 589 1714 [Hunc
624 1666 748 1701 totum
786 1662 913 1700 locum

36 1715 174 1755 Heins.
206 1717 256 1755 ad
287 1717 403 1756 Ovtd.
431 1718 528 1757 Met.
553 1718 582 1757 Ι.
607 1723 673 1760 85.
704 1720 756 1757 ita
781 1732 913 1756 emen-

36 1772 159 1811 davit:
196 1778 291 1813 tzmc
318 1775 394 1814 illa
425 1776 638 1827 suspirans
669 1776 792 1814 altius
824 1788 911 1814 coe-

36 1828 199 1882 lumque
221 1831 400 1870 sollicite
426 1831 568 1883 tuens]

93 1899 211 1937 opem
230 1888 375 1938 facite.
428 1888 577 1926 secure
597 1889 832 1926 retinuerunt
846 1900 911 1937 po·

34 1943 220 1980 steriores
233 1943 405 1981 editores
420 1941 641 1990 lectionem,
668 1957 768 1995 quae
782 1958 805 1982 a
818 1943 912 1981 Vul-

36 1998 145 2037 canto
176 1997 248 2036 Ed.
281 2003 318 2039 2.
345 1999 496 2038 intrusa
527 2004 761 2051 estwopem
789 2003 911 2051 ferte,

36 2067 248 2105 quamque,
274 2055 306 2092 si
334 2055 399 2093 vel
426 2057 597 2094 maxime
622 2069 722 2094 unus
749 2060 787 2093 et
812 2055 910 2093 alter

35 2109 112 2148 Ms.
137 2111 317 2157 haberet,
350 2115 535 2150 constare
561 2116 690 2150 tamen
721 2115 864 2163 posset
888 2124 911 2148 e

33 2165 171 2216 glossa
195 2167 417 2218 irrepsisse.
462 2167 524 2206 Ex
551 2168 704 2207 Graeco
731 2167 830 2206 haec
856 2167 909 2204 lo-

32 2223 134 2260 cutio
171 2225 293 2275 petita
322 2227 360 2262 et
396 2222 694 2275 elegantissima
730 2228 810 2269 est,
846 2224 911 2262 ubi

31 2280 179 2330 passim
213 2280 348 2318 dicitur
377 2283 523 2332 facere
549 2281 746 2319 medelam
771 2284 809 2318 et
834 2294 912 2319 me-

34 2335 213 2374 dicinam
227 2337 367 2375 alicui.
394 2336 443 2373 cf.
455 2336 618 2376 Prasch.
634 2337 682 2374 ad
697 2336 865 2375 phaedr.
881 2335 909 2374 Ι.

32 2394 70 2431 8.
98 2394 133 2432 9.
159 2392 447 2433 Periculosam.
470 2394 598 2444 fecit
621 2393 911 2432 medicinam

25 2447 167 2502 Lupo.
199 2448 277 2486 Cic.
310 2449 361 2487 ad
388 2448 547 2488 Divers.
579 2448 688 2487 le.
717 2453 752 2488 7.
779 2447 909 2487 Plaut.

27 2501 177 2542 Pseud.
203 2503 270 2542 lv,
300 2510 333 2545 1.
366 2509 457 2546 129.
484 2507 603 2544 Caes.
629 2504 678 2542 de
703 2505 750 2543 B.
778 2503 819 2542 C.
845 2503 908 2543 ΙΙΙ.

28 2563 115 2606 36.,
150 2561 215 2599 ubi
247 2561 332 2600 cod.
369 2561 491 2600 Voss
530 2575 600 2612 pro
635 2565 755 2613 ferre
790 2560 910 2599 habet

31 2617 233 2656 auxilium
254 2621 412 2670 faeere.
442 2618 560 2670 Apul.
574 2617 672 2656 Met.
688 2617 736 2655 V.
764 2630 798 2667 p.
815 2621 906 2657 358.

30 2673 102 2711 sed
120 2675 399 2724 cumprimum
418 2676 535 2714 illius
554 2679 680 2713 morte
703 2673 780 2713 sal
785 2678 910 2712 utem

31 2727 105 2766 tibi
126 2731 287 2780 feceris.
338 2730 389 2769 cs.
421 2731 474 2769 ad
504 2730 600 2768 Met.
629 2729 711 2768 Vll.
749 2744 786 2781 p.
813 2733 908 2770 446.

30 2782 188 2834 [lisdem
215 2785 295 2823 fere
321 2787 454 2825 verbis
482 2787 585 2825 Oud.
611 2786 785 2824 defendit
808 2785 911 2824 haue

31 2838 232 2879 lectionem
257 2843 292 2880 in
319 2843 437 2881 Misc.
465 2842 568 2882 Obs.
595 2841 640 2881 T.
666 2842 712 2880 11.
739 2841 910 2881 votlll.

29 2899 154 2946 p.453
163 2909 224 2947 sq.
247 2897 295 2936 cs.
307 2898 401 2937 Tac.
416 2899 522 2938 Hist.
538 2899 580 2938 ll.
597 2903 663 2940 70.
680 2899 909 2937 Peruz'ciem

30 2952 131 3002 ipsis
151 2954 324 3007 fecere]

86 3007 240 3048 desiste.
298 3010 414 3051 Hane
453 3011 681 3058 lectionem,
719 3024 820 3062 quae
856 3011 907 3048 ab

30 3063 186 3113 optimis
199 3066 445 3107 confirmatur
459 3069 673 3115 codicibus,
687 3067 790 3106 Oud.
804 3067 908 3105 bene

29 3118 213 3169 defendit,
239 3123 328 3174 quia
354 3125 551 3169 desistere
575 3128 746 3164 mutatae
766 3124 911 3164 mentis

983 1267 1128 1305 habeat
1152 1265 1488 1316 significationem,
1515 1277 1562 1301 ac
1586 1263 1746 1313 saepius
1772 1274 1860 1300 cum

983 1323 1166 1361 desinere
1192 1322 1310 1359 verbo
1336 1319 1592 1359 confundatur
1618 1318 1707 1356 coll.
1723 1318 1793 1356 Dr.
1809 1318 1860 1356 ad

980 1378 1067 1417 Liv.
1088 1376 1220 1415 XXX.
1248 1390 1281 1416 e.
1296 1380 1332 1416 3.
1360 1376 1544 1414 infinitivo
1572 1379 1701 1413 autem
1727 1374 1766 1412 id
1792 1374 1859 1411 ali-

982 1436 1137 1485 quoties
1168 1434 1271 1483 iungi
1302 1433 1443 1484 probat
1474 1444 1522 1469 ex
1553 1430 1656 1468 Dict.
1683 1429 1856 1468 Broukh.

979 1490 1029 1529 ad
1061 1489 1146 1528 Til».
1174 1489 1201 1528 l.
1229 1493 1263 1530 9.
1292 1494 1355 1529 71.
1383 1488 1501 1527 Gron.
1528 1487 1578 1525 ad
1604 1485 1732 1524 Plaut.
1761 1485 1856 1524 Cist.

1034 1604 1114 1642 iam
1139 1603 1306 1641 saevire.
1338 1601 1460 1653 Ham,
1487 1599 1592 1650 quod
1618 1599 1856 1650 grammatici

978 1660 1126 1705 dicunt,
1158 1659 1221 1697 hic
1252 1658 1373 1696 habet
1397 1656 1717 1707 significationem
1741 1657 1856 1707 parti-

979 1716 1091 1754 culae
1118 1716 1300 1760 tandem,
1328 1727 1444 1765 quam
1459 1712 1588 1751 Hand.
1605 1711 1637 1749 T
1641 1711 1774 1750 ursell.
1791 1711 1853 1750 ill.

977 1787 1014 1824 p.
1029 1777 1040 1812 1
1057 1777 1117 1812 17.
1133 1771 1291 1822 egregie
1306 1771 1484 1821 exponit,
1499 1782 1548 1806 ne
1562 1769 1682 1806 nostri
1697 1767 1854 1819 quidem

979 1828 1053 1867 loci
1086 1828 1240 1866 oblitus.
1291 1825 1344 1864 Ut
1375 1826 1476 1863 enim
1509 1839 1555 1863 ea
1581 1825 1685 1862 notio
1711 1824 1854 1862 rectius

978 1885 1205 1937 explicetur,
1230 1882 1496 1920 necessarium
1517 1894 1675 1931 semper
1699 1884 1778 1926 est,
1805 1880 1855 1918 ad

978 1942 1016 1979 id
1052 1939 1299 1990 respiciatur,
1338 1938 1386 1977 ad
1418 1937 1522 1987 quod
1556 1937 1634 1974 ista
1663 1935 1855 1987 particula

979 1998 1154 2048 pertinet.
1213 1994 1371 2045 Ubique
1396 1994 1497 2031 enim
1523 2006 1583 2031 res
1615 1993 1852 2045 proponitur,

977 2055 1086 2092 cuius
1124 2052 1256 2096 linem,
1300 2064 1385 2089 cum
1424 2050 1567 2088 diutius
1606 2049 1766 2095 durarit,
1804 2061 1851 2086 eo

976 2109 1378 2160 temporismomento,
1389 2120 1466 2157 quo
1481 2109 1658 2158 precatur
1672 2105 1851 2156 loquens,

977 2166 1123 2204 adesse
1150 2164 1260 2205 velit.
1292 2165 1345 2202 ita
1376 2167 1416 2202 ut
1440 2163 1688 2214 praeteritum
1713 2162 1788 2200 sibi
1814 2165 1853 2199 et

976 2234 1165 2273 praesens
1201 2224 1355 2271 tempus
1393 2223 1622 2271 opponatur.
1683 2218 1730 2257 cf.
1764 2216 1852 2256 Ter.

977 2279 1121 2317 Heaut.
1146 2277 1195 2316 Y.
1224 2281 1260 2316 1.
1287 2280 1323 2317 8.
1365 2276 1440 2315 olle
1472 2277 1552 2315 iam
1583 2275 1722 2314 desine
1753 2274 1852 2313 deos

975 2349 1085 2375 uxor
1107 2332 1367 2387 ,qrntnlundo
1393 2333 1627 2385 obtundere.
1653 2330 1785 2369 Burni.
1802 2330 1851 2369 ad

973 2390 1206 2430 Phaedr.Y.
1234 2394 1270 2430 2.
1297 2394 1334 2430 4.
1362 2388 1480 2427 ovid.
1506 2388 1591 2427 Art.
1607 2389 1657 2426 A.
1673 2385 1734 2425 III.
1760 2386 1848 2438 33.]

1020 2448 1114 2486 meis
1129 2445 1404 2499 clryinalt'bus
1418 2444 1603 2484 manibus
1617 2443 1849 2483 adornabo.

974 2503 1084 2542 Male
1109 2506 1238 2554 agunt,
1265 2503 1328 2553 qui
1354 2502 1516 2540 alteram
1543 2501 1750 2539 lectionem
1770 2513 1850 2538 mo-

975 2560 1124 2600 nilibus
1137 2560 1273 2598 acriter
1287 2558 1512 2603 defendunt,
1527 2570 1642 2608 quum
1657 2556 1744 2595 istis
1758 2569 1850 2594 nun-

974 2630 1090 2667 quam
1113 2615 1219 2667 apud
1245 2619 1399 2653 veteres
1425 2618 1623 2653 ornaretur
1649 2613 1749 2658 iuba,
1775 2611 1852 2650 sed

974 2673 1099 2719 frons,
1126 2671 1268 2711 collum
1295 2676 1335 2710 et
1359 2675 1512 2722 pectus.
1549 2669 1683 2720 Magis
1710 2681 1851 2706 conve-

974 2730 1054 2767 nire
1079 2729 1230 2767 videtur
1253 2728 1437 2767 manibus
1457 2726 1648 2765 adieetivo
1671 2725 1850 2777 cir-(sina-

975 2786 1102 2832 libas,
1127 2798 1241 2837 quam
1269 2783 1504 2828 monilibus,
1531 2782 1673 2833 quibus
1699 2794 1774 2818 non
1802 2793 1850 2819 se

972 2842 1142 2894 privare,
1169 2841 1243 2879 sed
1267 2840 1345 2879 alia
1369 2839 1481 2890 equis
1508 2837 1702 2877 nobilibus
1728 2837 1850 2887 aptari

973 2897 1092 2937 solita
1103 2898 1158 2936 illi
1172 2898 1265 2936 dare
1281 2896 1372 2934 vult.
1420 2894 1495 2934 Hic
1508 2893 1691 2945 promittit
1703 2891 1850 2944 puella,

974 2967 1021 2993 se
1051 2955 1176 3005 ipsam
1208 2953 1312 2998 suis,
1345 2966 1418 2990 non
1451 2950 1651 3001 equisonis
1685 2948 1850 2988 alicuius

974 3011 1173 3056 manibus,
1206 3010 1296 3048 iicet
1319 3012 1454 3046 tenera
1479 3010 1590 3045 esset
1613 3007 1738 3056 virgo,
1764 3005 1851 3043 eius

972 3067 1102 3105 iubam
1115 3077 1302 3118 pexuram
1315 3068 1355 3103 et
1367 3064 1657 3110 adornaturam3
1670 3075 1716 3100 se
1725 3062 1851 3113 ipsam

975 3122 1060 3162 eius
1097 3122 1324 3161 ornatricem
1361 3120 1456 3160 sore.
1505 3118 1594 3165 Qua
1623 3119 1660 3159 in
1684 3131 1726 3158 re
1752 3131 1852 3158 sane

1477 3176 1566 3218 32*
