2155 3590
641 138 828 178 LIBER
856 137 932 179 IV.

696 224 721 241 (Ἴ.

991 136 1118 177 CAP.
1150 134 1272 176 XIII.
1767 131 1850 177 249

64 257 333 304 damnatorum
359 242 712 307 eapituuttuneraJ
760 250 838 292 Sed
863 258 1020 306 praeter
1045 257 1214 290 ceteram
1241 247 1409 302 speciosi
1433 247 1603 288 muneris
1631 243 1850 301 supellecti-

64 313 137 352 lem
162 310 254 351 totis
281 316 476 362 utcunque
500 307 723 362 patrimonii
753 307 903 349 viribus
929 307 1108 347 immanis
1134 318 1250 346 ursae
1276 304 1528 358 comparabat
1552 317 1755 344 numerum
1786 316 1849 342 co-

63 457 239 487 corporum
251 457 307 484 pro
320 449 467 485 capitum
482 450 517 477 G.
533 450 561 476 1.
577 449 611 476 Ο.
653 455 742 484 prae
755 449 789 476 F.
805 449 835 477 3.
850 449 886 476 G.
902 449 931 476 1.
944 449 981 476 Β.
996 448 1029 476 Ο.
1045 448 1079 476 Ρ.
1094 443 1121 476 ὃ.
1136 447 1184 475 ed.
1198 446 1299 481 princ.
1318 445 1474 473 e1Venet.
1489 446 1519 472 2.

63 505 108 531 pr.
117 496 357 525 Verre!.2.1un1.
370 496 397 522 l.
417 494 502 530 p-ree
519 496 586 520 lam
601 494 723 522 G.2.D.
771 496 917 520 ceterum
933 495 968 520 G.
980 492 1009 521 1.

63 545 136 570 vett.
172 538 415 577 superlectilem
428 547 463 568 π.
511 536 723 575 superleetlle
737 539 773 567 G.
788 540 817 568 2.
831 539 868 567 D.
893 536 1097 574 supeletz'lem
1112 538 1148 566 G.
1164 538 1193 566 1.

66 651 398 690 exercitationem
418 652 625 701 forensem
648 654 770 701 atque
795 653 930 687 eoetra—

66 721 196 752 neam,
209 707 274 745 ubi
283 706 466 759 forensis
480 709 658 744 accurate
672 705 932 743 domesticam

66 763 287 814 oppositum
311 776 386 801 non
412 762 460 799 de
486 775 622 814 opera,
647 775 761 812 quam
785 762 820 799 in
848 760 932 799 soro

66 819 121 857 vir
145 819 320 864 adhibet,
354 818 546 869 intelligo,
577 819 651 856 sed
676 817 725 855 de
749 822 933 856 extranea

66 880 105 914 et
136 879 257 928 foras
290 876 514 926 pertinente.
575 875 657 913 Sed
694 874 829 912 mirum
859 877 932 921 est,

69 932 172 984 quod
197 931 234 970 h.
262 932 284 970 l.
312 932 445 983 optimi
470 931 583 970 codd.
605 932 799 984 forensis,
824 930 930 969 Bert.

65 991 249 1041 forenses
274 988 470 1038 praebent.
503 987 590 1026 Hoc
613 1000 675 1025 me
701 990 930 1033 commovet,

68 1048 109 1082 ut
139 1057 224 1083 cum
254 1044 334 1082 viro
366 1044 479 1082 docto
511 1043 561 1081 ad
585 1057 703 1093 marg.
736 1042 808 1081 Ed.
833 1042 930 1081 lunt.

68 1104 107 1139 et
129 1100 266 1138 Heius.
293 1099 408 1138 Ovid.
434 1100 530 1138 Met.
555 1099 605 1139 V.
631 1104 725 1140 450.
747 1102 931 1151 forense-

70 1171 138 1195 cus
162 1156 369 1206 legendum
394 1157 570 1197 arbitrer.
601 1169 833 1206 quamquam
861 1169 931 1192 eos

67 1213 294 1263 significatio
319 1211 497 1251 vocabuli
529 1212 704 1257 offendit,
735 1225 807 1248 nec
831 1211 935 1249 Mss.

67 1269 285 1308 auctoritas.
318 1269 359 1308 F
356 1270 559 1308 orinsecus
577 1282 647 1319 per
667 1267 936 1318 compendium

63 1326 267 1378 forinsec’
290 1325 474 1376 scriptum
506 1324 749 1376 corruptelae
780 1323 935 1361 facilem

64 1381 311 1420 occasionem
335 1381 523 1432 praebuit,
548 1385 589 1419 ut
612 1381 772 1431 primum
796 1382 935 1431 foren-

67 1452 126 1477 ses
150 1437 238 1475 dein
262 1438 440 1488 forensis
470 1438 784 1475 subnasceretur.
832 1434 934 1473 Oud.

68 1495 169 1533 enim
193 1494 445 1538 sententiam,
472 1493 535 1544 qui
558 1495 789 1546 forinsecus
807 1492 855 1531 ab
872 1505 936 1529 ex·

68 1551 208 1589 teriore
234 1549 320 1588 loco
345 1549 549 1588 advectum
574 1548 788 1600 significare
813 1562 937 1600 posse

65 1610 201 1658 negat,
238 1606 312 1644 sed
347 1607 475 1657 potius
512 1606 618 1656 quod
655 1605 769 1643 domo
795 1603 938 1652 ἔξωθεν

69 1664 236 1709 effertur,
261 1662 313 1700 nil
338 1677 476 1701 moror.
502 1662 549 1701 cf.
563 1662 690 1701 Hand.
707 1660 938 1700 TurselLII.

69 1735 106 1772 p.
133 1722 226 1760 703.
265 1719 392 1758 Hand.
419 1718 541 1757 Codd.
573 1718 799 1758 auctoritate
825 1718 938 1757 dece-

69 1780 158 1829 ptus
195 1775 519 1827 interpretationis
560 1777 661 1813 viam
697 1776 794 1820 iniit,
839 1788 939 1825 quae

68 1846 205 1871 vereor
227 1836 269 1871 ut
291 1845 459 1883 unquam
483 1832 678 1883 probetur.
727 1832 941 1870 Formosam

71 1888 250 1940 intelligit
273 1888 486 1935 hominem,
519 1890 582 1939 qui
607 1888 691 1926 fora
722 1888 941 1939 frequentat

70 1946 213 1997 negotii
237 1949 276 1983 et
299 1949 491 1983 mercatus
515 1958 669 1983 caussa.
717 1944 799 1982 Sed
826 1957 941 1994 quae-

72 2015 160 2041 nam
192 2005 284 2039 sunt
313 2001 381 2040 illa
405 2001 513 2039 sora?
544 2014 639 2039 suae
663 2001 770 2039 urbis
802 2014 850 2038 an
877 2013 941 2037 ex-

71 2063 236 2097 terarum
263 2057 442 2108 quoque?
469 2057 512 2095 Si
536 2070 634 2095 suae
659 2057 936 2101 tantumurbis,

73 2114 186 2153 nobis
235 2113 491 2159 demonstret,
540 2113 733 2163 quomodo
782 2113 938 2151 obstent

73 2171 146 2209 sibi
159 2171 194 2208 in
214 2183 327 2220 seqq.
355 2169 636 2208 domesticis
659 2169 938 2208 venationibus

74 2230 222 2278 captae
246 2230 285 2264 et
309 2226 441 2278 laryz's
459 2225 698 2264 emtionibus
713 2230 864 2277 partae
879 2225 938 2263 be-

73 2284 183 2322 stiae.
247 2281 316 2319 Sin
348 2295 439 2319 vero
477 2281 636 2319 aliarum
671 2282 819 2319 urbium
855 2280 939 2318 fora

74 2339 309 2390 frequentat,
342 2337 446 2388 quod
476 2335 685 2376 verisimile
712 2341 791 2383 est,
825 2350 943 2388 quum

73 2394 238 2434 Plateae
251 2394 345 2432 urbs
359 2408 432 2432 non
453 2398 560 2432 tanta
585 2399 720 2432 essent
739 2397 781 2432 ut
799 2393 944 2432 multae

73 2451 226 2491 bestiae
251 2452 302 2489 ibi
328 2451 593 2496 convenirent,
626 2450 851 2501 comprobet
878 2452 943 2501 fo-

73 2509 200 2547 ‘tensis
224 2521 310 2546 eum
335 2506 567 2557 significare,
595 2507 708 2557 quiin
732 2508 840 2559 foris
865 2519 944 2543 ver-

74 2567 181 2603 satur
209 2576 336 2615 eaque
374 2563 611 2614 frequentat.
648 2563 875 2613 praesertim
911 2563 945 2600 si

76 2633 241 2660 caussas
271 2634 345 2658 non
377 2620 466 2671 agit.
505 2618 591 2669 Ego
618 2620 779 2672 forensi
804 2618 942 2657 lubens

76 2676 281 2728 amplexus
305 2690 403 2715 sum.
451 2675 591 2714 Nonne
616 2676 833 2720 advehere,
858 2688 942 2726 per-

72 2745 168 2783 'egre
190 2733 341 2771 bestias
367 2746 460 2770 esse
486 2732 630 2783 petitas
654 2732 871 2782 significare
891 2731 942 2768 vi-

78 2788 209 2827 detur?
241 2793 280 2827 et
321 2789 534 2840 comparari
578 2792 712 2839 potest
754 2786 944 2833 Thiasus,

77 2843 174 2884 Met.
187 2845 237 2885 X.
263 2850 339 2886 711
368 2859 428 2896 sq.
456 2846 519 2895 qui
544 2843 724 2882 Corintho
750 2844 944 2891 orIundus,

78 2904 119 2939 ut
133 2901 331 2952 splendori
352 2900 686 2952 capessendorum
706 2900 870 2939 fascium
887 2914 944 2938 re-

79 2956 304 3008 sponderet,
330 2972 468 2996 munus
487 2957 755 3007 gladiatorium
773 2956 944 2995 editurus

80 3016 180 3059 erat,
202 3012 238 3052 in
263 3015 371 3053 cuius
386 3014 679 3052 munificentiam
694 3012 944 3052 Thessaliam

83 3081 233 3122 quoque
246 3073 488 3117 accesserat,
510 3070 774 3108 nobilissimas
788 3070 892 3108 feras
907 3073 946 3108 et

81 3122 253 3165 famosos
271 3127 360 3165 inde
373 3127 609 3178 gladiatores
624 3125 943 3179 comparaturus]

1568 445 1683 471 cetera
1707 445 1744 472 B.
1759 451 1788 477 p.
1803 444 1852 471 ed.

1057 491 1208 529 speciosa
1222 492 1270 520 ed.
1285 498 1331 524 pr.
1380 487 1585 525 supellectile
1600 490 1635 517 Ρ.
1645 489 1680 516 B.
1695 497 1725 523 p.
1740 493 1768 516 et
1783 489 1852 516 edd.

1242 534 1323 564 totis
1336 537 1429 564 abest
1441 542 1461 563 a
1475 534 1496 564 f.
1538 533 1757 571 patrimoniis
1772 535 1807 561 G.
1823 534 1853 561 1.

1044 661 1246 700 generosa
1271 646 1553 684 damnatorum
1585 645 1765 695 capitum
1787 647 1853 695 fu-

989 718 1099 743 nera.
1147 702 1257 742 Male
1279 702 1379 740 haec
1404 702 1505 753 capit
1517 700 1700 739 Beroald.
1715 700 1764 737 de
1778 701 1854 737 reis

992 775 1015 799 a
1038 759 1287 798 Demochare
1311 758 1485 797 advectis
1511 757 1780 807 damnatisque
1806 755 1855 793 ad

990 830 1148 862 munus,
1175 829 1291 867 quum
1307 820 1438 854 auctor
1452 813 1641 865 intelligat
1655 812 1778 858 feras,
1803 811 1856 851 di-

993 877 1076 912 ctas
1097 875 1277 927 funera,
1300 886 1375 910 non
1408 871 1512 924 quod
1538 870 1732 908 funestum
1763 868 1856 907 infe-

987 934 1071 968 rant
1099 933 1278 975 mortem,
1310 929 1384 967 sed
1417 941 1517 980 quae
1548 930 1638 965 sunt
1661 927 1772 976 quasi
1797 938 1857 964 se-

988 987 1124 1038 pulcra
1155 990 1192 1023 et
1222 983 1383 1038 ἔμψυχοι
1414 980 1529 1035 τάφοι
1557 983 1776 1021 hominibus
1808 981 1859 1021 ad

992 1044 1140 1082 bestias
1184 1042 1390 1080 damnatis.
1444 1040 1603 1078 Similes
1643 1039 1858 1077 locutiones

991 1098 1037 1136 cf.
1047 1099 1150 1149 apud
1159 1097 1329 1136 Kirchm.
1339 1098 1387 1136 de
1396 1097 1553 1135 sunerib.
1563 1110 1598 1147 p.
1610 1100 1660 1136 25
1667 1099 1701 1136 9.
1711 1095 1858 1134 Met.V.

990 1169 1027 1207 p.
1055 1159 1148 1195 354.
1180 1153 1278 1191 Tum
1309 1154 1446 1192 Heius.
1472 1153 1522 1192 ad
1547 1153 1662 1192 Ovid.
1687 1151 1785 1191 Met.
1810 1152 1859 1189 V.

995 1215 1088 1251 450.
1114 1210 1216 1248 male
1242 1211 1405 1248 coniecit
1424 1223 1639 1248 nemerosa.
1667 1209 1860 1260 Apuleius

995 1267 1263 1305 nobilissimas
1288 1266 1378 1304 dicit
1405 1266 1507 1303 seras
1532 1265 1629 1303 Met.
1644 1265 1693 1303 X.
1714 1269 1860 1317 11.712.

994 1322 1139 1361 Herod.
1165 1322 1191 1360 Ι.
1220 1326 1283 1361 25.
1315 1324 1467 1368 λέοντας
1498 1321 1537 1360 δὲ
1569 1324 1632 1360 καὶ
1657 1318 1863 1373 παρδάλεις

996 1374 1069 1419 ὅσα
1099 1394 1138 1417 τε
1170 1378 1247 1425 ζῶα
1282 1387 1439 1430 γενναῖα.
1488 1377 1574 1415 Nec
1604 1378 1731 1415 minus
1762 1378 1863 1416 eius-

996 1436 1084 1474 dem
1110 1436 1327 1474 coniectura
1351 1435 1422 1474 ille
1448 1448 1514 1485 pro
1539 1435 1615 1473 ‘illa
1640 1434 1864 1484 comproba-

996 1497 1071 1536 tur.
1098 1505 1214 1543 quum
1234 1493 1456 1529 sexcenties
1472 1490 1599 1528 laudis
1614 1490 1675 1527 vel
1690 1491 1864 1541 vituperii

997 1547 1198 1588 adiectivis
1213 1548 1288 1586 hoc
1301 1561 1512 1600 pronomen
1527 1561 1601 1584 non
1617 1546 1743 1584 solum
1758 1547 1865 1597 Apu-

998 1606 1098 1643 leius
1124 1605 1242 1642 addat
1268 1604 1425 1643 cs.Met.
1441 1604 1466 1642 1.
1487 1618 1523 1655 p.
1544 1608 1605 1643 11.
1632 1602 1867 1643 Plutarcho

996 1662 1072 1700 illo
1097 1661 1147 1699 X.
1179 1675 1216 1712 p.
1245 1664 1338 1702 712.
1370 1661 1419 1700 al.
1453 1660 1543 1713 [sed
1568 1659 1671 1711 apud
1698 1660 1866 1711 optimos

999 1731 1155 1770 quoque
1181 1719 1391 1770 scriptores
1412 1718 1464 1756 ita
1482 1717 1704 1768 reperiatur.
1732 1715 1866 1754 Creuz.

1000 1775 1049 1813 ad
1075 1775 1151 1813 Cic.
1184 1774 1233 1812 de
1258 1774 1360 1825 Rep.
1386 1773 1413 1812 I.
1441 1778 1506 1814 28.
1539 1787 1575 1823 p.
1606 1776 1694 1813 117.
1744 1771 1867 1810 Orell.

1000 1831 1049 1870 ad
1065 1831 1140 1869 Cic.
1156 1830 1324 1869 Tusav.
1340 1835 1404 1871 27.
1419 1830 1450 1879 G
1460 1834 1523 1869 78.
1537 1828 1868 1879 WVagn.Quaestt.

1000 1888 1133 1937 virgil.
1159 1886 1269 1925 XXl.
1297 1887 1357 1939 6.]
1391 1886 1566 1924 Tandem
1592 1900 1660 1937 pro
1687 1887 1868 1936 capitum

1000 1944 1036 1981 in
1052 1944 1098 1982 G.
1118 1948 1151 1983 1.
1171 1947 1209 1980 et
1220 1942 1268 1981 Ο.
1294 1948 1356 1981 est
1380 1957 1618 1994 corporum,
1645 1953 1745 1993 quae
1764 1954 1870 1979 mera

1002 2001 1141 2050 glossa
1166 2003 1238 2037 est.
1291 2000 1427 2051 Caput
1448 2013 1517 2050 pro
1543 2002 1623 2036 toto
1649 1998 1804 2036 homine
1831 2000 1869 2035 et

997 2058 1136 2106 quovis
1150 2070 1309 2106 corpore
1324 2057 1413 2107 poni
1430 2056 1573 2094 docent
1586 2054 1670 2093 lntt.
1685 2054 1735 2092 ad
1749 2053 1867 2106 Prop.

995 2112 1064 2150 IV.
1092 2117 1128 2153 2.
1155 2116 1221 2152 55.
1246 2112 1331 2151 Liv.
1357 2110 1510 2151 XXIX.
1538 2115 1601 2152 29.
1627 2111 1745 2161 Apul.
1771 2110 1868 2148 Met.

998 2167 1065 2206 IX.
1092 2182 1130 2220 p.
1158 2172 1249 2209 611.
1278 2168 1430 2220 [Horat.
1458 2167 1480 2208 l.
1508 2172 1572 2209 28.
1600 2171 1663 2208 20.
1691 2166 1792 2205 Cort.
1819 2166 1870 2204 ad

998 2223 1146 2264 Lucan.
1172 2223 1240 2263 VI.
1268 2229 1360 2266 708.
1388 2224 1472 2263 Intt.
1499 2225 1548 2262 ad
1563 2224 1669 2274 Virg.
1685 2223 1785 2261 Aen.
1800 2222 1868 2261 IV.

1000 2283 1091 2322 613.
1117 2281 1260 2320 Arnob.
1288 2280 1352 2320 Vl.
1380 2296 1412 2320 c.
1438 2284 1499 2322 13.
1527 2286 1654 2333 caput
1674 2282 1869 2333 prostitu-

1003 2342 1085 2378 tum
1109 2352 1178 2389 pro
1198 2338 1460 2390 prostituta]

1055 2399 1225 2446 praeter
1256 2399 1428 2434 ceteram
1459 2395 1634 2446 speciosi
1664 2408 1711 2431 m.
1737 2391 1870 2445 supel-

1005 2450 1188 2490 lectilem.
1239 2450 1381 2502 [Miror
1411 2449 1534 2496 Oud.,
1573 2451 1637 2501 qui
1667 2462 1753 2488 eum
1785 2449 1870 2487 Sal-

1003 2508 1127 2545 masio
1144 2507 1351 2558 legendum
1366 2511 1519 2546 censet:
1528 2520 1636 2559 prae
1645 2511 1777 2545 cetera
1790 2510 1872 2544 tam

1003 2578 1109 2615 spec.
1135 2578 1239 2603 mun.
1265 2564 1528 2614 supellectile,
1554 2567 1595 2601 ut
1620 2562 1871 2614 comparatio-

1000 2633 1085 2658 nem
1113 2621 1229 2658 studii
1248 2619 1505 2658 Democharis
1530 2633 1622 2670 erga
1646 2632 1759 2657 ursas
1784 2631 1871 2656 coe-

1000 2676 1163 2715 mendas
1203 2689 1311 2728 prae
1350 2676 1499 2727 reliquo
1541 2675 1710 2714 muneris
1752 2688 1871 2727 appa-

1001 2737 1084 2772 ratu
1126 2732 1277 2771 indicet.
1345 2732 1428 2770 Sed
1464 2737 1636 2784 praeter
1671 2732 1773 2769 idem
1809 2734 1872 2769 est

1003 2789 1109 2840 quod
1134 2803 1243 2841 prae
1273 2788 1321 2827 cs.
1349 2788 1425 2827 Cic.
1459 2788 1509 2826 ad
1534 2787 1662 2834 Quint.
1689 2787 1751 2827 Fr.
1776 2787 1805 2827 l.
1835 2792 1869 2828 1.

1006 2850 1068 2885 15.
1090 2850 1261 2898 praeter
1286 2851 1443 2884 eeteros
1469 2844 1687 2883 laborabis.
1735 2843 1871 2883 Horat.

1003 2901 1208 2952 Epod.111.
1231 2905 1266 2941 9.
1291 2906 1459 2953 praeter
1488 2914 1619 2939 omues
1642 2902 1790 2940 mirata
1815 2906 1872 2939 est

1003 2958 1159 2997 ducem.
1209 2957 1336 2997 Beier.
1374 2956 1424 2995 ad
1461 2956 1538 2995 (Tic.
1577 2957 1627 2995 de
1657 2956 1735 2996 Off.
1761 2955 1806 2996 Π.
1834 2962 1869 2997 7.

1002 3014 1034 3065 §.
1060 3018 1126 3056 26.
1161 3014 1225 3052 De
1244 3028 1351 3065 prae
1380 3026 1444 3051 res
1469 3017 1531 3052 est
1556 3013 1789 3066 notissi1·na.]

1057 3085 1188 3110 ursae.
1233 3069 1435 3122 [Ursarnm
1461 3083 1613 3122 pugnas
1639 3074 1678 3109 et
1701 3070 1870 3109 venatio-

1002 3140 1073 3166 nes
1100 3126 1323 3177 srequentes
1349 3130 1387 3166 et
1411 3128 1445 3164 in
1473 3126 1637 3166 Graecia
1662 3130 1700 3165 et
1718 3127 1870 3166 Romae
