2221 3667
345 168 424 211 386

345 289 433 322 tuos
457 280 727 322 irreverenter
749 273 912 331 pulsasti
936 272 1075 322 toties,
1102 276 1142 310 et
1170 269 1295 323 ipsam
1317 273 1484 308 matrem
1513 274 1642 316 tuam,
1669 277 1752 314 me,
1784 263 1965 315 inquam,
1991 260 2131 315 ipsam,

346 335 562 391 parricida,
606 335 779 375 denudas
822 329 1013 385 quotidie,
1052 333 1092 368 et
1127 323 1356 380 percussisti
1397 323 1554 378 saepius
1589 328 1630 362 et
1664 319 1777 374 quasi
1811 318 1967 361 viduam
2001 316 2135 371 utique

348 465 470 494 totiens
483 466 519 494 G.
531 465 562 493 2.
576 464 615 492 D.
627 463 754 492 Vicent.
767 462 848 489 lunt.
863 460 893 486 2.
935 451 1149 492 parrz'm'dam
1163 461 1194 488 p.
1213 449 1441 490 parricidium
1453 452 1489 481 0.
1503 451 1583 480 oud.
1610 452 1646 478 tu
1659 447 1868 478 inserendum
1880 453 1954 476 esse
1965 447 2066 481 putat.

347 566 571 605 scr-vitutem
595 573 727 601 servos
751 556 903 596 induxi
925 553 1024 592 mila·
1046 566 1116 605 pro
1141 552 1212 592 ad-

348 623 514 666 ducere,
558 623 597 657 et
637 615 861 658 instituere,
903 614 944 650 et
977 610 1215 648 inductores

349 679 456 729 ἰοιῃί
482 676 590 715 Asin.
612 671 673 710 lll.
696 675 733 711 2.
753 673 791 709 5.
818 668 979 707 lorarios
1004 669 1213 716 exponant,

349 736 414 785 qui
440 733 619 772 inducant
642 731 791 776 tergum
816 725 837 763 i.
852 738 885 763 e.
900 724 1029 774 virgas
1043 725 1109 760 aut
1120 721 1214 760 loris

349 790 533 832 caedant,
557 789 598 824 ut
623 783 817 822 inducere
836 785 902 820 aut
920 779 973 818 sit
990 780 1012 818 i.
1028 792 1063 829 q.
1086 776 1216 816 colore

349 848 458 897 quasi
484 844 595 881 rubro
621 839 802 877 inducere
827 841 892 876 aut
911 838 935 876 i.
949 849 984 887 q.
1003 835 1216 873 instituere.

347 903 434 941 Nec
457 899 596 939 melius
622 894 832 946 explicavit
854 892 1074 932 Palmerius
1098 891 1216 930 indu-

348 964 480 998 ctores
514 967 585 1006 pro
622 953 830 996 ductores,
869 949 974 1001 quod
1010 948 1218 986 exercitum

347 1016 536 1054 ulmorum
549 1011 586 1048 in
600 1013 710 1059 terga
723 1012 763 1046 et
774 1006 961 1058 scapulas
978 1005 1218 1043 inducerent.

348 1071 523 1109 Glossae
543 1067 643 1105 enim
664 1061 835 1114 εἰσακτής
851 1063 1048 1101 inductor
1066 1065 1106 1099 et
1125 1061 1220 1112 ἐμβι-

345 1122 487 1180 &corrig
520 1123 717 1163 inductor
767 1119 848 1170 (Ita
873 1119 1008 1158 Gloss.
1035 1117 1101 1155 Gr.
1131 1116 1219 1154 Lat.

347 1198 386 1235 p.
413 1186 506 1223 453.
531 1193 600 1232 pro
626 1173 810 1230 ἐμβιβάζω
834 1176 970 1215 imbuo
993 1175 1079 1212 sine
1103 1172 1220 1211 dubio

349 1238 558 1290 legendum
595 1238 658 1273 est
693 1234 869 1281 induco)
913 1229 1009 1270 nihil
1043 1230 1220 1282 probant.

350 1300 362 1334 1
370 1290 463 1342 Quae
477 1295 576 1332 enim
589 1291 686 1330 ratio
694 1287 941 1328 estvocabuli
957 1288 1073 1333 latini,
1083 1286 1222 1325 eadem

350 1354 465 1391 etiam
501 1348 644 1401 graeci.
690 1346 792 1385 Hinc
822 1349 916 1397 puto
949 1350 988 1382 et
1018 1347 1151 1382 nostro
1183 1345 1222 1380 01

349 1408 482 1448 Plauti
515 1406 600 1444 loco
624 1403 834 1455 legendum
860 1414 954 1439 esse
973 1401 1164 1439 indoctus
1184 1402 1222 1436 et

350 1466 606 1507 indat-tores,
631 1472 866 1512 quamquam
894 1459 998 1496 bene
1022 1457 1118 1502 scio,
1144 1455 1220 1494 alio

352 1520 536 1571 exemplo
560 1519 636 1557 hoc
659 1515 891 1555 vocabulum
910 1528 985 1552 non
1005 1526 1128 1566 posse
1147 1515 1225 1550 sta-

351 1579 464 1617 biliri.
511 1575 623 1614 Hanc
653 1574 754 1611 enim
785 1571 890 1622 apud
919 1570 1101 1609 Plautum
1131 1581 1224 1606 esse

356 1635 561 1674 lectionem
614 1628 993 1682 probabilissimam,
1047 1626 1227 1664 evincunt

354 1691 475 1730 verba
515 1700 629 1738 seqq.
671 1685 882 1739 ynarique
928 1683 1057 1722 nostri
1103 1682 1225 1734 ter-qi,

354 1745 586 1801 praesertim
627 1755 743 1793 quum
785 1740 874 1779 edd.
914 1743 1008 1778 vett.
1045 1742 1083 1776 et
1123 1738 1227 1777 Mss.

356 1805 505 1843 clamer.
532 1806 571 1839 et
594 1798 682 1838 Pal.
713 1811 787 1836 sex
818 1809 904 1834 earn
929 1797 1128 1834 retineant.
1178 1793 1226 1833 cf.

356 1860 527 1899 Turneb.
541 1856 708 1896 Advers.
722 1852 874 1892 XXIV.
885 1856 933 1893 31
942 1883 951 1891 .
964 1851 1021 1891 Ita
1034 1852 1228 1890 indoctus

355 1917 457 1968 apud
476 1913 684 1965 Apuleium
709 1910 812 1948 idem
837 1913 912 1955 est,
939 1908 1044 1959 quod
1069 1909 1227 1952 doctus,

358 1987 435 2025 qua
459 1974 495 2009 in
516 1967 794 2021 significatione
814 1965 1013 2004 offendere
1033 1965 1230 2003 debebant

359 2029 511 2073 librarii,
529 2026 592 2077 qui
606 2020 941 2074 ἰηιῖοείηεάμαθῆ
949 2021 1135 2059 rusticum
1148 2024 1229 2059 tan-

358 2084 555 2125 tummodo
564 2086 697 2120 notare
707 2080 892 2118 sciebant.
905 2079 951 2118 In
962 2078 1060 2116 enim
1070 2077 1232 2128 saepius

364 2138 689 2195 ponuntAl'ri,ubi
704 2150 778 2175 non
793 2136 1014 2186 negativam
1029 2134 1232 2172 sedinten-

360 2200 484 2237 xivam
504 2198 579 2235 vim
599 2195 720 2233 babet
733 2196 864 2231 contra
882 2205 997 2229 usum
1017 2195 1233 2230 ceterorum

361 2255 590 2306 scriptorum
639 2250 686 2289 cf.
710 2249 809 2288 Met.
835 2248 861 2287 I.
886 2263 925 2300 p.
951 2252 1015 2289 56.
1042 2248 1234 2292 Ιιηόηΐιιε,

362 2311 465 2363 quod
478 2308 635 2348 (fols-ius
645 2306 839 2351 emendat,
846 2306 909 2343 vix
922 2305 1077 2356 probari
1090 2307 1235 2356 potest,

362 2369 542 2420 quoniam
556 2378 631 2404 non
645 2363 815 2408 additur,
836 2375 912 2412 quo
926 2362 1051 2399 Amor
1065 2362 1232 2398 imbutus

363 2429 438 2463 est.
486 2421 642 2473 Ubique
675 2420 774 2458 enim
805 2420 859 2456 ita
883 2418 956 2456 11101
984 2418 1234 2456 observatum

363 2485 439 2519 est.
489 2479 688 2518 Inductus
711 2476 746 2513 si
771 2474 1013 2525 comprobari
1036 2475 1176 2525 possit,
1201 2475 1235 2511 is

362 2541 509 2576 tantum
523 2536 574 2573 ita
593 2532 777 2572 nominari
790 2535 942 2582 potest,
969 2531 1031 2582 qui
1046 2530 1235 2568 seductus

364 2598 404 2632 et
428 2595 630 2642 corruptus
656 2593 728 2627 est.
777 2588 904 2626 Aliter
935 2586 1118 2638 legebam
1144 2600 1236 2625 corz·

366 2652 529 2694 doctus,
555 2661 604 2685 ex
628 2646 717 2684 loco
742 2643 872 2682 Plaut.
897 2642 1020 2682 Poen.
1045 2642 1109 2682 ΙΙΙ.
1137 2647 1173 2683 2.
1199 2647 1236 2683 3.

364 2708 404 2749 4.
442 2706 536 2745 Hirt.
572 2703 619 2742 B.
657 2701 742 2740 Afr.
767 2714 798 2739 e.
828 2703 889 2740 19.
926 2704 968 2738 01
1003 2701 1089 2738 sine
1120 2699 1236 2737 (lubio

365 2763 464 2802 Hirt.
478 2760 655 2800 Rau-ic.
670 2773 701 2797 c.
711 2761 777 2798 27.
802 2755 1034 2796 condecere
1058 2769 1127 2807 pro
1143 2770 1237 2795 con·

367 2821 614 2871 ‹locefacere
627 2814 834 2865 legendum
850 2816 928 2859 est.
956 2826 1071 2863 quum
1086 2811 1236 2865 plurimi

367 2875 478 2915 codd.
513 2874 685 2912 habeant
720 2869 859 2908 eadem
895 2870 1105 2907 variatione
1143 2883 1236 2909 con-

370 2935 530 2971 ducere.
546 2929 660 2968 Male
673 2926 847 2977 intelligo
864 2925 912 2962 110
927 2925 1056 2963 11111010
1068 2926 1236 2964 Amoris.

370 2989 432 3035 qui
446 3000 570 3037 saepe
583 2985 710 3024 malus
725 2983 956 3029 nominatum
982 2981 1030 3021 cf.
1043 2981 1173 3021 Burm.
1188 2982 1240 3021 ad

370 3043 543 3095 Propert.
569 3041 596 3080 Ῑ.
624 3045 659 3081 9.
687 3039 776 3091 29]

414 3106 450 3139 cl
464 3104 604 3138 acutas
617 3110 754 3135 manns
768 3095 900 3133 hahes.
921 3095 1072 3134 Aonias
1085 3095 1241 3133 Amoris

372 3171 449 3195 esse
468 3168 607 3193 manus
625 3153 759 3191 Barth.
776 3150 998 3191 A‹lv.XXl.
1015 3155 1049 3190 7.
1066 3165 1102 3202 p.
1121 3154 1240 3192 1031.

596 166 643 206 1..
674 163 893 204 APULEll
923 154 1324 201 MADAURENSIS
1355 147 1900 195 METAMORPHOSEON

1272 549 1462 604 explicat,
1494 549 1585 600 quia
1613 555 1726 601 χεῖρες
1756 544 1838 586 ἀντὶ
1866 547 1941 584 τῶν
1970 538 2141 596 πράξεων

1271 611 1489 657 sumantur,
1504 604 1582 654 ὀξέι
1595 608 1732 658 κέντρῳ
1747 606 1927 643 armatae.
1959 598 2141 638 Floridus
2194 594 2197 635 ξ

1273 663 1433 715 exponit
1451 662 1682 715 petulantes
1705 673 1842 698 manus
1867 662 1905 696 et
1929 655 2032 695 malo
2047 654 2140 693 infe·
2194 678 2197 690 2

1271 720 1392 759 rendo
1436 732 1594 770 semper
1635 720 1804 768 paratas.
1853 714 1955 753 Oud.
1997 710 2143 751 mavult
2195 710 2197 714 ’

1273 780 1424 815 vertere
1447 789 1517 828 per
1541 770 1731 826 ὀξύχειρα,
1755 772 1809 811 uti
1828 770 2061 810 Mercurium
2079 781 2145 806 no-

1273 834 1394 872 minet
1417 832 1615 870 Lucianus
1641 830 1690 867 ob
1715 828 1864 866 furandi
1897 830 2036 873 artem3
2072 822 2146 862 sed

1275 894 1315 928 et
1337 890 1395 927 sic
1419 900 1612 940 quemque
1637 885 1711 923 dici
1733 896 1859 937 posse
1882 894 2061 921 manuum
2085 893 2147 918 ce-

1276 946 1426 985 leritate
1454 943 1690 996 praeditum,
1722 940 1810 980 coll.
1839 937 2063 979 Hemsterh.
2085 935 2148 975 ²ad

1276 1002 1437 1042 Lucian.
1463 998 1621 1050 Dialog.
1651 998 1700 1037 D.
1725 995 1830 1035 VIII.
1862 994 1908 1035 T.
1932 994 1960 1034 I.
1990 1008 2028 1047 p.
2054 996 2147 1035 221.

1279 1058 1381 1111 [Sed
1417 1062 1560 1096 acutus
1595 1055 1671 1094 boc
1707 1053 1792 1092 loco
1823 1053 1986 1104 propria:
2007 1050 2045 1088 vi
2075 1061 2150 1088 sua
2194 1071 2196 1073 ·

1279 1115 1422 1154 dictum
1443 1126 1537 1151 esse
1555 1116 1659 1163 puto.
1709 1110 1838 1157 Quum
1857 1109 1959 1147 enim
1978 1107 2028 1146 de
2047 1105 2150 1144 ferro
2192 1109 2194 1157 J

1278 1173 1442 1224 primum
1473 1170 1508 1208 in
1540 1182 1614 1208 usu
1638 1168 1707 1213 sit,
1739 1166 1843 1218 quod
1867 1166 1992 1204 aciem
2015 1163 2148 1207 habet,

1278 1228 1413 1280 pungit
1425 1230 1464 1265 et
1477 1229 1672 1278 penetrat,
1696 1236 1834 1262 manus
1848 1219 2048 1275 Cupidinis
2063 1232 2149 1258 acu-

1278 1289 1344 1324 tae
1367 1283 1626 1327 nominantur,
1651 1281 1741 1332 quia
1762 1280 1917 1331 sagittis
1940 1276 2153 1317 instructae
2193 1302 2196 1307 -

1280 1345 1371 1379 sunt
1395 1339 1651 1385 acutissimis,
1677 1350 1776 1389 quas
1795 1349 1908 1375 arcus
1929 1347 2005 1386 ope
2022 1336 2153 1386 pecto·
2194 1329 2197 1333 ¹

1278 1398 1386 1436 ribus
1421 1396 1619 1435 hominum
1654 1394 1829 1432 immittit.
1877 1391 2005 1438 Quam
2039 1392 2154 1429 acuta

1281 1454 1350 1492 illa
1361 1452 1443 1492 tela
1467 1453 1564 1498 sint,
1589 1450 1773 1489 describit
1791 1450 1879 1501 ipse
1891 1445 2088 1499 Apuleius
2100 1444 2152 1484 V.

1282 1525 1319 1563 p.
1347 1513 1461 1556 363„
1490 1513 1533 1547 ut
1556 1507 1718 1559 Psyche
1742 1508 1884 1557 puncto
1910 1502 2065 1556 pollicis
2089 1514 2154 1539 ex·
2193 1528 2197 1546 ,-

1282 1572 1445 1606 tremam
1469 1566 1592 1604 aciem
1615 1561 1933 1616 periclitabunda,
1956 1558 2157 1600 trementis

1284 1625 1503 1662 etiamnunc
1520 1621 1669 1661 articuli
1690 1620 1775 1658 nisu
1795 1618 1952 1657 fortiore
1966 1617 2156 1669 pungeret
2192 1622 2197 1635 ⁷

1285 1680 1412 1720 altius.
1444 1679 1518 1718 His
1542 1678 1667 1717 acutis
1692 1676 1846 1728 sagittis
1871 1674 2094 1712 vulneratus
2118 1672 2156 1709 in
2193 1682 2199 1719 ς,

1285 1749 1457 1776 amorem
1481 1734 1624 1774 incidit.
1670 1733 1742 1773 De.
1759 1733 1835 1772 hac
1859 1732 1960 1770 enim
1982 1743 2024 1768 10
2049 1728 2159 1781 queri
2193 1722 2203 1740 ³

1286 1794 1508 1837 Venerem,
1532 1792 1697 1843 probant
1720 1802 1851 1841 seqq„
1875 1789 1913 1826 in
1928 1787 2067 1839 quibus
2080 1784 2157 1822 'filio

1285 1850 1378 1889 vitio
1414 1849 1546 1894 vertit,
1584 1847 1689 1899 quod
1724 1849 1886 1885 matrem
1916 1848 1956 1882 et
1983 1842 2158 1881 vitricum
2193 1843 2195 1869 ἶ

1286 1907 1392 1959 parvi
1407 1906 1598 1951 aestimet,
1616 1908 1821 1953 utrumque
1833 1901 2027 1940 amoribus
2042 1898 2159 1937 110110·

1288 1964 1397 2002 dans.
1408 1962 1596 2000 Pricaeus
1605 1959 1667 1998 vel
1676 1960 1802 2011 agiles
1810 1957 1872 1996 vel
1881 1958 2161 1996 immansuetus
2199 1958 2203 1965 '

1287 2018 1350 2058 vel
1371 2019 1542 2058 audaces
1563 2030 1632 2056 eas
1647 2016 1817 2068 exponit.
1863 2013 1942 2053 Alii
1963 2012 2161 2064 explicant
2194 2017 2195 2023 ¹

1292 2076 1470 2116 callidas
1495 2079 1533 2114 et
1554 2073 1868 2126 formidolosas,
1893 2070 1997 2121 quod
2021 2083 2090 2121 per
2115 2079 2162 2105 se

1290 2133 1445 2185 probari
1469 2134 1601 2183 potest
1626 2130 1674 2169 cf.
1699 2129 1784 2167 Intt.
1809 2129 1860 2167 ad
1878 2126 1981 2178 Nep.
1993 2126 2108 2165 Dion.
2123 2128 2160 2164 8.
2193 2127 2210 2160 J

1294 2189 1429 2228 Gloss.
1439 2187 1587 2226 l'laeid.
1603 2188 1637 2224 in
1651 2186 1735 2225 Mai
1749 2184 1847 2224 Coll.
1862 2184 2019 2235 Scriptt.
2032 2182 2161 2219 Vatic.

1295 2245 1340 2285 T.
1355 2245 1582 2297 111.p.444.
1599 2248 1758 2283 cautus:
1784 2245 1939 2284 acutus,
1970 2238 2162 2282 callidus,

1294 2303 1468 2354 sapiens,
1480 2302 1683 2354 prudeus.
1699 2303 1788 2349 etp.
1802 2301 1895 2338 446.
1922 2297 2162 2347 circumspe-
2194 2310 2202 2343 j,

1293 2361 1484 2398 ctissz’me:
1509 2359 1626 2397 nimis
1646 2360 1781 2401 acute,
1812 2355 1877 2393 ubi
1895 2357 2024 2391 tamen
2045 2355 2164 2391 caute

1292 2415 1502 2468 praefero]

1346 2471 1584 2524 parricida,
1599 2470 1795 2510 denudas.
1829 2465 2075 2520 [Parricida
2088 2463 2165 2502 hoc
2188 2510 2194 2514 ..

1294 2528 1382 2567 loco
1408 2541 1478 2580 pro
1499 2527 1721 2566 ηιαΐνίσίιία
1739 2525 1881 2564 dictum
1901 2526 1981 2568 est,
2006 2524 2047 2560 111
2062 2518 2164 2572 apud
2188 2535 2201 2571 s

1295 2586 1442 2625 Arnob.
1468 2582 1532 2622 Ill.
1558 2587 1623 2624 23.
1654 2582 1895 2633 Puerperiis
1918 2580 2022 2619 Iamo
2043 2590 2165 2630 prae·
2192 2578 2204 2598 v'

1291 2642 1436 2694 posita
1467 2644 1540 2686 est,
1573 2644 1610 2678 ct
1635 2638 1867 2678 auxiliatur
1889 2633 2166 2690 yeneirIct'bus

1293 2699 1422 2751 foetis
1429 2711 1442 2743 3
1455 2702 1494 2736 et
1504 2701 1675 2735 matrum
1685 2697 1968 2733 intereuntem
1978 2689 2165 2744 quotidie
2187 2698 2192 2746 ξ

1296 2754 1427 2793 millia
1453 2750 1876 2806 parricidialibus
1911 2746 2079 2788 nia-ibus
2103 2747 2191 2799 iva-3

1296 2815 1527 2862 iem-emptae.
1541 2808 1627 2847 Nisi
1636 2807 1732 2846 sorte
1739 2806 1838 2844 velis
1851 2805 1901 2844 ad
1914 2804 2034 2843 verba
2044 2802 2167 2842 maio·
2186 2810 2190 2835 ¹

1296 2881 1359 2906 res
1372 2872 1479 2912 tuos,
1506 2878 1606 2917 quae
1617 2863 1873 2915 praecedunt,
1899 2862 1936 2899 in
1949 2861 2169 2900 universum
2185 2860 2199 2892 ⁸,

1297 2923 1512 2975 reseratur}
1533 2920 1752 2970 Colvio,qui
1769 2919 1971 2958 lectionem
1982 2915 2167 2957 denudas
2186 2909 2191 2938 '⁵

1297 2982 1424 3019 minus
1470 2980 1573 3018 bene
1619 2976 1825 3022 intellexit,
1873 2974 1998 3015 arrisit
2042 2972 2168 3024 magis
2185 2968 2195 3006 2?

1299 3036 1520 3075 emendatio
1541 3033 1754 3087 defrudet&
1770 3045 1870 3083 quae
1891 3032 2008 3069 etiam
2020 3028 2168 3076 Meurs,
2186 3059 2195 3065 ,,

1299 3093 1468 3132 Exci-cit.
1494 3091 1582 3129 crit.
1608 3089 1676 3129 lV.
1704 3093 1766 3129 17.
1792 3094 1831 3127 et
1856 3088 1946 3127 Crit.
1972 3084 2167 3134 AruobN,
2184 3075 2194 3111 ⁸·

1304 3153 1365 3191 13.
1398 3151 1435 3188 in
1466 3151 1636 3187 mentem
1659 3146 1853 3185 veniebat.
1905 3145 1987 3184 Sed
2012 3143 2168 3197 ineptis.
2184 3139 2219 3175 ‘²-
