2155 3590
636 152 824 192 LIBER
853 152 970 191 vm.
1030 151 1156 191 CAP.
1186 151 1376 192 XXVII.

1788 149 1874 192 735

97 265 254 306 crebros
291 266 490 314 referens,
529 264 634 304 velut
674 265 841 306 numinis
879 265 1009 305 divino
1046 264 1184 318 spiritu
1221 264 1415 317 repletus,
1453 262 1660 303 simulabat
1697 262 1869 302 sauciam

93 320 336 370 vecordiam,
369 334 530 374 prorsus
563 321 673 373 quasi
705 323 816 362 deum
848 321 1070 376 praesentia
1099 321 1252 361 soleant
1282 320 1457 360 homines
1483 333 1560 359 non
1586 319 1645 359 sui
1676 318 1761 359 fieri
1791 331 1868 358 me-

93 377 226 427 liores,
249 375 256 432 Ι
277 377 344 417 sed
369 377 513 417 debiles
539 377 640 417 effici
664 378 727 418 vel
752 378 919 432 aegroti.
1895 385 1958 418 583

93 525 340 555 numim’dicino
354 528 390 556 F.
407 529 434 556 1.
449 529 478 556 3.
493 529 528 556 G.
547 530 572 556 1.
588 530 618 557 ⁴2.
633 530 667 557 0.
680 530 717 557 D.
732 530 768 558 P.
784 529 803 557 f.
820 531 898 558 [unt.
916 531 942 557 1.
957 531 986 556 ¹2.
1001 530 1076 558 ΑΜ.

91 571 295 600 numer-idio.
311 581 340 608 p.
386 573 506 609 spirito
520 574 632 602 Venet.
648 571 677 602 4.

1101 531 1138 557 ln
1151 531 1222 557 cett.
1242 526 1386 555 numinis
1405 524 1524 553 divino.
1571 525 1704 554 nimium
1719 524 1828 553 dr'm‘no
1843 523 1872 554 δ.

724 572 958 602 verecundiam
973 582 1001 608 p.
1044 580 1198 609 prorsus.
1225 571 1335 608 Quasi
1349 573 1432 600 Elm.
1450 572 1545 600 Vulc.
1562 572 1591 599 2.
1617 572 1679 599 Sed
1698 572 1730 599 in
1745 572 1780 599 P.
1795 575 1823 599 et
1838 572 1873 600 F.

93 618 249 653 distingui
273 616 422 645 Prorsus
435 619 537 655 quasi
552 619 670 647 diserte
685 623 845 648 testantur
857 623 1008 654 excerpta
1022 620 1063 647 ad
1075 626 1176 654 marg.
1190 618 1293 653 Colv„
1307 625 1404 651 quum
1413 614 1558 643 Prorsus
1571 616 1754 644 maiuscula
1766 616 1875 644 littera

93 663 249 696 scriptum
267 663 320 692 sit.
371 661 446 697 Qua
465 661 628 691 sideorum
649 665 685 692 G.
708 666 736 693 1.

93 709 168 736 Bas.
182 708 267 737 Pric.
281 710 427 737 emendat
440 707 553 736 divini.
602 707 756 737 molem-es
769 711 863 738 Vulc.
878 711 907 738 ἱ).

150 842 322 880 numinis
345 842 485 880 divino
510 844 666 893 spirim.
699 841 955 881 Intolerabilis

94 901 157 935 est
181 898 408 949 optimorum
433 898 544 936 codd.
573 898 685 937 lectio
706 900 869 943 ηιιηιὶηἰ,
895 898 956 936 cui

94 967 144 991 ex
167 953 283 1004 longe
308 954 509 992 deterioris
527 960 642 993 notae
662 955 775 993 codd.
794 968 955 1005 praepo·

94 1011 154 1048 sui
173 1010 400 1061 scripturam
419 1011 603 1049 numinis.
637 1012 824 1055 Νἱιιιῐηιη,
850 1010 955 1061 quod

94 1065 194 1105 Oud.
212 1079 262 1104 ex
274 1066 383 1105 codd.
398 1066 684 1113 d'01·v.ma1uit‚
700 1067 955 1118 corruptelam

95 1136 188 1160 esse
213 1123 319 1161 vocis
344 1124 498 1163 numini
523 1123 611 1161 mihi
632 1137 862 1174 persuasum
882 1127 955 1168 est,

97 1193 330 1230 quamquam
344 1180 481 1218 infitias
499 1193 570 1217 non
587 1180 737 1225 iverim,
762 1181 876 1218 nimis
890 1193 956 1230 pro

94 1235 225 1281 valde,
251 1239 289 1273 et
315 1237 457 1275 nt'nu'ns
482 1250 548 1286 pro
576 1237 772 1275 mamimus
797 1250 818 1273 e
842 1236 958 1274 solita

94 1291 252 1343 Apuleii
277 1293 440 1342 eiusque
464 1292 586 1330 seculi
612 1297 650 1330 et
674 1305 785 1342 seqq.
811 1292 958 1329 ratione

94 1347 244 1386 dicendi
267 1349 427 1400 saepius
453 1348 546 1397 legi,
572 1352 610 1386 et
634 1349 796 1387 nimium
820 1348 959 1386 eadem

95 1404 287 1443 sententia
301 1404 335 1441 in
350 1417 423 1442 usu
437 1417 540 1442 esse.
566 1404 613 1442 cf.
627 1401 725 1443 Met.
739 1403 799 1442 lll.
814 1417 851 1454 p.
867 1408 958 1444 226.

96 1459 162 1498 IV.
188 1475 226 1513 p.
253 1464 344 1501 267.
378 1458 478 1498 Oud.
517 1460 566 1499 ad
603 1460 712 1498 Suet.
750 1460 958 1498 Grammat.

97 1531 129 1556 c.
155 1518 219 1558 24.
257 1516 337 1569 [De
362 1516 545 1555 adverbio
570 1517 685 1555 nimis
709 1516 755 1555 cf.
783 1515 883 1555 Cort.
910 1516 960 1554 ad

97 1573 242 1612 Lucan.
272 1572 338 1611 lv.
371 1576 462 1614 696.
498 1573 586 1611 Nec
622 1572 829 1612 molestum
866 1586 959 1611 esse

97 1631 268 1669 numinis
315 1629 454 1668 ‹liz-ino
500 1631 649 1682 spirita
686 1630 850 1681 probant
886 1629 959 1668 loci

97 1685 193 1725 Met.
219 1685 289 1724 Xl.
313 1699 350 1737 p.
375 1690 468 1726 752.
499 1687 672 1725 divino
696 1687 778 1725 eius
803 1686 962 1726 lmninis

97 1743 389 1794 numinisque
404 1747 515 1782 nutu.
529 1741 576 1781 ct'.
586 1742 634 1780 ad
643 1740 739 1781 Met.
750 1741 960 1794 IX.p.62o.

100 1798 269 1839 calcatis
292 1799 474 1838 divinis
497 1799 777 1838 umnim'bus.
820 1799 874 1837 At
899 1812 961 1836 ne-

97 1855 264 1906 gandum
289 1869 363 1893 non
388 1859 466 1901 est,
492 1855 594 1893 aliud
609 1855 698 1906 quid
711 1856 783 1893 sub
799 1854 962 1894 lectione

97 1913 252 1952 numini
266 1911 387 1950 latere
402 1911 532 1950 videri.
558 1911 621 1949 De
636 1912 801 1949 dictione
814 1912 962 1964 spirim

99 1968 276 2020 repletus
299 1967 348 2006 cf.
373 1967 470 2006 Ouz.
495 1968 545 2006 ad
570 1968 713 2006 Minue.
737 1967 819 2006 Fet.
839 1981 878 2018 p.
898 1971 962 2007 51.

99 2023 244 2062 Deder.
275 2023 324 2062 ad
353 2023 453 2064 Dict.
486 2023 585 2062 Cret.
618 2024 644 2061 1.
681 2029 740 2065 19.
764 2028 801 2062 et
827 2024 962 2062 Gloss.

99 2094 137 2132 p.
164 2079 279 2132 262.]

157 2138 334 2183 sauciam
367 2137 614 2182 vecordiam,
638 2151 808 2188 prorsus
835 2137 962 2190 quasi.

100 2191 146 2231 P.
161 2191 300 2230 Faber.
315 2193 461 2230 mavult
474 2198 663 2232 sanctam.
691 2193 769 2231 Sed
786 2194 963 2233 sauciam

101 2254 164 2288 est
187 2262 210 2287 a
234 2249 309 2286 deo
336 2252 549 2288 contactam
575 2254 614 2287 et
637 2249 828 2288 affectam.
853 2248 902 2288 cf.
914 2249 962 2288 ad

101 2305 247 2344 Lucan.
261 2305 312 2344 V.
335 2308 425 2345 119.
446 2310 484 2344 et
510 2309 595 2346 186.
621 2305 739 2344 Immo
760 2307 963 2356 sequentia

105 2363 219 2415 qnasi
256 2362 371 2401 deum
400 2364 633 2413 praesentia
665 2368 736 2400 etc.
773 2363 963 2407 evincunt,

101 2419 278 2458 sauciam
292 2431 384 2456 esse
399 2418 615 2469 legendum.
641 2418 741 2457 Nam
761 2432 963 2470 perperam

102 2474 233 2513 Barth.
263 2474 431 2514 Advers.
462 2473 525 2512 Ll.
563 2481 592 2515 l.
626 2488 661 2526 p.
693 2479 812 2516 2372.
842 2479 963 2513 totam

103 2531 203 2569 hanc
226 2533 455 2569 sententiam
483 2545 505 2569 a
532 2533 649 2583 quasi
681 2545 804 2582 usque
829 2531 878 2569 ad
903 2545 965 2570 ae-

101 2588 217 2640 yroti
238 2587 446 2633 inclusam.
472 2592 511 2626 ut
537 2587 736 2638 glossema
761 2587 903 2627 humile
928 2592 966 2626 et

103 2643 282 2695 plebeiae
319 2643 507 2683 futilitatis
544 2644 764 2695 proscribit,
802 2645 965 2695 iungens

104 2713 188 2738 cum
198 2700 354 2752 Vulgat.
363 2701 594 2740 vecordiam
604 2714 786 2751 prorsus.
803 2701 965 2752 Specta.

105 2755 188 2794 Sed
210 2769 259 2795 ex
283 2756 414 2796 adlato
432 2757 594 2796 Luciani
616 2757 700 2794 loco
725 2761 850 2808 patet,
876 2756 966 2794 nihil

105 2821 197 2850 esse
221 2813 460 2852 eiiciendum.
508 2812 627 2851 lmmo
659 2813 851 2864 iungenda
879 2818 970 2851 sunt

101 2882 273 2920 prorsus
307 2871 425 2922 quasi
458 2873 500 2908 ut
534 2869 573 2907 tit
608 2882 631 2907 a
662 2869 886 2908 Rom-delot.
917 2870 967 2908 ad

105 2923 260 2964 Heliod.
273 2938 310 2977 p.
324 2930 389 2966 74.
413 2926 616 2978 Nusquam
631 2925 733 2964 enim
751 2930 882 2964 auctor
900 2939 969 2977 per

106 2993 242 3019 vocem
262 2995 434 3034 prorsus
457 2982 601 3022 claudit
629 2983 846 3035 periodum,
880 2982 969 3020 licet

784 672 851 701 qna
870 663 995 692 donu'm'
1004 664 1207 700 praesentia
1227 663 1246 692 f.
1265 664 1303 692 R.
1319 663 1367 692 ed.
1381 670 1428 697 pr.
1441 662 1567 690 vicent.
1581 662 1696 690 Yenet.
1711 662 1741 689 2.
1756 663 1786 690 4.
1799 662 1872 689 Par.

1013 841 1161 881 centies
1193 854 1277 879 eam
1303 844 1477 891 usurpet,
1507 839 1579 878 sed
1611 852 1755 878 sensus
1779 852 1874 876 suos

1013 899 1126 936 etiam
1152 898 1342 935 connectit
1365 909 1434 948 per
1454 910 1624 948 prorsus
1650 896 1778 948 quasi.
1825 895 1876 934 cl'.

1012 954 1107 992 Met.
1124 953 1191 992 lX.
1206 968 1242 1005 p.
1253 958 1301 994 61
1312 958 1344 993 1.
1360 953 1550 992 clanculo
1560 953 1713 1003 furati,
1734 965 1875 1003 pror-

1012 1024 1088 1050 sus
1109 1011 1244 1062 quasi
1261 1014 1424 1061 possent
1442 1010 1547 1048 tanti
1565 1009 1770 1061 facinoris
1790 1021 1875 1047 eva-

1014 1067 1109 1105 dere
1132 1065 1388 1118 supplicium.

1072 1193 1151 1217 non
1171 1180 1234 1218 sni
1247 1179 1338 1231 fieri
1357 1179 1551 1217 meliores.
1600 1179 1698 1216 Sunt
1719 1178 1781 1229 qui
1796 1191 1876 1216 non

1016 1236 1095 1279 sui,
1122 1235 1232 1285 quasi
1253 1248 1326 1272 non
1347 1236 1381 1272 in
1397 1248 1468 1272 sua
1481 1238 1695 1285 potestate,
1719 1235 1877 1285 iungant

1017 1291 1104 1329 coll.
1125 1291 1220 1329 Met.
1237 1289 1282 1328 ll.
1301 1304 1337 1341 p.
1357 1295 1446 1331 121.
1466 1296 1593 1329 mente
1612 1291 1755 1330 viduus
1778 1304 1878 1329 neo-

1018 1348 1078 1386 clu
1089 1361 1123 1385 m
1147 1360 1250 1386 snus.
1277 1346 1359 1384 Sed
1383 1351 1461 1384 trun
1485 1347 1709 1385 necessario
1735 1346 1880 1397 aliquid

1017 1403 1147 1447 deest,
1172 1403 1273 1441 unde
1286 1403 1335 1442 N.
1350 1402 1486 1440 Heius.
1506 1403 1555 1441 ad
1569 1401 1877 1441 0vid.lt1et.X1.

1019 1463 1111 1499 723.
1143 1460 1178 1497 in
1210 1463 1378 1497 mentem
1408 1463 1566 1497 venerat
1589 1459 1762 1496 inserere
1797 1472 1879 1497 non

1017 1517 1096 1561 ειιὶ,
1123 1515 1235 1555 haud
1256 1517 1348 1568 fieri
1372 1516 1563 1555 meliores.
1608 1515 1752 1554 Verum
1777 1515 1879 1553 idem

1017 1573 1151 1611 statuit
1188 1573 1328 1610 rectius
1371 1572 1627 1623 graecismum
1664 1584 1758 1610 esse
1795 1583 1880 1609 cum

1018 1628 1142 1668 Isacio
1156 1627 1319 1667 Pontan.
1334 1627 1446 1667 Anal.
1461 1627 1526 1666 Ill.
1545 1628 1607 1669 17.
1629 1632 1668 1666 et
1681 1627 1880 1679 Scioppio‚

1021 1686 1085 1737 qni
1110 1688 1198 1723 ante
1224 1686 1258 1723 in
1286 1685 1403 1735 Susp.
1421 1683 1486 1723 lv,
1508 1684 1579 1736 Ep.
1595 1688 1632 1725 8.
1657 1686 1718 1724 sm'
1744 1685 1880 1722 eiicere

1019 1741 1204 1780 voluerat.
1231 1741 1279 1780 cf.
1299 1741 1348 1779 ad
1369 1741 1464 1779 Met.
1479 1740 1539 1779 lll.
1556 1755 1592 1793 p.
1610 1744 1699 1782 193.
1726 1742 1881 1792 meique

1019 1799 1238 1837 maioribus
1261 1797 1345 1836 lntt.
1370 1797 1420 1835 ad
1447 1797 1539 1836 Tac.
1565 1797 1663 1836 Hist.
1677 1797 1726 1835 V.
1745 1802 1779 1837 1.
1807 1797 1882 1836 Sui

1019 1855 1203 1893 meliores
1232 1858 1339 1898 sunt,
1371 1855 1434 1904 qui
1458 1854 1641 1892 meliores
1666 1853 1755 1892 sacti
1779 1857 1882 1898 sunt,

1021 1923 1135 1960 quam
1155 1915 1244 1949 ante
1263 1910 1428 1956 fuerant,
1453 1914 1494 1948 ut
1513 1908 1785 1961 πλουσιώτεροι
1803 1913 1882 1948 ἑαυ-

1020 1966 1104 2005 τῶν.
1131 1966 1307 2017 Thucyd.
1340 1966 1366 2004 l.
1397 1970 1452 2011 8.,
1485 1980 1599 2017 quem
1630 1966 1758 2004 locum
1781 1967 1883 2004 bene

1021 2023 1300 2061 adlevitssurm.
1321 2022 1360 2060 ln
1375 2036 1485 2074 seqq.
1501 2023 1595 2062 citra
1607 2023 1883 2061 necessitatem

1020 2079 1250 2118 Bourdelot.
1274 2079 1324 2118 ad
1348 2078 1501 2117 Heliod.
1528 2078 1591 2118 ΠΙ.
1622 2080 1656 2117 in
1682 2079 1742 2118 tin.
1779 2078 1886 2118 delet

1021 2137 1179 2174 verbum
1205 2138 1327 2188 effici.

1076 2250 1250 2301 aeyrott'.
1255 2248 1454 2316 [Lucian.
1466 2263 1509 2316 p
1525 2253 1616 2291 605.
1642 2253 1686 2300 τῇ
1711 2247 1752 2289 δὲ
1777 2265 1885 2289 υστε·

1019 2321 1110 2357 ραιᾳ
1129 2321 1351 2344 otuwzzoi
1356 2322 1396 2346 zo
1417 2304 1473 2345 ἐπ’
1486 2305 1607 2358 ἔργον,
1633 2303 1758 2371 ὥσπερ
1778 2304 1886 2345 αὐτοὶ

1020 2360 1059 2401 ἔ).
1063 2377 1161 2412 ⁸70²,
1187 2364 1249 2401 καὶ
1268 2358 1332 2413 τὴν
1356 2360 1451 2401 θεὸν
1469 2359 1780 2414 ἐνσκευασαμειοι
1805 2364 1886 2413 ἐμοὶ

1020 2417 1226 2487 ἕπε’θιῑνζιιι·
1252 2417 1331 2457 εἶτα
1344 2434 1382 2458 εκ
1396 2419 1459 2470 τῆς
1470 2417 1545 2459 mi).
1548 2435 1616 2464 em,
1630 2417 1711 2470 ἐξη).
1715 2417 1885 2469 (ιύιομει,

1020 2476 1083 2513 καὶ
1124 2473 1189 2526 τῂν
1223 2491 1311 2528 χωρ.
1304 2491 1349 2514 .ιν
1389 2491 1609 2528 περιιιειμεν.
1662 2479 1756 2515 {nav
1786 2474 1819 2515 δ’
1838 2478 1885 2521 εἰς

1023 2547 1150 2583 κωμην
1173 2530 1256 2570 zm}
1278 2531 1366 2576 sz’gssae)
1375 2536 1522 2581 stom-51,
1555 2530 1625 2584 ε’)εὸ
1654 2548 1697 2582 μ
1704 2548 1721 2570 ν
1745 2529 1764 2571 ο’
1792 2536 1886 2570 θεο-

1023 2586 1186 2639 φόρητος
1217 2586 1393 2639 ἱστάμην,
1430 2587 1450 2628 ὁ
1488 2587 1527 2627 ‹3⁴3-
1565 2585 1727 2639 αὐλητὴς
1746 2584 1887 2658 ὅμιλος

1023 2642 1162 2695 dquam,
1187 2643 1338 2690 ἔνθεον,
1365 2648 1401 2684 οἰ
1422 2645 1463 2684 δὲ
1487 2642 1554 2690 τὰς
1577 2647 1709 2696 μίτρας
1734 2643 1886 2696 ἀποροί-

1022 2712 1163 2752 ψαντες
1188 2698 1253 2752 τὴν
1277 2703 1396 2751 usqam).
1402 2697 1443 2752 ip
1467 2698 1644 2740 κατωθεν
1668 2704 1707 2739 ἐκ
1731 2704 1799 2739 τοῦ
1824 2699 1887 2740 αὐ-

1022 2756 1124 2809 χένος
1153 2759 1360 2801 ἑλισσοντες
1368 2789 1377 2804 ,
1416 2766 1490 2802 τοῖθ
1525 2757 1667 2808 ξιᾳεσιι
1675 2756 1887 2822 ἕτέμνο-ντο

1024 2829 1112 2858 τους
1130 2817 1272 2865 πήχεις,
1298 2815 1362 2852 καὶ
1380 2811 1445 2865 τὴν
1457 2816 1625 2865 γλῶτται
1636 2813 1711 2852 τῶν
1724 2810 1888 2852 ὀδόντων

1026 2866 1271 2922 ὑπερβαλλων
1301 2869 1458 2914 ἕκαστος
1487 2868 1610 2921 ἔτεμνε
1640 2871 1702 2908 καὶ
1734 2868 1888 2921 ταύτην·

1026 2922 1120 2966 ὥστε
1135 2929 1172 2965 ἐν
1184 2923 1321 2979 ἀκαρεῖ
1334 2923 1457 2965 πάντα
1475 2928 1696 2977 πεπλῆσθαι
1714 2927 1889 2978 μαλακοῦ

1026 2981 1219 3033 αἵματος]
