2221 3667
297 118 408 160 1074
551 116 598 155 L.
629 115 850 155 APULEII
881 115 1279 157 MADAURENSIS
1308 117 1853 161 METAMORPHOSEON

297 229 493 268 elementa
523 227 718 279 rcmeavi3
753 234 867 268 nocte
898 227 1024 269 media
1056 228 1137 268 vidi
1167 229 1289 269 solem
1316 229 1481 269 candido
1513 239 1786 272 coruscantem
1811 233 1978 274 lumine:
2007 234 2099 274 deos

173 290 272 331 1269]
298 285 450 325 inferos
485 290 525 324 et
560 284 652 324 deos
689 297 855 337 superos
892 284 1044 326 accessi
1064 284 1070 340 Ι
1093 299 1248 336 coram,
1287 292 1326 326 et
1356 286 1522 327 adoravi
1552 287 1598 327 de
1630 301 1838 341 proxumo.
1899 289 2006 331 Ecce
2031 290 2101 330 tibi

301 340 438 390 retuli,
478 352 578 393 quae
615 340 794 393 quamvis
830 341 964 381 audita
999 341 1162 395 ignores
1198 349 1330 382 tamen
1367 356 1531 383 necesse
1564 350 1639 384 est.

1702 343 1814 398 Ergo
1846 346 1947 398 quod
1977 347 2101 386 solum

296 403 426 452 potest
450 396 535 437 sine
560 395 714 451 piaculo
741 397 790 437 ad
814 398 1069 452 profanorum
1095 397 1378 453 intelligentias
1404 399 1626 452 enuntiari,
1659 402 1847 442 referam.

843 583 1242 631 CAPUT
1334 584 1563 633 XXIV.

409 712 532 755 Mane
575 715 723 755 factum
766 723 847 766 est,
893 722 933 756 et
969 717 1155 781 perfectis
1193 717 1435 758 solemnibus
1471 718 1650 773 processi
1687 719 1889 760 duodecim
1926 726 2106 760 sacratus

297 771 432 822 stolis,
462 771 596 811 habitu
621 772 779 825 quidem
803 772 995 826 religioso
1020 773 1140 824 satis,
1175 775 1244 815 sed
1269 775 1383 815 effari
1412 776 1460 816 de
1490 789 1537 816 eo
1563 775 1670 816 nullo
1694 776 1854 817 vinculo
1880 775 2106 840 prohibeor,

299 829 438 882 quippe
470 829 571 881 quod
603 835 696 868 tunc
729 829 914 883 temporis
945 830 1083 871 videre
1114 838 1346 885 praesentes
1377 832 1550 886 plurimi.

1607 831 1791 886 Namque
1822 833 1862 872 in
1889 832 1974 887 ipso
1999 832 2108 872 aedis

298 899 437 926 sacrae
473 885 690 925 meditullio
727 892 817 926 inte
856 887 954 927 deae
990 887 1246 928 simulacrum
1284 889 1540 929 constitutum
1572 889 1746 929 tribunal
1777 889 1988 944 ligneum
1977 903 2109 930 iussus

297 941 524 997 superstiti,
563 941 727 997 byssina
758 944 913 997 quidem
944 944 1014 984 sed
1045 944 1182 985 floride
1214 945 1366 1000 depicta
1395 952 1507 987 veste
1539 946 1790 1001 conspicuus.

297 1081 470 1110 temeravi
487 1083 509 1112 f,
557 1080 734 1112 candidum
760 1087 997 1112 coruscantem.
1023 1083 1132 1113 lumen
1151 1085 1188 1114 L.

1852 945 1907 987 Et
1936 946 2109 987 humeris

1236 1093 1385 1123 superos.
1411 1082 1614 1116 Act-essina
1628 1087 1832 1122 distinguunt
1847 1088 1882 1116 G.
1897 1088 1936 1116 D.
1957 1089 1989 1115 et
2001 1093 2112 1115 omnes

298 1130 368 1158 edd.
383 1132 460 1157 vett.
474 1136 579 1163 usque
592 1129 632 1156 ad
647 1130 738 1159 Colv.
773 1130 909 1167 ignores
925 1132 1038 1157 tamen
1051 1129 1190 1158 credere
1203 1139 1336 1160 necesse
1350 1135 1402 1160 esc
1418 1134 1453 1161 G.
1468 1134 1504 1161 P.
1531 1127 1646 1171 (eliam
1661 1133 1694 1161 in
1708 1133 1873 1167 excerptis
1892 1133 1931 1161 ad
1946 1139 2047 1167 marg.
2061 1133 2111 1160 ed.

298 1173 410 1210 Colv.)
429 1176 468 1203 D.
481 1176 518 1203 Ι..
534 1175 556 1204 f.
570 1177 714 1206 Scriver.
728 1176 896 1205 uncinulis
911 1174 1048 1203 credere
1061 1176 1207 1206 inclusit.
1232 1177 1393 1207 Pricaeus
1408 1178 1569 1213 probavit.
1617 1185 1676 1216 ego
1692 1179 1729 1208 D.
1776 1178 1806 1206 is
1819 1176 1895 1205 inde
1902 1176 2042 1214 piaculo
2056 1186 2112 1213 pro

298 1218 516 1256 simpiaculo
531 1222 566 1250 Ο.

385 1262 601 1302 perficlz’om‘s
612 1269 652 1296 D.
699 1265 973 1295 solemnitatibus
986 1266 1022 1295 1..

1069 1268 1224 1296 sacratis
1238 1269 1274 1297 G.
1286 1269 1323 1297 L.
1339 1269 1376 1297 P.
1398 1277 1430 1304 p.
1455 1267 1609 1297 sace-atis
1626 1270 1666 1298 D.
1714 1267 1815 1297 scolis
1825 1270 1864 1298 D.
1912 1266 1972 1296 deo
1997 1275 2052 1303 pro
2076 1265 2115 1294 de

299 1317 335 1336 eo
349 1311 388 1338 D.
429 1310 674 1348 pulcerrimum
687 1321 744 1349 pro
751 1311 898 1350 plurimi
908 1313 1043 1342 mirifice
1055 1315 1152 1342 habet
1165 1315 1205 1342 D.
1253 1322 1399 1352 namque
1419 1318 1549 1345 nonest
1572 1315 1607 1344 in
1632 1316 1668 1344 G.
1689 1316 1725 1344 P.
1738 1317 1778 1345 D.
1826 1314 1915 1343 astit
1933 1315 1969 1344 Ο.

300 1420 333 1470 §.
357 1420 445 1462 XII.
471 1423 507 1460 in
533 1421 673 1463 Polen.
699 1420 838 1488 Suppl.
866 1422 989 1463 Thes.
1013 1423 1175 1475 Antiqq.

302 1476 347 1516 T.
373 1477 418 1518 ll.
444 1493 482 1531 p.
509 1483 622 1526 897.
646 1481 711 1520 ubi
735 1481 822 1518 sine
848 1479 965 1518 dubio
990 1480 1175 1531 typothe-

301 1538 425 1573 tarum
444 1549 572 1574 errore
592 1551 660 1588 pro
683 1537 902 1589 confinium
922 1536 1060 1587 legitur
1085 1551 1177 1577 con-

302 1591 447 1631 silium.
489 1592 619 1633 Multa
644 1607 744 1645 quae
770 1592 845 1631 huc
869 1594 1064 1644 pertinent
1087 1608 1177 1632 con-

303 1653 513 1698 gesseumt
527 1648 748 1689 casaubon.
763 1654 802 1688 et
815 1649 984 1689 Salmas.
998 1650 1049 1689 ad
1062 1650 1178 1688 Lam-

303 1704 401 1756 prid.
428 1704 629 1746 Co.mm0d
655 1720 687 1745 c.
715 1710 751 1746 9.
778 1719 814 1757 p.
830 1709 911 1746 498
937 1720 997 1758 Sq.
1024 1707 1177 1745 Meurs.

305 1760 443 1800 Eleus.
474 1776 504 1800 c.
535 1767 597 1803 11.
627 1762 705 1801 Dio
732 1761 836 1813 Chry
839 1765 1044 1801 sostomus
1069 1762 1178 1802 Orat.

307 1821 372 1857 12.
414 1816 542 1858 πολλὰ
584 1817 733 1871 ὁρῶντα
773 1834 936 1870 μυστικα
982 1816 1179 1871 θεάματα,

304 1875 458 1913 πολλῶν
499 1876 540 1915 δὲ
580 1873 772 1916 ἀκούοντα
813 1872 993 1916 τοιούτων
1028 1880 1179 1928 φωνῶν·

303 1927 464 1976 σκότους
487 1948 526 1972 τε
552 1948 616 1972 και
640 1929 766 1985 φωτὸς
790 1930 952 1980 ἐιαλλὰξ
971 1932 1075 1984 αυτῷ
1095 1949 1179 1984 φαι-

303 1987 484 2039 νὀμενων,
508 1986 635 2029 ἄλλων
658 2005 698 2029 τε
722 1992 860 2043 μυρίων
889 1990 1127 2044 γειομένων]

364 2100 453 2141 CAP.
468 2101 620 2143 XXIV.
667 2109 865 2145 sacratus.
902 2105 983 2157 [De
997 2104 1071 2143 hac
1083 2118 1182 2143 voce

308 2157 355 2196 cf.
392 2157 554 2198 Herald.
590 2160 642 2199 ad
671 2161 819 2199 Arnob.
839 2161 888 2201 V.
916 2166 980 2202 21.
1018 2176 1055 2214 p.
1087 2166 1182 2203 310.

309 2214 356 2253 Τ.
382 2214 427 2253 II.
454 2214 577 2254 Orell.
610 2218 709 2255 Sunt
734 2219 835 2256 enim
859 2219 1043 2271 iniciata]

365 2271 588 2312 duodecim
611 2274 736 2313 stolis.
786 2274 849 2312 De
874 2275 937 2313 his
961 2274 1184 2315 Beroaldus

307 2326 408 2366 haec
423 2328 598 2367 adnotat:
622 2331 823 2375 „Attende
841 2330 905 2370 hic
918 2333 1044 2372 stolas
1058 2332 1184 2383 accipi

309 2397 377 2435 pro
403 2386 574 2426 vestibus
586 2387 926 2435 sacerdotalibus,
946 2389 1047 2428 sicut
1065 2389 1183 2428 hodie

308 2441 435 2479 stolas
461 2442 623 2481 induunt
647 2445 767 2482 nostri
791 2446 1043 2492 sacerdotes,
1076 2446 1183 2497 quod

309 2501 349 2535 et
375 2499 557 2538 orarium
583 2504 732 2539 vocant.
781 2500 883 2539 Hinc
914 2502 1009 2541 illud
1034 2502 1182 2542 XXIII.

309 2554 554 2593 distinctione
578 2557 765 2608 scriptum
798 2562 878 2606 θεῖς
910 2558 1184 2599 ecclesiastica

310 2611 550 2649 institutione
564 2614 776 2663 praefixum
792 2616 985 2661 novimus,
1000 2620 1042 2655 ut
1055 2617 1182 2654 omnis

308 2667 498 2706 sacerdos
531 2682 616 2708 cum
646 2670 839 2710 ordinatur
870 2673 993 2711 orario
1018 2676 1184 2723 utroque

308 2723 470 2763 humero
494 2726 700 2772 ambiatur,
734 2741 805 2765 nec
829 2728 880 2767 ad
903 2729 1096 2767 solemnia
1119 2743 1183 2768 sa-

310 2780 449 2818 crificia
478 2783 643 2822 accedat
672 2784 746 2822 nisi
771 2785 896 2824 orario
924 2790 1090 2837 utroque
1115 2786 1184 2825 hu-

308 2850 415 2875 mero
430 2837 729 2892 circumseptus,
755 2841 808 2880 ita
820 2846 861 2881 ut
874 2841 924 2881 de
936 2857 1011 2881 uno
1026 2843 1182 2882 eodem-

310 2907 387 2944 que
406 2895 529 2933 orario
549 2897 740 2936 cervicem
758 2899 902 2950 pariter
921 2904 959 2938 et
977 2903 1183 2950 utrumque

309 2949 510 2989 humerum
536 2958 698 3003 piemat.
769 2954 885 2995 Alias
915 2956 1022 2996 stola
1047 2956 1185 2995 dicitur

307 3007 434 3045 vestis
460 3010 706 3058 matronalis,
731 3011 836 3051 unde
855 3012 1026 3053 stolatus
1038 3014 1185 3065 pudor

306 3075 375 3113 pro
408 3078 475 3103 ma
488 3067 671 3107 tronalis.
739 3067 833 3107 Ideo
869 3073 1001 3109 autem
1035 3070 1187 3109 videtur

308 3119 458 3159 dixisse
506 3123 723 3165 duodecim
758 3124 872 3166 stolis
908 3139 954 3165 se
989 3131 1188 3168 sacrattun

1235 1426 1487 1475 processisse
1535 1429 1693 1478 propter
1743 1424 1953 1463 duodecim
2000 1425 2114 1475 signa

1238 1482 1398 1521 zodiaci.
1429 1481 1641 1533 Namque
1632 1497 1668 1521 m
1690 1482 1922 1521 cerimoniae
1936 1480 2116 1520 Iudaicae

1237 1539 1437 1590 mysteriis
1462 1538 1667 1577 duodecim
1695 1552 1820 1590 panes
1846 1540 1881 1576 in
1906 1551 2045 1576 mensa
2068 1539 2116 1575 si-

1239 1596 1473 1646 gnificabant
1487 1595 1669 1633 circulum
1690 1595 1899 1633 duodecim
1920 1595 2116 1645 signorum

1239 1656 1359 1702 'itque
1390 1665 1532 1690 annum
1562 1651 1772 1690 duodecim
1802 1652 2002 1689 mensibus
2028 1650 2118 1689 divi-

1240 1721 1340 1746 sum.
1397 1709 1563 1759 Septem
1600 1721 1693 1746 vero
1737 1707 1922 1747 lucernae
1959 1707 1995 1745 in
2032 1708 2118 1759 ipso

1242 1764 1479 1803 candelabro
1504 1768 1663 1815 septem
1686 1764 1870 1816 planetas
1889 1764 2120 1804 indicabant.

1242 1820 1283 1859 In
1315 1823 1440 1861 sacris
1472 1822 1609 1860 litteris
1641 1835 1826 1860 numerus
1858 1820 2121 1860 duodenarius

1241 1878 1405 1917 refertur
1424 1878 1476 1918 ad
1490 1878 1698 1916 duodecim
1714 1878 1835 1916 tribus
1849 1877 2120 1916 israeliticas-⁶

1300 1936 1344 1974 in
1368 1936 1463 1988 ipso
1487 1936 1603 1974 aedis
1626 1938 1770 1975 sacrae
1789 1934 2028 1974 meditullio.
2061 1933 2120 1985 [ln

1242 1991 1372 2030 medio
1393 1991 1542 2044 templo
1562 1991 1812 2031 simulacrum
1831 1994 1915 2030 crat
1938 1990 2121 2032 numinis:

1245 2050 1304 2087 cui
1330 2049 1521 2100 templum
1548 2049 1717 2087 dicatum
1742 2052 1841 2094 erat,
1878 2047 1927 2088 cs.
1952 2047 2120 2087 Turneb.

1243 2106 1335 2144 Adv
1339 2119 1416 2144 ers.
1424 2104 1475 2144 X.
1483 2110 1543 2146 11.
1553 2120 1590 2158 p.
1601 2109 1693 2146 314.
1699 2103 2124 2157 Virg.Georg.lll.16.]

1300 2163 1454 2216 floride
1480 2163 1662 2214 depicta.
1712 2161 1887 2214 [Spanh.
1912 2161 1964 2200 ad
1989 2160 2123 2200 Iulian.

1246 2218 1421 2258 Probatt.
1437 2233 1473 2270 p.
1490 2223 1584 2260 218.
1600 2219 1663 2258 ed.
1678 2218 1848 2270 francog.
1864 2217 1985 2257 Clem.
1999 2215 2124 2257 Paed.

1247 2275 1292 2314 II
1324 2280 1385 2317 10.
1417 2274 1456 2315 αἱ
1486 2284 1565 2321 τοῖς
1599 2273 1758 2315 ἄνθεσιν
1782 2274 1939 2315 ἐοικυῖαι
1963 2274 2124 2325 ἐσθῆτες

1248 2334 1451 2385 Βακχικοῖς
1485 2331 1549 2372 καὶ
1591 2335 1815 2380 τελεστικοῖς
1855 2329 2124 2372 καταλειπτεάι

1244 2388 1409 2442 λήροις]

1304 2452 1343 2486 et
1365 2447 1551 2486 lzmneris.
1610 2447 1841 2498 Elegantius
1871 2446 1958 2484 sine
1983 2444 2124 2498 copula

1248 2517 1335 2542 cum
1377 2502 1541 2542 Piccart.
1584 2502 1712 2542 Peric.
1761 2501 1853 2542 Crit.
1896 2517 1927 2542 c.
1974 2506 2037 2544 16.
2085 2506 2127 2540 et

1246 2562 1383 2600 Arntz.
1413 2561 1461 2599 ad
1495 2560 1635 2599 Aurel.
1662 2560 1764 2599 Vict.
1797 2559 1847 2598 de
1882 2559 1966 2600 Vir.
2000 2558 2124 2598 Illust.

1248 2632 1281 2657 c.
1308 2622 1373 2658 21.
1398 2617 1477 2669 legi
1502 2631 1556 2656 ex
1583 2618 1775 2663 humeris,
1806 2620 1848 2655 ut
1877 2616 1983 2667 apud
2007 2615 2124 2655 ovid.

1247 2688 1457 2727 aureaque
1482 2674 1560 2712 Ea:
1593 2674 1801 2713 humeris
1831 2673 1984 2712 medios
2009 2686 2125 2712 coma

1248 2731 1511 2783 dependebat
1524 2732 1568 2769 in
1583 2744 1717 2770 armos
1728 2729 1924 2768 sententia
1936 2733 1997 2767 est
2005 2728 2122 2774 Qud..

1248 2801 1365 2838 quam
1379 2787 1562 2838 equidem
1577 2787 1744 2838 probare
1763 2798 1929 2836 nequeo.
1972 2785 2125 2824 Eadem

1246 2844 1395 2883 ratione
1407 2844 1608 2895 Apuleius
1620 2842 1719 2882 Met.
1728 2842 1779 2882 X.
1792 2857 1830 2894 p.
1840 2846 1932 2883 736.
1948 2842 2126 2882 amicula

1245 2901 1458 2941 humeris
1481 2901 1708 2954 defluentia
1733 2899 1840 2941 dixit.
1873 2898 1998 2951 [Virg.
2023 2899 2127 2937 Aen.

1251 2956 1387 2998 l.730.
1415 2958 1697 3010 dependent
1721 2956 1858 3010 lychni
1883 2955 2126 3007 laqueari-

1250 3014 1443 3054 bus-altis
1456 3019 1496 3053 et
1509 3012 1682 3054 V1.301.
1705 3027 1764 3052 ex
1783 3012 1992 3051 humeris
2011 3013 2127 3052 nodo

1251 3071 1502 3124 dependet
1543 3071 1732 3116 amictus,
1780 3068 1884 3107 unde
1915 3072 2129 3120 'utramque

1250 3129 1579 3168 constructionem
1607 3129 1642 3166 in
1667 3139 1741 3164 usu
1767 3125 1890 3165 fuisse
1914 3126 2108 3164 evincitur.
2112 3127 2129 3177 j
