2155 3590
657 148 846 188 LIBER
875 149 948 187 Vl.
1008 148 1136 188 CAP.
1166 146 1290 187 XIX.

1794 144 1875 187 463

98 273 144 300 ae
167 259 304 300 deinde
335 273 456 301 avaro
493 261 650 301 navitae
675 261 764 301 data
795 274 909 315 quam
934 273 1215 302 reservaveras
1239 258 1354 312 stipe,
1383 257 1625 311 transitoque
1650 257 1734 298 eius
1759 256 1877 297 fluvio

97 316 300 364 recalcans
335 316 468 371 priora
502 316 673 372 vestigia
708 317 756 357 ad
790 317 909 358 istum
946 317 1171 358 caelestium
1202 315 1373 356 siderum
1403 314 1531 354 redies
1563 313 1738 354 chorum.

1802 311 1881 354 Sed

97 457 224 483 nautae
241 453 272 485 δ.
291 457 326 485 0.
352 454 475 491 (neque
495 464 571 485 vero
589 457 623 485 in
643 458 696 493 Gn,
722 461 757 485 ut
769 457 802 485 in
815 457 978 491 excerptis
992 457 1070 485 Oud.
1084 456 1183 492 erat.)
1205 457 1241 484 B.
1255 457 1285 484 et
1298 455 1368 483 edd.
1383 461 1493 482 omnes
1506 455 1582 482 vett.
1597 456 1723 487 praeter
1736 454 1820 481 Ium.
1835 454 1883 489 2.,

98 504 162 529 tum
173 502 268 530 Vulc.
282 504 313 531 2.
328 502 416 530 Colv.
439 503 477 530 In
490 502 539 531 ed.
554 510 600 536 pr.
615 505 663 530 est
676 509 785 529 avaro
799 505 912 529 nante.
948 500 1140 529 servaveris
1154 502 1189 530 0.
1214 505 1415 528 servaveras
1428 500 1503 527 Bas.
1521 500 1548 526 1.
1563 505 1619 532 pro
1633 504 1884 525 reservaveras.

96 545 213 581 stipem
230 548 313 575 Iuni.
337 548 366 575 1.
384 548 415 575 2.
434 547 510 575 ΑΜ.
534 548 572 575 In
591 547 680 576 codd.
701 550 731 575 et
749 548 819 575 edd.
839 550 912 575 cett.
926 549 1012 575 extat
1034 546 1130 583 stipe.
1179 543 1327 574 recolens
1340 545 1376 573 F.
1392 545 1421 572 1.
1435 545 1465 572 3.
1486 545 1522 572 G.
1536 544 1572 571 P.
1587 541 1626 571 D.
1641 542 1663 571 f.
1678 551 1710 577 φ.
1725 543 1759 571 Ο.
1775 550 1806 577 p.
1829 544 1884 571 In-

97 594 172 620 cert.
185 590 312 619 recoles
324 588 353 620 ὃ.
377 592 415 620 111
434 595 507 620 cett.
521 593 610 621 codd.
624 595 655 620 et
667 592 736 620 edd.
751 590 940 620 recalcans.
988 590 1118 619 rediens
1136 592 1173 620 P.
1220 589 1348 618 horum.
1396 587 1462 617 Sed
1478 588 1583 617 Paris.

151 713 325 752 navitae.
397 712 507 765 [Non
545 712 674 751 solum
714 717 854 765 poetas
890 713 964 751 sed

97 769 220 807 etiam'
243 770 446 820 prosaicos
482 771 620 809 navita
659 783 727 820 pro
766 773 962 807 contracto

99 830 226 864 nauta
269 824 439 871 dixisse,
482 839 546 864 res
589 829 652 864 est
686 827 890 864 notissima
925 828 965 863 et

98 880 235 920 lexicis
248 885 312 920 sat
329 885 462 933 potest
481 881 702 921 confirmari.
728 881 814 920 Hoc
833 885 963 920 tamen

97 937 188 975 mihi
213 938 451 976 observasse
478 939 617 983 videor,
643 939 889 989 potissimum
914 938 964 976 de

99 992 290 1032 Charonte
315 994 522 1033 inferorum
552 995 735 1046 portitore
764 994 865 1032 hanc
890 994 963 1032 for-

96 1059 197 1088 mam
223 1050 304 1088 fere
326 1051 472 1101 ubique
489 1052 669 1102 usurpari
688 1051 791 1103 apud
804 1054 963 1089 veteres

95 1104 251 1145 Petron.
288 1121 320 1146 c.
359 1109 453 1147 121.
490 1121 522 1145 v.
564 1111 653 1147 116.
690 1109 762 1146 vix
798 1108 965 1146 navita

96 1163 338 1203 Porthmeus
361 1163 470 1215 Virg.
496 1165 596 1201 Aen.
611 1163 678 1201 Vl.
705 1167 800 1203 385.
826 1164 965 1201 navita

99 1233 201 1271 quos
235 1221 316 1258 iam
350 1220 447 1258 inde
481 1224 528 1258 ut
562 1219 711 1272 Stygia
742 1219 967 1270 prospexit

97 1275 147 1314 ab
162 1275 286 1314 unda.
311 1275 451 1314 Senec.
467 1274 579 1314 Herc.
595 1275 683 1312 Oet.
703 1278 820 1315 1917.
835 1276 965 1313 iamne

98 1331 251 1370 Elisias
265 1331 301 1369 O
314 1336 408 1370 nate
421 1331 562 1370 (lemos
586 1332 666 1370 iam
685 1331 803 1370 littus
827 1330 964 1375 habes,

97 1387 155 1427 acl
181 1388 293 1439 quod
313 1387 496 1439 populos
519 1388 684 1426 navita
712 1391 855 1425 vectat.
887 1385 964 1423 Oe-

99 1443 175 1493 dip.
194 1447 284 1483 172.
313 1445 464 1496 quique
480 1444 630 1495 capaci
643 1443 810 1482 turbida
824 1442 965 1495 cymba

98 1499 283 1539 Flumine
312 1504 446 1539 servat
482 1500 610 1538 durus
639 1500 750 1538 senio
782 1499 965 1537 Navita

99 1556 241 1595 crudo.
268 1555 367 1595 Stat.
393 1555 462 1594 Sil.
476 1555 527 1595 V.
550 1561 584 1596 1.
611 1560 704 1596 251.
730 1569 780 1594 ne
804 1554 968 1594 tardior

98 1612 211 1651 adsit
232 1611 386 1651 Navita
410 1612 515 1650 alibi.
541 1612 713 1662 Saepius
727 1615 855 1650 tamen
869 1610 969 1649 haec

80 1667 221 1711 vforma
245 1668 280 1706 in
305 1665 408 1707 Mss.
433 1671 578 1706 mutata
605 1672 667 1707 est
715 1668 763 1706 cf.
789 1666 893 1705 Mos.
919 1667 969 1706 ad

100 1722 176 1762 Cic.
190 1722 309 1763 Tusc.
321 1723 366 1763 ll.
386 1728 447 1765 10.
463 1723 507 1762 T.
522 1722 547 1762 l.
562 1737 599 1775 p.
614 1729 706 1765 477.
733 1723 790 1763 Ita
803 1723 968 1761 emendo

100 1779 202 1832 apud
210 1779 346 1819 Isidor.
360 1780 497 1819 GlosS.
510 1793 545 1831 p.
557 1784 649 1821 687.
662 1781 804 1821 nahita
817 1784 970 1820 nancta

101 1859 152 1865 -—
178 1838 316 1876 navita
339 1835 502 1889 nautea]

155 1894 272 1944 stipe.
322 1892 442 1946 [Oud.
475 1906 524 1931 ex
554 1893 660 1931 editt.
692 1892 787 1932 lunt.
814 1896 853 1930 et
879 1891 968 1930 Ald.

100 1950 246 2000 recepIt
283 1949 490 1987 lectionem
532 1951 697 2001 stipem,
736 1963 837 2000 quae
871 1961 969 1987 sanc

101 2004 395 2056 elegantissima
408 2009 481 2044 est.
507 2005 750 2056 Saepissime
765 2005 969 2043 0011115111)-

102 2061 326 2107 stantivum,
353 2061 458 2112 quod
483 2061 616 2099 ordine
641 2061 880 2112 praecedere
905 2060 970 2098 de-

101 2118 236 2163 bebat,
272 2118 437 2169 iungitur
472 2121 563 2168 post
597 2118 801 2156 relativum
833 2117 974 2154 eodem

102 2173 158 2212 illi
184 2186 288 2212 casu.
315 2173 362 2212 cf.
379 2172 479 2213 Cort.
498 2173 548 2212 ad
569 2172 647 2212 Cic.
669 2173 794 2225 Epist.
815 2172 865 2212 ad
884 2172 973 2211 Div.

102 2229 168 2268 lv.
185 2233 220 2270 5.
246 2229 276 2279 §.
300 2234 334 2270 1.
354 2243 439 2282 per
466 2243 566 2282 quos
585 2232 848 2282 propinquos
872 2227 973 2267 Oud.

104 2290 144 2324 et
159 2285 259 2324 Cort.
274 2286 324 2325 ad
343 2285 491 2325 Lucan.
506 2284 569 2323 Ill.
584 2290 674 2329 160.
690 2285 774 2324 Vll.
785 2289 880 2326 374.
903 2284 973 2323 IX.

104 2346 198 2383 465.
213 2342 368 2381 Ruhnk.
377 2343 427 2380 ad
436 2341 528 2381 Ter.
540 2341 767 2381 Andr.Prol.
778 2345 815 2382 3.
824 2341 924 2380 Dav.
935 2345 974 2379 et

104 2398 258 2437 Kuehn.
268 2397 520 2437 adCic.Tusc.
530 2397 556 2436 l.
567 2403 631 2439 24.
642 2402 706 2439 56.
717 2398 832 2436 Goer.
841 2396 973 2436 adCic.

105 2454 334 2496 Acad.l.80.
349 2459 414 2495 30.
429 2454 630 2493 Buttn1.ad
639 2454 762 2506 soph.
772 2453 974 2495 Phil.706.

105 2510 294 2562 Krueger.
308 2512 343 2549 in
359 2512 474 2549 libro:
509 2510 882 2561 Untersuclmnyen
902 2525 975 2551 aus

107 2568 198 2607 dem
213 2567 375 2608 Geblete
391 2569 464 2606 cler
479 2568 547 2607 lat.
569 2567 763 2619 Spraclzl.
782 2566 897 2605 Fasc.
911 2565 973 2605 lll.

107 2622 138 2673 ᾗ.
164 2628 230 2664 75.
254 2627 294 2662 et
317 2637 404 2675 sqq.
430 2623 526 2663 Met.
551 2623 620 2662 XI.
646 2637 683 2674 p.
710 2627 801 2663 796.
833 2636 974 2675 super-

108 2681 268 2720 veniunt
283 2681 337 2720 de
350 2682 515 2733 patria,
543 2694 644 2733 quos
662 2679 719 2718 ibi
732 2679 977 2731 reliqueram

106 2736 340 2788 famulos:
368 2737 449 2775 Sed
464 2741 598 2775 contra
609 2735 711 2774 Mss.
727 2749 862 2774 omnes
876 2739 976 2774 cete-

108 2805 250 2843 rasque
258 2792 449 2832 editiones
458 2793 549 2831 nihil
562 2796 678 2830 muto.
694 2791 868 2830 Orellius
876 2791 978 2831 hanc

109 2845 214 2887 Oud.
237 2849 548 2887 emendationem
573 2849 609 2886 in
633 2852 780 2886 textum
794 2847 976 2900 recepit]

165 2905 349 2945 recolens
356 2907 507 2957 priora
520 2906 708 2958 vestigia.
746 2903 978 2956 [Recolens.

111 2972 213 3010 quae
238 2963 465 3012 optimorum
490 2962 603 3000 codd.
637 2961 750 2999 lectio
777 2964 851 3006 est,
876 2973 978 2999 com-

112 3017 251 3067 probat
268 3018 338 3056 Vir
357 3018 496 3057 doctus
520 3018 556 3056 in
571 3017 687 3056 Misc.
706 3015 874 3055 Observ.
887 3016 978 3055 Vol.

111 3070 156 3110 11.
172 3071 294 3112 T.111.
309 3078 448 3125 p.393.
463 3073 526 3113 his
540 3074 686 3112 verbis:
712 3072 838 3112 Fulvii
854 3072 980 3112 codex

113 3125 232 3168 habet
260 3131 458 3177 recolens,
490 3131 595 3182 quod
625 3130 751 3181 magis
779 3129 981 3181 figuratum

1022 716 1083 750 est
1096 716 1134 750 et
1146 711 1286 750 melius
1299 711 1567 750 convenitcum
1575 709 1687 760 genio
1698 707 1885 746 Afrorum.

1023 768 1264 808 Generaliter
1293 771 1332 806 et
1361 768 1484 818 magis
1509 766 1663 817 proprie
1688 764 1786 802 haec
1810 777 1887 802 vox

1022 825 1071 863 de
1095 826 1221 863 anima
1243 826 1460 875 usurpatur.
1497 824 1644 860 Auctor
1657 821 1806 859 videtur
1820 821 1885 858 du·

1022 886 1106 920 ctus
1120 881 1170 919 ad
1183 880 1283 918 hanc
1297 880 1530 918 locutionem
1544 877 1692 929 Virgilii
1707 877 1886 915 versibus

1020 938 1119 975 Aen.
1133 936 1201 975 Vl.
1217 941 1308 977 680.
1334 937 1488 975 animas
1594 933 1796 974 lustrabat
1809 939 1886 973 stu-

1023 994 1094 1032 (Ζὶυ
1119 993 1348 1032 recolens.
1374 991 1564 1029 Lectores
1590 991 1800 1029 observare
1821 989 1886 1028 de-

1021 1051 1126 1095 bent,
1151 1050 1308 1087 verbum
1340 1048 1444 1100 apud
1468 1051 1671 1097 utrumque
1695 1049 1891 1084 auctorem

1023 1106 1161 1144 eadem
1204 1105 1410 1143 occasione
1451 1103 1638 1155 usurpari.
1688 1101 1739 1141 Et
1787 1101 1892 1153 quod

1022 1162 1112 1214 plus
1138 1164 1200 1198 est
1211 1160 1329 1212 Apul.
1344 1160 1440 1198 Met.
1454 1159 1502 1198 V.
1523 1174 1559 1211 p.
1575 1163 1669 1200 339.
1703 1159 1893 1199 Venerem

1023 1231 1148 1256 meam
1171 1216 1422 1255 recolentem.
1458 1214 1516 1253 lta
1539 1219 1581 1253 ut
1606 1216 1782 1253 omnibus
1810 1228 1893 1265 per-

1022 1273 1170 1324 spectis
1195 1272 1296 1311 hanc
1314 1272 1453 1310 iustam
1474 1271 1780 1309 emendationem
1801 1284 1894 1308 esse

1022 1333 1167 1380 putem.
1192 1328 1281 1366 vid.
1308 1328 1405 1365 Stat.
1432 1327 1528 1366 Silv.
1549 1327 1593 1366 ll.
1616 1331 1653 1367 3.
1677 1330 1742 1367 49.
1770 1326 1894 1365 Theb.

1023 1385 1051 1423 1.
1067 1389 1159 1426 667.
1186 1383 1252 1422 lv.
1276 1387 1367 1424 722.
1393 1382 1576 1422 Prudent.
1591 1382 1812 1434 peristeph.
1828 1382 1893 1421 IV.

1028 1445 1117 1482 159.
1145 1440 1307 1479 Forsan.
1324 1440 1541 1487 officietur,
1569 1439 1777 1490 Apuleium
1798 1439 1894 1477 Met.

1023 1497 1092 1536 IX.
1129 1511 1165 1548 p.
1199 1501 1291 1538 614.
1327 1496 1473 1535 hahere
1502 1497 1724 1548 reciproco
1754 1509 1896 1548 yressu

1026 1568 1124 1593 mea
1160 1553 1420 1593 recalcans
1458 1553 1678 1604 vestiyia.
1727 1551 1809 1590 Sed
1835 1551 1896 1590 hic

1028 1610 1139 1649 locus
1159 1613 1305 1648 tantum
1327 1624 1349 1648 a
1368 1612 1500 1647 nostro
1519 1608 1664 1654 differt,
1689 1611 1730 1646 ut
1745 1621 1895 1647 comoe-

1027 1667 1091 1705 dia
1116 1681 1139 1705 a
1163 1665 1372 1717 tragoedia.
1412 1664 1609 1704 sublimes
1636 1678 1755 1704 voces
1778 1665 1896 1704 rebus

1026 1722 1260 1761 sublimibus
1297 1722 1527 1760 conveniunt
1563 1725 1603 1760 et
1636 1721 1771 1760 ultima
1805 1734 1896 1772 pars

1027 1779 1246 1817 sententiae
1259 1779 1317 1818 acl
1330 1779 1564 1818 coelestium
1576 1778 1752 1824 siderum
1764 1778 1897 1816 redies

1029 1836 1196 1875 chorum
1222 1835 1408 1880 ostendit,
1440 1835 1634 1886 poeticum
1666 1833 1728 1872 hic
1751 1833 1897 1883 aliquid

1027 1892 1204 1942 requiri.“
1221 1891 1302 1930 Sed
1316 1895 1420 1930 recte
1435 1892 1510 1928 iam
1520 1890 1897 1928 viditBurm.eodem

1030 1946 1136 1993 loco,
1172 1947 1274 1985 haec
1299 1950 1402 1986 certe
1427 1950 1655 1997 argumenta
1679 1945 1769 1984 nihil
1796 1959 1897 1984 com-

1028 2004 1210 2054 probare.
1245 2003 1347 2041 Nam
1374 2001 1525 2054 Virgilii
1550 2002 1660 2042 locus
1685 2002 1897 2054 comparari

1028 2074 1103 2098 non
1118 2063 1263 2110 potest,
1288 2059 1323 2098 in
1350 2072 1426 2110 quo
1451 2059 1631 2099 recolere
1655 2059 1771 2109 plane
1797 2057 1898 2103 aliud

1033 2115 1240 2167 significat,
1277 2119 1317 2153 et
1351 2115 1401 2154 ad
1437 2115 1603 2155 animum
1635 2115 1696 2155 hic
1720 2116 1899 2166 pertinet.

1033 2172 1116 2210 Sed
1134 2172 1319 2212 recolens
1337 2171 1585 2225 nihilominus
1599 2173 1763 2218 retineo,
1785 2184 1900 2222 quum

1032 2229 1193 2279 saepius
1212 2241 1418 2273 renovare,
1444 2228 1677 2276 instaurare,
1702 2241 1901 2267 resumere

1032 2284 1221 2336 significet
1244 2298 1316 2323 nec
1335 2284 1464 2322 solum
1482 2284 1533 2323 ad
1545 2286 1771 2336 integratam
1785 2285 1900 2322 actio-

1031 2354 1120 2379 nem
1162 2341 1347 2380 festorum
1391 2344 1431 2378 et
1470 2354 1667 2380 sacrorum
1702 2341 1900 2385 referatur,

1032 2397 1080 2437 cf.
1117 2396 1247 2436 Burm.
1283 2397 1333 2435 ad
1359 2396 1447 2436 val.
1486 2396 1516 2435 F
1522 2397 1615 2436 lace.
1651 2397 1696 2437 ll.
1722 2401 1813 2439 395.
1851 2396 1901 2435 ad

1031 2454 1139 2505 Virg.
1171 2456 1270 2492 Aen.
1297 2452 1363 2492 Vl.
1397 2457 1488 2494 681.
1525 2452 1663 2492 Heins.
1698 2454 1747 2492 ad
1785 2453 1898 2491 Ovid.

1032 2509 1190 2550 Heroid.
1218 2510 1265 2549 V.
1295 2513 1384 2550 123.
1416 2509 1550 2548 Claud.
1577 2509 1694 2549 Cons.
1720 2509 1836 2548 Prob.
1862 2512 1901 2546 et

1032 2565 1171 2618 Olybr.
1182 2571 1273 2608 262.
1283 2566 1356 2606 sed
1365 2566 1415 2604 ad
1423 2566 1521 2606 alias
1537 2579 1692 2617 quoque
1706 2580 1770 2604 res
1785 2565 1900 2616 longe

1033 2623 1221 2661 diversas.
1237 2621 1512 2661 Tac.Ann.111.
1529 2627 1593 2662 72.
1619 2624 1765 2663 avitum
1779 2622 1901 2661 decus

1032 2680 1221 2719 recoluit.
1254 2678 1381 2718 Plaut.
1404 2678 1598 2717 Merc.lll.
1625 2683 1660 2719 2.
1687 2682 1723 2718 3.
1749 2678 1899 2716 Locum

1033 2734 1204 2775 Phaedr.
1234 2734 1262 2775 I.
1299 2739 1359 2776 18.
1396 2740 1429 2775 1.
1461 2734 1538 2773 11110
1574 2748 1659 2773 011111
1690 2733 1792 2773 Oud.
1823 2747 1898 2772 non

1034 2792 1234 2839 traxerim,
1263 2791 1329 2829 ubi
1359 2791 1540 2831 recolere
1571 2794 1634 2829 est
1664 2791 1809 2830 iterum
1831 2790 1900 2829 lea-

1035 2848 1176 2888 ln'tare.
1224 2847 1273 2886 cs.
1304 2846 1391 2886 Intt.
1420 2847 1471 2885 ad
1500 2846 1537 2885 11.
1568 2847 1592 2885 l.
1631 2844 1759 2892 Quum
1790 2846 1902 2897 igitur

1034 2905 1219 2944 recolere
1249 2905 1284 2942 in
1315 2904 1535 2942 universum
1560 2916 1628 2953 pro
1659 2907 1900 2948 restaurare,

1034 2974 1237 3000 renovare
1271 2963 1456 3011 ponatur,
1502 2958 1565 2997 hic
1607 2972 1683 2996 non
1719 2959 1899 3005 emendo,

1036 3029 1271 3068 quamquam
1295 3015 1515 3067 negandum
1535 3028 1608 3053 non
1624 3018 1699 3061 est,
1722 3015 1902 3055 recolere

1034 3071 1112 3112 hac
1134 3073 1414 3124 significatione
1443 3084 1600 3121 semper
1629 3070 1679 3109 ad
1702 3071 1901 3123 pristinum

1037 3132 1180 3168 statum
1205 3132 1245 3167 et
1268 3128 1427 3180 gloriam
1451 3128 1655 3168 restituere
1680 3128 1825 3180 aliquid
1849 3129 1900 3167 in-
