2155 3590
651 94 839 135 LIBER
863 95 940 137 IX.
995 95 1120 136 CAP.
1145 94 1264 135 XIX.
1781 95 1864 138 799

85 208 244 258 lumina,
272 214 311 248 et
335 206 554 262 opulentam
580 208 759 262 praedam
786 208 861 248 iam
888 207 1046 248 tenebat
1069 207 1197 248 animo
1224 207 1398 260 miroque
1422 206 1561 247 mentis
1587 206 1669 247 salo
1695 213 1733 247 et
1757 206 1864 262 cogi-

86 265 270 304 tationum
288 264 552 319 'dissensione
573 265 745 305 misellus
765 264 804 304 in
824 265 1001 305 diversas
1014 264 1228 304 sententias
1242 263 1475 316 carpebatur
1493 277 1538 304 ac
1557 263 1860 304 distrahebatur.

82 319 166 360 lllic
202 320 316 370 fides,
357 320 417 360 hic
454 320 625 370 lucrum,
663 321 743 360 illic
780 321 996 369 cruciatus,
1036 320 1095 360 bic
1124 319 1317 372 voluptas.
1367 319 1430 358 Ad
1461 326 1696 372 postremum
1731 327 1863 360 tamen

83 375 326 416 formidinem
358 376 494 416 mortis
520 376 613 417 vicit
643 390 794 417 aurum.
844 376 930 417 Nec
960 376 1097 416 saltem
1127 375 1251 429 spatio
1283 374 1418 428 cupido
1451 376 1645 416 formosae
1675 376 1863 430 pecuniae

81 432 320 482 leniebatur,
349 432 414 472 sed
442 439 654 472 nocturnas
679 433 794 472 etiam
821 446 936 473 curas
962 432 1164 472 invaserat
1186 430 1372 484 pestilens
1404 431 1593 481 avaritia,
1622 439 1663 471 ut
1687 432 1864 485 quamvis

81 488 215 528 herilis
252 503 337 529 eum
376 488 623 528 comminatio
656 489 755 530 domi
782 489 1000 537 cohiberet,
1041 502 1176 528 ¹aurum
1211 494 1338 526 tamen
1365 487 1470 526 foras
1503 495 1702 527 evocaret.
1751 488 1864 528 Tunc

81 544 267 585 devorato
293 545 438 598 pudore
464 552 503 584 et
527 545 670 584 dimota
695 545 934 593 contatione,
962 544 1018 583 sic
1042 544 1088 583 ad
1115 557 1230 583 aures
1256 542 1434 582 dominae
1454 543 1675 582 mandatum
1699 546 1859 596 perfert.

79 599 166 641 Nee
185 615 207 641 a
227 600 398 655 genuina
415 601 574 641 levitate
594 601 758 641 descivit
781 601 935 650 mulier,
964 601 1031 640 sed
1056 599 1299 640 exsecrando
1324 598 1480 638 metallo
1504 598 1726 652 pudicitiam
1752 614 1862 640 suam

80 657 255 710 protinus
280 664 483 697 auctorata
508 664 581 697 est.
626 656 685 697 Ita
711 657 852 710 gaudio
877 656 1058 710 perfusus
1082 656 1128 695 ad
1154 668 1248 695 suae
1273 654 1359 695 fidei
1385 654 1651 708 praecipitium
1675 656 1864 710 Myrmex

80 727 156 752 non
183 714 294 753 modo
321 727 480 768 capere,
506 712 512 768 Ι
535 727 668 754 verum
694 713 830 753 saltem
857 711 1108 765 contingere,
1141 725 1254 765 quam
1286 710 1409 752 exitio
1440 725 1511 750 suo
1541 710 1714 762 w‘derat,
1748 726 1862 766 pecu-

77 842 112 868 et
123 844 198 869 ante
211 839 402 877 opulentam
416 849 477 869 non
492 841 691 875 conspicitur
704 842 735 869 in
753 843 827 869 Bas.
846 842 872 869 1.
909 840 1020 867 animo
1033 842 1144 869 exulat
1158 847 1176 868 a
1191 839 1212 868 f.
1227 843 1254 868 et
1270 835 1298 867 δ.
1335 839 1575 877 cogitationum
1589 840 1625 868 F.
1641 841 1672 868 3.
1687 841 1722 868 G.
1740 842 1766 868 ¹.
1781 841 1810 869 2.
1826 840 1863 869 Ρ.

78 884 235 919 (testibus
249 887 409 920 excerptis
423 887 463 914 ad
476 894 576 921 marg.
592 888 640 914 ed.
655 888 764 920 cclv.)
782 887 801 915 t.
817 888 853 915 D.
867 894 902 914 π.
917 882 946 914 δ’.
960 887 1042 913 lunt.
1056 888 1087 913 2.
1102 887 1212 913 Wow.
1225 892 1294 919 sqq.
1319 885 1443 920 (neque
1464 893 1539 913 vero
1559 886 1592 913 in
1606 886 1640 913 B.
1651 907 1658 921 ,
1685 888 1764 914 teste
1782 887 1860 914 oud.

78 932 166 965 Quae
179 931 311 959 enimin
324 938 424 966 marg.
438 932 486 959 ed.
501 932 592 959 Colv.
606 935 735 959 enotata
749 935 797 959 est
810 931 903 960 varia
917 931 1026 965 lectio,
1043 938 1105 958 non
1119 929 1150 957 B
1163 931 1252 966 sedp
1264 931 1373 958 littera
1387 934 1436 958 est
1447 931 1623 966 insignita,
1648 931 1732 959 uude
1745 938 1808 959 non
1822 932 1864 960 ad

77 977 162 1004 Bert.
175 977 242 1004 cod.
257 977 314 1004 sed
327 978 365 1004 ad
380 977 450 1004 Pal.
465 980 496 1003 ut
509 977 643 1010 saepius
656 976 825 1004 referenda
835 976 914 1011 est.)
950 973 1151 1003 dissentione
1164 977 1200 1003 G.
1219 977 1244 1003 1.
1281 974 1486 1012 cogitatione
1498 974 1702 1002 dissensione
1714 977 1748 1004 0.
1763 975 1861 1013 cogit.

77 1019 284 1048 discursione
298 1029 325 1055 p.
372 1022 434 1049 Pro
446 1019 533 1056 illie,
559 1019 613 1048 ln'c
626 1023 734 1049 mallet
750 1021 905 1049 Pricaeus
918 1019 1020 1053 illinc,
1040 1018 1127 1048 hinc.
1152 1022 1282 1048 Nullam
1294 1022 1387 1048 video
1401 1021 1639 1049 necessitatem.
1664 1021 1767 1055 Quare
1780 1023 1860 1050 Mss.

77 1073 202 1099 sequor.
224 1067 260 1094 In
276 1074 304 1100 p.
320 1069 367 1094 est
381 1063 454 1093 hoe.
501 1065 603 1092 vim-it
619 1067 655 1094 R.
705 1066 816 1102 ssmlz'o
830 1066 958 1094 offendit
972 1065 1156 1099 Pricaeum,
1183 1066 1237 1099 qui
1249 1064 1316 1092 diei
1327 1064 1438 1101 spatio
1452 1065 1594 1099 corrigit.
1618 1067 1660 1094 At
1685 1065 1726 1094 cf.
1742 1074 1770 1100 p.
1785 1067 1861 1094 643.

77 1109 190 1147 quoad
211 1117 253 1146 sp
263 1119 285 1137 α
295 1111 350 1137 tio
366 1110 512 1148 frrcens
525 1110 645 1137 nutriti
657 1109 834 1138 sedaretur
847 1110 990 1145 unimus,
1008 1111 1048 1138 ati
1063 1112 1194 1139 Metvl.
1209 1119 1236 1144 p.
1252 1112 1328 1138 385.
1353 1111 1409 1138 ira
1433 1110 1573 1146 spatio
1598 1110 1758 1147 tenepom's
1770 1111 1862 1138 ηιιίί-

72 1158 183 1191 getur.
231 1156 341 1191 cupito
356 1158 390 1183 0.
405 1163 424 1184 a
436 1164 476 1184 ni.
493 1164 520 1190 p.
568 1163 675 1183 auras
689 1163 745 1190 pro
760 1163 863 1183 curas
877 1153 906 1184 δ.
952 1163 1024 1182 eum
1037 1164 1101 1184 non
1115 1160 1274 1190 comparet
1288 1156 1322 1184 in
1335 1157 1371 1184 P.
1419 1156 1500 1183 meri
1512 1158 1622 1182 tumen
1636 1157 1672 1184 B.
1719 1163 1862 1183 evocare

76 1201 112 1228 P.
148 1203 322 1228 eructaret
342 1200 362 1228 f.
383 1202 419 1228 R.
456 1204 638 1227 enarraret
659 1198 688 1228 δ’.
740 1200 858 1227 timore
874 1208 928 1235 pro
943 1198 1070 1236 pudore
1088 1203 1173 1229 lunt.
1186 1202 1216 1228 2.
1241 1203 1277 1229 ln
1292 1201 1326 1228 F.
1340 1202 1370 1228 3.
1386 1204 1471 1229 textu
1487 1204 1535 1229 est
1549 1199 1710 1228 decorato
1719 1200 1860 1237 pudore,

74 1246 129 1273 sed
144 1247 183 1273 ab
197 1246 309 1273 eadem
322 1252 417 1273 manu
433 1245 463 1273 in
477 1245 622 1280 margine
637 1253 762 1274 maore.
809 1244 947 1272 dit-ncta
961 1253 1015 1278 pro
1029 1244 1156 1272 dimota
1174 1247 1211 1274 D.
1259 1245 1457 1272 cantatione
1475 1247 1511 1274 G.
1530 1247 1561 1274 2.
1599 1246 1813 1273 cunctatione
1831 1243 1860 1275 δ.

73 1288 262 1316 inauditum
275 1298 330 1324 pro
344 1288 538 1316 mandatnm
553 1291 624 1318 edd.
639 1294 712 1318 vett.
729 1298 830 1324 usque
843 1291 882 1318 ad
899 1291 990 1319 Colv.
1007 1294 1132 1324 praeter
1149 1292 1232 1318 lunt.
1247 1292 1275 1317 2.
1321 1290 1480 1328 praefert
1495 1292 1530 1318 Β.
1556 1289 1656 1324 (teste
1669 1291 1772 1326 Elm.)
1793 1292 1812 1320 Γ.
1832 1295 1863 1319 et

75 1336 111 1362 G.
127 1336 156 1362 1.
181 1334 282 1369 (teste
300 1336 378 1362 Oud.
403 1336 465 1363 Sed
486 1334 517 1362 in
537 1336 572 1363 G.
590 1336 617 1362 1.
638 1338 696 1363 est.
732 1334 881 1374 Jrefert
894 1342 931 1362 re
943 1337 1077 1370 syllaba
1090 1335 1217 1370 punctis
1231 1336 1398 1371 obducta.)
1425 1335 1563 1374 profert
1575 1337 1611 1364 B.
1633 1340 1712 1365 teste
1736 1338 1814 1366 oud.
1832 1339 1862 1365 et

73 1381 145 1408 coll.
160 1381 244 1408 Mod.
255 1379 428 1418 pmferret
442 1381 479 1408 D.
527 1377 661 1407 discit-ft
674 1381 723 1408 ed.
740 1381 829 1409 cmv.
843 1384 871 1408 et
886 1382 968 1409 Elm.
982 1381 1055 1408 sine
1069 1380 1164 1409 dubio
1179 1382 1412 1414 typothetarum
1428 1388 1542 1409 errore.
1591 1389 1613 1408 a
1629 1380 1753 1417 gaudio
1772 1383 1808 1410 G.
1826 1383 1860 1409 2.

73 1425 109 1453 P.
123 1425 161 1452 D.
203 1423 354 1461 precium
376 1432 431 1458 pro
445 1424 684 1461 praecipitium
705 1426 741 1453 L.
761 1426 830 1454 edd.
851 1429 926 1454 vett.
946 1430 1021 1454 anre
1041 1426 1130 1454 Colv.
1151 1428 1277 1459 praeter
1295 1427 1377 1453 lunt.
1392 1427 1421 1452 2.
1470 1426 1603 1452 mirmes
1623 1427 1658 1454 G.
1674 1427 1703 1455 2.
1718 1428 1756 1454 D.
1804 1434 1862 1454 nec

72 1467 166 1496 modo
184 1470 220 1498 1..
242 1470 276 1498 P.
295 1471 330 1498 G.
349 1471 379 1497 2.
399 1471 437 1497 D.
483 1477 596 1497 cerum
611 1470 712 1497 etiam
726 1469 846 1498 saltem
866 1471 902 1499 G.
916 1472 947 1498 2.
972 1470 1047 1506 [sed
1061 1470 1248 1504 compendio
1267 1467 1286 1507 ξ
1309 1470 1328 1498 i.
1343 1478 1370 1499 e.
1396 1469 1498 1497 etiam
1519 1476 1539 1499 a
1557 1477 1654 1500 manu
1672 1471 1775 1506 prima
1790 1470 1863 1499 iam

72 1513 197 1550 eraso).
232 1514 425 1552 contingere
440 1513 557 1542 sallem
572 1516 642 1544 edd.
656 1518 732 1544 ante
744 1516 901 1545 Colvium.
939 1513 1028 1553 qnod
1037 1523 1094 1551 pro
1107 1523 1207 1553 quum
1222 1516 1303 1546 Coll.
1316 1517 1414 1545 voss.

64 1612 194 1652 'riores
220 1613 338 1652 libros
363 1617 522 1652 secutus
547 1613 651 1654 Oud.
675 1614 783 1652 dedit
807 1614 941 1653 lectio-

74 1683 161 1707 nem
182 1675 410 1722 μεντοι-τηε,
438 1677 477 1708 ut
501 1670 595 1708 Met.
624 1669 647 1708 Ι.
675 1684 711 1721 p.
728 1674 791 1710 65.
817 1685 941 1723 usque

73 1727 132 1765 ad
154 1727 271 1765 istam
297 1728 471 1765 civitatis
500 1732 662 1778 portam
692 1732 938 1778 pervecto,

72 1783 136 1820 uhi
154 1786 282 1820 tamen
303 1782 486 1823 vidimus.
517 1782 725 1820 identidem
743 1788 938 1834 prot-ecto

72 1852 166 1877 esse
191 1839 407 1889 tegendum.
459 1840 657 1878 Pei-vecto
680 1840 792 1877 linem
819 1839 937 1877 deno-

72 1899 188 1940 taret,
214 1908 289 1945 quo
315 1909 440 1946 usque
464 1895 646 1946 Myrmex
678 1896 938 1947 pervenisset.

73 1950 136 1989 De
149 1951 366 1989 discrimine
380 1954 475 1990 inter
489 1956 692 2002 utrumque
706 1954 864 1990 verbum
878 1966 938 1991 ac-

73 2007 241 2046 curatius
255 2007 305 2045 ad
320 2008 341 2046 l.
353 2022 384 2047 c.
399 2009 472 2059 egi.
499 2007 558 2045 Ex
574 2007 672 2046 Mss.
687 2009 799 2059 igitur
811 2012 938 2047 aucto-

72 2064 182 2102 ritate
207 2063 269 2102 hic
287 2069 487 2116 provecto
513 2064 718 2114 legendum
746 2065 841 2118 est]

130 2144 263 2181 am'mo
283 2142 431 2193 aliquot
451 2142 560 2180 codd.
577 2146 615 2180 et
630 2143 716 2182 edd.
736 2156 936 2194 perperam

73 2200 259 2237 omittunt.
286 2198 335 2238 cf.
356 2197 438 2237 lntt.
459 2199 506 2236 ad
529 2198 598 2238 Sil.
613 2198 696 2236 VH.
718 2204 808 2240 586.
837 2199 937 2238 Cort.

72 2255 123 2294 ad
148 2255 229 2294 Cic.
250 2255 299 2293 ad
314 2255 422 2293 Fam.
438 2254 500 2292 111.
528 2260 586 2294 11.
615 2255 713 2294 Oud.
729 2256 776 2294 ad
792 2255 937 2294 Lucan.

71 2310 174 2350 VIII.
205 2315 294 2352 161.
321 2311 408 2349 Val.
435 2310 563 2350 Flace.
591 2311 615 2349 1.
643 2316 734 2352 272.
765 2312 813 2351 V.
846 2316 937 2353 611.

72 2367 254 2419 Xenoph.
286 2381 323 2419 p.
361 2371 452 2408 159.
481 2366 571 2420 ἔχειν
603 2365 638 2406 ἓν
662 2377 798 2421 ψυχαῖς
827 2371 939 2420 νίκην.

129 2459 437 2510 coyitotionum.
486 2457 612 2496 Recte
637 2459 738 2497 Ond.
771 2472 820 2497 ex
851 2472 939 2497 con-

71 2527 194 2552 sensu
223 2515 450 2566 optimorum
483 2514 595 2554 codd.
629 2514 817 2565 pluralem
852 2516 938 2554 reti-

71 2571 167 2617 nuit,
201 2572 264 2622 qui
295 2585 318 2609 a
350 2571 499 2609 librario
533 2571 760 2609 emendatus
790 2572 940 2610 videtur

73 2639 185 2672 esse,
223 2627 296 2665 loci
329 2627 424 2665 Met.
460 2627 524 2666 lv,
556 2642 592 2679 p.
626 2631 716 2667 237.
753 2641 937 2676 memore,

69 2683 133 2722 ubi
159 2685 490 2736 coyitatt'onls
513 2685 618 2723 salo
640 2686 862 2736 fluctuaret
885 2684 938 2723 le-

71 2740 181 2790 gitur.
229 2739 302 2792 [lta
331 2739 429 2778 Met.
459 2739 527 2778 XI.
559 2755 595 2792 p.
628 2745 707 2780 815
755 2741 849 2786 Quo
880 2755 939 2780 me

72 2797 402 2848 cogitationis
426 2801 561 2836 aestu
582 2798 862 2849 fluctuantem,
887 2797 937 2836 ad

72 2863 186 2901 quem
211 2851 335 2890 locum
361 2853 410 2890 de
430 2854 464 2890 vi
484 2852 662 2891 dictionis
681 2853 829 2891 videas.
856 2853 939 2891 Sed

71 2907 210 2945 eadem
223 2909 370 2947 ratione
383 2909 577 2961 Apuleius
591 2909 687 2947 Met.
703 2908 768 2948 IV.
792 2923 829 2960 p.
843 2913 936 2949 432.

72 2962 182 3002 dixit:
230 2964 378 3005 talibus
425 2966 820 3018 coyitationibus
863 2967 936 3018 flu-

73 3023 291 3131 otnantfnn
315 3022 378 3060 ubi
402 3022 505 3061 male
529 3023 721 3074 corrigunt
745 3023 937 3075 ayitatz'o-

71 3075 199 3116 nibus.

1053 1615 1111 1654 acl
1126 1619 1380 1666 postremam».
1430 1613 1640 1667 Apuleium
1659 1614 1722 1655 hic
1734 1615 1863 1655 Sallu-

997 1671 1060 1709 stii
1077 1671 1302 1709 imitatorem
1317 1671 1440 1709 fuisse
1459 1673 1494 1710 in
1509 1671 1588 1723 lug.
1604 1685 1634 1711 c.
1646 1676 1712 1712 25.
1726 1671 1756 1722 ξ.
1768 1677 1861 1724 6sq.

996 1728 1187 1765 sententia
1211 1726 1362 1765 Pricaei
1388 1732 1466 1766 est:
1502 1728 1727 1768 Commotus
1756 1734 1863 1769 metu

996 1788 1119 1836 atque
1165 1783 1335 1822 libidine
1382 1784 1561 1823 diversus
1601 1786 1840 1837 agitabatur
1848 1799 1862 1831 ,-

996 1840 1157 1879 timebat
1186 1841 1289 1878 iram
1320 1840 1510 1885 Senatus,
1541 1842 1584 1879 ni
1615 1841 1763 1893 leyott's
1782 1855 1860 1893 pa-

994 1897 1153 1941 ruisset,
1175 1909 1307 1947 porro
1326 1898 1480 1935 animus
1499 1898 1694 1948 cupidine
1718 1911 1861 1937 caecus

995 1952 1053 1991 ad
1066 1953 1269 2003 inceptum
1282 1953 1410 1992 scelus
1421 1953 1627 2004 rapiebat,
1653 1955 1750 1993 vicit
1773 1959 1859 1993 tau-

995 2009 1085 2046 dem
1121 2009 1191 2057 (ita
1227 2008 1328 2046 enim
1365 2007 1550 2048 Pricaeus
1593 2011 1757 2048 correxit
1790 2024 1859 2061 pro

995 2069 1125 2103 tamen
1145 2068 1302 2116 propter
1315 2065 1522 2115 particulas
1543 2066 1601 2104 acl
1616 2071 1860 2118 postremum

995 2125 1126 2158 nostro
1142 2121 1227 2159 loco
1242 2122 1490 2173 conspicuas)
1499 2123 1540 2161 in
1554 2123 1677 2162 acido
1692 2124 1862 2176 inqenio

989 2191 1165 2230 pravum
1189 2178 1411 2217 consilium.

1050 2234 1109 2273 sic
1122 2235 1180 2272 acl
1193 2247 1310 2274 aures
1322 2235 1511 2274 dominae
1525 2236 1758 2276 mandatum
1769 2250 1861 2287 per-

993 2292 1087 2342 fert.
1148 2289 1223 2336 Qui
1253 2290 1346 2341 quid
1375 2292 1448 2329 sibi
1476 2292 1711 2331 mandatam.
1741 2292 1863 2330 vellet

996 2360 1069 2384 non
1095 2346 1363 2397 intelllgebant
1386 2348 1632 2399 interpretes,
1664 2350 1799 2387 mirum
1824 2350 1860 2387 in

996 2402 1152 2440 modum
1189 2403 1418 2442 inamlitum
1457 2405 1767 2456 corrumpebant,
1810 2405 1860 2442 de

997 2459 1169 2497 scelesto
1186 2459 1274 2506 isto,
1287 2462 1331 2498 ut.
1340 2459 1530 2511 Myrmeci
1545 2462 1756 2506 videbatur,
1771 2475 1859 2500 con-

994 2515 1080 2553 silio
1107 2515 1378 2566 intelligentes.
1427 2517 1551 2555 Recte
1575 2521 1703 2556 tamen
1724 2531 1860 2556 omnes

994 2571 1104 2610 codd.
1141 2576 1298 2610 servant
1331 2574 1566 2613 mandatum
1609 2574 1630 2612 i.
1664 2588 1698 2613 e.
1734 2575 1858 2625 ipsius

994 2627 1202 2666 Philetaeri
1249 2630 1431 2667 amatoris
1472 2630 1655 2675 adulteri,
1692 2643 1860 2681 quocum

994 2698 1132 2723 servus
1153 2685 1203 2723 de
1221 2686 1402 2735 pudicitia
1421 2685 1538 2724 herae
1556 2687 1749 2737 transigit,
1774 2691 1858 2725 ten-

994 2745 1074 2780 tata
1097 2741 1343 2779 nihilominus
1369 2746 1408 2779 et
1431 2743 1630 2793 explorata
1661 2743 1768 2793 prius
1793 2743 1859 2782 do-

994 2798 1120 2836 minae
1145 2797 1351 2836 voluntate.
1386 2798 1456 2837 Sic
1474 2813 1547 2837 non
1569 2799 1727 2850 capiens
1739 2798 1860 2839 Roai-

995 2853 1069 2891 dus
1093 2854 1311 2892 emendavit
1334 2855 1418 2899 hic,
1449 2854 1550 2894 Oud.
1577 2855 1766 2906 quaedam
1793 2869 1858 2895 ex-

995 2909 1139 2948 cidisse
1173 2914 1267 2961 post
1297 2912 1461 2962 perfert
1489 2912 1618 2962 potius
1650 2912 1858 2960 existimat,

994 2966 1066 3004 nisi
1081 2966 1169 3016 quis
1181 2967 1292 3006 ocius
1310 2966 1427 3006 malit.
1465 2968 1534 3017 [At
1552 2968 1652 3006 bene
1672 2969 1860 3018 particula

995 3023 1054 3061 sic
1078 3021 1313 3069 defenditur,
1340 3035 1440 3074 quae
1458 3023 1523 3061 hic
1542 3025 1616 3062 vim
1637 3025 1859 3075 explicandi

995 3078 1018 3117 i.
1028 3091 1059 3116 e.
1076 3079 1168 3120 ideo
1182 3078 1299 3118 babet
1324 3078 1371 3118 cf.
1385 3078 1511 3119 Ptaut.
1525 3080 1649 3122 Most.
1662 3079 1706 3120 Π.
1722 3085 1747 3123 2
1761 3081 1857 3138 .2o.]

1888 270 1951 304 629

1888 721 1984 760 [226]
