2155 3590
699 203 887 245 LIBER
917 205 1014 247 VII.

1073 206 1200 248 CAP.
1224 206 1274 246 V.
1795 210 1873 253 531

82 311 281 367 profectus
312 319 353 353 et
380 313 578 366 paululum
608 322 894 367 commoratus,
925 317 992 358 ille
1017 318 1194 372 perducit
1215 318 1425 359 immanem
1451 321 1643 372 quendam
1673 321 1872 374 iuvenem,

82 367 140 408 uti
163 368 294 408 fuerat
316 369 533 422 pollicitus,
561 370 695 410 nescio
719 384 770 410 an
795 372 863 412 ulli
884 372 890 428 Ι
911 375 1176 427 praesentium
1207 375 1526 428 comparandum.
1581 376 1687 417 Nam
1718 386 1877 432 praeter
1899 387 1965 419 455

84 431 255 464 ceteram
291 425 468 479 eorporis
499 426 641 466 molem
671 433 754 467 toto
785 430 936 470 vertice
969 437 1131 470 cunctos
1163 430 1446 485 antepollebat,
1486 438 1526 471 et
1559 433 1595 472 ci
1631 435 1874 475 commodum

78 479 225 533 lanugo
248 480 361 520 malis
386 481 630 535 inserpehat,
659 483 726 523 sed
751 484 865 536 plane
891 487 1134 527 centunculis
1160 486 1379 541 disparibus
1405 494 1444 527 et
1467 488 1569 528 male
1588 491 1876 531 consarcinatis

78 536 383 588 semiamictum,
416 537 522 578 inter
551 551 648 591 quos
679 546 814 593 pectus
845 547 884 580 et
913 549 1055 582 venter
1085 550 1261 584 crustata
1290 543 1470 584 crassitie
1500 545 1760 587 reluctabant.
1809 545 1877 587 Sic

70 661 236 699 producit
248 665 284 693 G.
300 666 329 693 1.
343 667 374 693 2.
387 666 427 694 Ι).
442 665 538 694 solita
552 666 767 696 aberratione.
793 665 885 695 ducit
894 665 922 696 ὃ.
958 667 1107 697 iuvenem
1122 671 1326 700 desideratur
1338 671 1373 700 in
1380 672 1415 700 O.
1450 670 1539 699 nulli
1550 673 1586 701 G.
1600 673 1630 701 1.
1646 673 1697 709 O.‚
1723 681 1745 700 n
1758 673 1877 708 prioris

74 709 230 738 vocabuli
244 710 354 739 littera
365 710 456 738 finali
471 717 571 744 prave
586 711 730 745 repetito.
777 712 1026 748 comparandus
1041 716 1077 743 G.
1094 717 1122 744 1.
1137 716 1173 744 Ο.
1186 722 1223 743 π.
1264 719 1485 752 praeteream
1502 725 1560 752 pro
1567 720 1714 754 praeter
1727 721 1876 746 ceteram

76 751 135 787 [ex
147 755 335 788 compendio
349 754 469 782 eet'am
484 755 525 783 cf.
538 756 612 784 Liv.
625 758 665 785 11.
680 757 732 785 59.
748 752 865 796 §.11.]
914 762 1033 786 cuncto
1047 761 1086 788 D.
1134 759 1386 797 anteponebant
1399 763 1439 791 D.
1486 761 1573 789 enim
1586 761 1754 790 commode
1768 771 1825 797 pro
1844 762 1878 790 ei

75 797 280 826 commodum
293 807 324 833 p.
372 799 585 828 centunculis
603 802 638 831 F.
657 803 687 829 1.
712 801 934 830 cenemneulis
954 804 1097 841 Vieent.,
1123 805 1157 833 in
1177 806 1271 834 cuius
1291 806 1438 841 margine
1457 814 1478 835 a
1494 807 1566 836 viro
1586 809 1676 836 docto
1690 807 1878 836 centuculis

73 846 252 872 correctum
265 847 323 872 est.
370 845 559 872 sarcinatis
572 847 608 874 G.
625 847 651 875 1.
665 847 700 876 Ο.
714 846 738 875 f.
785 850 947 876 crustata
959 849 995 878 P.
1032 852 1195 878 castrata
1208 852 1284 879 αὶ).
1297 853 1337 880 D.
1384 850 1614 880 crassitudine
1626 853 1663 882 P.
1676 856 1707 882 et
1720 854 1757 882 B.
1771 861 1813 881 ex
1825 853 1878 882 in-

71 889 330 932 terpretamento.
376 888 573 918 reluctabat
585 891 607 920 f.

70 990 175 1024 tere
196 987 364 1026 mallent
396 988 460 1026 ubi
484 992 656 1027 nostrum
690 989 815 1028 locum
841 989 944 1029 Oud.

71 1041 242 1092 corrigit,
290 1042 338 1081 cf.
376 1043 498 1082 Tacit.
529 1045 630 1084 Ann.
657 1044 719 1084 III.
753 1051 814 1087 12.
852 1061 945 1086 uam

73 1111 154 1150 quo
167 1100 387 1149 pertinuit,
411 1101 598 1140 nudare
624 1115 776 1154 eorpus
795 1108 832 1142 et
851 1116 943 1141 eon-

67 1155 324 1194 treclamlum
338 1157 452 1208 vulyz'
465 1157 593 1195 oeulis
601 1160 846 1208 permittere,
861 1160 943 1210 dif-

63 1211 253 1262 ferrique
289 1213 408 1250 etiam
437 1226 518 1263 per
549 1218 756 1258 externos,
792 1214 862 1253 Dr.
891 1214 943 1251 ad

65 1264 153 1305 Liv.
178 1265 321 1306 lll.51.
347 1267 377 1318 ξ.
394 1272 429 1307 2.
456 1267 558 1306 VIII.
576 1272 641 1308 34.
667 1268 696 1318 ὃ.
713 1273 750 1309 9.
798 1269 865 1307 Dr.
892 1269 939 1306 ad

14 1337 25 1350 s·
64 1321 139 1360 Sil.
163 1321 230 1360 VI.
256 1326 348 1362 413.
381 1322 483 1362 Oud.
514 1324 564 1362 ad
597 1323 744 1363 Lucan.
770 1325 821 1364 X.
847 1329 940 1365 347.

62 1377 115 1415 ad
141 1376 271 1416 Front.
297 1377 344 1417 Π.
370 1383 406 1418 5.
432 1383 497 1419 46.
524 1378 633 1417 Kritz
658 1380 708 1418 ad
734 1380 832 1420 Sall.
858 1380 940 1419 sat.

63 1432 128 1472 LI.
144 1436 176 1483 §.
191 1437 256 1473 43.
269 1433 370 1473 Ded.
391 1435 442 1473 ad
459 1434 562 1474 Dict.
579 1435 678 1473 Cret.
694 1435 785 1476 II.2.
803 1436 940 1476 Gloss.

63 1503 102 1541 p.
116 1494 210 1530 270.
226 1489 272 1529 cf.
287 1490 436 1529 Arnob.
452 1488 535 1530 VII.
552 1495 658 1531 e.21.
699 1493 808 1538 Quia
821 1506 939 1545 yene-

61 1547 121 1584 ris
156 1547 258 1585 certi
287 1547 441 1586 hostias
466 1549 586 1586 certis
610 1549 672 1586 ius
696 1553 754 1587 est
777 1562 938 1588 eonse-

61 1615 209 1641 erare
237 1602 467 1642 numinibus
497 1609 691 1656 certaque
715 1609 755 1643 et
778 1606 938 1657 suppli-

60 1662 245 1697 camenta
264 1658 555 1712 praestari]

115 1713 194 1753 ulli
206 1716 482 1765 praesentium
503 1717 839 1767 comparandum.
866 1717 939 1755 Mi-

59 1783 133 1808 nus
158 1769 260 1807 bene
283 1768 382 1809 Prie.
409 1784 479 1822 per
498 1774 775 1822 praesentium
800 1774 937 1811 intelli-

57 1825 114 1877 git
143 1839 299 1871 omnes,
332 1827 396 1876 qui
426 1831 517 1865 tune
548 1829 728 1866 vivebant
758 1828 938 1867 homines

0 1887 1 1890 ’
58 1885 176 1932 atque
188 1895 327 1920 aevum
341 1884 556 1932 agitabant3
583 1897 699 1934 quum
715 1886 845 1936 potins
860 1887 938 1924 sint

56 1942 291 1990 praesentes
327 1939 377 1976 ibi
410 1938 604 1986 latrones,
643 1953 743 1990 quos
775 1946 937 1980 cunctos

56 1994 296 2045 praestabat,
317 1996 381 2044 qui
395 2009 480 2034 cum
499 1996 566 2033 illo
592 1998 840 2048 comparandi
861 2012 935 2036 non

57 2053 177 2088 erant.
226 2049 294 2088 Sic
318 2051 420 2089 enim
444 2052 530 2089 vice
548 2065 666 2091 versa
686 2053 785 2091 haee
804 2054 935 2100 verba,

57 2108 263 2157 conferre,
285 2120 541 2157 comparare,
562 2121 836 2159 compensare,
857 2124 938 2148 mu-

56 2165 146 2200 tare
165 2165 437 2200 construuntur
457 2163 674 2214 dupliciter,
695 2164 744 2201 de
759 2178 836 2215 qua
850 2179 938 2204 con-

57 2218 269 2255 structione
293 2216 397 2256 Oud.
423 2219 516 2256 adiri
543 2220 650 2258 iubet
675 2220 763 2259 dict.
789 2234 864 2259 sua
888 2221 939 2259 ad

57 2272 172 2312 Caes.
204 2273 252 2312 Β.
278 2273 325 2312 G.
351 2273 380 2313 l.
405 2278 471 2315 31.
501 2275 633 2326 ibique
662 2275 767 2314 Dav.
797 2276 937 2316 Lamb.

56 2328 108 2368 ad
131 2328 225 2368 Hor.
252 2329 395 2368 Od.11.
424 2334 488 2371 16.
507 2335 568 2372 19.
596 2345 776 2382 quosque
803 2332 937 2371 laudat

55 2383 189 2423 Burm.
215 2386 265 2424 ad
288 2384 394 2425 Vell.
419 2385 463 2425 ll.
482 2391 544 2427 12.
571 2391 611 2425 et
635 2387 751 2427 Ovid.
770 2388 932 2428 Heroid.

52 2439 118 2478 ΙΙΙ.
145 2445 209 2481 51.
238 2441 373 2493 [Gron.
399 2442 566 2481 Observ.
592 2442 658 2481 IV.
682 2448 747 2484 13.
772 2443 857 2483 Intt.
883 2445 935 2484 ad

53 2496 170 2535 Ovid.
202 2497 302 2537 Met.
326 2497 411 2536 VII.
446 2502 516 2545 60,
554 2512 654 2550 quos
690 2500 847 2539 Ruhnk.
885 2502 935 2539 ci-

51 2556 108 2591 tat
136 2553 241 2592 Dict.
273 2554 323 2592 ad
354 2554 468 2594 Ovid.
501 2555 660 2594 Heroid.
695 2555 718 2594 I.
746 2571 776 2594 c.
803 2571 840 2608 p.
868 2561 933 2598 20.

0 2619 7 2627 ·
51 2607 193 2648 Heind.
218 2609 269 2648 ad
292 2609 427 2649 Horat.
455 2611 537 2650 Sat.
563 2610 607 2649 ΙΙ.
635 2615 671 2652 7.
701 2613 811 2665 109]

107 2669 196 2704 toto
236 2668 386 2705 vertice
428 2673 597 2707 cunctos
633 2669 931 2720 cnztepollebat.

52 2719 176 2772 [Toto
195 2723 345 2761 vertice
363 2722 600 2761 idiotismum
626 2725 804 2776 appellat
827 2724 928 2764 Elm.

49 2776 285 2828 negligentia
307 2779 373 2816 vix
397 2780 623 2818 excusanda
646 2781 800 2818 ductus.
836 2780 928 2818 Lin-

8 2866 17 2874 ‚
50 2831 286 2884 denbrogius
328 2835 447 2880 enim,
497 2837 606 2873 cuins
654 2837 927 2875 adnotationes

49 2887 101 2926 ad
141 2891 351 2939 marginem
393 2892 484 2929 edit.
512 2891 624 2930 Vulc.
659 2897 694 2933 2.
734 2906 803 2943 pro
840 2893 925 2931 suis

48 2942 149 2981 Elm.
182 2945 422 2993 venditabat,
458 2949 618 2997 margini
646 2949 927 2999 adscripscrat:

50 2998 303 3047 Idiotismus,
339 3016 455 3054 quein
492 3008 620 3042 taxncn
653 3019 727 3042 non
759 3005 809 3042 ad
841 3010 928 3043 toto

47 3057 195 3095 vertice
211 3057 331 3096 voluit
353 3060 504 3105 referri,
530 3061 603 3098 sed
630 3061 679 3099 ad
705 3061 928 3112 (mtepolle-

49 3109 130 3155 bat,
156 3111 195 3149 id
208 3113 312 3162 quod
330 3113 472 3154 lineola
490 3116 712 3166 insignitum
740 3120 812 3162 cst,
839 3119 929 3168 quia

46 3164 124 3204 hoc
175 3169 405 3209 vocabulum
453 3172 611 3222 Apuleii
661 3175 926 3212 tantummodo

1004 992 1155 1031 videtur
1185 1005 1281 1031 esse
1310 995 1505 1045 proprium
1530 1008 1604 1033 nec
1627 994 1738 1040 alibi,
1771 995 1878 1046 quod

1001 1048 1136 1094 seiam,
1161 1049 1362 1095 invenitur,
1386 1051 1460 1089 nisi
1474 1050 1572 1090 Met.
1585 1051 1613 1090 I.
1627 1064 1666 1103 p.
1681 1055 1747 1092 26.
1774 1065 1880 1104 quae

1002 1105 1145 1143 civitas
1170 1110 1341 1145 cunetae
1365 1107 1597 1147 Thessaliae
1621 1107 1877 1159 antepollet]

1059 1160 1215 1212 lanuyo
1250 1162 1368 1200 malis
1404 1163 1647 1214 inserpebat.
1709 1163 1878 1215 [Eadem

998 1217 1147 1253 ratione
1172 1216 1267 1254 dixit
1285 1216 1482 1267 Apuleius
1499 1219 1612 1269 Apol.
1637 1233 1674 1270 p.
1691 1223 1783 1259 535.
1810 1220 1877 1258 de-

1002 1276 1139 1309 center
1174 1274 1377 1325 utrimque
1409 1273 1596 1326 lanuyo
1626 1276 1766 1314 malis
1798 1275 1877 1314 ‹le-

999 1332 1182 1377 serpat,
1227 1331 1265 1365 ct
1307 1328 1449 1367 Graeci
1491 1330 1630 1368 eadem
1671 1335 1877 1369 venustate

999 1381 1139 1433 ἕρπειν,
1176 1383 1241 1421 ubi
1278 1384 1366 1421 vide
1402 1384 1501 1424 Prie.
1563 1386 1740 1438 Serpere
1776 1387 1878 1424 enim

1000 1452 1136 1476 omnes
1162 1452 1228 1477 res
1253 1440 1448 1486 dicuntur,
1481 1454 1583 1491 qnae
1609 1441 1685 1479 leni
1711 1442 1775 1480 vel
1801 1446 1879 1480 tor-

997 1498 1112 1532 tuoso
1137 1499 1269 1533 meatu
1294 1497 1411 1534 tacite
1442 1497 1696 1549 prolabuntur
1726 1502 1766 1536 ct
1790 1499 1877 1536 irre-

998 1554 1105 1602 punt.
1131 1555 1172 1589 ut
1192 1553 1374 1604 flumina,
1402 1566 1503 1603 quae
1528 1554 1767 1604 pedetentim
1792 1568 1880 1605 pro-

997 1607 1235 1656 grediuntur,
1263 1607 1309 1645 cs.
1338 1608 1439 1647 Cort.
1466 1609 1517 1648 ad
1540 1609 1688 1649 Lucan.
1715 1609 1744 1649 l.
1770 1615 1878 1655 215„

998 1663 1116 1715 Apul.
1144 1663 1194 1701 de
1219 1663 1354 1702 Mund.
1380 1679 1419 1716 p.
1444 1670 1537 1706 297.
1564 1680 1647 1717 per
1673 1680 1778 1719 quae
1801 1680 1878 1705 ser-

992 1724 1103 1771 punt
1126 1725 1166 1758 et
1195 1726 1413 1772 erumpunt
1443 1727 1481 1760 et
1512 1727 1669 1761 scatent
1696 1724 1879 1775 flumina.

997 1776 1062 1814 De
1115 1775 1258 1826 plantis
1308 1777 1588 1816 luxuriantibus
1632 1778 1734 1829 apud
1777 1777 1877 1816 Plin.

998 1830 1165 1869 XXVII.
1194 1836 1258 1873 20.
1279 1836 1358 1878 33„
1385 1846 1486 1883 quae
1510 1834 1690 1872 arborem
1714 1834 1778 1871 vel
1803 1838 1877 1872 ter-

996 1900 1077 1924 ram
1102 1887 1272 1925 molliter
1296 1889 1580 1941 amplectuntur
1605 1890 1652 1928 cf.
1677 1890 1800 1928 Voss.
1826 1890 1877 1927 ad

996 1943 1104 1993 Yirg.
1131 1943 1213 1981 Ecl.
1240 1944 1343 1982 5'111.
1374 1949 1437 1985 13.
1471 1951 1510 1984 et
1539 1946 1647 1985 lianc
1675 1947 1761 1985 siue
1785 1951 1877 1984 tem-

991 2013 1106 2051 pora
1138 2001 1291 2039 circum
1322 2001 1434 2040 Inter
1463 2002 1650 2041 victrices
1680 2003 1876 2040 hederam

995 2055 1074 2093 tibi,
1097 2069 1294 2107 serpere
1320 2057 1473 2096 lam-us.
1522 2056 1676 2096 Firmic.
1697 2058 1747 2095 ‹le
1765 2056 1876 2107 relig.

998 2111 1097 2162 prof.
1123 2124 1160 2161 p.
1176 2110 1222 2149 II.
1249 2111 1309 2150 ed.
1328 2111 1457 2163 Lugd.
1483 2126 1569 2152 ann.
1597 2127 1632 2164 p.
1652 2118 1770 2155 1652.
1796 2113 1882 2151 Illic

998 2167 1119 2206 albae
1132 2167 1310 2207 hederae
1322 2170 1478 2220 passim
1491 2183 1573 2222 per
1587 2175 1738 2209 terram
1762 2184 1798 2208 m
1810 2169 1860 2208 ol
1863 2192 1880 2197 -

1000 2223 1119 2262 liler
1144 2230 1361 2275 serpunt.
1421 2224 1479 2263 Ita
1504 2239 1553 2263 cx
1579 2225 1694 2264 codd.
1720 2225 1877 2277 optimis

997 2279 1103 2329 apud
1134 2278 1257 2317 Lucil.
1290 2281 1408 2319 Actn.
1435 2284 1529 2321 366.
1561 2281 1771 2332 legendum
1797 2285 1876 2319 est:

997 2335 1094 2374 Aut
1129 2335 1338 2387 Aquilone
1369 2340 1554 2390 fremunt
1587 2339 1730 2383 sileae,
1774 2337 1878 2376 dant

995 2391 1169 2430 brachia
1193 2392 1307 2430 nodo
1334 2393 1570 2445 lmplieilae
1597 2409 1647 2433 ae
1671 2397 1879 2445 serpunt

994 2448 1139 2486 vinetis
1157 2448 1352 2487 incendia
1371 2450 1506 2491 ramis,
1532 2451 1596 2487 ubi
1617 2450 1720 2489 male
1741 2449 1876 2499 legunt

991 2506 1162 2556 fervent.
1224 2504 1400 2557 Serpere
1425 2506 1526 2543 enim
1551 2506 1743 2545 incendia
1769 2506 1872 2543 bene

995 2559 1171 2597 dicuntur
1189 2573 1260 2611 per
1284 2562 1405 2599 vireta
1426 2562 1524 2599 inter
1547 2575 1643 2599 sese
1668 2561 1872 2600 coniuncta

994 2618 1034 2653 et
1068 2628 1139 2666 per
1174 2615 1332 2655 humum
1368 2618 1554 2669 repentia.
1621 2616 1734 2663 Quae
1769 2617 1870 2654 enim

991 2671 1170 2722 Scaliger
1195 2677 1329 2712 eontra
1354 2672 1561 2711 lectionem
1586 2672 1761 2723 protulit,
1794 2685 1868 2710 non

988 2728 1244 2767 satisfaciunt.
1276 2728 1327 2767 Et
1340 2729 1446 2779 Virg.
1462 2728 1545 2767 Ecl.
1560 2728 1587 2767 I.
1603 2734 1667 2768 54.
1683 2728 1869 2766 emendo:

988 2784 1102 2823 1Ιὶηο
1122 2785 1207 2830 tibi,
1230 2799 1334 2837 quae
1347 2790 1511 2835 serpet
1524 2785 1668 2833 (codd.
1682 2786 1867 2835 sem-ner.)

986 2840 1120 2878 ricino
1145 2841 1197 2879 ab
1223 2841 1365 2885 limite,
1397 2843 1531 2891 saepis
1556 2840 1755 2893 Ilybluet's
1779 2840 1867 2890 [φῖ-

986 2896 1057 2934 bus
1066 2898 1211 2948 florem
1231 2897 1405 2947 clepasln
1425 2896 1564 2934 salicti
1589 2895 1640 2942 cs.
1654 2895 1867 2932 Censuram

987 2964 1114 2989 meam
1141 2952 1203 2991 ed.
1222 2952 1328 3002 Virg.
1349 2951 1506 3000 Forbig.
1533 2951 1569 2988 in
1597 2949 1704 2988 lalin.
1723 2951 1864 2988 Anual.

989 3006 1033 3044 Τ.
1058 3006 1210 3045 XXVl.
1238 3007 1332 3045 fasc.
1359 3012 1394 3047 2.
1421 3021 1459 3057 p.
1490 3010 1562 3046 161
1594 3006 1672 3058 sq]

1045 3068 1223 3102 crustata
1256 3064 1448 3100 crassitie.
1494 3062 1575 3113 [De
1607 3067 1789 3102 crustam
1815 3063 1863 3100 cl'.

986 3117 1072 3157 Intt.
1086 3119 1135 3157 ad
1150 3118 1295 3157 Lucan.
1311 3117 1362 3156 X.
1381 3123 1472 3158 114.
1503 3118 1724 3157 Crassities.
1745 3121 1862 3172 quod,

987 3181 1172 3225 qnantum
1209 3175 1310 3219 scio,
1352 3174 1546 3224 Apuleius
1583 3173 1693 3211 solus
1731 3177 1860 3215 habot-

1568 3239 1656 3280 34>Ις
