2221 3667
307 163 334 188 11
989 149 1409 190 PRAEFATIO.

307 274 393 300 eum
431 267 586 300 veteres
625 261 820 301 foverent.
896 260 984 302 Huc
1020 263 1171 303 accedit
1208 263 1469 303 fervidissima
1506 262 1711 317 scriptoris
1748 262 1986 317 imaginandi
2024 264 2101 315 vis,

307 336 540 381 argumenta
566 328 662 368 satis
688 329 859 379 ludicra,
889 329 1198 371 obscoenitatum
1226 331 1402 385 quamvis
1430 331 1564 385 plena,
1597 330 1777 371 sordibus
1809 338 1937 372 tamen
1963 332 2104 387 turpis-

306 396 414 435 simis
441 410 519 435 non
547 397 762 437 fastidiosa.

420 474 530 514 Haec
568 482 654 515 erat
686 476 843 530 Apuleii
881 479 979 532 apud
1011 486 1167 518 veteres
1200 478 1399 528 condicio,
1440 492 1552 531 quam
1585 492 1636 517 ex
1669 491 1743 530 quo
1777 477 1876 532 typis
1908 478 1996 519 libri
2022 479 2106 519 eins

305 543 443 582 excusi
480 550 593 592 sunt,
635 544 853 585 miserrime
886 553 1160 585 commutatam
1196 546 1315 586 suisse
1348 553 1514 586 constat.
1581 545 1768 599 Princeps
1801 545 1918 585 editio
1954 545 2105 587 Romae

305 611 448 665 prodiit
473 611 608 651 eodem
635 626 738 651 anno
765 627 839 666 quo
866 612 1048 666 Virgilii,
1084 612 1271 653 Caesaris
1298 621 1337 653 et
1359 613 1487 653 Taciti
1519 614 1662 668 scripta
1691 614 1854 667 primum
1887 614 1987 653 edita
2015 622 2107 655 sunt

304 679 357 718 A.
375 677 734 731 MCCCCLXLX,
763 687 854 721 ante
880 696 993 734 quem
1020 681 1243 734 paucissimi
1260 688 1407 721 tantum
1429 680 1697 721 Romanorum
1714 682 1926 735 scriptores
1942 681 2106 722 homini-

304 747 375 786 bus
402 747 525 787 doctis
553 747 653 803 typis
681 749 827 802 cogniti
855 750 1026 788 fuerunt.
1062 747 1220 788 Summa
1248 763 1342 788 vero
1363 749 1544 789 editionis
1567 749 1678 789 buius
1694 749 1881 803 principis
1903 756 2106 803 praestan-

304 815 358 854 tia
384 814 422 854 in
450 829 494 855 eo
527 816 722 866 cernitur,
759 817 858 869 quod
893 815 1116 856 (Iardinalis
1143 815 1358 856 Bessarion
1390 817 1429 856 in
1461 830 1505 856 ea
1539 818 1708 857 curanda
1743 825 1817 857 tam
1851 817 2106 872 locupletibus

303 881 402 922 Mss.
420 898 512 923 usus
534 891 609 933 est,
638 891 680 923 ut
700 884 762 936 qui
785 885 829 923 ad
855 884 1055 937 pristinam
1085 884 1349 937 integritatem
1368 884 1521 938 Apuleii
1542 884 1663 925 libros
1684 899 1873 925 revocare
1893 886 2038 935 studet,
2067 885 2106 925 in

305 965 351 990 ea
380 951 622 1004 potissimum
651 951 800 991 nitatur
825 942 988 991 necess'e
1015 952 1082 998 sit,
1114 952 1150 991 id
1178 953 1276 1005 quod
1305 966 1325 991 a
1353 950 1589 992 Casaubono
1620 954 1695 993 iam
1723 953 1972 992 observatum
2001 954 2106 994 vide-

305 1033 411 1069 mus,
447 1019 511 1072 qui
545 1020 582 1058 in
610 1019 854 1073 praefatione
881 1033 976 1059 suae
1002 1019 1184 1059 editionis
1211 1020 1430 1074 Apologiae
1455 1020 1616 1060 summis
1643 1021 1746 1060 illam
1772 1020 1950 1060 laudibus
1975 1022 2103 1061 effert.

305 1087 378 1127 His
406 1094 533 1126 tamen
562 1094 637 1126 tam
665 1087 778 1126 laetis
805 1087 1027 1140 primordiis
1055 1095 1228 1142 tempora
1258 1089 1385 1128 sutura
1413 1088 1570 1127 minime
1597 1089 1898 1142 responderunt.
1961 1087 2107 1141 Quam-

303 1168 417 1208 quam
444 1154 545 1194 enim
573 1155 777 1195 celerrime
792 1155 948 1209 Apuleii
975 1155 1165 1196 editiones
1191 1156 1357 1210 singulis
1383 1156 1709 1209 subsequentibus
1734 1156 1848 1197 annis
1869 1169 1914 1196 ac
1935 1156 2108 1197 maximo

304 1236 467 1262 numero
495 1222 851 1277 diversissimisque
877 1223 972 1263 locis
1001 1224 1188 1278 repetitae
1214 1231 1320 1274 sunt,
1350 1238 1485 1264 omnes
1513 1232 1639 1264 tamen
1662 1224 1869 1264 editionem
1894 1224 2105 1279 principem

303 1291 389 1331 sine
422 1291 499 1330 ulla
527 1292 609 1331 sere
642 1292 860 1331 mutatione
886 1299 1194 1346 expresserunt,
1228 1300 1270 1333 ut
1295 1293 1340 1332 ad
1368 1306 1510 1332 novam
1536 1306 1658 1345 usque
1684 1291 1869 1332 Beroaldi
1895 1292 2104 1334 editionem

303 1359 419 1412 digna
452 1373 551 1412 quae
584 1362 814 1399 conseratur
845 1360 950 1400 nulla
982 1360 1173 1400 extiterit.
1234 1359 1449 1401 Praeterea
1475 1374 1610 1400 omnes
1636 1360 1734 1400 istae
1760 1360 1950 1400 editiones
1982 1362 2106 1415 negli-

304 1427 533 1482 gentissime
561 1434 653 1467 sunt
678 1428 882 1467 consectae
908 1435 947 1467 et
973 1428 1070 1467 lucri
1098 1429 1363 1468 tantummodo
1390 1428 1630 1482 cupidinem,
1663 1428 1764 1482 quod
1793 1429 1889 1469 satis
1923 1442 2106 1483 magnum

303 1497 388 1536 fore
415 1495 565 1550 sperari
594 1502 746 1549 poterat
768 1496 804 1535 in
827 1495 898 1535 boc
920 1496 1019 1536 libro
1046 1497 1109 1549 qui
1135 1496 1174 1535 in
1201 1496 1370 1536 omnium
1399 1502 1503 1536 esset
1529 1496 1698 1547 deliciis,
1727 1503 1860 1550 aperte
1886 1504 2107 1550 coarguunt

301 1564 408 1605 viros
436 1565 570 1604 doctos
597 1564 873 1614 commovisse,
904 1571 945 1603 ut.
969 1564 1178 1618 Apuleium
1205 1564 1464 1618 qualicunque
1491 1565 1616 1604 forma
1636 1564 1899 1618 divulgarent,
1928 1566 1974 1605 de
1994 1572 2106 1606 textu

301 1633 544 1673 emendando
583 1631 740 1672 minime
778 1639 907 1671 tamen
946 1632 1124 1683 solliciti,
1164 1646 1239 1685 quo
1279 1634 1421 1672 sactum
1454 1640 1534 1683 est,
1573 1639 1615 1672 ut
1645 1633 1884 1686 posteriores
1916 1633 2106 1674 editiones

302 1715 381 1741 non
408 1701 520 1740 modo
560 1714 696 1740 omnes
723 1700 908 1754 principis
940 1714 1098 1740 errores
1132 1700 1436 1756 typographicos
1469 1700 1700 1754 repetierint
1723 1701 1790 1741 sed
1818 1708 1874 1741 tot
1900 1708 2106 1755 tantosque

302 1776 508 1823 praeterea
541 1768 774 1815 adiecerint,
808 1768 872 1822 qui
906 1769 1130 1820 turpissima
1164 1775 1313 1808 tantum
1347 1769 1586 1822 negligentia
1620 1769 1807 1809 committi
1841 1769 2014 1824 potuisse
2039 1784 2106 1824 pu—

303 1838 408 1877 tandi
441 1837 531 1877 sint.
592 1836 718 1890 Quam
752 1837 904 1890 quidem
936 1837 1196 1890 posteriorum
1230 1837 1441 1877 editionum
1475 1837 1656 1877 miseram
1691 1837 1956 1878 condicionem
1990 1852 2035 1878 ea
2061 1838 2107 1878 de

302 1919 442 1946 caussa
458 1904 634 1945 breviter
648 1905 845 1959 attingere
861 1904 953 1944 mihi
968 1905 1130 1945 lubitum
1148 1912 1222 1955 est,
1252 1905 1401 1959 nequis
1417 1905 1642 1956 miraretur,
1660 1906 1759 1959 quod
1777 1920 1875 1959 quae
1896 1906 2104 1946 lectionum

302 1974 475 2014 varietas
513 1973 551 2013 in
589 1973 676 2013 istis
715 1973 900 2023 habetur,
944 1986 1028 2013 eam
1067 1973 1105 2012 in
1144 1974 1246 2013 notis
1286 1974 1433 2013 criticis
1471 1974 1696 2027 plerumque
1733 1974 1953 2025 omiserim,
1991 1988 2105 2027 quum

301 2041 546 2096 sequentium
568 2041 781 2081 editionum
803 2042 1049 2081 collationem
1078 2056 1191 2095 quam
1213 2041 1510 2082 accuratissime
1537 2041 1789 2090 instituerim,
1818 2042 1943 2082 satius
1969 2042 2107 2097 quippe

301 2117 432 2159 ratus,
469 2110 500 2150 si
532 2110 714 2150 editionis
747 2110 954 2164 principis,
984 2109 1219 2151 Vicentinae
1251 2116 1290 2149 et
1318 2109 1492 2150 Venetae
1517 2112 1558 2152 2.
1594 2110 1781 2150 lectiones
1814 2124 2103 2161 enumerarem,

302 2192 401 2231 quae
433 2177 505 2218 etsi
540 2178 715 2230 plurimis
749 2178 845 2218 locis
878 2185 1123 2231 congruunt,
1159 2178 1197 2218 in
1230 2178 1396 2231 singulis
1424 2185 1551 2218 tamen
1580 2178 1770 2218 dissident
1801 2185 1839 2219 et
1865 2178 2103 2219 correctoris

303 2260 462 2301 pravam
501 2246 748 2286 sedulitatem
787 2253 921 2300 aperte
961 2253 1166 2286 testantur.
1239 2247 1281 2285 ln
1319 2253 1512 2300 apparatu
1549 2247 1652 2286 enim
1690 2246 1827 2286 critico
1864 2246 2105 2286 conficiendo

302 2329 387 2355 eam
414 2328 568 2368 semper
594 2314 803 2354 observavi
831 2315 979 2368 legem,
1021 2316 1150 2367 utqui
1188 2314 1386 2354 manifesti
1424 2321 1537 2354 erant
1573 2314 1783 2354 editionum
1811 2315 1952 2369 peioris
1990 2320 2106 2354 notae

302 2396 461 2423 errores
485 2382 771 2437 typographici,
800 2396 868 2423 eos
894 2397 1089 2436 nunquam
1117 2382 1346 2433 indicarem,
1376 2383 1451 2422 nisi
1473 2383 1546 2423 viri
1564 2383 1761 2423 cuiusdam
1784 2389 1850 2423 aut
1868 2381 2107 2422 emendatio-

302 2465 372 2491 nes
409 2458 477 2491 aut
514 2450 765 2491 coniecturae
802 2451 841 2490 in
873 2450 920 2490 iis
953 2451 1194 2501 niterentur,
1240 2464 1339 2503 quae
1371 2452 1416 2491 ad
1446 2458 1579 2491 textus
1605 2450 1956 2491 conformationem
1989 2456 2104 2503 atque

301 2533 507 2560 censuram
535 2519 776 2572 aliquantum
805 2519 936 2559 faeere
963 2519 1212 2569 viderentur,
1247 2533 1292 2558 ac
1326 2520 1564 2573 posteriores
1597 2533 1731 2557 omnes
1764 2518 1954 2557 editiones
1981 2517 2104 2571 negli-

302 2594 442 2641 genter
473 2588 630 2628 eosdem
664 2594 909 2641 repeterent,
950 2601 1024 2640 qua
1058 2587 1208 2640 quidem
1242 2587 1422 2628 socordia
1459 2588 1672 2641 scriptores
1704 2586 1855 2639 quoties
1887 2584 2105 2625 miserrime

302 2656 503 2709 depravati
538 2655 616 2695 sint
649 2655 805 2696 difficile
839 2662 899 2695 est
931 2656 1050 2695 dictu.
1106 2654 1254 2695 Earum
1282 2669 1378 2695 vero
1409 2655 1620 2695 editionum
1647 2654 1708 2694 vel
1736 2654 1817 2709 ipsa
1844 2653 1937 2694 vitia
1963 2652 2104 2693 litteris

302 2724 555 2776 consignavi,
597 2738 692 2777 quas
731 2737 784 2764 ex
820 2724 974 2778 optimis
1008 2723 1205 2763 codicibus
1244 2723 1435 2777 prodiisse
1473 2722 1728 2777 perspicitur,
1768 2729 1811 2762 ut
1846 2720 2028 2762 Iuntinae
2059 2723 2101 2763 2.

301 2791 354 2831 A.
383 2789 635 2842 MDXMI„
672 2806 770 2844 quae
797 2792 966 2832 omnium
994 2799 1172 2832 veterum
1200 2792 1356 2846 Apuleii
1383 2791 1595 2832 editionum
1627 2790 1820 2831 sine-ullo
1847 2790 1961 2830 dubio
1986 2790 2103 2843 longe

302 2866 362 2899 est
395 2860 756 2912 praestantissima,
792 2862 972 2914 quoniam
1007 2860 1044 2899 in
1081 2860 1138 2899 bis
1170 2860 1371 2900 erroribus
1398 2874 1476 2900 non
1502 2873 1594 2899 raro
1621 2858 1738 2910 latet,
1773 2859 1872 2912 quod
1899 2858 1944 2898 ad
1971 2857 2102 2898 melio-

303 2942 383 2967 rem
412 2927 644 2981 scripturam
674 2929 862 2969 reducere
889 2927 1025 2982 possit.

414 3005 506 3046 l’ost
547 3007 756 3061 principem
797 3006 980 3047 Beroaldi
1019 3007 1137 3047 editio
1174 3006 1379 3048 Bononiae
1416 3008 1467 3048 A.
1509 3004 1605 3047 MD.
1645 3006 1711 3046 fol.
1753 3005 1948 3046 mentione
1986 3004 2102 3059 digna

302 3082 380 3123 est,
420 3075 556 3128 qnippe
589 3075 651 3127 qui
680 3076 825 3128 primus
856 3076 1065 3129 Apuleium
1105 3089 1156 3115 ex
1187 3089 1324 3116 norma
1357 3076 1520 3129 quadam
1554 3089 1598 3115 ac
1630 3081 1737 3114 certo
1769 3074 1932 3113 consilio
1961 3080 2104 3113 tracta-

302 3143 424 3194 verit,
465 3143 536 3182 etsi
577 3143 756 3198 scriptori
790 3158 860 3183 ¹suo
900 3144 981 3199 plns
1022 3144 1244 3183 detrimenti
1284 3159 1395 3198 quam
1435 3142 1623 3183 commodi
1656 3141 1841 3182 adtulisse
1868 3155 1951 3182 eum
1981 3141 2102 3181 mani-
