2155 3590
536 120 722 169 MEER'
756 121 830 168 IV.
891 124 1018 169 CAP.
1049 120 1262 168 XXVIII.
1291 118 1461 166 ΧΧΙΧ.
1810 120 1893 169 28³5

107 243 231 340 lmitlml]
263 242 439 297 germine
468 252 547 283 non
578 242 704 283 maria
728 243 796 283 sed
825 248 953 284 terras
978 241 1177 284 Venerem
1202 240 1316 281 aliam
1341 237 1529 293 virginali
1558 238 1654 279 flore·
1678 232 1894 293 praeditam

106 313 156 354 pu
186 313 210 339 u
227 313 330 340 asse.

621 414 1060 464 CAPUT
1153 413 1380 462 XXIX.

216 546 283 589 Sic
307 549 346 588 in
371 548 602 602 immensum
628 548 804 602 procedit
827 548 867 587 in
893 547 974 588 dies
1001 547 1149 602 opinio:
1175 546 1232 587 sic
1256 545 1404 586 insulas
1429 544 1506 584 iam
1525 544 1728 598 proximas
1754 549 1792 584 et
1819 549 1896 600 ter-

104 607 173 646 rae
202 599 419 658 plusculum
448 603 750 659 provinciasque
780 604 966 658 plurimas
998 604 1101 657 fama
1130 607 1313 658 porrecta
1343 607 1598 656 pervagatur.
1633 600 1645 656 Ι
1674 598 1761 653 „Iam
1786 599 1899 639 multi
1922 604 1988 637 302

103 661 324 701 mortalium
350 661 481 715 longis
505 661 715 702 itineribus
741 668 857 714 atque
883 660 1083 702 altissimis
1109 660 1230 700 maris
1255 657 1446 699 meatibus
1472 657 1520 697 ad
1551 655 1675 697 seculi
1700 656 1898 710 specimen

104 717 320 771 glorios-um·
345 717 607 758 confluebant.
635 717 799 772 Paphon
825 726 954 768 nemo,
979 715 1136 758 Cnidon·
1160 730 1276 757 nemov
1298 721 1343 756 ac
1369 729 1417 755 ne
1441 715 1530 768 ipsa
1553 713 1707 768 quidem
1723 710 1900 767 Cythera

102 833 207 862 aliam
225 832 383 863 Venerem
397 835 419 864 f.
463 833 635 872 proditam
649 833 678 864 δ.

191 878 226 908 in
238 878 430 909 immensum
450 879 487 910 F.
499 880 530 909 3.
552 881 588 909 G.
604 882 633 909 1.
646 883 677 910 2.
691 877 729 909 D.
743 880 780 909 P.
794 881 828 909 0.
845 879 865 908 f.
892 880 995 909 Ceteri
1016 880 1105 908 codd.
1126 880 1154 908 e‘t
1169 879 1238 908 edd.
1253 880 1371 908 habent
1385 874 1577 905 irttrne'iaes'um
1591 875 1714 905 omissa
1728 873 1899 910 pr'a‘epo'si-

103 926 198 954 tione.
247 926 378 963 oppinio
394 928 430 954 G.
448 928 475 955 1.
489 928 519 955 2.
534 928 573 955 D.
620 927 654 954 in
668 925 798 953 insulas
813 923 841 954 δ.
885 925 1043 962 proiecta
1056 920 1092 954 Β.
1114 927 1281 962 porrepm
1294 926 1333 953 D.
1381 919 1522 959 Paphon
1535 915 1571 951 F.
1585 923 1615 950 3.
1630 916 1665 950 G'.
1683 922 1712 950 1.
1727 914 1762 950 P‘.
1777 920 1811 949 Ο.
1826 917 1855 949 δ’.
1870 923 1902 948 et

102 972 171 1000 edd.
184 975 262 1000 vett.
287 969 449 1008 Plutplmn
463 973 499 1000 G.
513 973 544 1001 2.
561 971 598 1000 D.
625 969 776 1008 Paphum
790 972 825 999 F.
842 971 870 1000 i.
885 972 920 999 B.
947 968 1099 1006 Paphum
1113 977 1205 997 nemo
1221 972 1352 997 exulant
1367 969 1399 997 in
1414 970 1452 997 R.
1466 968 1489 996 s.
1505 976 1535 1002 p.
1586 964 1711 994 Cnidon
1726 967 1761 995 F.
1776 967 1806 994 3.
1822 967 1856 993 P.
1871 962 1900 994 d‘.

102 1017 136 1044 Ο.
153 1018 201 1045 ed.
216 1025 262 1051 pr.
275 1018 358 1046 lunt.
369 1017 439 1046 1.2.
462 1014 604 1053 Gnydon
612 1017 854 1046 Ven.2.4.Par.
883 1014 1020 1043 Cnidum
1035 1016 1071 1044 F.
1088 1017 1115 1044 1.
1131 1013 1166 1044 Β.
1194 1012 1307 1051 Cydon
1323 1022 1351 1048 p.
1380 1011 1484 1040 Cidon
1499 1014 1534 1041 G.
1551 1014 1580 1042 1.
1595 1016 1629 1042 ut
1642 1012 1772 1040 visse'lur
1785 1015 1805 1039 a
1817 1018 1858 1040 m·
1873 1019 1900 1039 s-

103 1061 159 1088 cm'
170 1060 232 1088 dnn
247 1064 283 1090 G.
294 1064 323 1091 2.
337 1063 375 1090 Ι).
391 1069 410 1090 a
424 1070 463 1090 m.
474 1070 502 1096 ρ.
518 1066 545 1091 et
562 1070 581 1091 a
594 1071 633 1090 m.
643 1070 668 1090 s.
692 1061 752 1099 gui
764 1059 837 1090 dnn.
887 1064 927 1088 at
939 1068 979 1088 ne
991 1060 1066 1096 ipsa
1088 1059 1137 1088 ed.
1158 1068 1204 1094 pr.
1224 1061 1338 1088 Venet.
1352 1060 1383 1088 2.
1397 1061 1481 1088 lunt.
1499 1059 1527 1087 1.
1541 1059 1572 1087 2.
1585 1058 1660 1086 Ald.
1707 1057 1782 1093 ipSa
1796 1062 1902 1083 sacra

103 1105 231 1143 quidem
244 1104 273 1135 ὃ.
286 1109 335 1136 ed.
351 1116 395 1141 pr.
409 1108 523 1147 Venet.
537 1110 567 1135 2.
582 1109 662 1136 lunt.
678 1109 707 1134 1.
722 1108 750 1135 2.
766 1108 840 1136 Ald.
888 1104 1022 1143 quidam
1036 1106 1084 1134 ed.
1100 1106 1175 1133 Bas.
1190 1106 1221 1133 2.
1240 1101 1411 1141 Cytherea
1424 1100 1452 1132 ὃ.
1469 1098 1504 1132 O'.
1536 1103 1646 1130 m’eera
1659 1097 1695 1131 G.
1712 1102 1741 1130 1.
1766 1096 1902 1128 cithera

101 1152 216 1180 venet.
231 1153 260 1180 4.
274 1152 378 1181 Paris.
410 1149 550 1179 cithara
564 1151 600 1181 G.
614 1151 645 1180 2.
671 1147 791 1190 (neque
805 1150 949 1189 citiam,
976 1155 1009 1179 ut
1023 1150 1102 1179 Oud.
1116 1149 1258 1185 excitat)
1275 1151 1314 1177 D.
1333 1150 1414 1177 Iunt.
1432 1148 1459 1177 1.
1473 1148 1505 1177 2.
1523 1149 1638 1177 Venet.
1651 1149 1682 1175 2.
1696 1147 1772 1176 Al'd.
1792 1147 1840 1175 efl.
1856 1146 1901 1180 ψ’.

101 1248 438 1302 LXXXt.p.157.
466 1250 789 1288 Sedaeommuni
805 1248 971 1288 lectione
1031 1262 1062 1286 c.
1092 1253 1125 1287 1.
1153 1251 1192 1286 et
1216 1247 1266 1285 ad
1292 1247 1399 1285 Suet.
1426 1245 1518 1286 Ner.
1546 1260 1577 1284 c.
1604 1250 1668 1287 50.
1706 1245 1757 1284 Et
1781 1244 1902 1298 potis-

100 1305 281 1344 recedere
306 1306 486 1357 equIdem
509 1310 668 1358 propter
693 1307 805 1345 codd.
839 1309 970 1345 aucto-

99 1362 250 1401 ritatem
275 1360 418 1415 nolui]

165 1419 350 1459 Venerem
374 1421 509 1458 aliam.
547 1418 649 1458 Etm.
675 1422 874 1471 comparat
891 1417 970 1456 Ru-

100 1475 159 1514 fin.
185 1476 221 1514 in
247 1476 405 1514 Anthou.
433 1475 516 1514 Vll.
549 1478 668 1528 epigr.
704 1479 792 1517 125.
831 1472 971 1521 κάλλος

99 1531 190 1585 ἔχεις
213 1529 411 1585 Κύπριδος
434 1531 535 1571 Oud.
563 1532 704 1571 charit.
738 1530 763 1571 Ι.
799 1537 833 1572 1.
858 1544 895 1583 p.
929 1535 965 1572 2.

100 1589 162 1628 ed.
186 1587 297 1640 Lips.
322 1580 366 1640 ἦν
390 1586 467 1641 γὰρ
490 1587 533 1627 τὸ
559 1587 698 1636 κάλλος
722 1587 791 1628 οὐκ
817 1584 968 1641 ἀνθρώ-

100 1659 206 1684 πινον
219 1643 319 1685 ἀλλὰ
332 1651 457 1693 θεῖον,
484 1644 572 1685 οὐδὲ
586 1647 631 1686 N
630 1648 773 1698 ηρεΐὸος
786 1642 806 1697 ἢ
820 1642 966 1696 νύμφης

98 1705 174 1741 τῶν
203 1700 336 1756 ὄρειῶν
366 1698 451 1742 ἀλλ’
476 1701 591 1754 αὐτῆς
618 1701 841 1756 Ἀφροδίτης
876 1716 969 1754 παρ-

98 1757 212 1798 θένου
236 1756 341 1810 φήμη
365 1759 405 1798 δὲ
429 1759 496 1798 τοῦ
526 1756 747 1812 παραδόξου
773 1756 971 1809 θεάματος

98 1820 293 1868 πανταχοῦ
319 1810 496 1869 διέτρεχε,
523 1816 570 1855 cs.
596 1815 645 1855 ad
670 1816 707 1855 h.
735 1817 758 1854 Ι.
785 1814 967 1854 d’Orvill.

98 1885 135 1924 p.
163 1875 254 1912 205.
282 1872 341 1911 ed.
368 1871 479 1923 Lips.

151 1929 389 1980 pullulasse.
450 1928 536 1981 [De
583 1930 867 1967 constructione
922 1927 969 1966 cf.

98 1983 235 2023 Munk.
260 1985 309 2023 ad
335 1984 448 2036 Fulg.
474 1985 641 2036 Mythot.
668 1985 694 2023 l.
724 1989 784 2026 12.
812 1997 848 2035 p.
875 1987 969 2025 639.

100 2041 208 2079 StaV.
224 2040 344 2079 Buen.
360 2041 410 2079 ad
423 2041 534 2080 Lact.
550 2041 614 2079 IV.
635 2045 694 2082 12.
709 2041 739 2091 ᾗ.
756 2045 794 2081 9.
807 2054 843 2091 p.
855 2039 967 2092 465]

157 2096 244 2135 CAP.
260 2096 410 2135 XXtX.
457 2099 500 2136 iu
519 2099 757 2137 immensum.
783 2096 856 2135 Hic
869 2109 968 2134 unus

100 2154 211 2191 locus
247 2157 473 2204 argumento
511 2166 605 2191 esse
646 2157 794 2204 potest,
839 2154 970 2204 quanti

100 2209 201 2247 Oud.
213 2209 391 2247 librorum
403 2210 669 2248 auctoritatem
681 2210 825 2248 fecerit.
841 2208 969 2254 Quum

99 2266 199 2304 enim
213 2266 300 2316 ipse
314 2265 547 2317 intelligens,
556 2268 598 2304 in
606 2267 833 2305 ‘immensum
848 2270 969 2316 posse

99 2323 359 2372 comprobari,
401 2323 551 2374 aliquot
587 2322 746 2374 Apuleii
788 2335 898 2360 exem
933 2321 969 2360 la

99 2377 235 2417 afferat
261 2378 355 2417 Met.
374 2378 423 2417 X.
450 2391 486 2430 p.
505 2382 596 2420 704.
623 2379 672 2417 de
697 2378 839 2429 Dogm.
865 2336 965 2416 Piat.

99 2434 142 2474 Π.
169 2448 207 2486 p.
228 2438 339 2481 260„
364 2436 427 2473 ubi
452 2436 542 2473 item
569 2437 715 2474 variant
739 2435 851 2473 codd.
877 2435 966 2473 coll.

97 2489 284 2530 Buenem.
312 2492 361 2531 ad
385 2491 596 2530 Lact.V11.
622 2495 685 2532 16.
713 2491 780 2530 Dr.
807 2492 857 2530 ad
881 2491 968 2531 Liv.

97 2546 208 2586 XXI.
228 2551 312 2588 33.:
338 2552 466 2586 tamen
494 2550 584 2599 quia
607 2550 642 2586 in
670 2548 777 2586 hisce
803 2552 842 2586 et
866 2548 968 2585 simi-

100 2604 201 2643 libus
237 2608 278 2642 ut
314 2609 537 2650 aeternum,
575 2605 720 2651 simile,
758 2604 967 2655 aliquoties

98 2660 407 2711 subintelligatur
431 2662 669 2712 praepositio
685 2665 724 2699 et
750 2662 789 2699 in
805 2662 891 2700 (lies
905 2674 967 2698 se-

98 2721 253 2768 quatur,
279 2717 342 2756 hic
366 2718 559 2756 inculcare
584 2720 626 2756 iu
651 2718 790 2762 reiicit,
817 2717 967 2756 adscito

97 2771 145 2811 N.
171 2773 309 2813 Heins.
334 2775 385 2813 ad
409 2773 587 2813 Lactant.
613 2773 762 2812 Phoen.
792 2777 887 2826 103.

148 2835 362 2882 porrecta.
410 2829 521 2869 Hanc
547 2825 754 2868 lectionem
785 2830 886 2868 bene
910 2839 968 2868 re'-

97 2886 191 2924 tinet
214 2885 316 2925 Oud.
342 2892 475 2925 contra
504 2887 664 2938 Sciopp.
691 2885 887 2937 Susp.lll.
903 2890 967 2927 20.

99 2943 163 2992 qui
185 2945 374 2994 proiecta
400 2957 449 2982 ex
473 2943 579 2982 Bert.
612 2944 894 2994 comprobavit,
927 2941 967 2980 li-

100 3001 162 3035 cet
186 3001 375 3050 proiecta
407 3001 508 3038 idem
539 3002 607 3045 sit,
645 2999 746 3051 quod
770 3004 969 3051 protensa

100 3053 186 3092 coll.
212 3055 345 3095 Munk.
371 3057 421 3095 ad
446 3056 588 3108 Hygin.
616 3054 854 3094 Ast1·0n.111.
882 3069 914 3094 c.
930 3060 966 3096 5.

101 3123 136 3161 p.
163 3113 254 3151 503.
293 3113 400 3151 Stav.
439 3113 522 3152 lntt.
560 3113 610 3151 ad
644 3111 790 3163 Nepot.
828 3111 968 3151 Chabr.

1029 1305 1168 1342 simum
1193 1304 1242 1342 de
1270 1302 1368 1342 locis
1383 1303 1517 1341 dicitur
1532 1301 1610 1341 Cic.
1625 1302 1735 1340 Verr.
1751 1300 1819 1339 lV.
1839 1295 1901 1341 10.

1028 1361 1094 1401 53.
1120 1360 1232 1398 Meta
1256 1358 1282 1398 l.
1310 1364 1346 1400 7.
1372 1359 1459 1398 Intt.
1485 1359 1535 1397 ad
1555 1356 1784 1396 Lucau.lX.
1807 1359 1902 1398 492.

1029 1416 1083 1455 At
1109 1416 1213 1455 fama
1240 1416 1352 1467 quasi
1378 1414 1427 1454 de
1452 1428 1567 1453 manu
1591 1415 1626 1452 in
1654 1425 1809 1452 manum
1829 1418 1903 1452 tra·

1029 1473 1109 1512 dita
1133 1474 1172 1511 et
1191 1477 1386 1525 porrecta
1412 1472 1584 1511 dimanat
1603 1472 1638 1509 in
1659 1470 1845 1522 populum
1865 1473 1904 1507 et

1025 1534 1258 1581 pervagatur
1280 1533 1437 1580 gentes,
1464 1542 1591 1580 neque
1617 1541 1708 1566 vero
1730 1528 1904 1579 proiici-

1026 1591 1106 1626 tur.
1152 1586 1288 1624 Heius.
1315 1585 1496 1638 praetulit
1516 1590 1722 1637 ρετ-νεοίη.

1084 1643 1288 1683 altissimis
1312 1644 1437 1682 maris
1460 1642 1668 1681 meatibus.
1707 1639 1809 1679 Oud.
1826 1639 1862 1678 h.
1878 1639 1902 1678 l.

1027 1714 1103 1738 non
1141 1701 1302 1750 capiens
1335 1698 1517 1737 emendat
1547 1698 1609 1735 vel
1644 1697 1830 1738 altissimi
1855 1710 1904 1734 ex

1029 1756 1145 1795 Ovid.
1174 1755 1332 1795 Heroid.
1347 1755 1396 1795 X.
1414 1759 1480 1796 28.
1504 1754 1568 1792 vel
1594 1754 1800 1794 latissimis
1823 1767 1903 1793 ma-

1027 1814 1085 1852 ris
1108 1813 1321 1858 meatibus,
1349 1826 1465 1863 quum
1480 1811 1604 1850 latum
1618 1824 1728 1849 mare
1752 1811 1903 1861 passim

1029 1870 1191 1908 dicatur:
1229 1873 1270 1907 ut
1306 1882 1448 1919 graece
1484 1865 1532 1906 τὰ
1559 1864 1729 1921 μήκιστα
1759 1862 1903 1917 πελάγη

1028 1923 1283 1964 Aelian.11.1.
1311 1923 1425 1963 Ovid.
1454 1922 1671 1962 He1·0id.ll.
1697 1921 1786 1963 122.
1813 1922 1903 1961 coll.

1029 1980 1113 2020 lntt.
1140 1981 1190 2019 ad
1216 1978 1303 2020 vat.
1332 1979 1464 2020 Flacc.
1492 1980 1518 2019 l.
1546 1983 1638 2020 585.
1682 1977 1746 2017 De
1773 1977 1902 2017 consu·-

1029 2039 1141 2076 sione
1171 2038 1369 2089 utriusque
1401 2037 1578 2076 vocabuli
1609 2035 1771 2075 conferri
1798 2035 1905 2073 iubet

1028 2093 1096 2133 Dr.
1123 2095 1168 2132 ad
1196 2093 1281 2132 Liv.
1299 2094 1345 2133 V.
1372 2098 1436 2135 37.
1463 2093 1492 2144 §.
1508 2096 1544 2134 7.
1571 2097 1609 2131 et
1635 2089 1718 2131 [ntt.
1745 2092 1795 2130 ad
1820 2091 1904 2130 Me-

1029 2151 1117 2189 lam.
1143 2149 1171 2189 l.
1201 2153 1236 2191 2.
1271 2149 1380 2203 [Ego
1406 2163 1498 2188 vero
1525 2159 1599 2188 non
1626 2149 1812 2200 intelligo,
1839 2149 1903 2200 qu‘i

1028 2209 1081 2246 ita
1104 2205 1207 2245 Oud.
1233 2207 1412 2245 aberrare
1436 2206 1614 2260 potuerit.
1660 2206 1776 2252 Quod
1803 2206 1903 2243 enim

1028 2268 1231 2315 utrumque
1263 2267 1304 2302 et
1332 2265 1568 2304 altissimum
1598 2266 1638 2300 et
1670 2263 1905 2302 latissimum

1029 2320 1168 2358 eadem
1197 2322 1346 2359 ratione
1378 2319 1497 2359 debet
1527 2319 1728 2371 explicari,
1761 2321 1802 2357 ut
1833 2331 1902 2369 pro

1025 2389 1133 2415 more
1169 2388 1241 2415 suo
1278 2377 1475 2428 Apuleius
1513 2376 1763 2419 adiectum,
1798 2374 1903 2425 quod

1025 2433 1179 2486 proprie
1193 2434 1244 2472 ad
1257 2435 1464 2485 genitivum
1479 2434 1660 2485 pertinet,
1677 2432 1725 2470 ad
1741 2431 1904 2470 alterum

1025 2489 1128 2528 unde
1153 2494 1287 2541 aptum
1312 2494 1374 2529 est
1398 2490 1683 2529 substantivum
1716 2488 1904 2539 posuerit,

1025 2553 1099 2585 non
1133 2547 1266 2594 video,
1299 2561 1364 2585 cur
1395 2543 1506 2585 nobis
1537 2546 1639 2584 Oud.
1673 2545 1819 2595 aliquid
1851 2544 1904 2582 in-

1025 2604 1170 2650 trudat,
1208 2603 1312 2655 quod
1348 2610 1421 2642 nec
1456 2616 1527 2655 per
1563 2603 1797 2640 sententiam
1831 2614 1904 2639 nec

1027 2662 1317 2711 grammaticam
1344 2661 1608 2698 necessarium
1634 2662 1706 2696 est.
1741 2657 1802 2696 De
1828 2657 1903 2695 hoc

1026 2728 1101 2756 usu
1115 2716 1192 2755 alio
1209 2716 1295 2755 loco
1309 2718 1383 2756 iam
1398 2716 1488 2755 dixi.
1515 2715 1563 2754 cf.
1577 2719 1782 2767 praeterea
1797 2713 1901 2751 Vell.

1027 2772 1071 2811 ΙΙ.
1088 2775 1152 2813 91.
1181 2775 1287 2811 omni
1312 2773 1508 2812 scelerum
1533 2769 1783 2811 couscientia
1803 2780 1902 2809 mer-

1026 2842 1104 2869 sus.
1135 2828 1228 2868 Tac.
1261 2829 1359 2868 Ann.
1387 2829 1453 2868 1V.
1481 2832 1545 2868 32.
1577 2833 1724 2866 veteres
1746 2827 1903 2879 populi

1027 2887 1209 2926 Romani
1233 2900 1297 2925 res
1320 2887 1384 2924 ubi
1411 2885 1475 2923 alii
1501 2885 1643 2923 veteris
1666 2884 1771 2922 male
1790 2894 1901 2936 prae-

1027 2942 1176 2990 serunt3
1195 2943 1295 2980 Ann.
1311 2940 1372 2980 Ill.
1389 2945 1425 2982 3.
1442 2941 1594 2980 diurna
1606 2945 1792 2981 actorum
1804 2941 1901 2980 scri-

1021 3004 1152 3051 ptura
1162 3013 1174 3045 ,·
1199 2999 1246 3037 cf.
1273 2999 1324 3037 ad
1349 2998 1445 3036 Met.
1472 2996 1498 3036 l.
1524 3010 1562 3048 p.
1589 2997 1673 3050 50.]

1084 3055 1268 3108 Paphon
1292 3068 1406 3094 nemo
1436 3054 1596 3095 Cnidon
1624 3068 1750 3093 nemo.
1776 3053 1900 3092 Grue-

1027 3111 1455 3150 canrterminationem
1494 3123 1543 3148 ex
1588 3110 1701 3149 codd.
1743 3110 1899 3161 optimis
