2221 3667
319 162 402 205 482

322 423 496 452 obituram
509 426 546 453 F.
561 427 590 454 3.
617 426 766 453 cirarum
783 426 890 459 inepte
905 424 936 451 in
952 424 1010 451 Ed.
1026 424 1102 451 Bas.
1119 424 1147 452 1.
1173 430 1264 450 muse
1279 431 1332 457 pro
1347 423 1470 451 musice
1485 425 1521 452 P.

591 162 626 201 L
669 161 888 202 APULEH
920 159 1315 201 MADAURENSIS
1346 160 1891 201 METAMORPHOSEON

233 279 297 314 428
321 274 498 314 cantavit
521 273 568 313 ad
595 274 801 326 citharam,
830 274 966 316 Venus
993 272 1105 313 suavi
1132 272 1303 312 musicae
1329 275 1514 327 suppari
1532 287 1688 328 gressu
1709 273 1716 329 l
1737 275 1908 314 formosa
1934 270 2111 314 saltavit:

1569 423 1825 459 superingressa
1838 425 1873 452 F.
1891 426 1918 452 1.
1933 426 1963 452 3.
1979 426 2014 452 G.
2028 425 2065 451 l).
2082 424 2116 451 B.

322 475 351 498 et
367 478 478 499 omnes
491 471 562 499 edd.
576 476 652 500 vett.
668 480 726 499 nec
741 472 837 499 aliter
850 470 1001 497 videntur
1015 468 1112 496 ceteri
1128 470 1218 496 codd.
1234 469 1365 503 legisse.
1390 471 1426 497 lu
1441 471 1510 496 solo
1524 465 1552 497 δ.
1573 473 1620 496 est
1636 468 1888 504 superingressa
1899 492 1906 505 ,
1933 471 2016 497 uude
2035 471 2118 496 Sca—

322 516 406 550 liger
424 517 607 544 emendavit
627 515 769 551 suppari
780 521 915 551 gressu,
942 513 1138 546 quodetiam
1152 514 1319 542 u'asseus
1339 516 1535 548 comprobat.
1561 514 1787 541 Emendationi
1807 514 1880 542 huic
1902 514 2039 548 praeivit
2059 513 2119 541 Ed.

322 561 418 589 vulo.
434 562 463 589 2.
476 583 484 595 ,

511 561 543 589 in
561 569 626 595 qua
645 562 748 589 editur
767 557 911 595 suppari
924 565 1046 594 gressa
1065 560 1233 595 mendose,
1262 562 1293 587 ut
1314 563 1405 592 puto.
1433 567 1488 592 pro
1505 565 1640 595 gressu,
1667 562 1763 592 atque
1783 558 1830 586 ita
1843 559 1959 593 reliqui
1972 558 2122 586 Editores

323 606 466 641 suppari
480 614 599 643 gressu
620 607 868 639 expresserunt,
895 606 1024 637 praeter
1042 604 1231 640 Pricaeum⁷
1258 603 1313 637 qui
1332 606 1500 639 vulgatam
1520 603 1690 632 lectionem
1717 603 1894 631 revocavit.
1936 602 2123 642 formonsa

323 652 358 679 F.
374 652 404 680 3.
421 651 580 690 formose
593 652 674 678 Elm.
690 649 793 677 Scriv.
807 648 927 676 Floria.
943 648 1073 677 vitiose.

325 783 416 834 quid
455 785 537 821 eius
575 781 659 819 loco
697 783 872 830 ponatur.
922 779 1023 818 Nam
1061 794 1198 818 omnes

325 839 614 877 enunciationes
640 838 693 874 ita
718 836 946 886 procedunt,
972 840 1012 874 ut
1038 839 1200 887 primum

325 909 463 934 nomen
479 895 635 932 deorum
651 896 828 943 ponatur,
842 897 1057 943 sequantur
1069 895 1200 932 statim

326 965 456 989 eorum
483 950 626 995 officia,
659 949 766 986 nulla
790 949 982 1000 particula
1005 951 1201 1000 apposita,

326 1021 427 1058 quae
451 1007 514 1045 hic
538 1006 612 1044 loci
634 1006 930 1044 concinnitatem
951 1007 1200 1057 perturbaret.

326 1063 460 1114 ltaque
486 1063 549 1100 vel
574 1062 692 1113 plane
717 1062 907 1100 eiicienda
931 1067 992 1100 est
1014 1077 1099 1101 cum
1116 1064 1202 1101 eod.

325 1119 397 1165 0.‚
422 1124 463 1158 ut
489 1132 646 1158 canora
672 1119 921 1157 accusatims
948 1121 1000 1157 sit
1025 1120 1203 1158 adiectivi

325 1190 394 1228 pro
426 1176 612 1214 adverbio
645 1176 817 1226 positus,
859 1174 920 1212 vel
952 1189 1049 1215 coee
1075 1190 1203 1214 emen-

326 1232 506 1271 dandum.
532 1231 725 1270 Fortasse
752 1231 920 1283 Apuleio
948 1236 1038 1270 ante
1065 1232 1204 1271 oculos

324 1289 555 1327 versabatur
580 1288 690 1326 locus
717 1288 874 1326 Homeri
895 1287 936 1327 ll.
964 1305 989 1327 α
1015 1293 1096 1329 602
1115 1302 1202 1340 sqq.

327 1361 372 1384 ov.-
358 1342 408 1384 Ἰδ’
427 1344 480 1384 ἔτι
494 1343 623 1396 θυμὸς
635 1341 782 1384 ἐδεύετο
802 1344 930 1391 δαιτὸς
944 1349 1053 1396 ἐίσης,
1074 1343 1130 1384 Οὐ
1143 1347 1210 1397 μὲν

327 1399 532 1455 φόρμιγγος
556 1403 816 1454 πεοικαλλεός,
851 1398 892 1453 ἢι
923 1400 973 1453 ε”χ
995 1399 1208 1443 Ἀπόλλων,

328 1456 522 1498 Movocamv
546 1456 607 1504 ι’),
634 1456 675 1496 αἳ
700 1453 825 1497 ἄειδον
857 1455 1100 1510 αμειβοαειϊιι
1132 1457 1208 1497 ὀπὶ

328 1518 442 1554 καὶ.
420 1531 454 1565 ῃ.
476 1514 656 1553 Ceterum
672 1516 827 1565 egregie
841 1516 1069 1553 canentibus
1080 1515 1207 1553 Musis

329 1572 450 1622 iungit
492 1571 728 1622 psallentem
767 1571 992 1622 Apollinem
1038 1576 1079 1609 ut
1117 1571 1207 1610 val.

328 1627 461 1666 Flacc.
487 1628 536 1666 V.
576 1631 668 1668 693.
710 1629 825 1668 sl'une
862 1628 1056 1668 adsuetus
1092 1629 1207 1667 adest

329 1684 594 1736 Plzlayraeas
618 1685 794 1723 reddere
816 1699 983 1736 puqnas
998 1685 1208 1723 illusarum

331 1741 482 1780 chorus
515 1745 553 1779 et
584 1740 771 1779 citharae
800 1741 994 1793 pulsator
1030 1741 1208 1792 Apollo.-

331 1798 510 1849 Fertque
533 1810 699 1848 9rarcm
714 1797 929 1849 Plzryyius
949 1799 1102 1836 eii-cum
1123 1811 1210 1835 cra-

330 1858 418 1892 tera
441 1853 641 1897 minister,
668 1854 731 1891 ubi
756 1853 846 1890 vide
872 1852 957 1891 Intt.
1010 1852 1059 1890 Et
1090 1854 1149 1891 sic
1174 1855 1209 1891 in

330 1908 444 1947 Pelei
470 1912 509 1947 et
530 1908 723 1947 Thetidos
751 1910 893 1961 nuptiis
919 1908 1080 1947 Lucian.
1108 1910 1211 1947 Dial.

330 1964 620 2004 De012Ma1in.
649 1970 684 2005 5.
723 1980 753 2004 c.
785 1971 817 2005 1.
850 1980 886 2017 p.
915 1969 1008 2006 301.
1046 1969 1147 2005 ἐιίωι
1173 1967 1211 2004 δὲ

330 2018 566 2087 κροτοὺιτων
595 2020 616 2073 ἢ
649 2026 702 2071 τῷ
725 2019 940 2061 >summm
971 2023 1215 2089 xu‘taptssorscc

331 2077 352 2130 ἢ
372 2087 454 2125 ταῖς
467 2075 644 2124 Moioczzg
664 2075 850 2129 (ἰδούσας
871 2075 1131 2131 προσεχόιτωι
1150 2095 1215 2118 τον

332 2139 430 2175 νοῦν.
445 2135 1103 2181 DeHoris‚M¹1sis,Gritusiunctis
1114 2150 1215 2174 com

331 2196 444 2243 parat
469 2191 573 2231 Oud.
601 2192 842 2231 Grammium
863 2194 899 2230 in
914 2191 1013 2230 Obs.
1030 2191 1213 2244 Xenopb.

334 2262 369 2300 p.
387 2252 452 2289 84.
468 2262 555 2299 sqq.
582 2248 679 2286 Met.
696 2249 743 2287 Υ.
770 2263 808 2300 p.
824 2253 917 2289 373.
946 2248 1112 2301 [Apollo
1128 2264 1214 2288 cum

331 2305 463 2345 Musis
490 2306 641 2344 iunctus
667 2309 747 2351 est,
775 2306 863 2355 quia
888 2310 951 2343 est
975 2306 1215 2358 μουσηγέτης.

338 2361 385 2400 cs.
400 2360 532 2413 Kopp.
548 2362 596 2399 ad
612 2362 726 2401 Mart.
743 2360 894 2413 Capell.
910 2362 938 2401 1.
959 2363 990 2414 ᾗ.
1007 2366 1073 2403 34.
1094 2376 1131 2414 p.
1151 2367 1214 2403 78.

334 2417 388 2456 Ut
402 2419 711 2456 emendationem
727 2432 881 2458 canora
895 2433 992 2459 voce
1005 2419 1216 2465 stabiliam,

332 2488 403 2527 pro
442 2475 719 2514 commentario
759 2476 875 2513 liceat
911 2476 1051 2515 afferre
1088 2476 1215 2514 locum

332 2531 449 2570 Mart.
477 2531 629 2584 fapell.
660 2531 703 2569 ll.
736 2531 765 2582 ξ.
796 2536 888 2572 117.
914 2547 951 2585 p.
983 2536 1072 2573 159.
1106 2534 1218 2572 Ecce

334 2593 429 2627 ante
451 2591 568 2640 sores
596 2589 766 2641 quidam
792 2589 927 2628 duleis
947 2604 1066 2629 sonus
1084 2591 1215 2629 multi-

332 2645 430 2697 fidis
443 2646 710 2685 suavitatibus
725 2646 866 2690 cietur,
878 2647 1215 2698 quemstIusarum

336 2703 660 2741 convenientum
691 2701 840 2741 chorus
877 2704 1115 2753 impendens
1146 2718 1214 2743 na-

330 2758 534 2809 ptialibus
553 2760 819 2797 sacramentis
837 2759 1132 2799 modulationis
1146 2761 1217 2799 (lo-

337 2819 428 2853 etae
460 2815 673 2855 tinnitibus
709 2816 964 2855 concinebat.
1013 2816 1121 2856 Nam
1145 2831 1219 2856 nec

336 2871 529 2911 tibiarum
554 2872 676 2917 mela,
701 2886 776 2911 uec
800 2886 853 2911 ea:
875 2872 1028 2925 fidibus
1051 2875 1217 2919 sonitus,

337 2941 409 2965 nec
451 2928 750 2981 hydraularam
792 2929 1034 2969 harmonica
1078 2931 1220 2969 deerat

331 2983 574 3033 plenitudo,
618 2985 690 3024 sed
735 2987 775 3023 ιή
819 2986 1016 3025 blandum
1060 2987 1215 3026 collata

338 3044 501 3078 cautum
526 3054 576 3079 ae
595 3042 837 3095 modificato
853 3044 935 3095 fine
955 3049 1215 3095 compactura

337 3096 428 3132 voci
452 3097 655 3148 viminum
682 3099 965 3150 eomplementi
988 3102 1126 3151 spatio
1150 3114 1215 3139 ra-

338 3154 420 3189 tam
443 3154 582 3204 secere
605 3155 817 3195 silentium.
871 3155 932 3195 Ae
963 3160 1061 3197 teme
1088 3157 1216 3196 omnis

1259 781 1329 820 ille
1361 782 1509 821 chorus
1541 782 1738 821 canoris
1768 781 1967 820 vocibus
1998 780 2127 820 dulci-

1262 852 1340 890 que
1364 838 1580 877 modulata
1601 838 1829 889 praevertit
1853 851 1984 876 omnes
2008 850 2128 890 orgya-

1259 895 1374 933 uicas
1398 894 1649 946 suavitates]

1317 1008 1432 1046 suavi
1446 1009 1621 1047 musicae
1633 1008 1807 1058 suppari
1820 1020 1972 1059 yressu.
1994 1005 2133 1044 Emen-

1264 1063 1370 1102 (lavit
1395 1063 1516 1102 Salm.
1550 1068 1589 1101 et
1613 1063 1749 1102 &Vas-s.
1782 1064 1957 1114 suppari
1979 1076 2134 1115 yressu,

1265 1119 1369 1170 quod
1413 1120 1553 1158 deinde
1588 1121 1774 1158 reiectum
1812 1124 1874 1158 est
1911 1133 1933 1157 a
1968 1117 2134 1156 Pricaeo

1264 1181 1302 1214 et
1340 1176 1499 1214 Florido
1533 1177 1649 1216 codd.
1692 1177 1896 1214 lectionem
1933 1176 2136 1213 restituen-

1263 1234 1379 1271 tibus.
1428 1232 1486 1271 lta
1518 1233 1633 1271 etiam
1671 1233 1812 1271 Gor-ius
1851 1233 1885 1270 in
1918 1230 2048 1270 Praes.
2088 1231 2135 1268 ad

1265 1289 1443 1327 columb.
1482 1289 1568 1328 Liv.
1599 1290 1700 1339 Aug.
1740 1289 1827 1327 Lib.
1861 1302 1896 1340 p.
1931 1292 1995 1328 32.
2029 1288 2138 1331 citat,

1270 1347 1382 1396 quasi
1413 1345 1476 1384 hic
1507 1359 1664 1396 quoque
1695 1350 1736 1383 ut
1766 1343 1861 1384 Met.
1893 1343 1944 1383 X.
1975 1357 2012 1395 p.
2045 1348 2137 1384 738.

1268 1416 1391 1454 super
1428 1402 1500 1441 has
1543 1404 1771 1441 introcessit
1814 1403 1899 1440 alia
1942 1400 2139 1451 Apuleius

1266 1459 1504 1504 monuisset,
1533 1459 1725 1496 Venerem
1758 1460 1977 1501 inaressam
2005 1456 2140 1501 fuisse,

1267 1520 1477 1566 postquam
1493 1515 1637 1553 Musae
1652 1519 1808 1552 cantare
1834 1515 2070 1565 inceperant,
2096 1526 2142 1551 ac

1266 1576 1356 1609 tunc
1382 1571 1552 1609 formose
1565 1572 1749 1609 saltasse.
1778 1571 1859 1609 Sed
1886 1571 1961 1608 hoc
1985 1570 2143 1620 ineptis-

1267 1629 1407 1665 simum
1434 1632 1507 1665 est.
1558 1628 1723 1666 Saltatio
1746 1629 1936 1665 enimnon
1951 1630 2043 1677 post
2058 1639 2145 1664 can·

1267 1688 1360 1727 tum,
1371 1684 1443 1722 sed
1452 1684 1499 1722 ad
1511 1685 1593 1722 eius
1604 1698 1785 1722 numeros
1799 1684 2017 1733 modosque
2030 1682 2147 1720 fiebat

1269 1741 1373 1786 olim,
1400 1742 1449 1777 uti
1479 1754 1586 1778 minc.
1637 1741 1699 1778 Ac
1725 1741 1798 1778 diis
1825 1741 2004 1778 omnibus
2031 1737 2146 1777 simul

1269 1797 1317 1834 ad
1333 1810 1495 1835 coenam
1511 1797 1719 1848 nuptialem
1736 1796 2057 1834 convenientibus
2071 1808 2146 1833 non

1270 1857 1422 1904 poterat
1441 1854 1589 1891 abesse
1606 1854 1761 1898 venus,
1788 1855 1897 1892 cuius
1912 1853 1976 1890 tilii
1990 1853 2147 1903 nuptiae

1273 1910 1573 1956 celebrarentur,
1590 1924 1704 1961 quam
1720 1910 1837 1948 etiam
1852 1909 2058 1947 adlocutus
2074 1910 2148 1946 iam

1275 1965 1397 2003 fuerat
1425 1965 1576 2016 Iupiter.
1639 1966 1821 2017 Namque
1859 1980 1931 2003 non
1972 1965 2150 2015 leguntur

1274 2036 1405 2061 rursus
1433 2022 1686 2063 discessisse,
1714 2023 1785 2060 nisi
1812 2023 1949 2060 Venus
1975 2022 2149 2072 fingatur,

1272 2080 1511 2123 recessisse,
1543 2083 1585 2116 ut
1609 2092 1655 2116 se
1681 2079 1840 2130 nuptiali
1866 2079 1999 2117 babitu
2024 2078 2150 2127 magis

1275 2139 1493 2173 exornaret.
1522 2135 1603 2173 Sed
1631 2135 1695 2173 illa
1710 2149 1784 2173 non
1800 2135 1957 2173 solebat
1972 2133 2150 2184 frequen-

1274 2197 1357 2230 tare
1372 2192 1544 2230 Deorum
1559 2192 1770 2237 theatrum,
1797 2192 1870 2229 nisi
1889 2192 1991 2229 bene
2011 2194 2150 2235 comta,

1274 2253 1315 2287 ut
1341 2253 1448 2299 patet
1474 2262 1522 2286 ex
1553 2263 1588 2300 p.
1617 2253 1710 2288 412.
1744 2248 1926 2287 Latinum
1960 2261 2050 2285 vero
2076 2261 2149 2285 non

1276 2309 1356 2346 est.
1395 2305 1501 2356 quod
1533 2306 1696 2343 coniecit
1727 2305 1830 2343 Gill).
1858 2304 2063 2343 Gaulmius
2101 2303 2152 2341 ad

1278 2362 1456 2400 Eustath.
1483 2362 1534 2400 de
1562 2361 1702 2400 lsmcn.
1728 2365 1768 2399 et
1786 2361 1964 2399 Ismenes
1978 2360 2151 2398 Amorib.

1276 2432 1313 2470 p.
1348 2423 1413 2459 25.
1444 2419 1781 2470 suppartyressu,
1813 2419 1897 2456 sive
1931 2429 2031 2469 quae
2061 2429 2152 2467 sup-

1275 2489 1409 2527 parem
1423 2477 1596 2513 musicae
1616 2488 1797 2525 gressum
1816 2474 2005 2526 praebuit.
2042 2472 2153 2511 Haec

1275 2533 1472 2571 sententia
1486 2535 1547 2569 est
1561 2530 1663 2569 Oud.
1674 2561 1683 2573 ‚
1711 2544 1826 2580 quam
1853 2531 2034 2581 equidem
2049 2543 2151 2568 com-

1275 2590 1410 2640 probo.
1460 2587 1579 2640 [Nam
1606 2588 1638 2625 si
1664 2589 1975 2640 superiuqressa
2002 2587 2152 2636 legitur,

1275 2647 1437 2696 primum
1475 2644 1635 2710 intelligi
1677 2645 1825 2695 nequit,
1869 2643 1961 2694 quid
1998 2643 2153 2680 dativus

1275 2703 1307 2740 si
1312 2703 1469 2752 gnificet
1499 2702 1561 2751 qui
1597 2701 1819 2738 necessario
1853 2713 1938 2738 cum
1969 2700 2152 2750 superin—

1275 2772 1417 2812 9ressa
1444 2757 1737 2808 coniun‹.gen‹lus
1764 2760 1836 2794 est.
1886 2755 2040 2794 Deinde
2060 2768 2153 2805 quo-

1277 2815 1394 2853 modo
1427 2815 1686 2866 explicaveris
1709 2811 2041 2865 superingressa?
2090 2811 2153 2849 De

1278 2872 1435 2910 ἲθιιριο
1471 2875 1564 2924 post
1601 2874 1754 2909 ceteros
1791 2869 1905 2908 Deos
1947 2868 2153 2920 appropin-

1280 2933 1424 2979 quante
1465 2928 1586 2979 accipi
1630 2927 1779 2978 nequit;
1822 2925 1874 2963 ita
1909 2929 2057 2963 tanturn
2090 2924 2152 2961 de-

1276 2986 1380 3024 fendi
1407 2989 1559 3037 potest,
1584 2988 1625 3022 ut
1645 2982 1757 3034 quasi
1780 2982 1939 3020 chorum
1965 2981 2153 3019 effecisse

1275 3042 1432 3088 Musas,
1448 3040 1755 3087 Gratias,Horas
1764 3038 2071 3089 Apollinemque
2085 3050 2152 3088 po-

1274 3112 1360 3145 nas,
1387 3099 1446 3137 cui
1461 3101 1666 3149 praeterea
1678 3109 1724 3135 se
1739 3096 1989 3134 immiscuerit
2002 3095 2152 3133 Venus.

1276 3156 1328 3194 At
1359 3155 1447 3208 quis
1480 3154 1581 3192 dicat
1612 3154 1727 3193 suavi
1757 3153 1936 3192 musicae
1966 3152 2152 3205 inyressa
