2155 3590
689 154 876 194 LIBER
903 154 976 194 XI.
1036 154 1148 194 CAP
1186 158 1234 196 V.
1791 158 1874 200 999

91 264 194 319 giam
223 263 524 319 Proserpinam3
561 265 754 307 Eleusinii
784 273 979 307 vetustam
1004 267 1114 308 deam
1139 269 1323 309 Cererem
1347 275 1386 309 et
1409 267 1598 309 Iunonem
1624 269 1711 318 alii,
1743 268 1875 310 Bello-

90 335 180 362 nam
210 321 295 369 alii,
325 320 515 362 Hecatam
546 322 633 374 isti,
660 321 945 364 Rhamnusiam
969 323 1046 364 illi:
1074 324 1140 378 qui
1165 325 1362 365 nascentis
1388 325 1449 366 dei
1473 323 1577 366 Solis
1601 325 1875 367 inchoantibus

87 437 280 475 proximam
295 446 351 473 pro
362 438 643 476 proserpt'namD.
692 438 779 468 Nam.
795 438 1018 470 EleusVenet.
1028 443 1059 470 4.
1073 441 1150 470 Bas.
1166 442 1196 470 1.
1209 441 1315 469 Paris.
1325 463 1333 478 ‚
1347 449 1422 468 nam
1437 450 1478 470 ex
1491 442 1713 476 praecedentis
1726 443 1877 472 vocabuli

89 483 205 512 ultima
227 486 360 518 syllaba
378 485 523 519 repetito.
569 483 725 513 Eleusini
747 487 784 515 G.
809 487 838 515 1.
857 488 888 516 2.
907 488 946 514 D.
970 487 1040 515 edd.
1060 490 1136 515 ante
1155 487 1244 515 Colv.
1281 484 1435 514 Ele-usna·
1450 495 1479 521 p.
1506 484 1554 524 6.,
1580 491 1612 517 ut
1632 495 1731 523 supra
1750 496 1780 522 p.
1801 487 1879 517 754.

88 527 257 557 vesculum
279 536 336 564 pro
360 532 529 557 vetustam
548 531 687 560 Scriver.
707 539 821 559 rursus
840 531 958 568 edidit,
983 533 1018 559 ut
1042 539 1072 566 p.
1092 532 1167 559 753.
1185 531 1242 559 ubi
1261 531 1345 559 vide.
1395 530 1547 559 Cererem
1571 535 1607 560 et
1629 532 1790 560 lunonem
1816 532 1881 560 alfa·

88 572 265 602 Bellonam
279 572 343 600 alia·
354 572 525 602 Hecatam
538 575 600 603 isli
610 574 663 602 Rl.
669 584 732 603 arn.
746 575 799 603 itti
811 576 869 613 qm·
880 577 914 604 F.
927 577 958 605 3.
987 575 1142 603 Cererem
1157 575 1315 604 lunonem
1328 575 1392 604 alii
1406 575 1535 605 Bellon.
1551 576 1615 604 alii
1626 576 1796 605 Hecatam
1819 578 1880 606 isti

88 617 212 647 Rham.
226 617 279 647 illu·
289 621 325 646 et
337 618 441 656 que‘F.
458 622 486 649 1.
501 622 583 650 Elm.
622 619 776 648 Cererem
789 619 949 648 Iunonem
968 619 1032 648 alia·
1048 620 1197 648 celonam
1212 618 1281 648 Alii
1296 619 1451 649 ethatum
1469 621 1531 649 isti
1548 623 1738 650 tracusiam
1757 622 1880 660 illique·

88 666 125 694 G,
141 666 170 693 1.
198 662 352 691 Cererem
373 663 533 692 Iunonem
553 665 618 692 aliz·
633 664 796 693 bellonam
817 665 881 694 aliz·
897 669 1026 693 etatum
1047 665 1109 693 isti
1127 664 1374 694 tlarammr’siam
1393 665 1447 693 illi
1466 665 1525 704 qni
1542 668 1577 696 G.
1599 669 1629 697 2.
1649 669 1688 696 D.
1713 669 1792 698 oud.
1813 677 1877 696 nou

88 713 240 738 accurate
254 711 343 738 codd.
357 710 527 739 lectionem
541 711 732 748 descripsit,
757 714 789 739 ut
806 711 902 740 facile
917 711 1071 739 confundi
1083 715 1212 745 queant.
1237 710 1301 739 alii
1312 715 1386 740 ante
1399 710 1575 739 Bellonam
1588 720 1651 740 non
1665 721 1739 741 esse
1753 714 1828 741 dicit
1844 713 1877 742 in

87 755 124 783 F.
141 755 171 795 1.
190 755 226 783 G.
236 755 277 784 P.
291 756 325 783 Ο.
342 755 360 784 f.
374 756 412 784 R.
428 763 457 790 p.
473 752 550 785 621..
571 757 654 790 quod
673 764 768 791 quam
787 764 886 791 prave
905 756 1070 790 protulerit
1091 764 1133 785 ex
1151 756 1233 785 meis
1253 757 1426 785 collatione
1444 759 1548 791 potest
1569 757 1726 793 intelligi,
1757 758 1877 786 rectius

87 799 226 828 dixisset
237 798 342 828 semel
352 803 475 830 tantum
484 823 491 837 ‚
516 809 576 830 nec
588 801 637 829 bis
650 805 682 830 ut
696 802 730 830 in
743 803 812 830 edd.
825 801 972 830 omnibus
986 802 1125 835 positum
1137 809 1221 838 esse,
1246 809 1328 835 quae
1341 803 1458 830 habent
1475 800 1628 829 Cererem
1643 800 1801 829 lunonem
1816 802 1880 829 alii

87 842 216 874 Bellon.
231 843 471 873 aliiHecatem
485 844 660 874 Rlaeamnas
674 845 738 874 alin·
747 849 783 874 et
800 846 867 883 qui.
890 847 1029 874 Eosdem
1050 847 1140 876 codd.
1159 848 1277 875 hahere
1297 845 1336 874 B.
1358 845 1434 884 alii,

1460 844 1545 876 Hec.
1569 847 1644 883 isti,
1669 845 1791 874 Rham.
1816 846 1878 876 illi.

85 890 194 919 Prave
206 890 344 919 Scriver.
361 891 480 925 ubique
494 892 623 920 retinuit
638 891 702 918 alii
713 896 741 921 et
755 893 903 920 omnibus
918 892 1109 925 postposuit.
1158 890 1316 919 [renonem
1331 890 1407 927 alii,
1436 890 1519 919 Bell.
1534 891 1598 919 alie·
1609 890 1772 919 Hecaten.
1785 892 1881 920 misti

87 934 190 970 (forte
202 937 333 972 mystae
347 944 388 964 ex
400 936 516 965 Roaldi
531 937 773 973 emendatione)
788 935 909 963 Rham.
924 934 977 962 illi
987 937 1023 964 R.
1039 940 1118 965 teste
1130 937 1266 965 Roaldo.
1313 934 1483 964 Hecatam
1497 938 1533 966 F.
1551 938 1578 966 1.
1593 938 1623 966 3.
1639 936 1695 971 (G.
1711 939 1738 966 1.
1754 939 1783 965 2.
1799 940 1878 966 teste

85 979 186 1016 oud.)
200 981 236 1009 P.
251 977 279 1009 δ.
295 980 318 1009 f.
343 982 380 1009 In
393 985 466 1011 cett.
478 979 656 1010 Hecatem.

86 1027 130 1054 al.
155 1023 387 1053 rahumusz'am
401 1027 437 1054 1..

707 979 924 1009 Thramisn'an
938 983 974 1009 G.
987 982 1018 1010 2.
1032 982 1067 1010 Ρ.
1087 985 1167 1010 teste
1180 982 1259 1010 Oud.
1289 979 1567 1009 Thmnmfsionem
1581 979 1609 1011 δ’.
1646 980 1877 1010 ΤΙιναη-ιίεἰσηι

484 1029 520 1054 et
537 1031 613 1055 ante
632 1026 690 1064 qm*
707 1035 769 1056 non
791 1029 911 1056 liabent
929 1026 965 1054 F.
985 1027 1017 1053 3.
1039 1028 1075 1055 G.
1093 1028 1123 1054 1.
1138 1028 1169 1056 2.
1183 1023 1265 1056 1115.
1280 1027 1301 1055 f.
1315 1028 1353 1055 R.
1367 1028 1403 1056 P.
1428 1029 1463 1055 In
1485 1028 1633 1061 plurimis
1653 1029 1743 1057 codd.
1763 1031 1793 1057 et
1806 1029 1877 1057 edd.

84 1070 302 1100 interseritur.
328 1071 449 1108 quique
462 1080 518 1107 pro
532 1075 564 1099 ec
579 1073 638 1110 qui
648 1073 685 1101 L.
733 1071 800 1100 diei
812 1074 845 1102 0.
857 1074 942 1101 Iunt.
959 1072 987 1100 1.
1000 1073 1032 1100 2.
1045 1072 1121 1101 Ald.
1135 1071 1241 1101 Paris.
1255 1075 1359 1108 marg.
1374 1073 1450 1101 Bas.
1466 1074 1494 1101 1.
1510 1077 1540 1101 et
1553 1074 1628 1101 Bas.
1643 1074 1674 1102 2.

86 1167 233 1207 Lucan.
263 1168 348 1207 Vll.
375 1171 467 1210 229.
501 1170 572 1209 Sil.
598 1169 646 1208 X.
673 1175 766 1212 261.
802 1171 951 1209 Meurs.

87 1224 176 1263 Crit.
201 1224 266 1265 Ill.
284 1230 344 1266 11.
366 1240 405 1278 p.
424 1230 514 1266 178.
539 1227 589 1264 (le
604 1227 813 1281 Dictynna
827 1227 953 1266 Diana

86 1280 171 1320 Intt.
197 1281 246 1320 ad
271 1281 385 1321 Ovid.
411 1281 506 1322 Met.
532 1282 576 1320 II.
602 1287 695 1322 441.
722 1282 868 1321 Lucan.
890 1281 954 1321 Ill.

90 1342 180 1378 185.
194 1336 260 1376 Vl.
277 1342 369 1378 214.
395 1338 512 1377 Diod.
529 1338 648 1376 Sicul.
662 1338 713 1378 V.
730 1343 791 1378 15.
817 1338 954 1377 Munk.

83 1393 138 1444 ‚ad
163 1393 304 1445 Hygia.
330 1407 367 1445 p.
395 1398 488 1435 372.
537 1394 684 1432 meurs.
711 1394 801 1433 Crit.
826 1394 893 1434 w.
919 1399 954 1435 3.

84 1463 123 1501 p.
139 1453 218 1490 203
232 1463 344 1501 seqq.
370 1449 454 1489 lntt.
480 1450 530 1488 ad
550 1449 628 1489 Cic.
655 1450 704 1488 de
722 1450 810 1489 Nat.
832 1451 949 1490 Deor.

85 1505 130 1545 Il.
156 1510 221 1546 27.
246 1520 283 1558 p.
310 1510 404 1547 318.
432 1505 585 1559 Creuz.]

143 1563 277 1602 Siculi
300 1564 528 1615 trilt'nynes.
565 1562 627 1601 De
647 1563 709 1602 his
725 1562 951 1603 Cael.Rh0-

86 1619 160 1670 dig.
190 1619 322 1670 Antiq.
353 1618 481 1658 Lectt.
512 1618 574 1658 ΠΙ.
601 1623 684 1660 32.;
717 1619 873 1658 Siculos
904 1620 951 1657 ab

85 1673 254 1726 Apuleio
290 1675 489 1727 trilingues
525 1676 804 1723 animadverto,
848 1676 952 1727 quod

81 1733 248 1784 'barbare
273 1731 378 1771 initio
404 1736 495 1770 sunt
519 1732 653 1778 locuti,
684 1746 824 1784 graece
848 1746 951 1779 mox,

85 1792 283 1840 postremo
310 1790 424 1827 etiam
451 1788 581 1827 latine.
629 1788 745 1828 Diod.
768 1788 951 1829 Sicul.V.

85 1859 121 1897 p.
161 1848 253 1886 290.
303 1844 441 1884 Thom.
480 1844 628 1885 Facell.
672 1859 795 1883 rerum
833 1845 953 1884 Sicul.

83 1901 237 1940 Decad.
261 1900 289 1941 I.
317 1907 350 1941 1.
379 1906 413 1942 7.
462 1901 597 1940 Heius.
630 1903 779 1941 coniicit
808 1903 865 1940 sic
901 1901 954 1940 di-

87 1961 172 1996 ctos
211 1971 282 1996 eos
313 1971 337 1996 a
360 1958 480 1996 tribus
505 1959 799 2010 promontoriis,
837 1958 952 1996 adeo-

87 2027 164 2065 que
204 2018 246 2052 ut
289 2014 439 2054 Graece
479 2016 711 2066 spumaupaovg
752 2015 802 2054 ad
837 2014 950 2053 Ovid.

86 2070 183 2109 Met.
207 2069 311 2109 Xlll.
339 2075 432 2111 724.
465 2071 655 2116 St'cania,
692 2071 820 2111 tribus
851 2071 952 2111 haec

81 2128 302 2179 procurrit
324 2128 366 2166 in
391 2141 576 2180 aequora
602 2128 767 2180 linquis.
813 2127 953 2180 [Hein-

85 2184 135 2222 sii
171 2197 260 2221 vero
298 2184 504 2235 explicatio
549 2188 681 2221 contra
728 2197 841 2221 usum
879 2187 950 2222 est.

86 2239 320 2293 Trillnyues
343 2241 396 2279 ita
419 2239 699 2278 Massilienses
731 2253 753 2277 a
776 2239 951 2278 Varrone

86 2297 325 2334 nominantur
350 2296 454 2347 apud
478 2295 612 2336 lsidor.
638 2295 771 2345 Origg.
797 2295 886 2334 XV.
916 2302 950 2337 1.

87 2356 152 2394 63.
177 2353 323 2391 Ascon.
349 2353 385 2391 in
412 2352 488 2391 Cic.
515 2352 684 2392 Divinat.
710 2351 950 2390 Caecil.Xll.

86 2412 170 2451 39.:
197 2409 302 2448 dicit
323 2409 437 2448 illam
455 2410 635 2449 Graecas
661 2409 816 2462 litteras
835 2409 954 2448 simul

87 2471 127 2505 et
151 2465 325 2504 Latinas
350 2467 391 2504 in
417 2466 565 2505 Sicilia
591 2466 801 2511 didicisse,
837 2466 880 2503 in
905 2479 952 2504 ea

85 2521 237 2566 insula,
254 2535 359 2574 quae
372 2526 515 2562 neutra
532 2522 676 2574 linqua
691 2521 787 2559 bene
801 2526 950 2561 utatur.

87 2577 252 2616 Taubin.
276 2577 326 2615 ad
352 2576 477 2616 Plaut.
493 2577 598 2616 Men.
619 2576 723 2615 Prol.
742 2581 803 2616 11.
829 2582 952 2630 atque

84 2635 192 2674 adeo
216 2634 295 2673 hoc
319 2638 597 2686 arynmentum
620 2634 863 2686 'qr-accinat,
896 2639 951 2673 ta-

83 2704 172 2729 men
207 2704 289 2729 non
315 2691 529 2735 atticissat,
554 2704 686 2729 verum
722 2689 950 2730 sicilicis-

86 2747 227 2791 εἰίαἰς
274 2746 406 2798 Kopp.
433 2745 639 2797 Palaeogr.
671 2745 738 2784 IV.
764 2744 826 2784 ΙΙΙ.
853 2759 885 2784 c.
911 2750 947 2787 3.

86 2802 120 2850 ξ.
147 2807 239 2844 842.
264 2816 301 2854 p.
327 2802 443 2855 324]

141 2859 258 2898 deam
299 2859 491 2899 Cererem.
568 2857 645 2910 [cs.
682 2857 814 2910 Kopp.
854 2858 878 2896 l.
916 2872 948 2898 c.

82 2927 121 2967 p.
138 2918 230 2956 649.
253 2914 364 2967 Lips.
390 2915 440 2953 de
466 2914 573 2953 Cruc.
599 2911 629 2953 I.
656 2928 686 2953 c.
702 2919 752 2960 5.,
779 2914 842 2966 qui
866 2914 953 2953 sine

85 2970 201 3010 dubio
224 2971 446 3010 memoriter
468 2971 505 3009 h.
522 2971 544 3009 l.
570 2972 622 3009 ita
645 2970 870 3023 descripsit:
894 2985 954 3011 me

78 3027 323 3080 primigenii
342 3028 531 3082 Phryges
554 3027 852 3067 Pessinuntiam
874 3041 953 3067 ma-

85 3088 184 3122 trem
208 3085 428 3131 nominant,
453 3097 513 3123 me
537 3083 736 3124 Eleusinii
761 3088 952 3123 vetustam

82 3139 214 3179 Deam
242 3140 456 3193 Cererem]

1068 1175 1106 1209 et
1126 1171 1318 1210 Iunonem.
1337 1171 1422 1217 alii,
1444 1171 1663 1210 Bellonam
1685 1172 1776 1217 alli,
1797 1172 1877 1211 He-

1013 1231 1146 1266 catam
1170 1228 1247 1273 isti,
1278 1228 1565 1267 Rhamnusiam
1584 1228 1667 1267 illi.-
1695 1230 1775 1281 (μα’.
1804 1228 1878 1281 [lta

1011 1283 1114 1321 hunc
1139 1283 1266 1321 locum
1292 1284 1369 1334 legi
1395 1288 1434 1322 et
1463 1284 1682 1336 interpungi
1713 1284 1801 1322 volo
1829 1298 1878 1323 ex

1014 1340 1157 1390 optimo
1179 1339 1262 1378 cod.
1279 1339 1448 1379 Florent.
1487 1338 1689 1379 Posterius
1704 1346 1753 1380 et.
1774 1341 1878 1391 quod

1014 1399 1103 1433 ante
1131 1396 1200 1447 qni
1224 1395 1335 1434 codd.
1351 1396 1497 1446 aliquot
1512 1400 1551 1434 et
1569 1396 1656 1435 edd.
1671 1397 1877 1443 intrudunt,

1010 1451 1212 1501 glossema
1226 1456 1318 1502 puto
1334 1465 1426 1489 esse
1448 1452 1602 1498 librarii,
1621 1454 1684 1504 qui
1704 1466 1878 1504 sequens

1009 1507 1245 1545 enuntiatum
1288 1521 1374 1546 cum
1415 1509 1605 1559 prioribus
1649 1513 1879 1548 connectere

1010 1564 1227 1602 accuratius
1251 1563 1428 1610 voluerit,
1455 1577 1690 1616 quamquam
1714 1579 1789 1604 non
1817 1579 1878 1604 ne-

1011 1620 1197 1672 gandum,
1235 1625 1274 1659 et
1295 1621 1541 1671 particulam,
1575 1635 1676 1672 quae
1701 1626 1790 1661 ante
1815 1622 1878 1662 In-

1009 1691 1151 1716 nonem
1177 1681 1250 1723 est,
1277 1676 1498 1728 displicere,
1523 1682 1565 1716 ut
1588 1678 1660 1716 nisi
1686 1678 1770 1718 cod.
1786 1678 1878 1716 Flo-

1009 1737 1102 1772 rent.
1117 1737 1153 1773 3.
1180 1747 1267 1771 eam
1291 1733 1467 1781 haberet,
1492 1735 1526 1772 in
1553 1738 1699 1774 textum
1725 1749 1798 1774 non
1826 1749 1879 1773 re-

1011 1791 1220 1842 cepissem.
1274 1788 1426 1828 Iteratio
1463 1792 1730 1842 pronominum
1767 1791 1877 1831 libra-

1009 1847 1087 1884 rios
1113 1849 1152 1884 et
1176 1846 1407 1897 interpretes
1432 1848 1687 1898 perturbavit,
1713 1852 1754 1887 ut
1779 1846 1879 1887 alius

1011 1902 1121 1941 aliter
1145 1902 1294 1953 legeret
1318 1902 1680 1957 distingueretque]

1067 1958 1270 1998 Iunonem.
1331 1958 1518 2011 [Iunonis
1543 1964 1582 1998 et
1605 1961 1769 2000 Dianae
1794 1974 1878 2012 per-

1010 2028 1134 2054 sonae
1170 2019 1209 2054 et
1244 2019 1463 2067 potestates
1504 2018 1664 2068 saepius
1701 2018 1796 2055 inter
1832 2031 1877 2055 se

1011 2075 1300 2110 commutantur.
1337 2071 1392 2110 lta
1406 2071 1498 2110 Iuno
1519 2077 1679 2124 praeest
1698 2078 1739 2112 ut
1750 2073 1879 2112 Diana

1010 2128 1326 2179 parturientibus3
1350 2128 1440 2166 hinc
1465 2128 1569 2169 Inno
1584 2130 1759 2177 Lucina,
1780 2144 1878 2182 pro-

1008 2185 1139 2230 nuba,·
1187 2184 1234 2222 cf.
1262 2184 1412 2223 Gruter.
1438 2183 1629 2237 Inscriptt.
1654 2199 1691 2237 p.
1719 2191 1783 2232 24,
1813 2191 1874 2227 16.

1008 2240 1057 2278 ad
1083 2240 1178 2279 Met.
1205 2239 1272 2280 Vl.
1297 2254 1332 2292 p.
1354 2245 1446 2282 389.
1472 2247 1509 2281 et
1536 2244 1659 2282 onznis
1687 2244 1877 2282 occidens

1009 2297 1201 2337 Lucina
1227 2297 1431 2349 appellat3
1469 2298 1515 2336 cf.
1543 2298 1712 2349 Boettig.
1746 2298 1875 2337 ldecn.

1010 2351 1054 2392 T.
1080 2352 1123 2391 ll.
1150 2368 1188 2405 p.
1215 2357 1306 2394 320.
1338 2353 1442 2394 Iuno
1472 2356 1638 2407 inferna
1664 2357 1876 2394 nominatur

1008 2407 1265 2462 Proserpina3
1296 2409 1343 2448 cf.
1369 2412 1470 2449 Aen.
1495 2410 1561 2449 Vl.
1593 2416 1680 2452 138.
1708 2415 1747 2449 et
1772 2412 1875 2451 Iuno

1011 2466 1163 2519 Stygia
1179 2465 1275 2505 Stat.
1293 2466 1417 2505 Theb.
1432 2466 1498 2507 IV.
1514 2471 1625 2515 526.;
1652 2468 1701 2506 de
1725 2468 1876 2508 Iunone

1010 2523 1187 2575 Reyina,
1214 2536 1314 2574 quae
1339 2523 1476 2562 eadem
1504 2522 1592 2562 Isidi
1607 2524 1798 2573 Reginae,
1825 2523 1875 2563 cl'.

1007 2577 1177 2630 Boettig.
1211 2578 1232 2617 l.
1259 2593 1289 2617 c.
1322 2593 1358 2631 p.
1385 2583 1479 2619 311.
1509 2583 1548 2617 et
1577 2581 1627 2619 ad
1656 2580 1754 2620 Met.
1786 2580 1809 2619 l.
1842 2594 1875 2619 e.

1011 2634 1161 2674 Grruter.
1177 2634 1364 2686 lnscriptt.
1385 2649 1423 2687 p.
1439 2639 1504 2682 28,
1531 2641 1567 2676 4.
1594 2641 1631 2676 5.
1657 2641 1695 2678 6.
1721 2642 1758 2677 7.
1783 2650 1819 2687 p.
1836 2641 1873 2677 4.

1010 2695 1045 2731 7.
1061 2695 1098 2732 8.
1117 2695 1178 2732 12.
1198 2705 1235 2742 p.
1251 2696 1289 2737 5,
1305 2695 1340 2732 3.
1355 2697 1393 2732 4.
1421 2691 1525 2730 Iano
1551 2694 1688 2732 cadem
1713 2698 1770 2732 est
1793 2693 1873 2732 Lu-

1006 2762 1084 2787 nae
1109 2747 1156 2786 cs.
1173 2747 1323 2787 Gruter.
1338 2762 1374 2799 p.
1390 2752 1455 2792 25,
1471 2752 1508 2788 8.
1527 2748 1612 2788 lun.
1628 2749 1733 2789 Lun.
1747 2748 1871 2801 1209]

1065 2803 1296 2843 Bellonam.
1340 2803 1406 2856 [cs.
1422 2803 1470 2842 ad
1484 2804 1580 2842 Met.
1596 2804 1696 2843 wll.
1712 2820 1748 2856 p.
1763 2804 1872 2857 574]

1064 2860 1276 2900 Hecatam.
1320 2859 1384 2912 [cf.
1398 2859 1541 2898 Albric.
1559 2861 1607 2898 dc
1620 2860 1740 2912 imag.
1754 2861 1872 2899 Deor.

1010 2928 1048 2967 p.
1063 2918 1156 2956 908.
1183 2916 1242 2954 ed.
1258 2915 1366 2955 Stav.
1392 2915 1528 2966 Cuper.
1548 2917 1720 2955 Monum.
1741 2917 1872 2967 Antiq.

1010 2972 1046 3010 in
1072 2970 1158 3010 Pol.
1186 2971 1323 3023 Suppl.
1351 2971 1470 3010 Thes.
1498 2971 1542 3011 T.
1569 2971 1612 3010 ΙΙ.
1639 2986 1677 3023 p.
1692 2977 1786 3013 543.
1810 2973 1874 3011 De

1009 3027 1277 3066 terminatione
1302 3042 1367 3066 am
1391 3027 1439 3066 cl'.
1465 3028 1513 3067 ad
1538 3028 1636 3066 Met.
1662 3028 1704 3068 ll.
1730 3043 1766 3080 p.
1789 3029 1871 3082 96.]

1069 3083 1367 3123 Rhamnusiam.
1405 3083 1484 3135 [De
1497 3084 1654 3122 Venere
1667 3085 1874 3125 Rhamna-

1009 3139 1069 3179 st‘a
1101 3139 1148 3178 cf.
1180 3138 1264 3178 lntt.
1295 3139 1345 3178 ad
1375 3139 1489 3179 Ovid.
1521 3139 1620 3181 Met.
1643 3140 1751 3181 XIV.
1779 3145 1871 3183 694.
