2155 3590
631 115 817 154 LIBER
843 115 914 154 lX.
969 114 1098 153 (ΑΡ.
1123 112 1335 152 XXXlll.
1797 111 1874 152 841

95 228 149 269 Et
174 229 284 277 licus,
310 228 450 280 inquit,
478 240 587 280 puer,
616 227 808 268 calathum
834 227 929 267 fetui
955 226 1171 280 gallinaceo
1196 225 1429 264 destinatum
1454 224 1598 277 angulo
1622 222 1738 263 solito
1763 222 1880 262 collo-

97 291 200 325 cato.
250 282 331 334 Ita,
365 282 422 322 uti
453 283 582 322 fuerat
609 283 779 334 iussum,
814 289 1050 337 procurante
1079 295 1222 335 puero,
1256 281 1402 333 gallina
1432 287 1643 320 consuetae
1678 278 1881 319 lecticulae

97 347 229 394 spreto
255 339 370 379 cubili
395 345 485 378 ante
509 339 614 392 ipsos
640 340 755 393 pedes
781 339 926 379 domini
951 344 1239 393 praematurum
1267 337 1334 376 sed
1359 350 1501 389 magno
1522 350 1682 390 prorsus
1708 336 1880 375 futurum

96 395 277 449 scrupulo
309 395 474 449 prodidit
503 402 670 449 partum.
718 394 811 436 Non
837 395 940 436 enim
966 408 1104 444 ovum,
1138 393 1238 446 quod
1264 392 1407 432 scimus
1437 392 1552 441 illud,
1586 393 1653 432 sed
1683 391 1813 446 pinnis
1845 398 1884 431 ct

96 451 291 506 unguibus
322 458 361 491 et
391 451 512 492 oculis
544 459 583 491 ct.
611 465 709 492 voce
739 452 856 492 etiam
888 451 1099 505 perfectum
1132 448 1251 489 edidit
1281 448 1446 502 pullum,
1488 447 1552 500 qui
1583 455 1747 488 matrem
1772 460 1882 487 suam

101 508 106 562 Ι
129 508 256 562 coepit
279 508 464 547 continuo
491 507 683 548 comitari.

95 623 176 651 heus·
197 626 232 651 ln
251 623 362 660 inquit
375 631 516 659 pueram
535 625 589 661 P„
615 625 711 653 etiam
730 624 762 652 in
783 624 946 659 excerptis
969 625 1008 651 ad
1032 630 1130 657 marg.
1151 624 1199 650 ed.
1219 622 1326 657 coir..
1355 622 1437 649 unde
1458 620 1555 649 tacite
1575 623 1611 648 tu
1632 624 1779 648 inserunt
1805 621 1884 648 &Vo-

94 669 218 697 werius
242 664 320 697 cum¹
338 669 484 697 Pricaeo.
529 668 707 706 galathum
731 670 768 698 F.
796 670 825 697 1.
873 667 1072 695 auunculum
1101 675 1129 701 p.
1149 668 1186 696 D.
1213 673 1232 695 a
1252 674 1291 695 m.
1311 674 1360 700 p.‚
1387 673 1407 694 a
1431 672 1496 699 qua
1520 666 1632 693 eadem
1658 665 1691 693 in
1718 663 1885 692 collocato

95 714 222 742 videtur
244 722 318 742 esse
343 718 530 743 correctum.
577 715 646 742 iam.
670 714 724 742 ali
746 714 766 742 f.
814 713 920 741 visum
947 721 1001 747 pro
1024 712 1151 740 iussam.
1175 712 1274 740 solita
1297 711 1502 740 aberratione
1525 712 1562 740 L.
1581 712 1619 739 l).
1667 708 1830 738 adsuetae
1848 711 1885 739 B.

95 759 235 787 seris-er.
283 757 425 785 lecticae
438 756 466 787 δ’.
503 758 637 787 leticule
649 761 687 788 D.
724 758 864 787 Ialz'cule
876 767 894 793 p
952 760 1082 794 sumptu
1098 765 1152 792 pro
1166 759 1279 794 spreta
1294 757 1330 785 P.
1356 755 1473 790 [etiam
1492 756 1524 784 iu
1544 755 1706 790 excerptis
1725 756 1764 783 ad
1785 762 1885 790 marg.

95 805 143 833 ‘3⁶-
159 803 268 839 cotv.)
316 802 428 831 eubuli
439 804 564 833 Viceut.
578 808 607 833 et
620 805 773 833 Venetsn.
799 802 983 831 cabz'culi'l..
1009 801 1320 830 cuhnmclz'Veiiet.2.
1368 808 1486 837 magne
1496 807 1639 837 prorsus
1652 802 1688 828 G.
1701 801 1728 828 1.
1777 807 1840 836 quo
1856 807 1884 833 p.

95 847 184 886 quud
195 848 317 876 seimus
329 847 414 876 illud
425 853 611 884 expungunt
626 851 662 878 G.
678 851 707 877 1.
720 851 751 878 ,2.
766 851 800 878 0.
815 850 850 878 Ρ.
876 848 992 884 [etiam
1006 849 1038 876 in
1052 849 1125 876 coll.
1145 848 1184 875 ad
1206 854 1305 881 marg.
1320 848 1367 875 ed.
1381 846 1495 881 Colit.)
1520 847 1558 874 D.
1571 848 1608 874 L.
1624 845 1645 874 f.
1659 846 1698 873 R.
1712 853 1766 879 n..
1792 844 1885 872 unci-

94 895 184 923 nulis
197 894 328 922 inclusa
341 896 380 922 ab
394 896 476 923 Elm-
489 898 517 923 et
532 895 672 923 Scriver.
706 895 795 923 Haec
807 896 908 923 verba
926 901 1042 921 manus
1063 893 1219 926 posterior
1236 893 1269 920 in
1283 892 1319 920 F.
1334 893 1364 919 3.
1383 894 1561 920 atramento
1575 890 1726 928 obduxit,
1751 891 1808 918 sed
1821 889 1885 923 legi

94 940 271 968 etiamnum
290 943 436 974 possunt.

92 983 212 1020 coepit.
259 984 423 1012 comitare
436 986 473 1013 B.

97 1084 254 1116 mensa,
279 1072 328 1110 cf,
354 1071 404 1110 ad
427 1070 522 1110 Met.
550 1070 593 1109 Π.
620 1085 656 1122 p.
681 1075 791 1117 113..
817 1084 867 1108 ex
886 1085 961 1122 quo

99 1127 183 1166 loco
208 1131 334 1178 patet,
366 1127 523 1165 sormam
553 1127 759 1179 gustulum
788 1141 860 1165 nec
888 1141 962 1179 ya-

96 1184 222 1223 stalas
255 1184 463 1235 Apuleium
498 1196 725 1235 usurpasse.
789 1183 851 1221 De
889 1197 962 1222 ovo

98 1252 245 1278 coenae
270 1240 375 1277 initio
401 1238 449 1277 cf.
474 1238 559 1277 Intt.
586 1239 636 1277 ad
659 1239 792 1278 Horat.
818 1239 845 1277 Ι.
867 1243 903 1279 3.
925 1242 961 1284 6,

96 1296 161 1333 ubi
192 1295 325 1334 Schol.
356 1295 485 1333 Acron
517 1295 717 1345 explicuit:
751 1295 813 1334 Ab
843 1296 962 1333 initio

98 1365 250 1390 coenae
283 1365 408 1403 usqae
444 1351 502 1390 ad
529 1352 657 1403 finem.
707 1351 833 1391 Ovum
860 1352 963 1389 enim

97 1408 256 1446 initiam
281 1421 432 1446 coenae
457 1412 563 1452 erat,
602 1408 756 1460 quippe
783 1408 895 1459 qaod
920 1408 962 1445 in

95 1468 242 1516 yustu
277 1465 410 1503 statim
446 1477 471 1501 a
508 1463 662 1502 balneis
705 1464 960 1517 offerebatur.

99 1519 250 1560 Gastas
273 1520 308 1558 in
334 1520 556 1558 universum
588 1520 846 1569 przuisorium.
880 1534 962 1570 pro-

97 1575 361 1615 mulsidarium
399 1580 476 1621 est,
515 1575 680 1626 hincque
715 1577 960 1627 potissiuuun

97 1632 147 1670 de
171 1632 362 1670 ientaculo
386 1636 610 1683 usurpatur,
649 1632 694 1670 cl'.
725 1633 886 1682 ssuleng.
913 1633 962 1669 de

97 1688 258 1728 Conviv.
278 1687 304 1726 I.
327 1702 358 1727 c.
380 1692 446 1729 23.
467 1689 501 1726 in
521 1687 661 1726 Graev.
679 1688 798 1727 Thes.
815 1689 858 1726 T.
874 1687 961 1728 ΧΗ.

97 1758 132 1795 p.
149 1749 219 1792 763
246 1745 379 1782 Gloss.
395 1743 496 1782 Phil.
513 1758 548 1795 p.
570 1746 962 1797 105 911staressssovn—

96 1798 218 1846 κίσαι,
242 1802 469 1854 ynstariam
492 1798 712 1853 (J’ovzxmws,
739 1801 873 1839 Gloss.
889 1800 963 1852 Cy-

98 1856 169 1895 rill.
195 1870 232 1908 p.
261 1861 351 1897 412.
376 1856 604 1909 βουκκισμός
628 1857 904 1910 ientaculum]

155 1918 194 1952 et
216 1913 311 1953 loeus
335 1914 479 1965 inquit.
529 1912 634 1965 [Non
660 1914 763 1951 male
776 1914 905 1952 W'ow.
925 1919 965 1951 et

97 1968 283 2007 Pricaeus
307 1970 574 2007 auctoritatem
598 1969 682 2009 cod.
697 1969 821 2008 Palat.
840 1971 965 2008 secuti

97 2027 269 2063 inserunt
280 2025 507 2077 particulam
521 2030 570 2071 et,
591 2039 692 2077 quae
705 2027 865 2077 saepius
879 2040 965 2064 cum

98 2082 195 2121 heus
219 2082 422 2120 coniuncta
452 2082 556 2133 apud
580 2081 790 2133 Apuleium
817 2083 964 2134 legitur.

96 2137 144 2176 cf.
159 2137 348 2189 Met.1.p.
365 2142 427 2177 17.
453 2138 566 2177 lteus
591 2143 656 2185 ta,
682 2139 867 2191 inquam,
896 2140 966 2191 qui

95 2207 311 2233 sermonem
325 2196 476 2232 ieceras
483 2207 496 2239 ,·
521 2207 557 2245 p.
574 2198 638 2235 49.
652 2194 747 2234 heus
760 2200 814 2241 ta,
830 2196 966 2247 inqm't

95 2251 297 2302 spon-qia,-
310 2254 423 2301 p.53.
437 2254 476 2288 et
493 2251 606 2289 lzeus
623 2256 682 2296 tu,
698 2252 767 2290 ubi
780 2265 838 2297 es3
852 2255 963 2304 p.68.

98 2307 214 2345 heus
239 2311 301 2352 ta,
321 2307 467 2358 inquit,
495 2308 565 2358 qui
578 2311 658 2346 tam
668 2309 837 2359 fortiter
849 2310 964 2359 fores

96 2363 331 2409 verberasti3
356 2362 400 2401 11.
427 2376 466 2414 p.
483 2366 573 2404 113.
599 2363 710 2402 lzeas
737 2368 785 2403 ta
808 2364 962 2403 schola-

96 2420 214 2465 stice,
240 2420 319 2465 ait3
343 2418 388 2457 ll.
412 2432 449 2470 p.
468 2422 557 2460 133.
589 2420 660 2458 secl
684 2420 798 2459 lteus
821 2426 883 2464 tu,
908 2422 965 2459 in-

101 2476 206 2527 quit,
233 2489 351 2521 cave:
380 2474 624 2527 V11.p.489.
650 2473 766 2516 lheus
790 2481 837 2516 ta
858 2490 966 2528 puer

96 2533 251 2583 aequit,-
273 2531 376 2570 wll.
395 2545 433 2584 p.
450 2535 543 2572 537.
570 2532 655 2571 Sed
679 2532 791 2573 loeus
815 2538 880 2578 ta,
906 2533 964 2571 in-

100 2589 200 2640 quit,
230 2587 404 2627 Charite.
456 2588 538 2626 Sed
563 2589 737 2639 plurimis
763 2589 874 2628 codd.
901 2589 966 2627 ob-

96 2649 258 2682 secutus
287 2644 434 2682 addere
462 2657 674 2697 pronomen
706 2645 829 2691 nolui,
861 2645 966 2696 quod

98 2699 305 2750 aliquoties
330 2702 445 2740 etiam
466 2701 665 2748 omittitur3
691 2701 738 2739 cs.
754 2700 798 2740 ll.
817 2715 857 2754 p.
874 2706 963 2744 146.

97 2756 169 2794 sed
193 2756 304 2796 heus
326 2757 490 2797 iza-enis.
515 2755 565 2796 X.
587 2770 623 2808 p.
640 2761 731 2798 708.
758 2757 814 2796 Et
837 2758 964 2804 heus,

99 2812 170 2857 ait,
196 2826 316 2864 puer.
352 2812 480 2852 Plaut.
508 2813 615 2852 Cure.
642 2813 669 2852 l.
695 2817 731 2854 3.
758 2817 823 2854 29.
853 2814 964 2854 heus

98 2871 150 2906 tu
176 2869 330 2908 mulier.
376 2869 528 2908 Certam
548 2870 662 2908 huius
675 2883 773 2908 usus
793 2870 968 2921 regulam

101 2923 310 2963 observare
334 2939 408 2964 non
434 2926 558 2977 potui,
591 2929 632 2964 ut
659 2927 746 2964 sine
776 2927 857 2964 ullo
888 2926 967 2965 dis-

108 2979 262 3018 crimine
291 2985 331 3019 et
359 2983 541 3021 omisisse
571 2986 611 3020 et
645 2982 848 3021 addidisse
881 2996 968 3034 pro-

108 3048 247 3074 nomen
261 3041 415 3076 veteres
429 3039 668 3077 crediderim.
717 3040 888 3091 Saepius
900 3039 966 3077 ad-

111 3096 239 3131 ectum
257 3093 425 3141 videtur,
450 3095 513 3135 ubi
533 3108 722 3147 persona,
749 3108 864 3146 quam
878 3095 966 3147 quis

482 947 560 967 voce
579 942 613 967 et
631 937 737 967 oculis
756 940 792 968 P.
839 938 945 975 caepit
966 937 1123 965 contiuuo
1142 939 1178 966 F.
1198 939 1228 966 3.
1249 939 1285 965 G.
1308 938 1336 965 1.
1355 939 1386 965 2.
1406 938 1444 965 D.
1467 937 1502 964 P.
1523 935 1545 965 f.
1579 938 1617 965 In
1635 939 1708 964 cett.
1728 934 1886 962 continuo

1020 1071 1245 1121 alloquitur,
1279 1083 1351 1107 non
1384 1069 1565 1121 apposita
1595 1072 1676 1114 est,
1713 1067 1752 1105 id
1783 1067 1888 1119 quod

1020 1127 1201 1178 exempla
1209 1125 1364 1177 Apuleii
1380 1126 1554 1177 probant,
1564 1137 1796 1175 quamquam
1810 1123 1886 1161 duo

1019 1187 1126 1229 sunt,
1153 1195 1253 1233 quae
1272 1182 1361 1220 huic
1380 1182 1640 1220 observationi
1659 1183 1887 1231 repugnant.

1021 1239 1126 1277 Idem
1152 1239 1374 1277 contii-mant
1394 1237 1485 1284 loci,
1512 1250 1612 1288 quos
1631 1237 1757 1275 Hand.
1774 1235 1887 1274 Turs.

1021 1294 1081 1334 ΙΙΙ.
1107 1309 1143 1347 p.
1161 1300 1207 1335 71
1231 1308 1318 1345 sqq.
1344 1294 1569 1339 cumulavit,
1592 1297 1697 1332 recte
1723 1306 1887 1343 pronun-

1018 1351 1138 1390 tians.
1164 1352 1316 1389 nomine
1341 1350 1495 1402 proprio
1526 1363 1601 1387 non
1627 1349 1780 1387 adiecto
1813 1348 1886 1386 dici

1021 1408 1116 1447 levus
1142 1407 1213 1458 tw]

1078 1463 1297 1503 calathum.
1357 1461 1426 1514 [cf.
1458 1461 1611 1500 Iacobs.
1644 1461 1694 1500 ad
1725 1460 1886 1499 Anthol.

1022 1520 1090 1559 Gr.
1118 1520 1204 1557 Vol.
1235 1519 1259 1557 Ι.
1286 1518 1330 1556 Ρ.
1359 1512 1402 1558 [l.
1433 1531 1471 1569 p.
1498 1522 1561 1558 68.
1595 1517 1807 1569 Spanliem.
1838 1517 1888 1555 ad

1022 1575 1170 1614 Gallim.
1200 1575 1248 1614 H.
1273 1576 1308 1613 in
1336 1574 1463 1613 Cei-er.
1493 1574 1546 1627 1.]

1079 1633 1192 1685 qaod
1215 1633 1360 1671 scimus
1383 1631 1501 1671 illud.
1545 1630 1699 1683 [Multis
1724 1629 1888 1668 librariis

1020 1703 1136 1740 quum
1151 1689 1224 1727 hoc
1238 1689 1471 1726 enuntiatum
1486 1687 1689 1737 glossema
1698 1687 1890 1724 videretur

1022 1759 1128 1791 esse,
1137 1745 1475 1796 expunxerunt‚11ti
1489 1744 1602 1781 etiam
1613 1743 1712 1781 Elm.
1724 1743 1889 1781 Sci-iver.

1021 1805 1059 1840 et
1084 1801 1185 1839 Oud.
1213 1803 1337 1838 visum
1362 1804 1435 1838 est.
1472 1799 1631 1838 Priscos
1656 1813 1748 1837 vero
1775 1799 1888 1837 codd.

1020 1858 1120 1896 haec
1134 1858 1251 1895 verba
1265 1857 1473 1895 retinuisse
1483 1888 1491 1902 ‚
1512 1856 1649 1894 eadem
1665 1856 1890 1906 comprobat

1020 1928 1158 1953 manus
1172 1913 1345 1952 secunda
1364 1913 1399 1951 in
1421 1913 1505 1952 cod.
1521 1912 1691 1951 Florent.
1707 1916 1761 1958 3.,
1788 1924 1889 1962 quae

1022 1974 1237 2010 atramento
1263 1983 1311 2008 ea
1335 1969 1495 2007 obduxit
1519 1970 1653 2008 obiter.
1706 1970 1887 2007 Attamen

1023 2027 1124 2066 male
1137 2025 1235 2065 Pric.
1251 2026 1412 2065 conferri
1425 2026 1546 2071 iubet,
1562 2039 1661 2076 quae
1675 2025 1724 2063 ad
1740 2024 1834 2063 Met.
1844 2023 1888 2062 ll.

1023 2098 1059 2135 p.
1079 2087 1167 2123 138.
1186 2083 1235 2120 de
1251 2083 1365 2135 quod
1382 2082 1506 2121 sciam
1526 2083 1743 2131 congessit,
1771 2093 1888 2132 quum

1024 2141 1123 2178 haec
1136 2140 1290 2177 minime
1304 2139 1543 2179 conveniant.
1558 2138 1725 2189 hincque
1739 2137 1889 2175 insulse

1020 2210 1089 2247 pro
1105 2209 1210 2233 more
1223 2209 1295 2233 suo
1310 2195 1517 2246 descripsit
1530 2194 1668 2233 Ouzel.
1682 2194 1733 2232 ad
1747 2193 1889 2232 Minue.

1021 2252 1105 2291 Fet.
1131 2265 1166 2303 p.
1194 2255 1257 2293 60.
1290 2251 1364 2290 Est
1394 2252 1494 2289 enim
1521 2265 1635 2290 ovum
1662 2251 1891 2289 notissimae

1023 2310 1184 2349 formae.
1212 2322 1326 2347 ovum
1356 2307 1532 2353 solitum,
1564 2320 1666 2358 quae
1696 2307 1890 2344 sententia

1023 2366 1247 2403 necessario
1273 2365 1492 2416 requiritur,
1519 2377 1595 2414 quo
1620 2376 1793 2414 sequens
1819 2364 1889 2400 mi-

1023 2422 1193 2460 raculum
1221 2421 1343 2470 magis
1380 2421 1573 2459 efferatur.
1634 2420 1738 2457 Nos:
1775 2419 1891 2457 wicht

1023 2492 1142 2518 unser
1171 2477 1474 2530 yemalmliclzes
1506 2478 1579 2523 Εἰ,
1610 2476 1788 2515 somlern
1825 2475 1889 2513 ein

1023 2534 1318 2587 vollstaizdiqes
1342 2532 1513 2586 Junye]

1080 2595 1243 2629 matrem
1268 2604 1388 2629 snam.
1428 2590 1604 2643 [lilatres
1628 2587 1790 2639 saepius
1815 2587 1889 2625 dici

1023 2646 1200 2697 gallina&
1220 2647 1360 2697 probat
1378 2646 1515 2697 Argol.
1529 2646 1579 2685 ad
1599 2644 1774 2695 Onuphr.
1790 2642 1888 2681 Pan-

1022 2704 1095 2742 vin.
1128 2702 1178 2740 de
1209 2702 1306 2741 Lud.
1338 2702 1435 2742 Circ.
1466 2701 1493 2741 1.
1526 2703 1562 2741 in
1595 2701 1737 2740 Graev.
1768 2698 1888 2737 Thes.

1022 2760 1155 2810 Antiq.
1170 2758 1214 2798 T.
1230 2758 1297 2797 lx.
1312 2773 1348 2810 p.
1367 2763 1458 2800 161.
1472 2762 1550 2798 not.
1566 2761 1630 2799 69.
1656 2757 1703 2795 cs.
1719 2755 1888 2794 Martial.

1022 2814 1085 2854 Ill.
1101 2819 1165 2856 58.
1185 2820 1224 2854 et
1248 2815 1343 2854 (lam
1366 2819 1564 2854 matram
1588 2814 1702 2852 dona
1720 2813 1890 2851 vinziaco

1023 2872 1167 2921 ferant
1201 2876 1314 2910 texto
1351 2871 1395 2919 (i.
1422 2885 1454 2909 e.
1480 2869 1662 2919 calatho)
1704 2868 1889 2909 Grandes

1019 2928 1250 2978 proborum
1279 2928 1456 2979 viryz'nes
1487 2927 1744 2970 colonorum3
1779 2923 1873 2962 Iuve

1026 2983 1100 3022 nal.
1125 2982 1193 3021 Xl.
1220 2982 1301 3035 71.]

1082 3040 1282 3079 comitari.
1330 3038 1558 3076 Lectionem
1574 3038 1678 3076 Bert.
1694 3038 1888 3077 comitare

1023 3095 1203 3149 probavit
1226 3094 1361 3134 Heins.
1388 3095 1438 3135 ad
1451 3094 1565 3134 Ovid.
1594 3093 1709 3133 Trist.
1723 3092 1751 3135 l.
1771 3097 1806 3135 9.
1822 3097 1889 3134 31.

1909 509 2007 550 [233]
