2221 3667
202 453 267 486 433

289 164 373 207 490
554 162 604 204 L.
633 162 855 203 APULEII
883 159 1285 202 MADAURENSIS
1315 157 1859 199 METAMORPHOSEON

290 276 622 330 contemplatione
647 276 906 316 comminatae
931 273 1023 313 mihi
1049 271 1208 321 mortis,
1243 278 1281 310 et
1307 266 1387 324 ipse
1413 284 1584 311 mecum:
1615 271 1715 324 Quid
1743 278 1847 320 stas,
1876 269 1995 321 Luci,
2025 269 2087 310 vcl

291 333 381 386 quid
407 333 482 372 iam
510 332 766 373 novissimum
798 330 1036 384 exspectas?
1082 327 1194 368 Mors
1226 334 1265 366 et
1297 327 1391 367 haec
1422 327 1676 367 acerbissima
1707 328 1864 368 decreto
1889 328 2086 367 latronum

292 389 361 429 tibi
387 397 612 444 comparata
639 397 712 429 est.
762 387 848 428 Nec
881 399 1024 438 magno
1056 391 1198 424 conatu
1230 397 1295 423 res
1327 384 1491 436 indiget.
1547 382 1666 423 Vides
1691 383 1787 423 istas
1813 384 1973 437 rupinas
2001 397 2088 437 pro-

299 445 305 501 Ι
326 446 454 487 ximas
481 454 520 486 et
544 453 776 500 praeacutas
801 445 841 483 in
862 443 919 482 his
940 440 1206 496 prominentes
1226 439 1373 491 silices,
1403 453 1501 494 quae
1517 446 1553 479 te
1568 446 1818 495 penetrantes
1834 447 1949 490 ante,
1973 454 2086 494 quam

294 585 375 624 quid
391 586 480 615 istas
501 589 535 617 G.
556 589 591 616 P.
613 589 651 616 D.
672 587 741 615 edd.
763 588 840 613 vett.
889 591 906 610 o
922 580 1009 610 Luca·
1027 583 1062 611 G.
1082 584 1121 612 D.
1136 584 1171 612 P.
1186 591 1227 611 ex
1240 590 1301 617 quo
1316 585 1477 617 postremo
1492 582 1601 611 codice
1614 584 1697 611 Elm.
1713 590 1785 611 cum
1799 582 2091 611 scriv.etF10rido

292 633 470 662 intrusisse
496 634 622 669 videtur
645 630 903 660 interiectionem
929 636 964 665 ο,
995 635 1090 662 quam
1115 629 1366 657 exclamationis
1388 630 1534 656 vocalem
1559 636 1645 656 nunc
1667 628 1770 665 addit,
1795 635 1882 656 nuuc
1901 628 2014 656 omittit
2034 635 2095 656 au-

294 682 378 714 ctor,
405 679 450 706 uti
470 681 489 706 Ιι
507 686 523 707 c
540 678 642 711 ceteri
658 677 748 704 codd.
764 677 938 711 respuunt,
965 673 1020 708 qui
1034 676 1136 709 recte,
1162 678 1194 701 ut
1210 675 1300 703 docet
1315 674 1489 710 Pricaeus,
1514 673 1655 707 simplex
1675 676 1750 701 scus
1771 673 1956 707 praeferunt
1971 681 2096 707 quoque

294 732 366 752 cum
382 712 540 752 Beroald'o
554 728 581 751 et
597 729 684 755 seqq.
703 721 785 749 Eud.
817 718 955 752 Restas,
982 726 1066 752 quae
1085 719 1269 747 coniectura
1284 719 1411 748 Brantii
1426 722 1491 753 est,
1518 721 1665 752 placebat
1682 719 1778 747 etiam
1795 718 1948 753 Sopingio
1963 722 1993 747 et
2006 720 2096 746 Grut.

293 770 355 796 Sed
379 769 460 797 idem
481 767 617 796 coniecit
638 765 837 794 idemtidem:
866 762 956 798 Quid
967 762 1022 791 hic
1035 766 1121 793 slas.
1146 764 1211 792 Adi
1233 765 1327 793 Misc.
1342 766 1421 793 Nov.
1437 764 1528 798 Lips.
1542 764 1614 792 Vol.
1628 765 1681 793 111.
1702 771 1731 797 p.
1749 766 1823 792 496.
1848 765 1885 791 Et
1906 764 2098 792 adverbium

293 816 354 842 hoc
368 813 556 841 omninonic
571 811 804 840 admittendum
817 814 927 838 censet
943 810 1020 838 Oud.
1045 811 1082 837 ln
1098 809 1251 843 praefixis
1265 810 1527 838 Be1·oald.notae
1540 809 1677 837 vocibus
1696 809 1817 843 legitur
1835 807 1923 846 qnod
1934 809 2039 841 istos.
2066 812 2100 837 ut

293 860 449 887 librarius
464 866 554 886 meus
570 858 601 885 in
616 858 664 884 ed.
681 864 725 890 pr.
740 864 776 884 se
791 855 965 884 invenisse
980 855 1143 889 profitetur
1157 855 1189 882 in
1204 855 1380 883 schedulis.
1406 855 1489 882 Hinc
1503 854 1579 888 fingi
1594 858 1716 888 posset:
1735 852 1818 888 'Quo
1839 852 1893 881 laic
1907 857 1992 890 slas,
2015 852 2101 882 Lucu·

296 909 326 931 ul
342 905 478 932 Lucian.
494 903 588 932 Asin.
605 909 632 930 e.
648 903 700 930 23.
716 910 745 936 p.
761 902 836 929 501.
851 897 883 929 τί
896 898 944 928 ἔτι
956 897 1064 935 μένεις
1077 896 1253 935 ἕνταῦί)α·,
1272 916 1306 920 —
1323 898 1535 927 notissimum
1552 908 1607 934 pro
1621 899 1834 927 novissimma
1856 900 1993 928 coniecit
2011 901 2099 928 Box-

294 952 382 977 liorn.
403 950 442 976 ad
461 950 484 976 Ι.
508 948 612 981 Capit.
638 947 760 975 Verum
781 955 810 981 p.
831 947 906 974 732.
926 947 961 974 T.
981 947 1022 974 lI.
1043 946 1126 973 Hisl.
1146 945 1232 977 Aug.
1281 952 1371 972 mors
1386 952 1424 971 en
1439 942 1523 971 haec
1543 946 1579 974 P,
1611 952 1700 972 mors
1715 945 1799 972 enim
1815 948 1851 973 G.
1865 946 1902 973 D.
1929 947 2027 974 Male.
2054 943 2103 972 Et

294 996 382 1021 valet
397 996 429 1020 et
445 991 573 1030 quidem
601 992 642 1021 ef.
663 993 703 1021 ad
724 994 800 1020 Met.
813 993 836 1020 Ι.
859 1000 888 1025 p.
903 990 957 1020 71.
1005 988 1060 1017 hic
1074 989 1184 1017 acero.
1199 991 1326 1019 Vicent.
1341 991 1456 1018 vene-t.
1471 992 1501 1018 2.
1550 990 1773 1018 acervissinm
1794 992 1829 1018 G.
1844 992 1882 1019 D.
1930 988 2056 1027 indiges
2071 999 2101 1025 p.

294 1037 408 1065 rtdens
425 1040 460 1067 P.
515 1037 660 1074 rapinas
675 1037 693 1065 f.
708 1037 740 1074 β.
756 1034 784 1065 ὃ.
813 1036 932 1064 ruinas
946 1037 982 1064 B.
998 1040 1026 1064 et
1042 1037 1111 1064 edd.
1125 1040 1202 1063 vett.
1216 1044 1327 1063 omnes
1341 1037 1434 1064 Vulc.
1449 1037 1478 1063 2.
1505 1035 1546 1063 ct'.
1560 1036 1600 1064 V.
1615 1044 1644 1070 p.
1660 1038 1735 1064 401.
1750 1036 1876 1070 Sciopp.
1891 1036 1982 1070 Corp.
1997 1036 2106 1070 Epist.

292 1087 327 1113 Τ.
342 1086 381 1112 ΙΙ.
397 1093 426 1118 p.
441 1085 494 1112 51.
515 1083 684 1120 pessimas
697 1090 752 1117 pro
761 1082 944 1118 praa-imas
959 1081 1121 1116 (fortasse
1134 1089 1175 1109 ex
1189 1082 1354 1115 scriptura
1363 1080 1552 1116 prossimas
1566 1084 1664 1109 natus
1677 1086 1726 1110 est
1741 1081 1852 1116 error]
1867 1080 1899 1119 β.
1914 1078 1943 1108 δ.
1980 1083 2015 1108 et
2027 1085 2103 1110 ante

287 1132 503 1165 praeacutas
517 1132 608 1158 abest
624 1136 643 1157 a
657 1129 692 1157 F.
712 1129 738 1156 l.
784 1128 969 1164 paricatas
987 1129 1035 1162 ἰὴ,
1062 1128 1144 1161 quod
1160 1127 1193 1154 in
1208 1128 1243 1154 G.
1259 1135 1319 1154 non
1334 1130 1380 1155 est
1392 1149 1399 1163 ‚
1428 1130 1458 1154 ut
1475 1127 1554 1155 Oud.
1569 1135 1586 1154 e
1599 1127 1670 1155 suis
1686 1127 1849 1160 excerptis
1861 1127 2024 1162 enotavit,
2046 1127 2104 1155 sed

287 1174 489 1212 parit-uias,
515 1182 611 1209 quam
626 1175 839 1208 corruptelam
855 1174 951 1202 etiam
965 1174 1003 1201 Ι).
1019 1175 1125 1200 habet.
1172 1172 1205 1198 in
1220 1169 1284 1199 hus
1299 1169 1327 1200 δ’,
1372 1171 1604 1207 prominentes
1623 1172 1659 1200 F.
1680 1173 1710 1200 3.
1732 1173 1767 1200 G.
1791 1173 1825 1200 Ρ.
1839 1173 1876 1200 1).
1893 1180 1922 1206 p.
1937 1172 1971 1200 Ο.
1986 1181 2018 1206 φ.
2034 1172 2103 1200 1271.

290 1220 559 1257 praeeminentes
573 1221 607 1248 F.
625 1221 652 1247 1.
667 1220 762 1247 Vulc.
778 1220 807 1247 ⁸2.
824 1222 852 1247 et
868 1219 958 1247 codd.
974 1218 1105 1252 quidam
1120 1221 1202 1245 teste
1217 1218 1364 1246 Pricaeo.
1390 1219 1424 1245 In
1441 1221 1513 1246 cett.
1530 1218 1638 1254 codd,
1664 1221 1697 1245 ut
1713 1214 1741 1246 ὃ.
1755 1219 1808 1252 B..
1835 1221 1863 1245 et
1885 1218 1955 1246 edd.
1978 1221 2054 1245 vett.
2075 1220 2106 1244 et

292 1270 424 1295 recentt.
444 1266 565 1299 legitur
580 1264 844 1301 praemonentes.
892 1262 1024 1291 scilic-es
1044 1264 1079 1292 F.
1100 1265 1130 1292 3.
1168 1261 1298 1290 scilicet
1313 1271 1368 1297 pro
1382 1261 1493 1289 silices
1514 1263 1549 1291 G.
1564 1269 1583 1290 a
1596 1270 1636 1291 m.
1650 1270 1679 1296 p.
1706 1261 1844 1297 (silices
1859 1270 1879 1290 a
1893 1271 1932 1291 m.
1947 1259 1998 1302 s.)
2023 1265 2061 1292 D.
2075 1259 2104 1291 ὃ.

287 1314 495 1349 penetrante
509 1312 544 1340 F.
560 1312 590 1339 3.
605 1319 633 1345 p.
656 1317 741 1346 pene
755 1312 836 1336 ante
850 1318 950 1347 quam
965 1310 1001 1338 F.
1019 1311 1046 1338 1.
1074 1308 1150 1343 (sed
1166 1317 1226 1336 non
1242 1308 1273 1336 in
1288 1309 1359 1343 ipso
1374 1309 1503 1344 codice,
1530 1309 1588 1336 sed
1602 1308 1635 1336 in
1650 1308 1812 1343 margine,
1839 1312 1870 1336 ut
1887 1308 2017 1337 disertis
2033 1316 2106 1337 ver-

294 1358 343 1386 bis
356 1358 573 1391 Lindenbroir.
589 1364 669 1384 suae
682 1355 851 1384 collationi
864 1354 1070 1390 adscripsit.)
1095 1356 1132 1382 ln
1147 1358 1219 1382 cett.
1236 1354 1300 1389 legi
1315 1354 1692 1390 videturpenetrantes‚
1719 1354 1801 1387 quod
1817 1358 1903 1382 certe
1917 1354 1949 1382 in
1966 1355 2002 1382 G.
2016 1355 2053 1382 D.
2068 1356 2104 1382 B.

293 1407 325 1431 et.
343 1403 494 1431 omnibus
515 1403 586 1430 edd.
606 1405 683 1430 vett.
705 1405 733 1429 et
754 1400 989 1430 recentioribus
1011 1399 1136 1428 inveni.
1185 1407 1285 1436 quam
1301 1399 1336 1428 F.
1351 1400 1381 1428 3.
1397 1401 1432 1427 G.
1446 1400 1485 1427 D.
1524 1400 1544 1432 Q
1564 1406 1619 1433 pro
1640 1406 1741 1436 qnam
1762 1399 1797 1427 P.
1835 1397 1888 1436 q'm
1910 1398 1930 1427 f.
1969 1407 2108 1437 quaqua

291 1450 388 1478 Vulc.
404 1450 530 1477 2.E1m.
546 1447 788 1475 S‹:riv.F10rid.

295 1584 380 1610 cam
407 1568 728 1621 proficiscendum
756 1572 858 1613 erat,
891 1572 931 1606 et
963 1568 1053 1618 quia
1078 1571 1172 1605 tem-

293 1628 402 1680 poris
429 1626 634 1678 angustiae
655 1625 901 1676 premebant,
928 1624 1098 1675 pertaesi
1121 1625 1172 1662 iu-

293 1688 509 1723 mentorum
524 1683 757 1727 tardItatem,
774 1681 987 1720 vulneratis
1008 1681 1171 1719 adscitis

294 1742 444 1792 reliqua
485 1740 560 1791 ipsi
603 1742 812 1790 apportant
854 1739 937 1776 suis
985 1737 1170 1775 humeris.

294 1798 454 1836 Lucian.
471 1797 584 1835 Asin.
598 1809 629 1834 c.
645 1799 710 1836 23.
725 1810 761 1846 p.
777 1799 872 1836 591.
897 1792 962 1833 τὸν
976 1794 1017 1833 δὲ
1031 1787 1171 1833 ἄθλιον

294 1858 428 1894 τοῦτον
459 1848 562 1900 ὄνον,
594 1852 664 1903 ἔφη
687 1867 742 1898 τις
767 1850 902 1898 αὐτῶν,
927 1854 966 1890 τί
986 1847 1173 1902 ἐπάγομειπ·

295 1905 480 1965 ἄχρηστον
505 1913 543 1948 ἐκ
568 1912 634 1960 τῆς
658 1907 795 1960 ὁπλῆς,
821 1912 906 1948 τῶν
932 1908 977 1946 δὲ
1003 1910 1173 1947 σκευῶν

295 1965 320 2008 ἃ
349 1968 428 2019 μὲν
458 1965 586 2018 ἡμεῖς
617 1964 817 2018 othonem
844 1961 869 2004 ἃ
893 1965 1022 2004 δὲκαὶ
1046 1963 1172 2011 ἵππος.

294 2025 335 2064 In
361 2024 521 2076 syllaba
545 2023 658 2073 igitur
683 2037 728 2062 re
752 2025 872 2061 totius
898 2021 972 2060 loci
998 2025 1174 2059 versatur

295 2080 522 2127 difficultas,
548 2092 664 2130 quam
679 2079 862 2131 equidem
876 2092 926 2117 ex
941 2078 1173 2130 compendio

295 2142 342 2182 ἦ
367 2139 389 2177 i.
411 2151 444 2176 e.
472 2142 609 2176 cetera
634 2142 758 2175 ortam
784 2150 877 2175 esse
903 2140 1015 2188 puto,
1043 2149 1175 2186 quam-

295 2209 411 2248 quam
437 2192 696 2233 confitendum
723 2197 803 2238 est,
828 2207 891 2231 me
917 2193 1098 2231 mihinon
1114 2206 1175 2230 sa—

294 2252 492 2293 tisfacere.
540 2248 655 2288 Unde
682 2264 798 2301 quum
819 2250 933 2288 nimis
953 2263 1079 2301 vagae
1099 2250 1177 2287 sint

295 2323 433 2348 omnes
460 2308 725 2353 coniecturae,
750 2321 824 2345 nec
848 2306 962 2345 codd.
990 2305 1084 2358 quid
1109 2305 1175 2344 ad-

294 2365 450 2405 iumenti
466 2364 693 2417 praebeant,
708 2368 926 2414 corruptam
943 2364 1174 2414 optimorum

293 2424 398 2462 Mss.
424 2422 650 2460 lectionem:
676 2422 853 2460 relatori
878 2421 1018 2459 taedio
1044 2420 1079 2457 in
1094 2423 1176 2458 tex-

292 2484 373 2519 tum
403 2478 555 2530 recepi,
585 2478 660 2516 sed
694 2478 884 2516 asterisco
908 2476 1101 2516 vocabula
1125 2476 1176 2514 in-

292 2536 452 2588 signivi,
488 2538 530 2573 ut
565 2535 758 2573 mendosa
793 2547 842 2572 ea
879 2547 974 2571 esse
1007 2534 1176 2584 quisque

293 2594 425 2633 statim
451 2592 643 2642 intelligat
667 2590 824 2643 lecton]

352 2648 709 2701 contemplatione.
761 2647 1088 2699 [Contemplatio
1114 2647 1176 2685 hic

293 2707 396 2746 idem
420 2705 623 2756 significat,
649 2704 755 2755 quod
779 2705 947 2749 intuitu,
973 2709 1172 2755 respectu,

294 2776 409 2815 quam
435 2762 760 2813 significationem
787 2761 836 2799 ab
862 2760 938 2799 hoc
963 2760 1053 2798 inde
1078 2764 1173 2798 tem-

294 2834 389 2871 pore
415 2819 450 2857 in
477 2833 553 2858 usu
584 2818 708 2858 fuisse
739 2817 996 2868 scriptoribus
1029 2831 1170 2867 cogno-

293 2878 422 2916 scitur.
449 2875 569 2927 Apud
593 2877 807 2926 scriptores
833 2874 1082 2926 potissimum
1109 2887 1171 2912 ec·

295 2933 541 2972 clesiasticos
567 2933 774 2978 invenitur,
806 2931 880 2969 sed
911 2930 994 2968 sere
1019 2944 1177 2982 semper

295 2989 488 3028 ablativus
503 2988 564 3027 vel
579 2987 978 3033 nominativus‚alium
993 2987 1175 3038 equidem

294 3059 428 3083 casum
454 3060 528 3084 non
554 3047 694 3096 reperi.
720 3045 839 3097 Apud
860 3043 1073 3096 Apuleium
1100 3058 1173 3082 non

293 3115 379 3138 raro
406 3106 529 3139 extat:
563 3101 612 3140 cf.
639 3101 706 3141 Ill.
736 3115 774 3153 p.
803 3105 893 3142 188.
920 3104 960 3139 et
985 3103 1078 3141 203.
1106 3099 1173 3138 Vl.

293 3157 389 3198 432.
420 3157 524 3196 5'111.
552 3162 646 3199 589.
684 3158 732 3197 cf.
760 3157 864 3197 Duk.
890 3158 941 3197 ad
965 3157 1055 3196 Lat.
1082 3161 1172 3196 vett.

1232 1566 1308 1605 lct.
1335 1580 1371 1618 p.
1400 1569 1494 1607 318.
1521 1565 1712 1604 Buenem.
1738 1565 1788 1604 ad
1814 1565 2016 1605 Laet.1V.
2046 1570 2108 1607 13.

1231 1623 1261 1673 ξ.
1282 1628 1343 1663 17.
1366 1637 1403 1674 p.
1426 1627 1519 1663 475.
1546 1620 1667 1660 Plura
1691 1622 1875 1674 exempla
1900 1623 2006 1661 dabit
2031 1622 2110 1661 De-

1232 1680 1311 1718 (ler.
1339 1679 1441 1718 Dict.
1459 1678 1560 1718 Cret.
1576 1678 1717 1717 Introd.
1733 1692 1769 1730 p.
1784 1677 1920 1718 XLIX
1932 1709 1941 1724 ‚
1967 1680 2109 1730 quibus

1231 1737 1410 1775 omnibus
1435 1749 1524 1774 mea
1549 1736 1773 1774 observatio
1799 1737 2073 1790 sustentatur]

1284 1798 1536 1846 praeacutas
1554 1793 1697 1833 silices.
1726 1791 1790 1831 De
1809 1793 1952 1844 duplici
1967 1806 2112 1843 genere

1230 1850 1345 1888 huius
1364 1850 1599 1888 substantivi
1612 1848 2112 1891 cs.Intt.adOvid.Met.IX.

1233 1910 1326 1947 223.
1355 1905 1549 1945 Trisfflv,
1562 1910 1598 1947 6.
1617 1911 1679 1947 14.
1708 1905 1771 1958 [et
1785 1906 1835 1944 ad
1850 1905 1946 1946 Met.
1960 1905 2030 1946 Xl.
2045 1912 2110 1948 45.

1232 1961 2111 2015 Ruddim.T0m.1.p.38.Ests.p=1toa11ct‹‚-

1234 2020 1346 2059 ritate
1360 2033 1486 2071 genus
1502 2019 1792 2058 diiudicandum
1806 2033 1915 2066 esse,
1926 2020 2110 2072 quodque

1232 2077 1296 2115 hic
1322 2090 1461 2115 omnes
1487 2076 1600 2115 codd.
1628 2076 1850 2114 femininum
1877 2076 2113 2128 praeferunt,

1234 2133 1370 2172 mutari
1393 2133 1456 2172 hic
1477 2131 1623 2184 nequit.
1648 2132 1762 2172 Hunc
1782 2147 1896 2172 usum
1911 2137 2114 2184 poetarum

1235 2190 1429 2242 proprium
1447 2190 1572 2229 fuisse
1592 2190 1912 2236 existimaverim,
1939 2191 2002 2241 qui
2022 2190 2113 2230 alibi

1236 2261 1392 2299 quoque
1428 2247 1505 2286 hoc
1542 2260 1667 2297 genus
1704 2246 1862 2285 malunt.
1912 2246 1988 2293 Qui
2020 2261 2110 2286 vero

1234 2304 1388 2342 nonnisi
1420 2318 1443 2342 a
1473 2305 1602 2355 poetis
1628 2303 1810 2342 feminino
1836 2317 1982 2355 genere
2005 2305 2113 2344 silex

1234 2361 1412 2412 usurpari
1434 2364 1645 2406 autumant,
1670 2361 1704 2398 in
1720 2374 1838 2413 prosa
1854 2374 1944 2399 vero
1959 2364 1998 2399 et
2012 2363 2113 2400 vitae

1236 2418 1453 2456 communis
1479 2418 1651 2457 oratione
1675 2431 1834 2468 semper
1853 2430 1947 2455 esse
1972 2418 2011 2455 id
2036 2431 2113 2456 ma-

1235 2474 1333 2513 sculi
1347 2474 1629 2525 generis,quod
1645 2474 1800 2525 Forbig.
1816 2474 1867 2512 ad
1876 2472 2116 2525 VirgAEelJ.

1239 2536 1300 2572 15.
1340 2545 1427 2570 cum
1453 2531 1694 2570 Schneidero
1732 2532 1767 2569 in
1800 2530 1972 2569 Gramm.
2003 2529 2049 2570 ll.
2076 2535 2111 2571 1.

1235 2602 1271 2639 p.
1302 2592 1392 2629 112.
1424 2588 1586 2639 profert,
1624 2601 1673 2626 ex
1709 2587 1784 2626 hoc
1820 2601 1896 2626 uno
1928 2587 2111 2640 exemplo

1234 2649 1404 2696 possunt
1427 2644 1591 2697 refelli]

1286 2703 1579 2754 prominentes.
1628 2700 1740 2739 Hanc
1773 2700 1980 2739 lectionem
2006 2699 2110 2739 Oud.

1231 2760 1333 2797 bene
1358 2758 1547 2797 defendit.
1585 2757 1688 2797 ‘Nam
1713 2762 1988 2809 praeterquam
2009 2757 2113 2808 quod

1225 2830 1335 2868 prae
1359 2815 1463 2854 illico
1488 2814 1720 2867 praecedat,
1746 2813 2113 2866 apudidoneoslin-

1230 2887 1331 2923 guae
1358 2872 1502 2911 latinae
1526 2872 1738 2923 scriptores
1754 2871 2015 2922 praeminere
2034 2883 2112 2908 ma·

1235 2931 1296 2981 gis
1318 2928 1593 2968 excellentiam
1611 2942 1682 2965 seu
1702 2927 1979 2979 praestantiam
1993 2940 2114 2978 super

1235 2986 1336 3024 alios
1361 2985 1599 3037 significare,
1627 2997 1740 3035 quam
1766 2984 1995 3029 extantium,
2022 2983 2111 3022 coll.

1233 3043 1365 3082 Burni.
1374 3043 1426 3082 ad
1434 3041 1521 3080 vat.
1531 3039 1754 3081 Flaccxll.
1764 3044 1829 3080 30.
1844 3040 1914 3079 Pr
1923 3041 2047 3079 omin
2056 3054 2076 3079 e
2085 3044 2112 3085 t,

1234 3105 1359 3152 atque
1386 3098 1528 3139 oculos
1559 3098 1683 3150 lonye
1716 3101 1824 3136 tenet
1855 3096 1922 3135 Dr.
1949 3096 2001 3136 ad
2025 3095 2110 3134 Liv.

1231 3154 1442 3195 XXXVII.
1465 3159 1528 3195 23.
1550 3154 1801 3206 prominet
1823 3154 1867 3192 in
1887 3153 2014 3193 altum
2034 3152 2111 3190 Ve-
