2155 3590
656 160 846 201 LIBER
880 159 954 202 XI.
1019 157 1145 199 CAP.
1173 157 1270 197 Vll.
1749 150 1859 193 1007

75 287 220 315 suaves
244 273 498 324 adsonarent‚
525 280 689 314 matrem
715 273 901 323 siderum,
929 278 1129 327 parentem
1157 277 1370 323 temporum
1396 266 1578 320 orbisque
1599 264 1716 305 totius
1741 262 1863 302 domi-

75 345 165 371 nam
201 330 342 370 blando
378 330 594 371 mulcentes
630 330 827 370 affamine.
888 329 1012 382 Quid,
1052 327 1153 382 quod
1184 327 1346 366 arbores
1378 324 1516 373 etiam,
1551 334 1649 375 quae
1673 319 1865 374 pomifera

75 387 209 427 sobole
241 386 429 427 fecundae
462 400 636 440 quaeque
674 400 807 427 earum
841 393 989 425 lautum
1026 383 1163 424 umbra
1201 387 1408 422 contentae
1455 378 1632 427 steriles,
1677 375 1865 416 austrinis

76 444 235 483 laxatae
260 442 435 492 flatibus,
465 443 639 496 germine
666 443 846 483 foliorum
872 441 1112 488 renidentes,
1141 437 1321 479 clementi
1341 443 1447 476 motu
1467 434 1715 475 brachiorum
1735 432 1865 471 dulces

77 499 262 554 strepitus
277 498 550 539 obsibilabant.
589 497 816 553 Magnoque
831 498 1087 552 procellarum
1103 495 1238 536 sedato
1256 494 1414 546 fragore
1437 505 1481 531 ac
1503 490 1657 531 turbido
1683 489 1866 529 fluctuum

79 614 234 653 orbisque
247 618 425 651 parentem
446 618 627 652 temporum
647 614 682 644 L.
731 614 876 642 mulcens
896 623 927 649 p.
977 611 1057 652 qnid
1073 609 1162 650 quud
1173 617 1274 639 aures
1292 608 1431 636 arbores
1452 610 1487 637 G.
1507 608 1544 636 P.
1557 609 1595 635 L.
1608 608 1646 634 D.
1693 612 1779 643 ᾳιιττθ
1798 607 1871 638 11081-

79 661 181 688 eliam
194 667 259 689 non
273 664 320 688 est
333 661 367 689 in
381 663 417 689 L.
430 665 459 689 et
472 662 510 689 P.
557 661 725 698 etiamque
739 662 776 688 G.
789 661 827 688 D.
875 667 961 697 qnae
976 666 1092 685 earnm
1105 659 1144 686 D.
1193 658 1327 683 tantam
1346 655 1382 682 P.
1431 660 1581 689 quaeque
1601 659 1716 678 earum
1739 652 1870 677 tantum

78 705 198 734 umbra
212 708 372 733 contenta
387 708 440 732 est
451 704 550 733 eriles
562 707 599 734 F.
615 707 644 734 3.
681 708 841 732 contenta
855 707 908 732 est
921 702 1044 730 heriles
1065 705 1099 731 0.
1114 702 1136 731 f.
1173 700 1291 729 umbra
1305 701 1461 727 contecta
1481 700 1543 725 est.
1581 694 1718 723 theretes
1733 697 1768 723 G.
1781 695 1819 723 D.
1833 695 1871 722 L.

79 750 253 788 (contecta
272 758 347 779 esse
365 751 399 779 in
412 752 448 779 P.
470 755 622 785 excerpta
641 751 680 778 ad
699 758 800 785 marg.
816 751 864 778 cd.
878 750 967 778 Colv.
983 746 1148 783 probant.)
1174 747 1332 774 contecta
1346 745 1476 771 tantum
1491 739 1624 770 steriles
1639 738 1668 768 δ.
1698 742 1873 767 contectae

79 795 212 824 steriles
227 804 256 830 p.
292 795 411 822 umbra
430 798 609 822 contentae
628 794 762 822 steriles
780 796 850 823 edd.
869 797 946 822 vett.
964 797 993 822 et
1007 794 1044 822 F.
1062 795 1088 822 l.
1115 792 1168 826 [in
1187 790 1350 824 excerptis
1368 789 1409 817 ad
1427 795 1527 822 marg.
1547 788 1595 815 ed.
1609 784 1720 822 eolv.)
1745 787 1781 813 In
1800 788 1872 812 cett.

81 843 260 869 contentae
272 842 307 866 et
320 839 464 869 steriles.
500 839 672 868 ansterm's
680 842 718 869 D.
733 841 781 868 ed.
797 848 842 874 nr.
857 840 983 868 Vicent.
998 833 1119 876 (neque
1133 835 1334 869 auster-inis)
1349 835 1461 863 Venet.
1475 834 1507 862 2.
1545 830 1672 859 laxare
1683 832 1721 859 L.
1746 828 1875 855 lan-am

81 887 118 915 0.
143 885 299 913 last-atae
313 885 334 914 f.
373 883 528 920 filiorum
544 884 772 924 prosnlinrnm
786 885 822 914 Ρ,
871 883 1054 910 renitentes
1069 884 1105 911 G.
1121 883 1157 909 P.
1171 883 1208 910 l).
1222 878 1250 909 δ.
1264 881 1347 908 Elm.
1362 879 1503 907 Scriver.
1515 884 1618 912 pravo
1632 874 1752 904 iudicio
1778 873 1819 902 cf.
1833 874 1875 901 ad

80 934 157 960 Met.
169 932 224 960 IV.
238 939 267 965 p.
283 931 358 959 238.
383 937 542 958 rosarum
555 930 670 957 nicene
684 928 776 956 color
802 929 894 956 reni
900 927 998 955 deba
1008 930 1031 957 t.
1067 924 1254 954 recidentes
1269 925 1359 954 codd.
1372 923 1432 953 alii
1445 926 1526 953 teste
1540 923 1623 951 Elm.
1670 918 1815 947 dementi
1825 919 1875 947 ed.

81 984 128 1011 pr.
141 977 266 1005 vicent.
286 974 399 1005 Vener.
420 977 451 1005 2.
500 974 741 1003 obsibillabnnt
760 977 796 1003 L.
834 971 973 1011 flagore
993 975 1029 1002 G.
1044 973 1081 1001 P.
1094 973 1134 1001 D.

84 1062 250 1102 Withof.
264 1063 299 1100 in
315 1061 483 1101 Encaen.
499 1076 534 1113 p.
552 1066 617 1102 88.
637 1060 951 1099 Burn1.adOvi(l.
1011 1059 1056 1099 Π.
1072 1063 1109 1100 3.
1125 1058 1191 1100 55.
1205 1072 1241 1109 p.
1260 1061 1371 1104 237.;
1396 1057 1448 1094 ita
1471 1055 1578 1106 Virg.
1605 1052 1705 1093 Aen.
1730 1051 1756 1090 I.
1785 1055 1878 1092 608.

83 1120 166 1158 Art.
192 1118 218 1158 Ι.
246 1122 338 1160 591.
376 1118 522 1156 Similis
543 1118 652 1156 locus
671 1122 733 1155 est
752 1117 906 1155 Lucret.
926 1115 953 1154 l.
1010 1116 1076 1155 ubi
1099 1115 1327 1166 legendum,
1366 1113 1461 1152 dum
1490 1111 1690 1150 montibus
1714 1109 1879 1148 umbrae

87 1180 139 1217 10
163 1175 302 1227 seqq]
367 1173 558 1225 Pompam
589 1175 728 1212 matris
764 1173 880 1212 deum
917 1178 955 1210 et
1010 1172 1235 1214 instabunt,
1271 1182 1453 1210 convexa
1474 1167 1597 1220 polus
1623 1167 1717 1205 dnm
1741 1165 1879 1204 sidera

87 1232 208 1271 Isidis
231 1231 418 1284 principio
439 1231 540 1269 veris
561 1230 796 1268 celebratam
817 1228 952 1273 fuisse,
1007 1232 1164 1281 pascet.
1230 1226 1448 1266 Contentus
1477 1223 1526 1262 de
1555 1223 1673 1261 rebus
1704 1220 1879 1260 inanimis

86 1288 333 1339 apertissime
369 1286 539 1325 declarat
575 1285 784 1324 Herodian.
815 1284 844 1323 l.
873 1289 952 1325 10.:

84 1341 174 1395 ἦρος
193 1342 285 1396 ἀρχῇ
305 1339 464 1382 ἑκάστου
483 1340 587 1387 ἔτους
600 1339 802 1392 ὡρισμένης
815 1338 955 1393 ἡμέρας

87 1401 211 1451 Μητρὶ
230 1403 344 1445 θεῶν,
364 1395 517 1448 πομπὴν
535 1399 685 1436 τελοῦσι
694 1395 870 1447 Ῥωμαῖοι
892 1398 954 1435 καὶ

87 1452 212 1495 πάντα
226 1451 299 1495 ὅσα
311 1452 397 1505 παρ’
415 1451 587 1498 ἑκάστοις·
600 1451 766 1492 πλούτου
779 1449 954 1504 σύμβολα

87 1508 261 1563 κειμήλιά
279 1526 316 1550 τε
335 1508 516 1562 βασιλέων
536 1507 623 1561 ὕλης
646 1525 685 1549 τε
709 1512 836 1561 τέχνης
861 1506 956 1547 θαύ-

87 1583 191 1620 μοιτα
213 1571 279 1619 τῆς
311 1570 408 1606 θεοῦ
438 1564 715 1617 προπομπεύει,
753 1561 883 1609 ἄνετος
917 1579 957 1603 τε

89 1625 182 1664 πᾶσι
193 1623 344 1664 δέδοται
358 1621 504 1669 ἐξουσία
523 1625 770 1672 παντοδαπῆς
788 1622 955 1666 παιδιᾶς·

91 1677 252 1725 ἕκαστός
269 1695 310 1719 τε
330 1675 348 1718 ὃ
368 1679 544 1731 βούλεται
562 1683 687 1731 σχῆμα
709 1675 957 1728 ὑποκρίνεται·

92 1735 175 1776 οὐδ’
199 1735 298 1776 ἔστιν
317 1732 417 1775 οὕτω
435 1734 540 1786 μέγα,
563 1729 581 1784 J'J
605 1733 789 1786 ἐξαίρετοι·
801 1732 959 1783 ἀξίωμα,

92 1791 112 1833 ὃ
137 1791 186 1844 μὴ
212 1794 323 1832 παντὶ
338 1795 390 1841 τῷ
414 1790 628 1843 βουλομένῳ
649 1789 896 1841 ἀμφιεσθέντι
920 1787 959 1828 ὖ-

92 1849 225 1902 πιίρχει
238 1849 376 1895 παῖξαί
386 1863 424 1886 τε
437 1844 498 1887 ua?
513 1845 658 1900 κρύψαι
678 1845 744 1898 τὴν
763 1844 960 1896 ἀλήθειαν,

95 1904 145 1950 ὡς
163 1905 212 1957 μὴ
243 1906 380 1956 ῥᾳδίως
403 1905 601 1955 διαγνῶναι
626 1899 691 1942 τόν
716 1917 755 1941 τε
783 1899 875 1941 ὄντα
899 1899 962 1941 καὶ

93 1960 159 2001 τὸν
193 1958 433 2013 μιμούμενον,
460 1961 521 2011 qui
556 1959 665 1998 locus
704 1960 818 1998 etiam
849 1972 961 2010 seqq.

95 2018 386 2057 accuratissime
406 2019 682 2067 interpretatur.

153 2075 293 2114 umbra
329 2078 542 2113 contentae
576 2071 738 2111 steriles.
799 2069 890 2123 [Sic
915 2083 965 2109 ex

97 2131 253 2182 optimis
290 2130 402 2169 codd.
439 2128 685 2167 scribendum
730 2140 823 2165 esse
859 2126 964 2166 duxi.

97 2187 334 2238 Scripturam
359 2186 461 2224 enim
487 2189 675 2224 contenta
694 2184 756 2222 vel
779 2188 964 2223 contecta

97 2249 155 2283 est
177 2242 320 2282 heriles
347 2242 431 2280 luce
457 2241 596 2279 clarius
621 2244 755 2292 potest
779 2240 964 2291 cognosci

99 2313 149 2338 ex
173 2299 391 2351 corruptela
415 2298 526 2337 codd.
552 2302 741 2336 contenta
768 2301 824 2335 est
847 2297 965 2335 eriles

99 2369 194 2394 esse
217 2360 365 2401 natam,
394 2354 498 2393 unde
523 2355 587 2405 qui
611 2354 838 2405 particulam
863 2351 964 2390 desi-

99 2412 288 2451 derabant
311 2410 517 2464 copulandi
545 2413 583 2447 et
607 2411 836 2460 interpretes
861 2412 900 2447 et
923 2408 965 2445 li·

99 2468 230 2515 brarii,
255 2473 295 2508 et
317 2473 406 2507 ante
431 2466 585 2507 steriles
609 2464 867 2505 intrudebant.
914 2465 972 2504 Et

99 2538 193 2563 vero
236 2524 324 2563 ferri
359 2537 449 2562 mea
485 2522 640 2573 quidem
678 2522 870 2560 sententia
906 2534 969 2559 ne-

104 2582 203 2633 quit,
229 2581 301 2619 nisi
327 2579 548 2632 explicandi
573 2580 648 2616 vim
673 2578 736 2617 hic
760 2577 906 2616 habere
930 2577 969 2615 id

103 2641 256 2676 statuas
287 2650 356 2688 pro
386 2637 433 2675 icl
463 2640 536 2681 est,
573 2648 660 2673 nam
691 2633 851 2673 arbores
881 2633 971 2672 sola

102 2694 240 2734 umbra
274 2697 478 2732 contentae
515 2695 605 2730 sunt
646 2691 758 2742 ipsae
800 2690 968 2735 steriles,

105 2751 194 2801 quia
217 2763 333 2801 poma
359 2763 430 2787 non
461 2751 615 2799 gerunt,
650 2747 816 2798 hincque
848 2759 969 2798 oppo-

104 2807 204 2844 sitae
222 2807 433 2858 pomifera
463 2804 599 2844 sobole
619 2803 826 2854 fecundis.
883 2803 970 2842 Um·

105 2862 180 2901 bra
204 2861 342 2900 eadem
368 2862 514 2900 ratione
540 2860 682 2898 dictum
707 2863 780 2904 est,
806 2862 847 2897 ut
860 2859 969 2910 Virg.

105 2917 247 2970 Georg.
272 2917 301 2958 l.
328 2920 418 2958 191.
445 2917 502 2958 At
521 2917 556 2955 si
580 2916 750 2955 luoeuria
771 2915 971 2965 foliorum

105 2974 304 3013 exuberat
330 2974 513 3018 umbra,
548 2973 614 3010 ubi
644 2971 747 3009 male
778 2970 974 3022 explicant

104 3030 155 3068 de
180 3030 316 3069 arbore
341 3031 428 3082 ipsa
451 3029 647 3073 umbrosa,
670 3030 712 3065 ut
724 3026 855 3066 Burm.
870 3026 972 3067 Cort.

105 3086 154 3124 ad
187 3085 332 3125 Lucan.
367 3085 411 3125 ΙΙ.
437 3090 529 3126 411.
578 3084 708 3123 Burm.
733 3083 784 3121 ad
813 3083 971 3123 Anthol.

104 3141 192 3182 Lat.
218 3141 244 3181 l.
271 3156 310 3197 p.
337 3146 430 3184 465.
482 3140 648 3180 Martial.
673 3139 723 3178 ad
749 3140 848 3179 Stat.
876 3139 972 3182 silv.

1012 1285 1085 1322 dici
1122 1283 1360 1321 demonstrat
1402 1279 1503 1319 Cort.
1545 1279 1596 1317 ad
1630 1278 1780 1317 Lucan.
1816 1275 1879 1314 ΙΙΙ.

1012 1345 1104 1380 534.
1137 1339 1283 1377 ordine.
1314 1341 1570 1376 contentae
1599 1335 1761 1388 yemino
1799 1345 1881 1371 cre-

1012 1398 1109 1436 visse
1146 1395 1342 1434 liburnae.
1402 1393 1636 1437 contectae,
1678 1390 1783 1441 quod
1818 1388 1882 1427 alii

1011 1451 1164 1502 legunt,
1196 1450 1299 1488 nihili
1327 1452 1405 1494 est,
1436 1460 1525 1486 nam
1555 1447 1698 1487 umbra
1722 1447 1882 1484 arbores

1015 1522 1090 1547 non
1115 1511 1206 1546 sunt
1231 1509 1444 1551 contectae,
1471 1516 1585 1555 quam
1612 1502 1768 1548 faciunt,
1793 1501 1883 1540 licet

1015 1566 1136 1602 seiam
1158 1562 1338 1602 umbram
1358 1562 1443 1611 capi
1458 1573 1580 1611 posse
1594 1559 1643 1597 de
1658 1558 1774 1605 soliis,
1794 1570 1885 1609 qua-

1014 1625 1129 1660 tenus
1166 1619 1339 1657 umbram
1377 1617 1558 1656 efficiunt.
1618 1614 1720 1653 Hinc
1756 1618 1884 1654 tamen

1016 1691 1092 1715 non
1118 1677 1308 1728 sequitur,
1334 1678 1375 1712 ut
1400 1673 1542 1714 umbra
1565 1672 1709 1722 ubique
1735 1685 1804 1722 pro
1831 1670 1886 1708 fo-

1019 1734 1080 1771 liis
1105 1733 1197 1784 poni
1230 1731 1360 1775 liceat,
1395 1734 1433 1768 et
1463 1729 1604 1769 umbra
1635 1728 1760 1767 arbor
1793 1741 1887 1767 eon-

1019 1794 1126 1828 tecta
1150 1802 1220 1839 pro
1248 1787 1373 1826 arbor
1394 1786 1512 1837 foliis
1537 1783 1782 1836 abundans]

1077 1845 1261 1884 clementi
1300 1847 1410 1882 mota
1455 1842 1710 1881 brachiorum
1747 1840 1887 1880 dulces

1019 1901 1211 1953 strepitus
1238 1898 1518 1938 obsibilabant.
1580 1896 1740 1935 Colvius
1771 1896 1887 1934 adno-

1019 1961 1092 1997 tat:
1118 1956 1275 1995 Petron.
1300 1970 1333 1994 c.
1362 1959 1449 1995 120.
1476 1968 1514 2006 p.
1541 1957 1632 1994 734.
1660 1952 1792 1991 Burin.
1823 1952 1886 1990 ubi

1020 2014 1111 2052 vide
1140 2012 1244 2052 Inte:
1276 2026 1359 2050 non
1395 2024 1516 2050 verno
1550 2024 1729 2062 persona
1765 2013 1889 2048 cantu

1021 2069 1171 2110 IlIollt'a
1204 2068 1388 2108 discordi
1418 2068 1592 2119 strepitu
1622 2066 1805 2118 viryulta
1831 2065 1888 2104 lo-

1025 2131 1213 2180 quuntur.
1241 2124 1374 2163 Schol.
1391 2122 1584 2161 Theocrit.
1601 2122 1649 2161 ad
1666 2120 1776 2173 myli.
1792 2120 1820 2161 l.
1837 2126 1888 2161 1.:

1021 2181 1267 2235 ψιθυρίζουσι
1291 2183 1332 2219 αι’
1354 2186 1459 2226 πίτυς
1484 2178 1575 2219 ὅταν
1600 2179 1820 2230 ῥιπισίιώσι,
1844 2180 1890 2227 τῇ

1022 2237 1209 2289 στενότητι
1226 2238 1300 2276 τῶν
1319 2235 1470 2287 φύλλων
1490 2234 1699 2289 σχιζομένης
1719 2235 1782 2285 τῆς
1803 2249 1889 2273 πνο-

1021 2300 1075 2348 ῆς,
1108 2294 1304 2333 Constant.
1319 2293 1496 2332 Manass.
1518 2292 1570 2343 (2)
1603 2291 1809 2345 προς-ἔβαλε
1827 2291 1892 2341 τῆς

1023 2354 1151 2398 πίτυος
1176 2348 1309 2401 ἄνεμος
1338 2355 1413 2396 τοῖς
1445 2346 1620 2395 πετάλοις
1652 2345 1714 2386 καὶ
1745 2345 1892 2400 γλυκίον

1022 2406 1243 2461 ψιθύρισμα
1274 2414 1350 2453 τοῖς
1381 2404 1536 2457 ‹yffi-loce
1570 2406 1736 2444 ἐνεποίει.
1809 2402 1892 2441 Cle-

1026 2468 1146 2504 ment.
1173 2465 1315 2502 Strom.
1342 2461 1407 2501 Vl.
1438 2467 1521 2504 10.:
1559 2459 1742 2505 πολλάκις
1765 2475 1805 2499 τε
1830 2456 1892 2498 καὶ.

1027 2519 1104 2560 ἀνὰ
1137 2519 1204 2565 τὰς
1241 2516 1336 2565 ὕλας
1369 2517 1589 2570 κινουμένων
1631 2517 1705 2555 τῶν
1740 2513 1893 2568 φύλλων

1027 2573 1160 2629 ἀθρόᾳ
1182 2573 1395 2627 πνεύματος
1413 2573 1606 2628 προσβάλῃ
1628 2571 1790 2625 ὀρνίθων
1815 2570 1891 2621 ὠδῇ

1026 2631 1291 2686 παραπλήσιος
1310 2630 1378 2685 ἠχή
1398 2633 1635 2684 προςπι’πτει;
1662 2629 1820 2668 Lucian.
1841 2629 1892 2666 in-

1026 2691 1137 2729 sulas
1163 2690 1438 2728 fortunatorum
1464 2687 1711 2726 describens:
1737 2687 1801 2725 καὶ
1826 2678 1893 2723 αὖ·

1026 2763 1089 2798 ραι
1108 2745 1150 2786 δέ
1165 2761 1258 2789 τινες
1282 2743 1402 2796 ἡδεῖαι
1422 2746 1661 2783 διαπνέουσαι
1689 2740 1806 2794 ἡρέμα
1831 2737 1895 2791 τὴν

1026 2800 1117 2855 ὕλην
1148 2800 1384 2848 διεσάλπιζον
1404 2797 1502 2841 ὥστε
1526 2797 1589 2838 καὶ
1608 2796 1685 2838 ἀπὸ
1710 2799 1784 2837 τῶν
1804 2795 1894 2836 κλά-

1026 2862 1102 2899 δων
1131 2856 1352 2908 κινουμένων
1381 2853 1521 2908 τερπνὰ
1551 2852 1612 2894 καὶ
1643 2853 1772 2907 συνεχῆ
1802 2855 1894 2905 μέλη

1027 2913 1289 2968 ἀπεσυρίζετο,
1309 2910 1461 2953 ἐοικότα
1479 2920 1557 2958 τοῖς
1576 2908 1634 2951 ἐπ’
1652 2913 1815 2963 ἐρημίαις
1828 2907 1894 2948 αὖ·

1030 2970 1171 3022 λήμασι
1183 2971 1257 3009 τῶν
1270 2967 1435 3021 πλαγίων
1449 2966 1585 3008 αὐλῶν.
1617 2967 1770 3014 Quibus
1790 2965 1898 3005 addit

1031 3027 1134 3067 Elm.
1157 3026 1359 3076 Aristoph.
1385 3025 1487 3063 Nub.
1514 3028 1625 3064 450.:
1651 3018 1739 3075 ἦρος
1759 3026 1796 3062 ἐν
1815 3019 1896 3075 ὥρᾳ

1029 3082 1166 3137 χαίρων
1193 3078 1296 3121 ὁπότ’
1327 3077 1373 3120 ἂν
1397 3078 1588 3124 πλάτανος
1618 3078 1756 3130 πτελέᾳ
1779 3084 1896 3130 ψιθυ-

1030 3140 1126 3196 ρίζῃς
1150 3140 1213 3178 ubi
1229 3136 1380 3178 Schoh:
1405 3134 1447 3178 τὸ
1469 3137 1507 3178 δὲ
1528 3136 1719 3192 ψιθυρίζῃ
1734 3133 1812 3176 ἀντὶ
1832 3134 1898 3179 τοῦ
