2155 3590
710 106 899 148 LIBER
925 107 956 147 1.
1014 105 1145 147 CAP.
1174 105 1205 146 1.
1835 107 1864 151 5

60 222 318 261 convertentis
358 225 536 274 apparet,
582 221 686 259 unde
720 222 931 273 probabilis

59 278 206 316 videtur
225 291 316 316 esse
337 280 553 316 coniectura
570 292 644 323 „en
664 291 742 329 eqo
762 279 835 317 tibi
854 293 930 317 ser-

58 348 172 374 mone
195 336 272 374 isto
295 335 487 380 milesio‘f,
507 334 557 372 de
583 347 660 385 qua
683 335 790 372 vocis
815 336 929 385 signi-

57 391 231 430 fieafione
266 390 314 429 cs.
338 390 466 429 Hand.
494 389 605 429 Tur-s.
630 388 675 428 Π.
701 404 738 441 p.
761 394 841 430 368
867 405 927 441 sq.

54 446 180 485 Recte
215 446 407 485 Stewech.
439 447 489 485 ad
520 446 638 498 Apul.
664 446 762 485 Met.
793 445 860 485 IX.
890 462 927 499 p.

57 506 137 544 630
171 517 247 549 „en
279 517 371 542 ecee
399 502 608 554 particulae
638 507 729 541 sunt
751 503 927 555 perfami-

57 558 171 598 liares
195 561 260 604 iis,
292 560 355 610 qui
383 573 564 609 magnum
596 559 752 609 aliquod
778 560 925 598 facinus

54 617 234 655 narraturi
262 620 303 654 et
325 616 433 654 velut
456 617 492 654 in
517 629 638 655 scena
661 616 831 655 fabulam
857 631 923 668 po-

49 673 158 711 situri
181 676 298 710 sunt“
329 672 376 710 cf.
402 672 521 724 Apul.
547 672 614 711 IX.
639 687 676 724 p.
705 677 796 713 620.
835 672 923 711 Cor-

50 728 227 780 ruptelae
247 742 338 767 vero
357 742 538 768 caussam
555 730 732 781 praebuit
750 743 923 780 sequens

50 785 145 824 illud
169 799 217 824 en
242 799 335 824 eece
357 788 603 837 praefamur
626 788 793 831 veniam,
820 787 924 836 quod

46 841 181 880 sciolis
206 841 436 892 quibusdam
457 842 616 881 librariis
641 856 762 894 prave
787 844 923 894 repeti-

47 901 127 937 tum
156 911 251 937 esse
279 899 480 937 videbatur
509 902 551 937 ut
580 913 628 938 en
658 900 694 937 in
721 904 758 938 et
782 899 922 938 deinde

46 956 83 993 in
108 960 151 994 at
174 954 327 994 facilius
353 956 482 994 abiret.
541 955 606 994 De
630 970 677 995 en
703 959 741 993 et
765 961 804 995 et
826 957 923 994 inter

45 1025 93 1049 se
117 1013 358 1051 commutatis
384 1011 433 1051 cf.
449 1011 585 1050 Heius.
610 1012 660 1051 ad
679 1012 768 1051 val.
787 1011 819 1049 F
825 1012 919 1051 laec.

46 1066 72 1106 1.
99 1072 194 1109 342.
219 1067 323 1108 Oud.
349 1068 400 1107 ad
424 1069 544 1121 Apul.
570 1067 614 1107 Π.
640 1082 678 1120 p.
703 1071 793 1108 129.
818 1067 918 1107 Cort.

45 1124 94 1163 ad
119 1123 268 1164 Lucan.
294 1125 344 1162 V.
371 1125 453 1177 58.]

100 1181 276 1220 stIilesio.
316 1180 450 1233 [Quod
475 1185 630 1233 propter
655 1182 821 1230 regionis
847 1181 917 1220 ser-

44 1237 218 1276 tilitatem
231 1237 376 1276 Milesii
390 1237 440 1276 ad
460 1237 675 1282 lasciviam,
695 1238 826 1276 luxum
852 1238 917 1276 ‹le-

43 1293 231 1345 liciasque
260 1296 312 1333 ita
336 1293 586 1339 inclinabant,
623 1298 664 1332 ut
694 1295 730 1332 in
761 1307 917 1346 prover-

42 1351 145 1390 bium
170 1351 334 1395 abirent,
371 1350 531 1390 Milesia
555 1352 722 1390 carmina
745 1364 777 1389 s.
803 1351 916 1389 Mile-

39 1409 127 1446 siae
140 1408 243 1460 apud
256 1411 411 1446 veteres
426 1408 718 1446 nominabantur
732 1422 790 1451 ea,
817 1421 918 1458 quae

42 1464 187 1503 ludicro
220 1477 346 1515 eoque
383 1465 480 1503 satis
512 1464 660 1503 lascivo
692 1468 917 1515 argumento

38 1525 131 1560 sunt
160 1522 394 1573 composita,
426 1521 604 1560 sabuloso
630 1522 854 1573 pracsertim
880 1525 919 1559 et

39 1591 146 1617 mere
169 1579 316 1617 ficticio.
343 1577 390 1617 cs.
416 1577 494 1616 Jul.
520 1575 647 1630 Capit.
666 1579 701 1616 in
727 1579 790 1616 vit.
807 1577 916 1617 Clod.

39 1635 170 1673 Albin.
208 1649 239 1674 c.
279 1639 342 1675 12.
373 1638 412 1672 et
439 1633 555 1673 Ovid.
589 1633 704 1673 Trist.
734 1633 779 1673 Π.
823 1638 917 1675 413.

38 1690 172 1743 Kopp.
196 1691 259 1731 ad.
282 1691 397 1730 Mart.
419 1690 512 1744 Cap.
527 1690 572 1729 Π.
597 1692 628 1743 §.
650 1695 742 1732 100.
768 1706 805 1743 p.
826 1696 914 1732 141.

38 1748 188 1800 Spanh.
210 1748 260 1787 ad
273 1748 350 1787 Jul.
366 1747 524 1787 Caesar.
540 1748 601 1787 ed.
615 1748 784 1787 Amstel.
799 1762 835 1800 p.
847 1751 912 1788 49.

38 1804 189 1844 Erasm.
213 1805 343 1857 A‘dag.
369 1805 482 1844 domi
500 1805 666 1846 Milesia
690 1819 729 1858 p.
748 1808 825 1845 135
852 1805 913 1843 cd.

37 1861 160 1901 Basil.
189 1866 309 1905 1551.
356 1860 616 1913 Lindenbrog.
642 1862 678 1900 in
703 1875 822 1911 marg.
849 1861 914 1900 ad-

38 1919 182 1957 notavit
206 1918 429 1969 Hieronym.
455 1919 568 1969 epist.
595 1921 661 1959 39.
690 1920 808 1971 quasi
831 1931 914 1956 mm

38 1978 288 2015 cirratorum
310 1975 432 2014 turba
456 1975 710 2014 fllilesz'orum
733 1976 777 2013 in
801 1975 914 2014 sclto-

39 2032 89 2071 lis
109 2035 305 2085 figmenta
329 2031 551 2084 decantet]

95 2088 286 2128 Fabulas.
316 2087 392 2127 Est
415 2088 531 2126 lectio
557 2089 725 2127 omnium
750 2091 789 2126 et
813 2087 914 2126 codi-

37 2159 125 2184 cum
149 2148 188 2189 et
202 2145 306 2183 editt.
321 2148 409 2183 ante
420 2143 519 2183 lunt.
536 2149 590 2189 1.,
610 2143 913 2194 quacumAldin.

38 2201 164 2241 Basti.
179 2206 216 2242 1.
228 2200 338 2240 Colv.
354 2202 584 2253 conspirant.
611 2200 708 2239 Orta
721 2204 782 2238 est
793 2200 917 2238 altera

37 2271 88 2296 ex
100 2259 253 2309 ingenio
270 2271 419 2303 eorum,
440 2258 504 2308 qui
521 2258 717 2296 metricam
729 2258 916 2295 rationem

33 2316 303 2366 sequebantur
341 2315 379 2352 in
418 2315 603 2366 principio
646 2314 729 2352 libri
776 2315 915 2352 consti-

34 2371 200 2417 tuendo,
224 2375 266 2410 ut
288 2371 405 2410 iidem
430 2371 492 2409 isti
515 2375 658 2422 postea
681 2383 750 2422 pro
782 2384 913 2410 aures-

39 2442 118 2482 que
137 2434 237 2474 (aas,
258 2433 380 2481 atque
392 2441 511 2467 aures
524 2432 614 2467 tuas
627 2427 797 2465 ementiti
809 2430 913 2465 sunt.

98 2485 326 2525 Gmseram.
358 2483 496 2523 Monet
508 2482 611 2523 Oud.
627 2482 814 2533 conferre
833 2497 914 2522 ser-

33 2555 191 2581 monem
220 2541 293 2580 dici
324 2541 375 2579 de
403 2542 468 2586 iis,
505 2541 571 2590 qui
607 2540 765 2580 alternis
797 2543 916 2590 agant

32 2602 78 2637 et
100 2602 231 2638 mutuo
252 2597 537 2650 respondeant,
566 2600 608 2635 ut
631 2596 735 2648 apud
761 2594 837 2634 Cic.
864 2596 914 2635 de

37 2654 118 2694 Inv.
143 2654 188 2694 ll.
211 2659 251 2695 4.
275 2655 309 2706 ᾧ.
337 2658 399 2694 14.
425 2653 510 2693 Liv.
536 2651 620 2691 Vll.
647 2657 685 2694 2.
711 2653 742 2703 ξ.
769 2656 824 2697 7.,
850 2653 915 2691 ubi

37 2711 159 2751 Drak.
179 2711 246 2758 cf„
272 2723 483 2750 conserere
503 2723 594 2748 vero
613 2709 747 2754 verba,
772 2722 914 2748 sermo-

35 2782 145 2814 nem,
177 2767 403 2807 blanditias
434 2769 507 2805 cet.
538 2765 588 2804 de
612 2780 688 2805 uno
712 2764 776 2803 vel
801 2765 915 2817 pluri-

38 2825 126 2871 bus,
157 2825 222 2875 qui
243 2837 464 2862 sermonem
494 2823 651 2868 iaciant,
680 2822 731 2861 de
754 2821 917 2861 aliorum

37 2882 293 2933 responsione
322 2894 397 2919 non
428 2879 609 2924 solliciti,
650 2882 692 2918 ut
722 2879 917 2930 explicant

39 2936 110 2976 lut.
131 2938 182 2976 ad
210 2936 297 2977 Liv.
317 2936 378 2975 lll.
410 2940 470 2976 17.
497 2936 527 2987 ξ
552 2940 612 2977 10.
634 2934 719 2974 Vll.
740 2938 804 2976 39.
825 2935 856 2986 §.
878 2937 914 2976 6.

41 2994 91 3033 ad
115 2994 222 3046 Virg.
247 2994 347 3032 Aen.
374 2992 439 3032 Vl.
475 2996 567 3033 160.
617 2990 752 3044 [Quod
777 3005 846 3043 per
868 3004 916 3030 se

40 3050 132 3089 mihi
156 3051 359 3103 probatum
390 3049 604 3088 accuratius
629 3052 756 3087 tamen
789 3047 915 3099 prose-

40 3107 200 3147 rendum
224 3110 299 3146 est.
345 3105 475 3152 Quum
499 3106 600 3145 enim
625 3107 816 3157 conferre
838 3118 916 3144 ser-

987 235 1141 262 monem
1165 223 1318 259 constet
1340 219 1443 259 idem
1466 233 1561 258 esse
1590 221 1694 272 quod
1719 235 1861 261 sermo·

987 292 1074 317 wem
1098 291 1186 316 cum
1212 277 1353 329 aliquo
1379 275 1596 328 copulare,
1631 282 1671 315 ut
1696 276 1859 317 Plautus

987 332 1248 374 aitPoen.111.
1269 337 1304 374 3.
1323 337 1402 378 41.,
1423 346 1523 384 nego
1544 335 1633 386 poni
1659 334 1697 371 id
1723 348 1858 385 posse,

986 392 1065 431 m‘si
1088 392 1121 430 z's
1141 391 1228 442 ipse
1246 389 1442 434 addatur,
1470 403 1643 442 quocum.
1661 404 1859 430 sermones

988 448 1352 491 communicantur,
1389 446 1447 484 ad
1473 460 1588 498 quem
1611 446 1733 485 verba
1759 448 1857 485 ‹liri-

983 509 1156 556 yzmtur,
1193 507 1266 542 aut
1288 516 1341 541 ex
1362 503 1619 554 praeyressz‘s
1644 504 1776 554 possit
1800 505 1857 543 in-

985 561 1135 612 telliyi.
1183 558 1240 598 lta
1275 559 1379 611 apud
1415 557 1655 605 Ciceronem,
1692 558 1858 605 Livium,

983 617 1201 667 Virgilium,
1226 620 1378 655 ceteros
1398 615 1479 653 fere
1492 628 1648 666 semper
1667 615 1857 654 adiectam

981 673 1132 712 videbis
1157 687 1244 712 cum
1263 673 1606 726 praepositionem,
1634 673 1739 710 inter
1763 686 1855 718 sese,

982 730 1074 776 alia,
1112 743 1163 769 ex
1187 731 1327 780 quibus
1351 742 1539 781 persona,
1572 742 1736 778 quacum
1767 742 1856 766 con-

983 786 1215 832 l'abulamur,
1251 786 1503 836 dignoscitur,
1541 784 1588 823 cl'.
1617 784 1693 823 Cic.
1720 785 1770 822 de
1798 783 1854 823 ln-

983 847 1084 881 vent.
1108 842 1153 881 Π.
1179 848 1215 882 4.
1241 843 1271 894 ᾧ.
1302 842 1363 883 14.
1390 842 1439 880 ad
1463 841 1581 880 Attio.
1608 840 1635 880 I.
1660 842 1727 882 ⁶20.
1759 842 1790 892 ὁ.
1820 846 1854 882 1.

980 900 1030 937 (le
1055 898 1132 938 Off.
1157 898 1202 938 Π.
1243 904 1304 939 11.
1342 899 1375 950 §.
1403 902 1468 939 39.
1515 896 1671 936 Petron.
1702 912 1733 936 c.
1763 902 1853 938 152.

980 955 1106 995 Plaut.
1135 955 1242 994 Cure.
1266 954 1311 995 ll.
1337 959 1372 996 3.
1402 959 1465 996 11.
1495 955 1557 992 vel
1584 968 1633 992 ex
1657 958 1737 993 toto
1763 968 1853 993 sen-

979 1014 1179 1051 tentiarum
1222 1025 1324 1050 nexu
1365 1025 1533 1064 persona
1579 1011 1668 1050 addi
1716 1012 1855 1062 poterit

979 1071 1082 1120 apud
1108 1068 1226 1120 Apul.
1252 1068 1348 1106 Met.
1376 1069 1423 1107 V.
1462 1083 1499 1119 p.
1526 1071 1618 1107 343.
1646 1071 1725 1107 349
1742 1098 1752 1112 ,
1788 1068 1853 1107 ubi

978 1125 1079 1163 Oud.
1095 1128 1225 1164 contra
1238 1124 1338 1163 Mss.
1355 1130 1604 1164 conserentes
1621 1124 1726 1162 male
1744 1138 1852 1175 prae-

976 1181 1085 1226 tulit,
1113 1180 1199 1219 Ter.
1226 1181 1367 1231 Hecyr.
1393 1180 1420 1219 l.
1436 1185 1500 1221 64.
1528 1179 1669 1219 Tibull.
1686 1180 1713 1218 l.
1734 1186 1770 1220 2.
1787 1185 1853 1221 21.

976 1237 1062 1275 Nec
1098 1238 1227 1276 obstat
1262 1237 1350 1275 huic
1385 1238 1600 1275 sententiae
1627 1237 1737 1275 locus
1763 1235 1852 1276 Ter.

976 1293 1073 1332 Eun.
1100 1293 1167 1332 lv.
1194 1298 1230 1334 6.
1259 1297 1294 1333 5.
1325 1294 1445 1332 rerba
1471 1294 1567 1331 (Iam
1590 1295 1687 1338 sint,
1719 1307 1854 1333 rerum

975 1352 1009 1390 si
1034 1353 1305 1402 conformetur
1330 1350 1387 1388 acl
1410 1364 1510 1395 rem,
1540 1351 1603 1387 ubi
1629 1350 1744 1401 plane
1776 1351 1854 1389 alia

977 1411 1039 1445 est
1063 1407 1241 1445 vocabuli
1260 1407 1498 1457 significatio,
1525 1410 1563 1443 et
1576 1406 1674 1444 Stat.
1690 1406 1785 1446 silv.
1806 1406 1850 1445 Π.

979 1469 1014 1504 1.
1032 1468 1067 1503 5.
1095 1468 1134 1502 et
1157 1463 1279 1503 rerba
1303 1463 1507 1502 ‘medentia
1526 1464 1651 1501 saeris
1667 1466 1850 1515 confere,

976 1534 1093 1571 quum
1120 1523 1322 1572 conferre,
1347 1520 1506 1557 verbum
1528 1519 1699 1564 funebre,
1726 1519 1852 1559 locum

974 1591 1089 1616 suum
1120 1577 1181 1615 hic
1217 1578 1363 1628 capiat,
1399 1576 1448 1614 cs.
1485 1575 1627 1614 Markl.
1664 1575 1715 1614 ad
1751 1578 1851 1615 siat.

976 1634 1073 1673 Silv.
1088 1632 1148 1672 Ill.
1166 1638 1202 1674 3.
1221 1637 1310 1674 134.
1330 1648 1367 1685 p.
1384 1637 1476 1672 284.
1503 1632 1563 1670 ed.
1590 1632 1732 1671 Drcsd.
1754 1632 1849 1670 Con-

975 1695 1033 1729 tra
1045 1704 1263 1729 sermonem
1277 1703 1497 1733 conserere,
1519 1692 1560 1727 ut
1580 1689 1700 1728 rerba
1717 1690 1850 1728 iacere

974 1747 1040 1799 [cl'.
1054 1746 1226 1786 Broukh.
1242 1751 1281 1784 et
1294 1746 1440 1784 NVund.
1466 1745 1516 1784 ad
1531 1744 1615 1784 Tib.
1634 1744 1699 1783 Ill.
1721 1750 1764 1790 6,
1785 1750 1851 1787 40.

973 1804 1124 1856 Spohn.
1144 1804 1194 1842 ad
1212 1803 1346 1853 virgil.
1368 1802 1451 1841 Ecl.
1467 1800 1509 1839 ll.
1525 1802 1581 1854 5.]
1609 1802 1659 1840 de
1684 1815 1851 1851 quacun·

973 1874 1049 1911 que
1063 1861 1195 1899 dieitur
1211 1860 1545 1904 sermocinatione,
1570 1859 1647 1903 ubi,
1666 1858 1716 1897 ad
1735 1871 1851 1909 quem

975 1918 1092 1956 verba
1121 1917 1324 1961 direxeris.
1350 1917 1503 1954 omnino
1528 1916 1744 1954 accuratius
1775 1930 1849 1954 non

973 1974 1146 2014 additum
1176 1977 1249 2012 est.
1309 1973 1381 2011 His
1408 1973 1580 2024 probatis
1607 1975 1737 2010 nostro
1762 1971 1849 2011 loco

974 2044 1058 2069 cum
1085 2029 1186 2068 Mss.
1209 2043 1422 2073 ,conseram
1446 2029 1554 2067 alteri
1581 2028 1731 2067 lectioni
1758 2043 1848 2068 con-

971 2090 1106 2139 seram
1125 2088 1194 2124 erit
1206 2086 1514 2138 praeferendum.
1543 2084 1643 2131 Quis
1657 2087 1757 2123 enim
1777 2085 1851 2124 tihi

975 2144 1024 2182 ad
1055 2157 1265 2182 conseram.
1288 2142 1481 2181 retulerit?
1517 2141 1761 2181 Inveniuntur
1795 2145 1851 2182 ta-

973 2214 1061 2238 men
1089 2199 1182 2244 loci,
1207 2200 1271 2240 ubi
1296 2213 1426 2238 serere
1450 2199 1513 2237 vel
1538 2212 1750 2238 conserere
1773 2212 1849 2237 ser-

973 2269 1126 2295 monem
1145 2256 1335 2295 adiectam
1355 2256 1500 2295 habent
1511 2269 1732 2308 personam.
1758 2268 1850 2306 qua-

973 2327 1059 2352 cum
1089 2314 1407 2358 sermocinamur,
1443 2312 1518 2352 sed
1547 2313 1632 2351 vice
1660 2325 1776 2352 versa
1799 2312 1850 2350 de

973 2370 1139 2409 dictione
1153 2373 1346 2422 conferre
1365 2383 1583 2408 sermonem
1595 2370 1748 2421 probari
1761 2382 1850 2406 con·

972 2427 1123 2466 trarium
1155 2427 1296 2477 nequit.
1334 2425 1381 2464 ct'.
1408 2424 1551 2465 Caecil.
1583 2440 1644 2477 ap.
1671 2425 1774 2463 Gell.
1799 2423 1849 2463 N.

972 2481 1080 2522 A.ll.
1110 2487 1172 2524 13.
1197 2483 1229 2533 ᾧ.
1248 2486 1308 2524 10.
1335 2483 1482 2521 Arnob.
1504 2482 1553 2521 V.
1569 2486 1604 2523 3.
1625 2481 1716 2520 Isid.
1742 2480 1849 2531 Orig.

974 2537 1041 2577 Vl.
1067 2543 1104 2580 8.
1129 2540 1161 2591 ᾧ.
1188 2543 1226 2580 3.
1258 2553 1386 2578 sermo
1411 2544 1543 2578 autem
1568 2539 1720 2583 dic-tus,
1753 2538 1851 2589 qaia

973 2597 1080 2635 inter
1103 2601 1318 2648 utramque
1343 2597 1501 2635 seritur.
1550 2594 1661 2633 Haec
1684 2607 1747 2633 me
1772 2607 1851 2632 mo-

973 2656 1038 2692 vet
1055 2654 1260 2697 sententia,
1285 2656 1338 2697 ut,
1362 2652 1427 2690 ubi
1452 2653 1556 2690 inter
1574 2665 1656 2690 sese
1674 2650 1738 2688 vel
1758 2650 1851 2689 talia

973 2709 1125 2748 adiecta
1154 2709 1350 2760 leguntur,
1381 2708 1575 2757 siquidem
1610 2706 1713 2746 Mss.
1743 2706 1850 2746 addi-

973 2769 1081 2812 cant,
1106 2779 1240 2805 serere
1269 2767 1304 2804 in
1337 2768 1451 2817 ferre
1479 2764 1704 2802 commutari
1733 2763 1850 2802 velim

973 2836 1008 2861 v.
1035 2836 1066 2862 c.
1092 2822 1199 2873 apud
1221 2822 1329 2872 Virg.
1356 2821 1457 2859 Aen.
1483 2819 1548 2859 Vl.
1578 2824 1669 2862 160.
1695 2835 1726 2859 c.
1746 2820 1848 2859 Mss.

973 2880 1059 2919 sine
1083 2879 1164 2917 ullo
1189 2878 1305 2917 (lubio
1329 2878 1458 2916 multa
1488 2877 1592 2916 inter
1621 2890 1704 2916 sese
1733 2879 1850 2916 vario

973 2949 1154 2976 sermone
1174 2934 1367 2987 ferebant
1385 2932 1594 2983 legendum
1613 2937 1692 2978 est,
1718 2934 1782 2971 ubi
1801 2933 1848 2971 cf.

973 2991 1236 3031 Heins.Drak.
1251 2991 1300 3029 ad
1313 2989 1398 3028 Liv.
1408 2988 1492 3027 ΥΠ.
1502 2990 1607 3041 39.§.
1619 2988 1848 3030 6.XXX111.

975 3053 1039 3090 22.
1072 3049 1104 3100 ξ.
1136 3052 1175 3088 3.
1205 3046 1320 3086 eund.
1352 3050 1389 3084 et
1414 3045 1551 3084 Heius.
1583 3047 1633 3085 ad
1663 3046 1732 3084 Sil.
1766 3045 1851 3085 Ital.

973 3104 1075 3144 vill.
1107 3108 1200 3147 266.
1235 3103 1368 3144 Burm.
1404 3103 1455 3142 ad
1484 3102 1644 3143 Anthol.
1674 3103 1724 3141 V.
1758 3106 1849 3144 139.
