2155 3590
685 110 876 153 LIBER
909 111 1030 155 vul.
1840 108 1923 156 695

124 228 170 268 ad
197 225 387 281 quoddam
414 225 617 267 castellum
643 226 831 280 frequens
855 233 897 267 et
919 225 1105 281 opulens,
1138 225 1240 266 unde
1265 238 1340 266 nos
1370 224 1524 265 incolae
1555 231 1772 276 nocturna,
1803 222 1923 264 immo

122 297 218 326 vcro
243 283 434 323 matutina
460 283 578 323 etiam
603 282 863 337 prohibebant
887 283 1134 338 egressione.
1183 280 1318 336 Lupos
1343 281 1447 322 enim
1473 294 1724 332 numerosos,
1753 280 1923 334 grandes

122 348 162 381 et
190 339 314 381 vastis
347 339 577 393 corporibus
608 340 836 380 sarcinosos
866 353 914 379 ac
943 339 1065 380 nimia
1090 339 1296 380 ferocitate
1321 337 1569 389 saevientes,
1602 336 1748 391 passim
1774 336 1923 392 rapinis

121 397 305 437 adsuetos
332 396 524 437 infestare
550 404 729 437 cunctam
762 397 869 436 illam
894 396 1121 450 regionem,
1150 396 1306 449 iamque
1331 395 1436 449 ipsas
1461 394 1549 435 vias
1576 393 1779 444 obsidere,
1812 400 1852 433 ct
1882 393 1924 433 in

119 453 275 493 modum
300 453 492 493 latronum
518 460 816 508 praetereuntes
842 453 1028 507 aggredi,
1060 453 1178 493 immo
1204 452 1322 493 etiam
1346 464 1496 492 vesana
1520 450 1624 490 fame
1653 449 1813 490 rabidos
1838 450 1925 490 fini-

119 509 236 550 rimas
273 524 506 563 expugnare
543 510 682 560 villas,
723 509 967 563 exitiumque
1003 509 1336 549 inertissimorum
1367 508 1557 563 pecudum
1588 506 1683 560 ipsis
1711 505 1718 562 1
1744 507 1821 546 iam
1853 506 1923 547 hu·
1948 511 2014 544 550

119 566 247 607 manis
272 566 464 620 capitibus
489 567 711 607 imminere.
761 565 943 619 Denique
965 566 1012 606 ob
1032 567 1109 606 iter
1127 566 1243 616 illud,
1273 578 1348 618 qua
1369 564 1482 605 nobis
1503 570 1590 604 erat
1608 563 1922 614 commeandum,

117 622 250 663 iacere
287 637 439 663 semesa
479 624 678 663 hominum
716 637 904 677 corpora,
942 622 1103 676 suisque
1142 622 1361 662 visceribus
1399 620 1556 661 nudatis
1590 619 1746 659 ossibus
1783 627 1925 659 cuncta

119 680 312 731 candere,
339 693 385 719 ac
410 694 480 736 per
505 681 577 721 hoc
602 694 675 720 nos
701 693 855 734 quoque
881 692 1032 720 summa
1058 678 1240 719 cautione
1265 678 1330 719 via
1362 677 1471 719 reddi
1504 676 1669 728 debere,
1708 676 1824 730 idque
1860 676 1925 716 vel

118 818 260 857 opulans
273 817 303 851 ὃ.
350 819 408 849 ubt'
419 828 474 856 pro
489 818 573 849 unde
587 829 617 856 p.
664 823 867 848 nocturnam
881 821 917 850 0.
937 820 941 825 ’
964 819 1171 848 matutinam
1185 821 1221 849 0.
1269 822 1301 846 et
1315 819 1383 846 fam
1399 819 1435 848 G.
1449 820 1481 848 2.
1493 819 1532 848 D.
1579 815 1685 845 etiam
1705 817 1797 846 abest
1817 822 1837 845 a
1855 812 1886 845 ὃ.
1901 815 1923 845 f.

111 864 339 903 perhibebant
350 863 380 895 δ.
394 867 512 901 inepte.
535 864 732 903 prohibeam
746 868 795 895 ed.
810 875 857 901 pr.
869 866 997 895 vicent.
1010 866 1126 895 Vener.
1142 867 1172 895 2.
1219 864 1441 902 egressionem
1457 866 1493 893 G.
1509 865 1539 891 1.
1552 863 1589 892 0.
1624 869 1763 891 numero
1775 858 1925 899 grandes

117 912 177 940 Vir
190 913 304 940 doctus
317 911 457 940 coniecit
472 913 512 941 ad
526 919 627 947 marg.
643 913 690 941 ed.
706 912 799 941 Colv.
814 912 894 941 Oud.
942 910 1118 948 sogr‘nosos
1131 912 1228 940 Vulc.
1243 912 1274 940 2.
1293 911 1385 939 Colv.
1404 911 1487 944 quod
1503 908 1616 937 Heius,
1636 909 1795 942 probabat
1820 906 1862 935 cf.
1882 907 1924 935 ad

116 956 210 986 Ovid.
224 958 314 986 Fast.
329 958 384 987 VI.
400 959 476 986 229.
500 958 542 986 At
558 965 712 992 compara
726 959 804 986 Met.
816 958 871 986 IV.
885 958 962 987 271.
978 955 1207 996 facinorosos
1220 956 1253 994 β.
1301 957 1391 984 Male
1404 955 1538 984 con-ins
1553 952 1691 982 coniecit
1711 952 1924 980 carnivorae.

116 1010 159 1030 ac
172 1003 378 1031 desideratur
391 1003 424 1031 in
438 1004 474 1031 G.
490 1002 520 1031 1.
534 1004 569 1032 Ο.
595 1006 632 1030 a!
647 1000 676 1032 δ.
725 1002 950 1040 infestatione
963 1004 1016 1031 vel
1031 1000 1218 1039 iufeseataei'e
1231 1003 1270 1030 R.
1285 1001 1305 1029 f.
1319 997 1348 1029 δ.
1358 1023 1366 1037 ,
1392 1001 1477 1029 unde
1491 1000 1571 1028 Oud.
1594 997 1797 1037 frises-citare
1815 1000 1924 1033 legere

115 1051 267 1086 conatur,
293 1052 328 1076 ut
340 1055 416 1076 mox
429 1047 657 1085 obserm’mrae,
683 1048 738 1076 ubi
752 1048 836 1077 idem
848 1048 1023 1082 irrepserat
1038 1047 1164 1076 vitium.
1211 1045 1406 1083 religionem
1421 1047 1457 1074 G.
1472 1047 1502 1074 2.
1516 1046 1555 1074 D.
1602 1042 1754 1081 idemque
1768 1051 1823 1079 pro
1835 1042 1924 1070 iam-

116 1101 179 1130 que
191 1095 270 1122 Bas.
288 1094 316 1122 1.
364 1093 440 1121 vias
453 1101 518 1122 non
531 1097 692 1128 comparet
715 1094 749 1122 in
767 1095 804 1122 G.
820 1095 850 1122 1.
898 1092 995 1120 immo
1016 1092 1121 1119 etiam
1140 1093 1177 1121 1⁸.
1194 1093 1223 1121 1.
1236 1093 1268 1121 3.
1282 1093 1320 1120 G.
1336 1093 1366 1120 1.
1380 1099 1410 1126 p.
1425 1091 1447 1119 f.
1463 1088 1493 1120 δ.
1505 1092 1546 1120 D.
1559 1091 1597 1119 P.
1623 1088 1677 1125 (in
1696 1088 1863 1124 excerptis
1882 1089 1925 1117 ad

114 1145 216 1175 marg.
230 1139 279 1167 ed.
296 1138 406 1173 Colv.)
432 1137 530 1165 immo
556 1146 653 1166 vero
679 1139 805 1166 eliam
820 1140 856 1167 G.
871 1139 902 1167 2.
916 1139 953 1167 Ρ.
977 1139 1014 1166 In
1029 1140 1102 1166 cett.
1120 1137 1219 1165 immo
1240 1144 1331 1166 vero.
1378 1135 1483 1163 etium
1503 1137 1617 1164 exulat
1638 1137 1679 1164 ab
1700 1135 1736 1164 Ο.
1784 1141 1925 1162 varana

115 1185 151 1212 G.
167 1184 196 1212 1.
234 1183 362 1222 famae
374 1184 502 1213 vicent.

113 1271 174 1302 lms
187 1276 226 1303 R.
240 1271 271 1304 «5.
302 1281 367 1310 per
379 1271 440 1301 hec
455 1275 491 1302 G.
509 1276 537 1303 1.

116 1317 281 1346 Contione
295 1327 443 1347 surnume
457 1319 549 1349 Colv.
562 1320 658 1350 Vulc.
673 1321 702 1349 2.

111 1366 149 1394 G.
166 1366 194 1394 1.
207 1366 239 1394 2.
253 1366 291 1394 Ι).
307 1366 342 1396 Ρ.
355 1365 391 1395 0.
403 1366 441 1394 L.
455 1362 486 1394 δ.
501 1364 524 1394 f.

111 1475 251 1527 spatia.
279 1474 326 1514 cf.
342 1473 436 1514 Tac.
450 1474 553 1514 Anu.
570 1474 614 1514 11.
630 1478 667 1515 8.
687 1474 851 1515 Lacus
875 1473 985 1515 unde

551 1182 690 1220 rapidos
705 1186 740 1212 G.
759 1185 787 1212 1.
802 1183 824 1212 f.
840 1192 869 1218 p.
917 1181 1056 1210 villulas
1070 1179 1100 1211 ὃ.
1148 1181 1433 1219 ineplt'ssr‘morum
1455 1183 1491 1211 G.
1506 1183 1537 1210 2.
1557 1182 1594 1210 D.
1643 1178 1753 1207 obiter
1771 1181 1809 1208 G.
1835 1181 1863 1208 1.
1882 1181 1923 1208 D.

113 1227 208 1256 istud
219 1230 256 1258 Ρ.
304 1237 369 1266 quo
385 1229 406 1257 f.
420 1230 458 1257 D.
506 1229 618 1256 iacere
633 1237 696 1266 que
710 1224 784 1267 (seul
799 1236 862 1265 que
875 1231 914 1256 ab
929 1229 1042 1256 eadem
1055 1235 1155 1257 manu
1169 1228 1259 1256 linea
1272 1227 1430 1262 obducto)
1451 1228 1487 1255 G.
1510 1227 1539 1255 1.

585 1282 715 1301 summa
731 1274 889 1301 cautione
908 1274 944 1302 F.
959 1275 990 1301 3.
1011 1274 1046 1301 G.
1065 1274 1092 1301 1.
1107 1274 1139 1302 2.
1159 1273 1198 1301 D.
1218 1274 1252 1302 0.
1273 1273 1310 1301 Β.
1324 1273 1363 1301 R.
1379 1272 1400 1301 f.
1415 1269 1444 1302 δ.
1469 1274 1506 1300 In
1520 1274 1594 1300 cett.
1608 1269 1769 1298 cautione
1782 1277 1924 1299 summa.

751 1318 809 1347 via
821 1319 858 1348 F.
875 1319 903 1348 1.
917 1319 948 1347 3.
963 1320 1000 1347 G.
1015 1319 1045 1348 1.
1057 1319 1090 1348 2.
1105 1319 1144 1348 D.
1157 1319 1194 1348 L.
1209 1319 1246 1348 P.
1259 1319 1297 1348 B.
1310 1316 1345 1354 β.
1359 1313 1388 1347 ὃ.
1401 1325 1432 1353 p.
1446 1316 1468 1346 f.
1491 1318 1530 1347 ln
1544 1319 1618 1346 cett.
1631 1315 1718 1346 viae.
1767 1314 1822 1344 vel
1831 1318 1926 1345 abest

1588 1223 1711 1253 cadere
1730 1223 1760 1254 ὃ.
1780 1232 1817 1255 π.
1859 1232 1924 1262 per

1044 1473 1242 1526 Apuleius
1261 1486 1349 1512 eam
1362 1472 1477 1511 huius
1492 1473 1602 1512 vocis
1623 1469 1924 1511 declinationem

113 1537 151 1572 et
165 1532 202 1571 0
212 1546 330 1572 cean
340 1546 410 1572 um
423 1546 550 1585 usque
565 1532 623 1571 ad
632 1531 824 1572 Amisiam
836 1533 984 1585 flmnen
1039 1545 1162 1583 pecu,
1174 1545 1309 1583 pecua
1323 1543 1532 1581 usurpare3
1547 1528 1742 1568 coll.Met.
1752 1528 1800 1568 ll.
1808 1542 1845 1581 p.
1856 1533 1922 1571 83.

110 1589 291 1629 secunda
326 1590 595 1641 mzciyatione
628 1603 659 1641 p
674 1603 694 1628 e
706 1603 727 1627 r
742 1602 762 1627 v
778 1601 798 1627 e
812 1589 838 1627 Ιι
852 1588 866 1625 ἰ
882 1593 899 1627 t
911 1604 936 1628 u
951 1602 985 1628 r.

111 1646 257 1685 Arnob.
272 1646 322 1686 V.
337 1649 403 1686 25.
431 1646 663 1686 Eleusinios
678 1647 799 1685 etlam
819 1659 852 1697 p
863 1659 910 1685 er
921 1659 938 1683 ι·
949 1658 983 1684 e-

111 1702 246 1742 lte'tur
267 1704 412 1755 fines.
461 1701 590 1753 [Idem
616 1707 855 1754 exposuerat
880 1701 983 1740 Oud.

110 1758 282 1798 Miscell.
309 1759 475 1798 Observ.
504 1759 594 1797 Vol.
612 1758 674 1798 lll.
701 1758 747 1798 Τ.
765 1758 794 1799 l.
812 1772 850 1810 p.
876 1758 987 1811 132]

167 1817 411 1869 eqressz'one.
447 1816 712 1855 Vehementer
725 1815 891 1854 Pricaeo
905 1815 987 1866 pla-

111 1873 190 1911 cuit
216 1872 303 1912 cod.
336 1872 462 1912 Oxou.
496 1874 687 1925 scriptura
717 1886 786 1924 per
817 1872 987 1923 graecis-

109 1942 232 1968 mum:
256 1935 502 1970 nocturnam
588 1931 827 1970 matutinam
853 1942 984 1981 cyres-

110 1986 275 2026 sz'onem.
298 1986 397 2025 Mihi
424 1985 628 2024 cumOud.
655 1986 692 2025 id
719 1985 831 2024 nimis
856 1985 986 2024 audax

111 2046 150 2080 et
187 2042 342 2094 linguae
378 2042 523 2082 latinae
559 2043 714 2093 ingenio
753 2042 984 2081 contrarium

110 2098 279 2144 videtur,
300 2099 508 2151 prohibeo
521 2103 560 2138 te
573 2099 686 2138 illam
699 2113 792 2138 rem.
817 2097 982 2136 Librarii

108 2168 200 2194 vero
236 2155 445 2207 Apuleiani
483 2157 632 2207 passim
675 2155 780 2194 illam
818 2155 983 2194 litteram

107 2226 145 2251 m
176 2212 238 2250 vel
270 2212 503 2251 addiderunt
532 2211 595 2250 vel
628 2214 857 2257 omiserunt,
893 2225 982 2250 sen-

107 2270 230 2307 tentia
253 2283 301 2308 ac
320 2269 606 2308 constructione
627 2270 856 2308 contrarium
875 2268 982 2320 flagi-

107 2326 289 2365 tantibus.
338 2324 483 2364 Contra
518 2325 566 2365 N.
605 2325 739 2364 Heius.
777 2325 826 2364 ad
862 2325 980 2365 Ovid.

107 2381 206 2422 Met.
229 2381 316 2421 Xll.
344 2385 408 2423 66.
447 2383 591 2433 ubique
622 2383 888 2421 accusativum
924 2383 980 2420 rei

107 2439 227 2478 verbo
256 2439 480 2492 prohibere
511 2440 680 2477 iunctum
706 2443 828 2478 mutat
853 2439 887 2478 in
913 2439 980 2476 ab·

107 2495 276 2534 lativum.
326 2495 408 2534 Sed
434 2496 596 2534 adeatur
620 2495 768 2546 5Vopk.
799 2497 835 2534 in
861 2496 978 2535 Misc.

107 2551 277 2591 Observ.
291 2551 394 2592 Nov.
410 2551 455 2592 T.
474 2551 518 2592 ll.
533 2566 570 2604 p.
589 2556 651 2592 12.
680 2551 783 2590 Oud.
798 2551 846 2590 ad
863 2551 978 2591 Caes.

105 2608 154 2648 B.
181 2608 261 2648 Civ.
289 2608 332 2648 ll.
355 2613 419 2649 35.
448 2609 513 2661 [cs.
540 2608 664 2648 Bach.
691 2608 742 2647 ad
766 2607 882 2648 Ovid.
909 2609 980 2649 l.c.

109 2670 148 2705 et
172 2666 221 2704 ad
250 2664 315 2704 Vl.
342 2666 460 2718 349]

163 2723 508 2763 inertissimorum.
547 2720 732 2762 Pricaeus
747 2722 782 2761 in
797 2722 899 2761 notis
913 2735 981 2761 ex-

107 2778 216 2818 hibet
229 2780 575 2825 inertissimorum,
591 2780 704 2830 quasi
721 2779 773 2817 ita
786 2778 849 2817 hic
863 2779 980 2831 vulgo

107 2834 300 2886 legeretur
335 2849 384 2874 ex
420 2836 611 2875 communi
634 2835 827 2886 *loq-uendi
851 2835 980 2875 modo.

108 2891 257 2932 Verum
286 2906 360 2931 non
393 2892 510 2932 modo
543 2905 680 2931 onmes
707 2891 808 2931 Edd.
838 2892 913 2931 sed
939 2897 979 2932 et

106 2947 209 2987 Mss.
232 2949 400 2988 universi
424 2953 583 2988 servant
606 2949 788 2988 vocalem
813 2963 849 2996 o,
874 2949 979 2988 unde

106 3002 210 3044 Oud.
242 3005 397 3045 inclinat
427 3007 479 3045 ad
509 3007 772 3045 coniecturam
800 3019 979 3058 pecuum

108 3059 241 3112 [quam
256 3062 361 3114 prius
375 3063 450 3102 iam
465 3063 500 3101 in
512 3062 805 3102 Misc.0bserv.
815 3061 978 3102 V01.111.

107 3116 155 3158 Τ.
180 3116 205 3156 1.
232 3132 269 3171 p.
299 3123 387 3160 132.
413 3119 709 3173 proposueratJ,
736 3119 826 3172 quia
849 3117 980 3158 soleat

1044 1588 1108 1626 De
1133 1588 1304 1639 genitivo
1331 1590 1530 1638 comparat
1544 1584 1672 1625 Ursin.
1689 1585 1739 1624 ad
1754 1584 1831 1624 Cic.
1853 1599 1923 1637 pro

1044 1643 1135 1696 lege
1166 1644 1274 1683 Man.
1307 1658 1340 1685 e.
1367 1647 1402 1685 6.
1434 1647 1474 1682 et
1504 1643 1556 1682 ad
1587 1642 1700 1683 Fest.
1738 1642 1793 1695 [p.
1830 1647 1922 1683 130.

1043 1705 1138 1743 213.
1165 1705 1259 1742 610.
1284 1700 1466 1740 Lindem.
1495 1699 1613 1739 Gron.
1639 1699 1691 1738 ad
1717 1697 1922 1739 Gell.VH.

1047 1763 1083 1799 3.
1101 1757 1289 1797 Doederl.
1311 1758 1408 1810 Syn.
1431 1756 1500 1796 lV.
1518 1770 1555 1810 Ρ.
1571 1755 1692 1809 294]
1719 1755 1922 1795 Nihilomi-

1047 1829 1120 1854 nus
1135 1815 1357 1854 iubentibus
1368 1814 1471 1853 Mss.
1481 1817 1614 1852 servat
1628 1813 1789 1851 sormam
1796 1826 1922 1866 pecu-

1046 1872 1143 1912 dum
1174 1886 1197 1911 a
1228 1872 1464 1910 nominativo
1486 1871 1674 1923 pecuda,
1713 1883 1790 1921 quo
1822 1882 1921 1908 usos

1045 1933 1203 1967 veteres
1223 1941 1318 1966 esse
1339 1927 1456 1966 docet
1476 1940 1527 1965 ex
1550 1927 1654 1966 Non.
1668 1940 1707 1979 p.
1726 1930 1819 1967 159.
1847 1924 1923 1978 [lta

1045 2000 1093 2024 ex
1111 1987 1336 2024 coniectura
1363 1984 1452 2022 (ledi
1472 1983 1570 2024 Met.
1591 1983 1658 2023 lV.
1678 1997 1716 2036 p.
1736 1986 1830 2025 203.
1855 1983 1921 2023 ubi

1042 2042 1093 2083 cs.
1118 2047 1160 2081 et
1183 2042 1279 2081 Met.
1298 2040 1401 2080 Vin.
1428 2055 1465 2093 p.
1494 2040 1611 2093 658]

1098 2113 1249 2139 summu
1282 2099 1474 2138 cautione
1506 2098 1570 2137 cia
1605 2096 1731 2136 reddi
1761 2095 1919 2136 debere.

1043 2155 1204 2208 [Contra
1229 2154 1350 2202 Oud.,
1383 2154 1446 2205 qui
1473 2154 1616 2193 rectius
1641 2153 1695 2192 ita
1718 2154 1920 2206 transponi

1041 2213 1179 2259 verba,
1204 2225 1323 2263 quam
1348 2212 1425 2262 legi
1452 2212 1644 2251 cautione
1656 2224 1808 2250 summa
1831 2224 1920 2263 pro·

1042 2271 1303 2314 nuntiaverat,
1336 2267 1596 2308 Ruhnkenius
1627 2267 1827 2318 posterius
1857 2280 1920 2305 rc-

1039 2326 1158 2365 tinuit.
1183 2325 1397 2365 Praeterea
1422 2339 1495 2364 non
1522 2329 1601 2363 tam
1627 2324 1727 2362 levis
1753 2327 1816 2362 est
1840 2338 1920 2362 mo-

1039 2383 1157 2421 menti
1193 2383 1308 2422 lectio
1339 2383 1425 2428 vla,
1457 2394 1576 2433 quam
1602 2381 1736 2432 optimi
1774 2381 1920 2432 quique

1039 2440 1154 2480 codd.
1173 2440 1382 2492 praebent,
1410 2451 1592 2490 quaeque
1612 2437 1662 2476 ad
1682 2438 1919 2475 sententiam

1038 2501 1142 2548 apte,
1163 2496 1237 2534 scd
1258 2496 1307 2535 ad
1321 2499 1443 2534 artem
1459 2495 1629 2534 criticam
1644 2494 1757 2533 nimis
1771 2497 1919 2533 temere

1039 2553 1144 2593 Oud.
1169 2554 1204 2593 in
1240 2554 1328 2592 riae
1364 2552 1626 2590 commutavit.
1686 2550 1775 2589 Hoc
1811 2554 1918 2589 certo

1039 2614 1174 2662 potest
1209 2609 1331 2658 sumi,
1369 2610 1599 2660 scripturam
1639 2607 1700 2647 via
1739 2620 1918 2645 summae.

1041 2680 1135 2706 esse
1167 2668 1307 2718 cuique
1339 2665 1563 2709 offensioni,
1595 2663 1699 2702 uude
1730 2664 1779 2702 ab
1812 2662 1917 2703 Oud.

1040 2723 1201 2763 defendi
1229 2723 1413 2762 debebat.
1464 2721 1605 2761 Tritior
1634 2722 1737 2759 enim
1769 2723 1832 2758 est
1862 2720 1915 2759 ‹li-

1041 2780 1155 2820 cendi
1179 2779 1345 2818 formula
1364 2794 1403 2818 se
1416 2778 1592 2818 reddere
1606 2778 1712 2823 viae,
1737 2780 1779 2814 ut
1791 2777 1916 2817 reddi

1035 2851 1198 2890 poenae
1222 2835 1321 2876 Met.
1336 2834 1422 2874 Vn.
1449 2848 1488 2886 p.
1507 2837 1605 2874 497.
1627 2838 1666 2872 et
1689 2847 1730 2872 se
1743 2832 1915 2874 reddere

1039 2894 1169 2947 quieti
1203 2892 1303 2932 Met.
1334 2891 1403 2930 IX.
1441 2905 1477 2943 p.
1506 2893 1620 2936 632„
1662 2903 1779 2941 quam
1811 2903 1913 2942 quae

1037 2953 1243 3002 tantopere
1286 2962 1310 2987 a
1352 2947 1518 2986 librariis
1556 2947 1693 2985 mutari
1731 2947 1913 2997 potuerit.

1038 3006 1125 3057 Ego
1144 3006 1231 3058 ipse
1251 3018 1366 3043 unum
1387 3002 1653 3043 tantummodo
1669 3002 1807 3042 afferre
1822 3017 1912 3056 pos-

1037 3076 1124 3101 sum
1150 3061 1282 3101 Plauti
1307 3060 1549 3112 exemplum,
1576 3059 1681 3109 quod
1706 3060 1913 3112 analogiae

1037 3120 1214 3171 speciem
1246 3131 1343 3170 prae
1374 3131 1420 3156 se
1453 3117 1551 3156 serat
1580 3115 1701 3156 Most.
1728 3115 1754 3155 l.
1781 3121 1818 3159 2.
1846 3121 1911 3158 27.
