2155 3590
679 136 860 177 LIBER
889 137 961 176 Vl.
1020 136 1146 176 CAP.
1175 134 1248 175 XL
1774 133 1853 174 431

70 248 265 302 rupisque
289 247 417 300 longis
450 248 693 299 adtenditur,
729 248 864 290 *cuius
895 247 903 305 Ι
935 249 1002 289 imi
1029 248 1204 303 gurgites
1233 245 1404 288 vicinum
1438 246 1584 285 fontem
1614 221 1972 320 despiciunt?{[4¹0⁷2⁸]

70 375 371 413 rupv‘longae‚qu0u
383 377 417 405 in
431 377 579 406 omnibus
594 378 682 406 codd.
693 380 719 406 et
735 379 912 414 eddextat,
923 385 1005 412 quae
1019 375 1441 411 coniecturaestmodiifflro
1449 372 1597 410 ripisque
1606 371 1723 411 longis,
1733 372 1856 401 qulm.

70 421 500 459 edit.legitur.um'gurgites
508 424 546 451 D.
573 421 848 459 despicz'zth.1).
872 422 1054 459 respiciunt
1064 420 1092 452 ὃ.
1107 425 1143 452 In
1158 425 1230 451 cett.
1243 422 1333 450 codd.
1348 423 1377 449 et
1391 421 1460 448 edd.
1471 423 1544 448 vett.
1559 422 1649 447 extat
1661 416 1857 454 despiciunt.

60 529 172 584 [Sed
197 531 437 570 demonstret
460 533 572 570 nobis
598 531 719 579 Oud.,
744 532 846 571 hunc
868 532 933 571 ssu—

69 588 172 626 vium
201 589 337 639 rapida
368 587 565 627 celeritate
598 603 734 628 nemus
770 594 934 641 praeter-

67 643 222 690 fluisse,
247 658 319 683 nec
331 645 532 696 probabile
547 645 702 696 quidem
723 650 800 691 est,
828 646 935 696 quod

992 532 1106 572 lectio
1133 531 1244 571 codd
1271 532 1482 574 constal-‚et
1516 528 1763 566 emendarem
1794 541 1858 567 ru-

987 591 1118 641 pinis,
1150 602 1249 639 quae
1274 600 1367 633 v‚ox
1396 588 1431 625 si
1462 585 1560 623 fides
1593 584 1774 623 habenda
1799 587 1860 622 est

994 647 1147 691 lexicis,
1172 645 1287 683 modo
1302 643 1535 696 Apuleiana.
1560 642 1609 681 ab
1623 640 1770 679 Isidoro
1796 654 1859 678 ex-

68 701 226 739 Arundo
252 701 302 740 ad
323 703 405 740 eius
420 703 592 740 viciniam
612 702 821 741 habitabat.
868 706 934 748 At,

67 760 152 795 utut
177 761 255 804 est,
287 771 356 808 pro
383 762 485 797 certo
512 758 688 796 affirmari
718 772 834 809 quum
860 773 933 796 non

71 813 201 860 liceat,
227 815 435 852 reiicienda
448 819 509 853 est
522 816 680 853 istorum
695 815 805 853 codd.
822 815 935 854 lectio

64 873 385 920 praeterruentt}
411 885 524 922 quae,
550 876 591 910 ut
611 871 732 909 (Jolvii
755 877 935 923 praeter-

66 927 224 978 fluenti,
261 927 637 978 interpretamentum
673 929 935 966 tantummodo

70 986 131 1020 est
152 983 355 1022 inusitatae
377 984 480 1022 illius
498 985 606 1023 vocis
630 985 935 1036 praeterluenti,

69 1051 183 1088 quam
199 1039 301 1078 Oud.
327 1040 402 1078 iam
428 1054 477 1078 ex
502 1040 680 1092 analogia
705 1042 936 1090 composito-

67 1108 149 1132 rum
163 1095 350 1143 adluere,
376 1098 602 1143 interlicere,
625 1097 830 1148 proluere,
850 1097 936 1136 sub-

69 1150 179 1190 luere
203 1151 378 1190 defendit
409 1153 498 1191 coll.
522 1155 605 1191 suis
632 1153 718 1191 dict.
746 1153 795 1190 ad
821 1152 935 1191 Caes.

68 1207 118 1244 de
143 1207 188 1246 B.
216 1207 255 1246 C.
283 1208 308 1246 Ι.
335 1213 419 1253 48.,
443 1213 485 1246 ut
507 1209 697 1260 perluere
729 1209 798 1246 Sil.
826 1206 934 1248 XIV.

70 1267 160 1304 222.
210 1264 321 1303 Haec
353 1278 441 1302 vero
480 1266 567 1315 ipsa
610 1266 704 1303 ratio
751 1269 827 1309 est,
872 1279 937 1303 cur

69 1320 208 1358 librarii
232 1322 460 1359 mutaverint
480 1321 815 1373 praeteri-nemi]

125 1378 321 1429 rupisque
346 1378 492 1429 lonyis.
543 1376 687 1429 [Modii
715 1378 934 1415 coniectura

67 1434 245 1485 rupique
270 1433 420 1486 lateque
447 1447 519 1471 non
545 1433 876 1485 solumScioppio
898 1434 932 1471 in

69 1489 246 1540 symbol.
274 1494 312 1527 et
337 1489 602 1541 Suspect.IV.
634 1495 694 1530 11.
720 1490 793 1528 sed
820 1491 935 1528 etiam

69 1545 250 1585 Elmenh.
265 1551 424 1597 propter
438 1548 658 1597 sequentia:
679 1548 934 1598 praecipitio

66 1603 243 1656 fluvialis
268 1604 384 1654 rupis
408 1604 555 1654 placet,
581 1604 644 1654 qui
670 1605 860 1654 posterior
883 1608 936 1641 ta-

68 1672 154 1696 men
188 1660 223 1696 in
252 1672 298 1697 eo
320 1663 436 1705 errat,
463 1660 567 1711 quod
593 1660 738 1698 codicis
766 1659 810 1698 B.
838 1660 937 1698 hanc

70 1728 162 1753 esse
189 1714 391 1754 lectionem
417 1718 627 1761 existimat,
655 1717 809 1767 quaein
831 1717 936 1755 nullo

69 1771 166 1810 libro
191 1786 263 1810 nec
286 1774 430 1823 scripto
457 1786 528 1811 nec
553 1773 655 1811 edito
681 1786 846 1823 usquam
872 1786 937 1824 ap-

69 1832 192 1879 paret.
242 1828 363 1875 Oud.,
397 1831 454 1867 cui
487 1831 600 1867 etiam
627 1829 725 1868 haec
750 1831 939 1881 scriptura

69 1884 258 1924 mendosa
273 1885 484 1930 videbatur,
504 1900 553 1923 ne
567 1887 681 1924 nimia
694 1886 800 1923 tieret
817 1890 940 1924 muta-

68 1941 136 1987 tio,
155 1942 374 1980 enucleavit
387 1943 637 1995 rupibusque
659 1942 806 1995 lonqis,
824 1955 939 1992 quum

68 1999 230 2048 saepius
256 1998 330 2036 hae
354 2012 474 2036 voces
489 2000 523 2036 in
539 1999 650 2036 codd.
666 1999 940 2036 confunderen-

69 2058 130 2091 tur
154 2053 242 2092 coll.
268 2055 398 2093 adnot.
412 2055 462 2092 ad
477 2054 622 2093 Lucan.
640 2054 668 2093 Ι.
683 2058 775 2094 379.
803 2055 938 2093 Heius.

69 2110 117 2148 ad
145 2109 259 2148 Ovid.
285 2110 382 2148 Met.
406 2109 475 2149 Xl.
506 2115 595 2151 138.
645 2110 748 2162 [Ego
773 2111 938 2149 emendo

70 2168 279 2218 rupisque.
329 2168 455 2218 Rupa
481 2168 580 2205 enim
607 2167 779 2205 Glossae
805 2167 937 2205 lsidor.

70 2236 107 2274 p.
119 2226 210 2264 693.
221 2223 417 2274 explicant
431 2237 483 2262 ex
491 2229 664 2276 utraque
672 2228 796 2275 purte
804 2229 938 2269 acuta,

70 2279 175 2317 unde
207 2292 281 2317 non
320 2280 449 2331 inepte
487 2279 683 2325 effeceris,
722 2280 801 2317 sere
839 2280 937 2318 idem

70 2335 107 2374 id
118 2349 211 2374 esse
227 2336 329 2386 quod
340 2350 473 2388 rupes.
489 2336 600 2374 Haec
614 2336 832 2374 emendatio
847 2336 938 2374 mihi

70 2396 147 2430 tam
174 2396 278 2430 certa
304 2393 502 2431 videbatur
527 2406 639 2438 esse,
664 2397 704 2431 ut
730 2393 764 2430 in
790 2397 937 2431 textum

68 2450 292 2500 reciperem.
321 2450 435 2501 Ripa
454 2450 487 2487 si
513 2449 724 2488 defendere
751 2450 863 2494 velis,
889 2449 937 2487 ad

71 2507 262 2556 propriam
288 2507 370 2544 eius
395 2505 713 2557 significationem
748 2505 858 2544 locus
882 2519 938 2543 re—

70 2566 231 2600 vocetur
249 2576 418 2601 necesse
443 2564 523 2600 erit.
558 2563 673 2614 Ripa
689 2564 787 2600 enim
802 2576 821 2600 a
837 2577 939 2601 rum-

66 2631 169 2671 pere
199 2620 250 2657 ita
279 2619 431 2657 videtur
456 2632 551 2656 esse
577 2619 867 2665 deducendum,
899 2623 941 2657 ut

69 2677 166 2727 ripa
193 2675 317 2714 locum
342 2676 548 2727 significet,
581 2689 656 2726 quo
686 2676 824 2714 flumen
856 2689 939 2726 per-

69 2732 214 2783 ruperit
232 2733 511 2784 abruptamque
526 2738 664 2770 terram
691 2732 841 2777 fecerit,
866 2733 939 2770 sic-

71 2787 124 2826 uti
144 2787 334 2840 Pompon.
351 2789 459 2827 Mela
480 2789 570 2827 dicit
584 2788 644 2826 Ill.
668 2789 790 2828 Vasta
805 2790 939 2827 omnia

71 2846 191 2883 vastis
200 2859 256 2896 pr
259 2847 393 2884 accisa
407 2846 621 2890 montibus,
647 2846 759 2896 ripa
769 2860 789 2884 e
800 2846 939 2897 potius

41 2914 44 2916 ·
71 2906 161 2939 sunt
176 2915 294 2953 quam
310 2902 451 2941 littora
466 2902 507 2940 ef
525 2902 650 2939 Doed.
661 2902 755 2952 S3n.
762 2901 870 2940 'lom.
876 2901 937 2940 lll.

72 2960 216 3007 1».208.
243 2962 284 2996 ut
307 2954 401 3010 ἀκτη
424 2959 526 3011 apud
542 2958 716 2996 Graecos
743 2952 843 2996 'iliu
835 2973 940 3009 νυμι

72 3012 320 3063 proficiscitur
352 3016 441 3054 ibid.
473 3030 507 3067 p.
536 3019 627 3055 215.
660 3019 698 3053 et
733 3015 862 3052 adnot.
889 3014 937 3052 ad

72 3069 189 3119 Apol.
205 3083 240 3120 p.
255 3075 346 3112 397.
379 3072 462 3110 Sed
488 3085 638 3110 vereor
665 3075 705 3109 ut
728 3073 825 3124 ripa
849 3072 938 3109 sim-

72 3124 222 3177 pliciter
256 3141 325 3179 pro
361 3129 534 3180 rupibus
571 3129 643 3167 dici
677 3128 801 3167 liceat.
851 3127 937 3166 Nisi

993 703 1201 753 plicaturp.
1219 704 1310 741 693.
1336 699 1722 750 abruptimontinm.
1749 696 1796 735 cf.
1811 695 1861 734 ad

993 756 1512 805 Met.51.p.432.Vides
1534 756 1632 793 istas
1656 755 1862 805 rupinas

993 816 1209 859 ntaxiirtus,
1246 814 1310 851 ubi
1342 812 1457 850 valde
1488 811 1711 862 discrepant
1746 809 1858 848 codd.

993 871 1107 909 Alias
1123 870 1340 908 emendavit
1350 868 1450 907 Oud.
1466 881 1587 919 rupes
1595 881 1674 918 per
1683 865 1857 918 lorcyus]

1039 927 1288 966 adtenditur.
1311 925 1545 964 Adtendere
1558 927 1620 962 est
1628 924 1861 975 porriyere,

994 988 1035 1021 ut
1049 982 1149 1022 Oud.
1171 982 1342 1034 explicat
1366 980 1452 1020 coll.
1468 981 1609 1031 Veget.
1623 979 1649 1018 l.
1665 983 1730 1020 23.
1750 979 1863 1017 illum

991 1045 1152 1091 partem
1184 1039 1300 1077 debet
1330 1037 1618 1081 adtendere,
1655 1036 1713 1075 ad
1744 1048 1865 1088 quam

991 1098 1261 1147 profecturus
1274 1100 1332 1133 est
1344 1095 1558 1140 ‹wer-citus,
1584 1094 1668 1130 sive
1683 1091 1863 1131 adnecti-

995 1157 1073 1197 tur,
1101 1152 1316 1202 contiyuus
1342 1155 1398 1188 est
1421 1149 1466 1187 cf.
1493 1149 1588 1187 Met.
1603 1148 1686 1186 Vll.
1712 1162 1748 1199 p.
1770 1151 1863 1187 475.

993 1207 1206 1246 ‘machinae
1231 1208 1416 1249 adtente,
1443 1206 1506 1242 ubi
1531 1205 1641 1255 plura
1665 1205 1801 1243 dicam.

1052 1264 1168 1301 cuius
1200 1264 1269 1300 imi
1297 1263 1488 1313 ,qurqqites
1514 1262 1684 1300 ricinum
1707 1264 1865 1312 fontem

996 1319 1238 1370 despiciunt.
1267 1318 1415 1369 [Locus
1441 1317 1503 1355 hic
1529 1317 1695 1355 omnium
1715 1321 1777 1354 est
1797 1315 1865 1354 dif-

994 1375 1205 1417 ficillimus,
1239 1388 1372 1425 quem,
1406 1373 1509 1424 quod
1535 1387 1764 1425 persuasum
1791 1376 1864 1418 est,

993 1445 1105 1469 nemo
1131 1431 1258 1469 adhuc
1283 1432 1528 1482 interpretum
1555 1429 1754 1467 intellexit.
1779 1428 1867 1467 Hoc

995 1489 1095 1526 enim
1122 1488 1223 1526 bene
1254 1491 1384 1538 potest
1414 1487 1517 1537 capi,
1548 1487 1738 1538 yuryt‘tes
1768 1486 1867 1523 imos

995 1559 1067 1583 non
1094 1558 1220 1596 posse
1246 1545 1455 1595 despicere
1480 1542 1637 1587 fontem,
1663 1555 1747 1580 cum
1769 1545 1867 1594 fons

995 1602 1139 1640 debeat
1175 1601 1286 1639 altior
1322 1613 1415 1637 esse
1458 1599 1692 1649 gurgitibus,
1738 1599 1865 1648 iisque

995 1659 1093 1697 imis.
1120 1656 1302 1695 Floridus
1322 1657 1498 1708 exponit:
1524 1660 1727 1694 extremae
1751 1668 1866 1693 vora-

995 1716 1115 1767 ylnes
1141 1718 1415 1766 prospectant
1440 1716 1612 1764 fontem.
1662 1711 1744 1750 Sed
1775 1710 1864 1748 talis

997 1772 1258 1821 interpretatio
1302 1773 1484 1808 contextu
1526 1770 1613 1820 ipso
1657 1767 1865 1806 obscurior.

999 1827 1125 1865 Ceteri
1157 1828 1386 1877 interpretes
1418 1829 1570 1876 praeter
1600 1824 1702 1863 Oud.
1740 1824 1867 1862 locum

997 1899 1071 1922 non
1098 1884 1331 1934 adtigerunt.
1379 1882 1550 1925 Rodius,
1582 1882 1645 1931 qui
1677 1880 1750 1918 loci
1780 1894 1866 1918 sen-

998 1942 1156 1979 tentiam
1172 1940 1395 1991 perspicere
1411 1938 1563 1976 omnino
1579 1952 1652 1975 non
1667 1937 1802 1988 potuit,
1829 1940 1868 1973 et

998 2001 1215 2049 corruptum
1241 2009 1328 2033 eum
1354 2008 1447 2032 esse
1473 1994 1608 2040 voluit,
1640 1995 1691 2031 ita
1720 1996 1868 2031 textum

998 2055 1071 2091 sibi
1097 2053 1309 2100 constituit,
1334 2055 1376 2089 ut
1400 2064 1561 2089 sensum
1580 2050 1668 2088 inde
1687 2052 1868 2100 interpre-

998 2110 1128 2148 tationi
1166 2112 1334 2147 erueret:
1382 2108 1551 2146 Videsne
1586 2107 1691 2145 illud
1721 2121 1866 2151 nemus,

1000 2166 1114 2219 quod
1135 2166 1251 2219 fluvii
1272 2165 1588 2217 praeterluentis
1613 2165 1718 2215 ripis
1744 2164 1868 2215 longe

999 2223 1259 2267 adtenditur,
1287 2223 1400 2261 cuius
1426 2222 1494 2258 imi
1517 2221 1708 2273 yurqo‘tes
1733 2221 1866 2258 ricino

997 2284 1128 2318 monte
1154 2279 1348 2317 'desiliunt
1372 2281 1544 2315 vertens:
1573 2277 1706 2315 Sielaest
1718 2277 1774 2316 du
1790 2277 1869 2315 den

1007 2335 1130 2376 Wald
1166 2335 1240 2380 da,
1283 2334 1458 2373 wele-laer
1500 2334 1587 2373 siclt
1632 2333 1753 2386 liivtys
1790 2334 1868 2371 den

1004 2392 1133 2444 Ufern
1154 2394 1274 2446 jenes
1301 2391 1459 2429 Flusses
1485 2391 1696 2434 erstreckt,
1729 2390 1867 2428 dessen

998 2449 1170 2494 Quelleu
1202 2449 1299 2487 dort
1327 2449 1410 2499 uus
1437 2447 1525 2486 dem
1560 2447 1692 2485 naloen
1725 2446 1868 2498 Berye

999 2506 1289 2557 entsprc'nyen?
1314 2516 1428 2554 quam
1453 2503 1764 2541 emendationem
1790 2515 1868 2540 mu-

996 2565 1128 2600 tuatus
1155 2566 1216 2600 est
1239 2561 1288 2599 ab
1321 2562 1529 2611 interprete
1557 2559 1587 2597 F
1592 2557 1866 2609 raneogallico,

998 2620 1062 2670 qui
1086 2620 1214 2656 vertit:
1241 2617 1339 2655 Veis
1354 2621 1419 2654 -tu
1435 2630 1480 2654 ce
1500 2617 1598 2661 bois,
1626 2616 1689 2666 qui
1710 2614 1867 2652 s'etend

999 2674 1036 2712 le
1050 2674 1143 2726 long
1157 2674 1230 2713 des
1245 2674 1364 2712 bords
1379 2673 1427 2711 de
1443 2677 1543 2711 cette
1558 2673 1693 2710 riviere
1707 2675 1745 2709 et
1765 2675 1867 2709 cette

999 2731 1181 2777 fontaine,
1209 2731 1273 2782 qui
1298 2733 1381 2768 sort
1406 2730 1453 2767 du
1470 2729 1558 2780 pied
1583 2728 1632 2766 de
1652 2742 1697 2766 ee
1715 2727 1866 2766 socher.

996 2787 1133 2826 Nunc
1124 2802 1159 2826 in
1170 2801 1333 2826 examen
1345 2800 1363 2823 v
1369 2784 1637 2824 ocemusOud.
1647 2784 1866 2823 lectionem.

997 2843 1167 2883 Primum
1202 2848 1312 2896 putat
1348 2842 1554 2892 legendum
1593 2855 1686 2878 esse
1716 2843 1870 2880 summi.

997 2901 1051 2939 At
1075 2915 1191 2953 quum
1218 2900 1278 2938 vel
1304 2901 1361 2937 sic
1385 2883 1496 2937 altior
1520 2899 1572 2936 sit
1597 2897 1702 2942 sons,
1728 2910 1868 2948 exque

997 2958 1239 2997 descendant
1259 2957 1444 3006 guwrites,
1469 2968 1540 2993 eos
1566 2954 1702 2993 iccirco
1724 2953 1867 2993 fontem

997 3015 1207 3067 despicere
1222 3027 1295 3051 non
1310 3025 1432 3063 posse
1440 3014 1561 3062 putat,
1571 3010 1673 3048 unde
1687 3012 1869 3050 emendat

996 3072 1236 3123 respiciunt,
1270 3068 1373 3120 quod
1405 3068 1566 3119 saepius
1592 3067 1628 3105 in
1655 3067 1754 3107 Mss.
1781 3082 1867 3107 cum

998 3128 1206 3179 despicere
1231 3124 1410 3163 confundi
1438 3125 1540 3163 dicit.
1567 3123 1631 3175 [cf.
1658 3123 1801 3164 Deder.
1819 3125 1869 3164 ad,
