2155 3590
611 177 798 218 LIBER
821 176 938 218 vlu.
998 176 1125 219 CAP.
1155 176 1368 218 XXVIII.
1810 176 1891 219 739

107 288 318 330 asininum.
351 286 431 330 Sed
443 286 509 329 uhi
522 289 678 330 tandem
693 289 847 344 fatigati
865 290 928 332 vel
941 296 1050 331 certe
1067 283 1141 331 suo¹
1157 289 1307 330 laniatu
1319 287 1452 330 satiati
1464 302 1625 344 pausam
1638 288 1890 329 carnificinae

106 346 269 396 dedere,
308 344 429 399 stipes
460 357 621 396 aereas,
648 345 766 386 immo
795 360 893 387 vero
918 353 958 387 et
988 353 1217 400 argenteas,
1243 345 1376 386 multis
1405 345 1585 385 certatim
1615 346 1885 395 offerentibus,

104 401 195 442 sinu
224 414 410 455 recepere
439 400 593 454 patulo,
628 415 699 441 nec
725 416 803 442 non
823 400 830 457 1
852 410 892 443 et
914 402 998 444 vini
1023 403 1158 443 cadum
1182 410 1222 442 et
1245 402 1387 442 lactem
1412 408 1452 441 et
1480 415 1617 442 caseos
1642 409 1682 442 et
1705 402 1823 442 farris
1849 409 1889 442 et
1910 405 2004 450 [215]

103 456 274 511 siliginis
305 456 472 510 aliquid,
506 464 546 497 et
569 457 769 498 nonnullis
794 458 982 499 hordeum
1006 459 1101 499 deae
1127 458 1263 512 gerulo
1293 457 1552 508 donantibus,
1591 457 1716 498 avidis
1747 457 1887 498 animis

104 513 359 554 corradentes
384 512 537 564 omnia,
571 520 612 554 et
640 513 681 554 in
705 514 885 555 sacculos
910 515 999 555 huic
1023 513 1204 569 quaestui
1227 514 1274 555 de
1297 513 1492 554 industria
1521 521 1777 568 praeparatos
1807 515 1888 555 lar·

101 661 270 692 laniatum
284 664 320 692 G.
334 663 366 691 1.

101 705 339 745 carnficinam
351 708 402 737 ed.
415 715 463 743 pr.
476 708 602 738 Vicent.
614 710 728 738 venet.
741 711 774 738 2.
787 711 818 738 4.
831 709 939 738 Paris.
954 710 1058 739 Colin.
1073 711 1149 738 Bas.
1165 711 1194 738 1.

411 661 566 690 sauciati
577 665 614 692 G.
629 665 657 693 1.
672 665 703 692 2.
715 665 752 693 L.
766 665 804 693 D.
829 664 871 693 cf.
885 667 963 693 Met.
976 672 1076 699 supra
1090 672 1120 699 ῃ.
1135 666 1211 693 535.
1254 670 1401 701 pansam
1421 659 1658 699 carnificinam
1678 671 1708 698 p.
1750 661 1887 700 pulsnm

1240 707 1362 737 herens
1376 711 1412 738 G.
1428 709 1456 738 1.
1505 715 1584 736 vero
1604 715 1668 736 non
1687 709 1888 742 conspicitur

99 754 136 783 in
156 753 179 784 f.
226 752 297 781 vivi
313 754 426 782 Venet.
442 754 474 782 2.
521 751 629 781 lactes
652 755 689 783 B.
736 761 871 782 caseum
895 756 931 784 G.
955 756 985 784 1.
1009 756 1044 784 0.
1091 753 1246 792 salige'm's
1267 757 1352 783 lunt.
1374 755 1403 783 1.
1425 754 1501 783 Ald.
1548 751 1708 780 lam-deam
1735 755 1770 781 G.
1791 755 1822 782 2.
1847 755 1888 783 1).

99 798 222 827 animis
235 796 345 826 acidis
359 799 394 827 P.
442 796 552 826 acidis
565 801 658 828 abest
671 799 694 828 f.
741 797 980 827 contradentes
993 801 1028 829 G.
1045 801 1058 827 ‘l
1067 821 1074 828 .

1121 799 1156 827 in
1170 807 1233 828 non
1246 799 1342 828 estin
1354 800 1390 828 L.
1405 796 1435 828 δ.
1449 798 1471 828 f.
1516 797 1552 826 ὑι
1571 797 1708 826 sacculo
1730 800 1766 828 G.
1787 800 1817 828 1.
1839 799 1886 826 ed.

99 852 149 880 pr.
161 844 288 874 Vicent.
301 844 415 873 Venet.
427 844 460 873 2.
501 846 717 881 praeparato
731 846 768 875 G.
783 845 813 874 1.
827 851 847 873 a
859 852 900 874 m.
947 851 964 873 s
977 844 1063 874 enim
1075 848 1186 880 aperte
1197 847 1351 873 abrasum
1364 847 1424 874 est.

99 964 290 1003 asininum
319 963 561 1014 sanguinem,
594 964 695 1003 sicut
730 965 968 1015 quorundam

99 1021 314 1066 homimun,
344 1024 589 1070 aegrotorum
621 1021 773 1059 scilicet
803 1022 888 1058 sive
912 1025 965 1059 ta·

100 1076 343 1116 bescentium
380 1076 608 1115 stomachus
644 1077 884 1128 concupiscit
913 1076 965 1114 la-

99 1137 200 1172 ctem
213 1132 414 1170 asininum.
449 1132 556 1171 Vere
568 1133 627 1170 sic
642 1132 767 1171 locum
782 1133 965 1185 explicuit

99 1193 140 1228 et
162 1188 368 1227 illustravit
382 1187 554 1226 Castalio
568 1188 664 1227 Dec.
681 1188 748 1226 [V.
764 1188 862 1228 Obs.
877 1203 908 1228 e.
925 1193 964 1229 3.

97 1244 208 1284 Male
242 1257 336 1295 ergo
366 1244 446 1283 Ms.
487 1245 642 1295 quidam
673 1245 791 1283 habet
822 1246 962 1285 bocum

99 1302 249 1341 lactem
275 1304 380 1338 teste
410 1300 625 1346 Beroaldo,
658 1302 722 1352 qui
745 1300 860 1339 huius
886 1301 961 1338 loci

96 1369 257 1395 sensum
287 1371 362 1395 non
388 1357 578 1408 percepit,
610 1357 659 1394 (le
689 1356 790 1395 lacte
815 1357 960 1395 bubulo

95 1412 329 1463 intelligens,
354 1412 699 1464 quodmedicatius
714 1416 841 1459 esset,
867 1426 960 1463 quo-

95 1483 173 1521 que
193 1469 306 1508 alvus
324 1469 490 1507 maxime
509 1469 736 1508 solveretur.
761 1467 848 1507 Nec
861 1482 960 1520 opus

94 1527 210 1564 etiam
234 1529 314 1571 est,
338 1538 423 1564 cum
448 1523 625 1563 Ferrario
650 1525 775 1565 Elect.
794 1525 822 1564 1.
849 1539 881 1564 e.
898 1530 960 1566 16.

94 1583 273 1622 homines
307 1594 460 1620 sumere
496 1581 546 1619 dc
581 1581 753 1632 gravidis
789 1580 960 1628 seminis,

93 1638 197 1677 unde
221 1638 383 1676 coniecit
404 1637 591 1688 scriptum
625 1636 749 1677 fuisse
776 1652 961 1690 quarum·

94 1696 207 1740 dam,
232 1694 271 1732 id
291 1694 396 1745 quod
414 1694 530 1732 etiam
543 1693 762 1732 Beroaldus
781 1694 961 1732 sensisse

93 1751 261 1796 videtur,
289 1752 352 1802 qui
378 1750 438 1789 lac
462 1749 667 1788 humanum
692 1751 958 1789 dulcissimum

94 1807 219 1845 fnisse
254 1807 290 1844 in
328 1807 615 1844 commentariis
651 1807 840 1857 probavit.
894 1805 958 1844 De

92 1863 315 1902 accusativo
340 1863 485 1902 lactem
509 1862 557 1901 cl'.
579 1876 679 1913 quae
700 1862 778 1900 dixi
797 1863 846 1902 ad
860 1862 956 1901 Met.

93 1918 194 1958 Vlll.
218 1932 256 1970 p.
281 1922 374 1959 559.
399 1918 441 1957 In
466 1931 577 1969 seqq.
605 1918 775 1957 Castalio
801 1920 859 1957 sic
883 1919 957 1958 illa

93 1975 252 2020 delevit,
267 1973 342 2013 loci
356 1976 676 2013 constructionem
696 1989 770 2013 non
785 1975 957 2027 capienS.

148 2032 386 2083 sanquinem
410 2031 674 2082 conspiceret.
711 2030 955 2069 Emendatio-

92 2100 181 2126 nem
211 2085 416 2132 Beroaldi,
447 2099 562 2137 quam
592 2086 678 2126 cod.
707 2086 753 2126 B.
778 2087 954 2133 affirmat,

92 2147 254 2182 secutae
267 2142 478 2194 pleraeque
492 2142 682 2181 editiones
697 2145 955 2196 concupisce-

91 2204 155 2239 ret
177 2200 382 2251 praebent,
419 2212 535 2250 quum
572 2199 683 2237 codd.
715 2200 831 2238 ceteri
861 2213 954 2239 con-

91 2257 269 2308 spiceret
281 2255 431 2306 legant,
454 2254 557 2293 unde
569 2254 754 2293 Brantius
774 2256 957 2306 proclivis

92 2315 155 2350 est
178 2311 229 2351 ad
259 2311 567 2350 emendationem
598 2313 822 2358 consitiret,
852 2312 957 2352 Oud.

92 2380 249 2419 quoque
283 2382 358 2406 non
394 2367 699 2420 improbabilem.
759 2367 957 2407 Ferrarius

90 2422 226 2462 maluit
238 2429 486 2476 concuperet
496 2423 559 2461 vel
581 2425 830 2476 conciperet,
857 2437 956 2475 quae

91 2481 211 2518 verba
223 2480 444 2532 frequenter
459 2480 621 2519 confusa
632 2484 733 2519 sunt.
764 2480 812 2519 cf.
825 2479 955 2519 Iuven.

92 2538 174 2576 Sat.
210 2535 264 2576 X.
299 2541 338 2577 5.
372 2535 532 2575 Passim
575 2541 702 2574 autem
739 2538 954 2589 concipere

89 2594 219 2643 nefas,
243 2593 384 2638 scelus,
408 2606 518 2644 spem
543 2597 582 2631 et
605 2593 745 2631 similia
769 2593 953 2639 dicuntur,

91 2662 192 2700 quae
216 2662 407 2701 peragere
429 2649 493 2686 vel
520 2649 664 2687 habere
689 2649 776 2700 quis
807 2662 954 2689 concu-

87 2707 233 2757 piscat.
249 2706 295 2744 cf.
306 2705 384 2745 Cic.
394 2705 506 2744 Catil.
518 2704 562 2744 ll.
572 2708 608 2746 4.
633 2705 762 2743 Burni.
777 2705 826 2742 ad
839 2705 954 2744 ovid.

90 2761 188 2800 Met.
198 2761 280 2800 Vll.
302 2766 368 2803 22.
393 2761 496 2811 (Intt.
516 2761 566 2800 ad
584 2761 611 2799 Ι.
633 2763 742 2810 777.)
775 2762 857 2800 Sed
875 2767 952 2801 sto-

90 2817 254 2857 machus
279 2820 500 2870 concipit
523 2819 759 2870 sanquinem
777 2830 846 2868 pro
862 2832 953 2857 con-

93 2874 265 2923 cupiscit
290 2874 405 2912 latine
428 2874 501 2913 diei
521 2887 644 2925 posse
662 2874 725 2911 vix
744 2874 953 2924 putandum

92 2933 166 2966 est.
196 2928 331 2981 Inepte
355 2944 447 2968 vero
474 2930 646 2968 Castalio
672 2930 845 2969 defendit
867 2931 953 2968 vul-

92 2988 221 3032 gaiam
235 2989 507 3039 conspiceret,
534 2987 643 3037 quasi
669 2986 796 3025 facete
817 2991 952 3025 auctor

92 3042 355 3081 transtulisset
382 3043 539 3081 videndi
571 3056 731 3082 sensum
754 3044 802 3081 ab
828 3043 952 3082 oculis

93 3097 142 3134 ad
164 3099 417 3138 stomachum.
455 3099 564 3151 [Erat
593 3113 709 3150 quum
733 3113 808 3149 ego
840 3100 952 3150 cupi-

93 3159 219 3194 sceret
231 3156 487 3199 emendarem,
514 3157 617 3208 quod
637 3159 764 3195 tamen
788 3157 952 3195 vocabu-

1025 963 1104 1004 lum
1133 965 1170 1003 in
1200 977 1276 1004 usu
1303 978 1379 1003 non
1409 967 1490 1011 est,
1520 963 1647 1015 magis
1670 967 1799 1003 autem
1835 963 1887 1001 ad

1023 1019 1170 1060 Brantii
1201 1021 1458 1060 coniecturam
1489 1022 1699 1060 consitiret
1730 1020 1885 1058 inclino.

1022 1076 1172 1116 Locum
1200 1081 1422 1128 corruptum
1451 1089 1563 1122 esse,
1598 1077 1800 1115 asteriscis
1831 1077 1885 1114 in-

1021 1133 1190 1185 signiri]

1074 1202 1246 1242 pausam
1271 1189 1545 1242 carnificinae.
1579 1187 1661 1242 [De
1686 1188 1761 1227 hac
1783 1202 1884 1228 voce

1020 1244 1068 1284 cf.
1082 1244 1259 1284 Munker.
1273 1244 1325 1282 ad
1338 1244 1516 1295 Fulgent.
1529 1244 1779 1297 mythol.l.p.
1790 1249 1882 1286 633.

1018 1301 1151 1340 Burni.
1175 1301 1227 1339 ad
1251 1300 1411 1340 Anthol.
1436 1301 1524 1340 Lat.
1556 1300 1600 1340 T.
1626 1301 1672 1340 ll.
1703 1315 1741 1353 p.
1770 1306 1882 1347 173..

1019 1357 1082 1407 qui
1121 1357 1248 1395 locum
1282 1355 1463 1407 Fulgent.
1500 1370 1549 1395 ex
1586 1357 1743 1396 Glossis
1779 1358 1884 1397 Mss.

1018 1413 1103 1452 cod.
1139 1412 1241 1452 Bibl.
1276 1411 1414 1452 Uin-ai.
1449 1413 1500 1451 ad
1542 1413 1683 1452 Senec.
1727 1413 1882 1451 Hercul.

1018 1468 1107 1507 Fur.
1122 1473 1186 1509 87.
1207 1468 1308 1507 hunc
1325 1470 1360 1506 in
1384 1469 1542 1506 modum
1566 1470 1737 1520 corrigit:
1768 1473 1883 1509 Τισι-

1018 1540 1041 1576 <J
1055 1523 1131 1576 ‘ii-ij
1151 1530 1282 1563 (tutem
1304 1526 1421 1576 qnasi
1437 1523 1592 1569 τίσεως
1615 1522 1738 1576 φωνή
1763 1527 1810 1565 id
1829 1531 1885 1564 esc

1017 1595 1100 1620 ‘rosc
1123 1581 1309 1626 ultionis,
1342 1593 1458 1630 quum
1482 1581 1584 1619 istae
1607 1581 1778 1620 habeant
1801 1580 1883 1620 τού-

1017 1652 1090 1676 των
1103 1634 1206 1689 (som)
1223 1651 1309 1675 cum
1323 1635 1614 1687 Fulgentmss.
1640 1638 1660 1676 i.
1675 1651 1710 1677 e.
1728 1652 1811 1677 vox
1825 1638 1881 1676 ln-

1020 1698 1173 1733 ctaosa.
1221 1692 1308 1744 Ego
1333 1693 1464 1732 malim
1493 1691 1721 1745 Τισιᾳώνη
1751 1699 1882 1734 autem

1019 1751 1134 1801 quasi
1151 1748 1308 1790 τίσεων
1328 1747 1449 1801 φωνὴ
1475 1750 1498 1787 i.
1513 1763 1547 1789 e.
1560 1751 1775 1790 multarum
1788 1764 1883 1790 vose.

1017 1805 1179 1845 Taubm.
1204 1806 1255 1844 ad
1279 1805 1406 1844 Plaut.
1430 1805 1601 1845 Pers.V.
1628 1810 1663 1846 2.
1689 1810 1754 1846 37.
1780 1806 1880 1844 Elm.

1014 1862 1065 1901 ad
1088 1862 1233 1900 Arnob.
1255 1862 1304 1900 V.
1331 1865 1366 1902 9.
1400 1860 1446 1901 Τ.
1470 1861 1515 1900 ΙΙ.
1545 1876 1583 1914 p.
1617 1866 1708 1903 283.
1740 1862 1880 1914 Orell.]

1071 1920 1161 1957 sinu
1189 1931 1380 1969 recepere
1403 1918 1566 1970 patulo,
1616 1918 1686 1971 [cs.
1718 1917 1879 1958 Taubm.

1013 1974 1063 2012 ad
1088 1973 1215 2013 Plaut.
1242 1973 1397 2012 Trucul.
1422 1973 1487 2013 ΙΙΙ.
1516 1979 1548 2014 1.
1577 1975 1630 2027 7.]

1071 2030 1226 2069 lactem.
1269 2030 1417 2069 Lactes
1432 2029 1545 2068 lectio
1559 2030 1664 2070 Bert.
1679 2030 1764 2069 cod.
1778 2031 1879 2069 adeo

1012 2086 1157 2138 placuit
1171 2086 1352 2131 Scriver„
1371 2090 1411 2124 ut
1430 2099 1517 2124 eam
1541 2088 1577 2125 in
1602 2091 1750 2126 textum
1773 2100 1880 2124 rece-

1012 2144 1128 2194 perit,
1154 2142 1408 2193 intelligitque
1423 2142 1584 2194 Sciopp.
1603 2144 1779 2195 aquinas
1792 2144 1880 2181 sive

1010 2204 1144 2237 tenera
1156 2211 1341 2250 agnorum
1357 2199 1546 2237 intestina.
1572 2198 1698 2237 Prave
1713 2200 1878 2238 omnino.

1014 2255 1221 2306 Nusquam
1258 2256 1358 2293 enim
1402 2255 1527 2295 lactes
1566 2256 1792 2307 simpliciter
1828 2256 1879 2293 de

1015 2313 1181 2364 aqninis
1214 2315 1432 2357 sumuntur,
1474 2311 1549 2350 sed
1585 2312 1635 2349 de
1676 2313 1877 2363 quibusvis

1014 2368 1217 2406 intestinis.
1244 2367 1292 2407 cs.
1311 2367 1412 2405 Non.
1431 2381 1468 2419 p.
1485 2372 1577 2408 331.
1605 2368 1741 2416 (Voss.
1756 2368 1876 2406 Arist.

1015 2423 1060 2463 Τ.
1086 2423 1112 2462 Ι.
1136 2439 1174 2476 p.
1189 2427 1282 2466 496.
1308 2423 1530 2474 Foertsch.)
1554 2424 1735 2463 Ridicule
1760 2425 1876 2462 etiam

1013 2481 1110 2518 inter
1132 2482 1281 2526 vitium,
1319 2494 1472 2526 caseos,
1505 2482 1580 2531 sar
1615 2485 1705 2519 cett.
1741 2480 1876 2518 harum

1010 2535 1235 2576 deliciarum
1257 2537 1492 2575 mentionem
1516 2537 1754 2576 inseruisset.
1791 2536 1876 2574 Me-

1012 2598 1135 2632 morat
1159 2596 1292 2632 auctor
1316 2594 1462 2639 omnia,
1494 2606 1594 2644 quae
1619 2593 1876 2631 corradebant

1011 2650 1062 2688 ad
1104 2650 1220 2688 vitam
1261 2648 1569 2688 sustentandam.
1627 2648 1740 2687 Unde
1787 2647 1873 2686 loco

1008 2709 1177 2760 ficuum,
1192 2719 1290 2757 quas
1303 2705 1420 2744 refert
1432 2705 1646 2751 Lucianus,
1666 2705 1874 2743 nominavit

1012 2763 1095 2807 luc,
1126 2762 1232 2813 quod
1262 2762 1391 2800 omisit
1419 2762 1496 2800 ille.
1546 2761 1673 2807 Quum
1697 2773 1810 2811 porro
1837 2761 1872 2797 in

1010 2819 1138 2856 Oxon.
1163 2820 1314 2868 legatur
1331 2831 1504 2862 cascum,
1530 2817 1631 2856 Oud.
1646 2831 1720 2855 non
1735 2816 1872 2854 abhor-

1009 2878 1068 2912 ret
1085 2887 1109 2913 a
1127 2875 1365 2913 coniectura:
1391 2875 1525 2912 etvini
1543 2875 1687 2913 cadum
1701 2878 1739 2912 ct
1753 2873 1873 2911 lactis

1010 2936 1048 2969 et
1060 2944 1218 2971 caseum
1235 2930 1299 2968 vel
1318 2931 1438 2970 casei,
1485 2928 1729 2981 [Lectionem
1749 2930 1875 2969 lactes

1009 2999 1059 3024 ex
1088 2986 1299 3024 stoliditate
1327 2986 1467 3024 librarii
1497 2986 1628 3037 potius
1659 2986 1872 3034 putaverim

1009 3047 1202 3089 exortam,
1227 3043 1292 3092 qui
1317 3042 1461 3081 lactem
1485 3045 1524 3079 et
1549 3056 1686 3082 caseos
1714 3055 1785 3094 per
1808 3056 1871 3079 nu-

1008 3112 1156 3138 merum
1179 3098 1382 3136 conciliare
1406 3099 1568 3137 invicem
1591 3098 1720 3138 voluit.
1746 3098 1795 3136 cf.
1820 3098 1872 3137 de

1010 3169 1051 3194 re
1074 3154 1160 3194 Intt.
1186 3154 1236 3194 ad
1261 3154 1427 3195 Phaedr.
1453 3154 1523 3196 lv.
1549 3160 1584 3195 1.
1610 3159 1634 3196 3
1659 3155 1767 3208 sqq]

1502 3223 1555 3264 47
1571 3221 1592 3245 *
