2155 3590
640 135 827 176 LIBER
850 136 923 176 lv,

983 136 1108 176 CAP.
1132 135 1298 176 XXXI.

1776 138 1857 181 293

67 249 204 290 ‘barbis
223 248 415 303 hispidus,
443 256 483 289 et
502 249 634 303 gravis
656 249 808 303 piscoso
822 249 910 290 sinu
925 247 1078 291 Salacia
1090 281 1101 300 ‚
1129 256 1167 290 et
1181 249 1318 302 auriga
1333 249 1516 303 parvulus
1537 249 1705 304 delphini
1718 250 1856 292 Palae-

67 384 211 425 *hispidis
223 397 253 423 p.
294 388 432 425 piscosa
446 388 484 417 D.
532 387 667 416 salaria
681 390 716 417 G.
734 390 760 417 1.
776 396 795 417 a
810 397 837 423 p.
851 397 892 418 m.
929 389 1060 417 salatia
1073 391 1110 418 D.
1125 391 1238 418 Vener.
1250 390 1282 417 2.
1296 389 1344 417 ed.
1360 397 1404 423 pr.
1440 387 1550 416 slacia
1562 391 1645 418 lunt.
1660 391 1690 420 2.

1727 389 1855 419 solatia

72 436 152 463 Mss.
171 434 294 468 aliquot
313 433 367 469 (ἒ)
387 436 499 463 venet.
516 436 544 462 4.
560 435 632 462 Par.
681 436 715 460 et
734 434 856 471 auriga
875 442 984 463 omnes
998 438 1078 464 Mss.
1098 436 1154 463 sed
1173 437 1265 463 abest
1283 435 1445 468 panicula
1463 435 1497 462 in
1516 436 1665 463 omnihus
1687 437 1758 466 edd.
1778 440 1854 466 velt.

65 477 221 516 parvulis
235 480 271 507 G.
287 481 315 508 1.
363 478 617 506 Palaemoniam
631 480 665 508 F.
680 480 710 507 3.
734 477 941 506 Palemolam
955 481 990 509 G.
1007 482 1035 509 1.
1061 478 1250 508 Pallemofa
1262 481 1297 509 G.
1311 481 1342 509 2.
1366 477 1575 506 Pallemoria
1587 481 1625 508 D.
1651 478 1810 509 Palaemo
1825 479 1853 511 δ.

71 590 182 640 quasi
224 602 247 627 e
282 590 540 628 monumentis
575 590 726 628 idoneis
763 590 930 628 exhibet.

71 643 278 697 [Equidem
304 659 374 684 eos
405 648 517 696 sequi
547 645 667 692 malo,
700 647 762 696 qui
792 651 931 685 utram-

70 713 145 752 que
191 702 383 740 scribendi
429 703 614 741 rationem
669 703 929 754 comprobant,

69 762 184 809 'quum
208 757 306 796 fides
332 762 370 797 et
395 762 723 797 monumentorum
754 762 794 796 et
818 759 928 797 codd.

66 814 116 852 ab
140 812 301 864 utraque
325 820 434 867 parte
457 819 546 853 stet.
594 815 637 854 cf
669 815 796 854 Doed.
829 816 923 866 Syn.

67 869 112 908 T.
127 869 193 908 Vl.
218 884 255 921 p.
283 876 374 912 279.
399 872 526 910 Maior
550 877 678 910 tamen
707 872 753 910 lis
786 876 848 909 est
874 873 923 911 vi-

64 940 190 964 rorum
215 927 431 967 doctorum.
464 933 547 966 uter
578 928 651 966 hoc
682 930 834 966 nomine
859 929 922 966 (le-

64 984 239 1033 signatus
264 984 376 1022 fuerit
399 984 604 1036 Neptunus
629 998 676 1022 an
695 984 920 1032 Palaemon,

64 1039 123 1077 eui
147 1043 363 1079 sententiae
383 1042 431 1078 ab
452 1046 612 1091 utraque
633 1045 741 1092 parte
760 1040 922 1092 plurima

61 1096 226 1134 obstant.
260 1096 428 1135 Primum
442 1098 542 1135 enim
562 1099 594 1135 si
608 1097 816 1148 Neptunus
829 1098 922 1136 indi-

60 1155 178 1198 catur,
190 1154 322 1191 mirum
337 1167 430 1191 esse
443 1157 585 1205 potest,
594 1154 629 1191 in
645 1155 825 1192 comitatu
834 1167 921 1191 eum

59 1207 183 1246 fuisse
198 1209 381 1255 Veneris,
407 1210 546 1248 deinde
564 1223 654 1248 vero
675 1210 920 1261 apertissime

58 1263 256 1315 distinguit
280 1266 473 1317 Apuleius
499 1267 595 1304 inter
619 1270 821 1317 utrumque
853 1280 918 1303 nu-

56 1332 142 1359 men
168 1322 286 1372 Apol.
313 1335 348 1373 p.
374 1326 466 1362 468.
496 1323 707 1374 Neptunus
731 1337 820 1361 cum
845 1322 918 1361 Sa-

60 1376 187 1423 lacia,
213 1383 253 1416 et
275 1379 466 1417 Portuno
496 1384 536 1417 et
560 1380 665 1417 omni
689 1378 817 1416 choro
842 1379 920 1417 Ne-

56 1434 225 1478 reidum,
246 1447 478 1485 quamquam
495 1448 528 1473 c.
542 1434 701 1473 Boscha
719 1434 807 1473 ideo
820 1434 920 1474 hanc

55 1492 286 1528 sententiam
306 1505 378 1529 non
398 1491 712 1542 improbaverim,
738 1493 826 1541 quia
839 1495 918 1529 tum

53 1546 175 1598 primo
200 1546 287 1586 loco
319 1552 451 1586 auctor
474 1547 697 1600 Neptunum
729 1549 918 1586 nominas-

54 1606 127 1641 set.
173 1602 235 1641 Ne
258 1617 325 1654 pro
339 1604 591 1643 Palaemone
602 1604 812 1655 accipiatur
824 1603 916 1642 Por-

53 1662 224 1705 tumnus,
255 1661 465 1710 impediunt
494 1662 614 1700 verba
643 1674 755 1712 seqq.
788 1666 827 1699 et
849 1676 916 1701 au-

51 1716 146 1768 riqa
157 1717 357 1767 parvulus
370 1717 558 1769 delphini
576 1717 812 1757 Palaemon.
833 1718 917 1762 Pa*

53 1771 236 1812 laemoua
265 1786 356 1811 vero
387 1778 426 1811 et
455 1774 722 1813 Portumnum
752 1774 915 1812 eosdem

51 1827 182 1866 haberi
212 1829 327 1868 docet
357 1829 499 1881 Hygin.
526 1829 659 1869 saun.
686 1843 723 1880 p.
739 1834 802 1871 20.
829 1832 914 1870 Me-

51 1884 229 1924 licem-tem
273 1891 405 1926 autem
445 1886 575 1926 Deum
613 1886 913 1934 Palaemonem,

52 1954 166 1992 quem
174 1955 246 1981 nos
253 1942 483 1982 Portunum
491 1943 672 1982 dicimus.
682 1942 795 1981 ovid.
805 1943 915 1983 Fast.

48 1995 115 2035 Vl.
142 2002 234 2038 548.
260 1998 367 2037 Fest.
391 2013 423 2037 s.
441 2012 472 2036 v.
498 2013 534 2050 p.
565 2003 655 2039 128.
681 2001 772 2040 210.
810 1999 913 2038 Puto

47 2051 148 2092 banc
172 2054 277 2092 litem
302 2056 354 2093 ita
378 2068 500 2105 posse
524 2055 655 2093 dirimi.
681 2056 914 2105 Antiquissi-

47 2111 121 2148 mis
145 2111 382 2160 temporibus
407 2125 507 2150 unus
533 2116 678 2150 tantum
708 2117 790 2150 erat
814 2113 913 2151 deus

46 2165 267 2213 Portunus,
283 2169 345 2218 qui
359 2169 535 2220 portibus
548 2172 723 2218 praeerat
742 2169 789 2206 cs.
804 2168 912 2208 Fest.

45 2235 77 2260 s.
93 2236 127 2260 v.
152 2224 344 2262 claudere
368 2237 403 2274 p.
425 2228 490 2264 43.
515 2223 628 2262 Lind.
657 2225 850 2264 claudere
875 2230 914 2264 et

46 2279 172 2318 clavis
202 2294 228 2318 a
257 2294 412 2332 yraeco
444 2281 671 2326 descendit,
711 2282 825 2320 cuius
848 2283 910 2320 rei

46 2335 210 2375 tutelam
220 2350 344 2388 penes
357 2337 585 2376 Portunum
600 2351 680 2376 esse
690 2337 906 2389 putabant,

37 2393 118 2443 ‚qui
141 2392 284 2431 clavim
308 2407 428 2432 manu
454 2398 585 2432 tenere
611 2393 846 2445 finyebatur
870 2399 910 2433 et

45 2447 144 2488 deus
179 2462 258 2487 esse
295 2449 524 2500 putabatur
561 2454 795 2501 portarum,
843 2451 906 2488 ubi

35 2509 167 2556 ‚porta
193 2504 242 2542 de
272 2517 502 2556 quocunque
539 2505 644 2545 loco
682 2507 743 2556 qui
782 2505 907 2545 claudi

43 2563 190 2610 potest,
221 2561 364 2600 dictum
395 2562 545 2600 videtur
568 2575 678 2606 esse,
710 2562 812 2600 unde
837 2576 905 2613 pro

39 2616 164 2655 domo
188 2617 325 2666 legitur
348 2619 451 2669 apud
466 2618 573 2657 Fest.
588 2633 624 2670 p.
642 2622 733 2659 204.
760 2619 907 2670 Aperte

42 2684 133 2710 vero
158 2687 181 2712 a
205 2673 315 2712 Serv.
341 2675 390 2713 ad
416 2675 522 2725 Virg.
553 2676 647 2713 ..tren
660 2675 708 2712 ἶ.
736 2679 826 2715 241.
853 2675 906 2713 di-

37 2728 465 2774 .oimr,cleu31narzn21s
485 2732 556 2784 qui
571 2732 771 2783 portubus
785 2745 905 2782 prae-

44 2785 358 2825 estetaVarQ-on
375 2787 484 2826 deL
499 2787 544 2825 I.
560 2787 625 2826 xl.
651 2786 682 2836 ξ.
705 2791 764 2827 19.
786 2802 823 2838 p.
839 2792 902 2828 81.

36 2838 194 2880 Mne-lt:
224 2842 477 2883 Ρστΐιιηαῖια
508 2844 621 2882 dicta
650 2858 675 2882 a
700 2844 901 2891 Portuno,

47 2898 201 2948 qum'eo
215 2898 282 2937 die
296 2900 418 2939 aedes
430 2901 472 2938 in
495 2914 525 2951 p
537 2904 645 2939 ortu
672 2901 902 2940 Tiberino

42 2955 160 3005 faeta
180 2959 221 2992 et
239 2957 372 3006 feriae
393 2957 612 2995 institutae.
637 2955 794 2994 Deinde
807 2970 898 2995 vero

44 3011 197 3060 propter
207 3010 371 3049 similem
386 3013 593 3051 litterarum
606 3026 742 3050 sonum
752 3025 774 3050 a
783 3013 899 3051 verbo

38 3065 250 3117 ponendi,
278 3068 525 3107 portumnus
549 3081 633 3106 cum
662 3067 899 3108 Palaemone

43 3120 355 3171 confundebatur,
379 3125 442 3175 qui
467 3140 490 3164 a
515 3124 698 3176 delphino
723 3126 899 3176 portaba-

989 595 1058 630 tur.
1108 590 1154 629 cf.
1187 589 1373 642 Hartung.
1405 590 1545 642 Reliy.
1576 590 1617 636 d.
1650 591 1769 629 Ro'm.
1806 591 1852 630 lI.

988 660 1025 697 p.
1059 651 1167 692 100„
1206 661 1320 698 quem
1349 647 1399 685 de
1428 646 1502 685 hac
1533 646 1761 684 confusione
1792 662 1851 686 ac-

989 705 1153 741 curatius
1179 703 1433 742 disserentem
1459 702 1649 742 conseras.
1675 702 1774 741 Hinc
1787 704 1853 742 du-

987 759 1126 811 plicem
1156 759 1368 811 profectam
1403 772 1494 798 esse
1531 763 1622 810 puto
1659 759 1853 798 scribendi

983 817 1168 854 rationem
1193 816 1405 856 Portunus
1430 820 1470 854 et
1497 816 1757 862 Portumnus,
1789 819 1853 864 (ut

983 873 1030 910 ab
1057 874 1187 912 alere.-
1213 874 1397 912 alumnus
1410 873 1540 921 simil.)
1567 885 1669 923 quae
1693 873 1849 911 diversi-

981 933 1042 967 tas
1075 931 1149 967 iam
1179 931 1215 967 in
1249 929 1335 968 aliis
1368 928 1607 980 deprehendi
1633 933 1780 977 potest:
1810 934 1852 968 ut

982 985 1085 1035 apud
1112 985 1218 1025 Varr.
1249 991 1309 1026 14.
1335 985 1384 1023 de
1409 985 1454 1023 L.
1470 985 1514 1023 L.
1529 984 1595 1023 VI.
1621 984 1651 1035 ξ.
1678 990 1742 1026 21.
1775 1000 1844 1037 pro

988 1042 1266 1081 Vortumnalia
1290 1043 1325 1079 in
1352 1041 1543 1080 nonnullis
1570 1040 1674 1080 libris
1708 1043 1846 1082 Vortu-

980 1098 1093 1136 nale'a
1118 1099 1292 1136 scribitur
1316 1098 1365 1137 cs.
1389 1098 1547 1136 Mfiller.
1567 1098 1616 1136 ad
1638 1098 1672 1136 h.
1687 1098 1711 1137 l.
1726 1103 1843 1151 p.81.

979 1153 1054 1191 Hic
1079 1166 1169 1192 vero
1194 1154 1386 1205 Apuleius
1413 1155 1476 1204 qui
1502 1156 1596 1192 inter
1620 1154 1842 1206 Neptunum

980 1214 1018 1247 et
1031 1208 1268 1248 Palaemona
1292 1215 1468 1248 accurate
1483 1211 1672 1256 distinxit,
1698 1212 1746 1250 ab
1765 1213 1841 1250 usi-

978 1269 1058 1303 tata
1104 1267 1323 1304 recessisse
1364 1266 1514 1304 videtur
1549 1268 1750 1318 opinione,
1799 1282 1847 1306 ex

977 1335 1053 1372 qua
1078 1321 1289 1361 Palaemon
1327 1327 1366 1361 et
1394 1321 1589 1361 Portunus
1620 1323 1721 1361 idem
1753 1330 1846 1369 erat,

978 1382 1019 1416 ut
1038 1393 1106 1429 pro
1127 1379 1203 1416 alio
1225 1379 1298 1417 deo
1318 1380 1463 1417 marino
1485 1383 1662 1429 portuum
1683 1382 1846 1419 custode

977 1433 1187 1473 Portunum
1223 1437 1430 1486 accepisse
1466 1434 1651 1473 videatur.
1699 1435 1785 1474 Hac
1810 1439 1844 1475 in

976 1492 1169 1530 sententia
1199 1492 1358 1529 adiuvor
1390 1491 1499 1529 Festi
1535 1493 1744 1538 sententia,
1782 1495 1845 1544 qni

975 1549 1064 1586 item
1090 1548 1267 1586 diversos
1293 1548 1391 1586 deos
1405 1549 1614 1588 Portunos
1638 1550 1844 1595 constituit,

975 1605 1138 1643 alterum
1163 1606 1225 1656 qui
1239 1606 1360 1656 portis
1375 1610 1569 1656 praeerat,
1594 1605 1756 1643 alterum
1770 1604 1842 1645 Pa-

976 1660 1204 1700 laemonem.
1254 1661 1354 1700 Hinc
1378 1666 1509 1713 potest
1539 1661 1655 1707 effici.
1693 1676 1759 1700 cur
1789 1662 1843 1700 hi-

974 1718 1129 1769 spidum
1154 1718 1284 1757 barbis
1311 1719 1502 1757 caeruleis
1528 1718 1721 1769 Apuleius
1755 1733 1842 1757 eum

974 1776 1243 1820 nominaverit,
1269 1776 1358 1826 quia
1377 1774 1443 1813 ille
1461 1789 1534 1813 non
1554 1789 1649 1826 puer
1663 1779 1744 1814 erat
1756 1775 1840 1813 Me-

974 1830 1139 1877 licertes,
1154 1832 1227 1870 sed
1242 1845 1339 1870 unus
1354 1845 1402 1870 ex
1416 1832 1489 1870 diis
1503 1831 1671 1876 marinis,
1680 1844 1839 1881 quorum

972 1889 1127 1938 propria
1151 1891 1213 1926 est
1236 1889 1355 1926 barba
1380 1889 1575 1939 promissa
1605 1892 1645 1925 et
1669 1888 1837 1939 hispida.

976 1943 1009 1981 E
1041 1945 1230 1982 contrario
1259 1948 1387 1982 tamen
1419 1945 1549 1994 negari
1580 1946 1728 1994 nequit,
1760 1944 1839 1982 Ne-

974 2004 1132 2050 ptunum
1159 2005 1197 2037 et
1221 1999 1435 2039 Portunum
1460 2002 1495 2038 in
1522 2001 1716 2038 nonnullis
1746 2001 1837 2039 scri—

972 2057 1145 2107 ptoribus
1171 2057 1368 2102 confundi,
1394 2061 1435 2095 ut
1459 2070 1481 2094 a
1507 2056 1688 2096 Cicerone
1713 2057 1763 2095 de
1786 2056 1837 2096 N.

972 2111 1022 2150 D.
1049 2111 1093 2150 ll.
1120 2116 1183 2153 26.
1209 2126 1233 2150 a
1256 2113 1369 2152 Mart.
1395 2112 1491 2165 Cap.
1516 2112 1541 2151 1.
1568 2114 1598 2158 δ.
1625 2118 1661 2154 4.
1687 2114 1751 2151 ubi
1788 2113 1837 2153 cs.

971 2167 1118 2219 Kopp.:
1157 2169 1261 2220 quod
1297 2170 1384 2208 inde
1421 2170 1562 2208 factum
1600 2174 1710 2221 puto,
1748 2170 1838 2220 quia

971 2225 1111 2270 clavis,
1150 2239 1264 2275 quam
1300 2226 1399 2264 deus
1430 2226 1495 2264 ille
1526 2229 1692 2265 marinus
1720 2240 1835 2265 manu

968 2281 1137 2328 tenebat,
1153 2281 1267 2320 facile
1280 2296 1367 2321 cum
1379 2283 1531 2321 tridenti
1545 2283 1742 2335 Neptunio
1756 2296 1834 2320 mu-

966 2339 1034 2375 tari
1058 2342 1218 2388 poterat.
1256 2337 1376 2377 Plura
1399 2339 1448 2377 de
1473 2338 1676 2378 Melicerte
1701 2352 1732 2377 s.
1759 2338 1832 2377 Pa-

964 2393 1146 2432 laemone
1183 2395 1246 2445 qui
1282 2395 1500 2440 desiderat,
1537 2396 1654 2435 adeat
1688 2395 1830 2447 Bottig.

963 2450 1089 2489 Icleen
1123 2467 1151 2490 z.
1189 2451 1442 2505 Kunstmytlz.
1479 2451 1522 2490 11.
1559 2467 1597 2504 p.
1629 2455 1709 2493 330
1741 2464 1829 2502 sqq.

967 2505 1100 2546 Creuz.
1121 2507 1288 2559 Mythol.
1310 2507 1371 2546 lll.
1391 2512 1469 2548 114
1483 2521 1542 2559 sq.
1567 2508 1633 2547 IV.
1656 2512 1709 2548 32
1722 2508 1828 2560 sqq]

1022 2563 1205 2604 Salacia.
1242 2563 1426 2616 [Egregie
1445 2565 1494 2603 de
1509 2566 1670 2603 nominis
1685 2564 1829 2615 origine

963 2623 1002 2657 et
1018 2620 1295 2670 significatione
1321 2623 1400 2671 egit
1417 2621 1553 2659 Munk.
1573 2622 1623 2660 ad
1642 2620 1784 2671 Hygin.
1799 2619 1828 2660 I.

962 2689 1000 2726 p.
1030 2681 1090 2716 11.
1117 2677 1168 2715 cf.
1193 2677 1379 2716 Doederl.
1406 2678 1503 2728 Syn.
1531 2677 1575 2716 T.
1590 2677 1658 2716 Vl.
1682 2690 1719 2728 p.
1735 2680 1826 2717 313.

961 2731 1068 2771 Hart.
1095 2734 1188 2773 Rel.
1212 2734 1250 2772 d.
1279 2734 1399 2773 Rom.
1425 2733 1469 2772 ll.
1494 2747 1531 2784 p.
1558 2733 1646 2786 99.]

1018 2789 1255 2829 Palaemon.
1333 2789 1450 2828 Putat
1496 2790 1600 2828 Oud.
1648 2802 1826 2828 nummos

961 2846 1087 2896 gentis
1111 2846 1336 2892 Lucretiae,
1367 2847 1402 2884 in
1429 2851 1587 2896 quarum
1611 2860 1688 2885 una
1716 2850 1826 2897 parte

958 2901 1143 2940 barbatus
1168 2917 1254 2941 cum
1279 2903 1429 2941 fuscina
1452 2903 1684 2954 Neptunus,
1710 2903 1745 2940 in
1770 2903 1824 2941 al-

958 2961 1040 2997 tera
1065 2972 1173 3010 puer
1202 2959 1337 2998 alatus
1369 2962 1542 3011 frenans
1578 2958 1822 3010 delphinum,

959 3027 1034 3064 quo
1059 3015 1219 3060 insidet,
1252 3015 1428 3066 depictus
1454 3020 1515 3053 est
1538 3015 1574 3053 in
1600 3016 1821 3054 memoriam

957 3071 1082 3109 factos
1107 3085 1202 3109 esse
1226 3071 1386 3110 alicuius
1410 3071 1590 3111 mirificae
1613 3073 1821 3122 ereptionis·

956 3140 979 3164 e
997 3127 1196 3179 naufragio
1218 3131 1257 3166 et
1273 3127 1412 3167 salutis
1432 3130 1467 3166 in
1482 3133 1611 3180 portu
1627 3132 1821 3179 receptae.
