2155 3590
599 124 784 164 LIBER
816 124 890 164 lx.
950 123 1075 164 CAP.
1106 124 1319 163 XXXIX.

73 238 225 280 civilius
261 235 665 291 atquelmansuetius
702 236 856 277 versari
892 235 1221 286 commilitonem,
1266 236 1380 289 idque
1419 248 1486 289 per
1522 248 1610 289 spes
1647 248 1856 289 prosperas
1881 247 1944 280 (369

617 293 720 334 Nam
752 301 790 333 et
822 293 881 333 hic
911 293 1014 347 ipse..
1044 292 1192 342 aiebat,
1220 292 1328 332 iners
1360 292 1504 332 asellus
1536 298 1572 331 et
1604 291 1856 331 nihilominus

73 296 157 335 eius
187 294 326 334 orabat
355 294 557 333 adiurans.

1772 122 1849 164 861

73 351 209 390 morbo
247 349 467 389 detestabili
504 353 672 390 caducus
708 350 779 389 vix
820 349 937 389 etiam
972 363 1116 402 paucos
1153 348 1301 388 olerum
1338 348 1557 401 manipulos
1595 347 1640 387 de
1678 348 1858 401 proximo

74 406 228 447 hortulo
252 406 354 446 solet
376 405 549 446 anhelitu
574 405 757 460 languido
782 406 970 460 fatigatus
995 404 1236 454 subvehere3
1264 404 1405 443 nedum
1420 411 1462 443 ut
1475 404 1592 444 rebus
1608 404 1859 458 amplioribus

74 463 236 503 idoneus
259 462 440 504 videatur
464 462 638 516 gerulus.

74 578 261 608 consultius
279 587 335 614 pro
352 579 561 607 mansuetius
583 579 603 608 f.
631 583 711 609 teste
728 581 867 615 Roald03
897 579 976 608 oud.
996 579 1028 606 in
1050 577 1211 612 excerptis
1237 576 1361 605 invenit
1387 577 1590 604 consuetius.
1643 584 1708 612 per
1731 583 1805 613 spes
1829 580 1862 603 ee

70 631 255 661 prosperas
270 626 306 653 G.
323 626 351 654 1.
366 626 400 654 Ο.
431 632 496 661 per
510 624 773 661 spesproa·1'111us
788 625 827 660 ἱ..
853 626 934 658 quod
953 624 1068 652 Roam.
1083 623 1222 651 defendit
1243 622 1430 656 explicans:
1462 622 1623 656 significat
1643 620 1782 657 liberos,
1809 630 1864 656 pei·

74 677 207 704 quorum
221 669 330 703 capita
343 674 371 698 et
392 672 530 698 salutem
549 670 730 699 adiurabat.
755 671 815 698 Sed
830 669 927 698 nimis
941 672 1092 696 contorte.
1117 666 1315 704 prosperius
1329 675 1358 701 p.
1385 674 1553 704 prospera
1565 667 1694 695 Vieent.
1706 667 1820 695 venet.
1835 669 1864 694 2.).

76 717 157 743 lunt.
176 716 203 743 l.
250 712 336 742 haec
348 715 418 751 ipse
430 716 468 743 L.
484 718 512 743 91
527 716 597 743 edd.
610 720 685 744 ante
698 716 786 744 Colx:
811 712 874 741 lmc
887 712 915 742 δ’.

942 714 1031 741 Citra
1045 713 1271 741 necessilatem
1285 713 1442 740 Pricaeus
1457 713 1598 740 malebat
1611 712 1684 738 iste.
1730 708 1866 738 nichilo·

75 758 188 786 morbo
203 761 239 788 G.
252 761 281 788 2.
297 761 334 789 D.
383 759 560 796 morboque
573 769 603 795 p.
651 760 776 796 ’τιὴ-(μιν
792 768 846 794 pro
863 758 921 786 cia·
934 758 1035 785 eliam
1050 759 1085 786 P.
1132 755 1318 784 mausz-ulos
1332 758 1367 786 F.
1386 759 1412 784 1.
1426 757 1459 785 in
1473 759 1545 784 coll.
1558 757 1652 784 Lind.
1666 757 1700 783 F.
1710 756 1739 784 3.
1750 758 1786 783 G.
1800 757 1864 783 ¹32.

76 806 112 834 P.
125 805 164 833 D.
187 807 225 833 In
243 808 314 834 cett.
334 803 532 841 manipulos.
579 803 617 832 de
634 813 698 833 non
719 814 792 834 esse
810 805 842 832 in
863 806 897 832 B.
917 803 996 832 uicit
1013 805 1095 831 Elm.
1131 805 1172 831 At
1194 802 1224 830 in
1244 804 1317 830 coll.
1337 803 1422 830 Mod.
1442 801 1639 836 praepositio
1658 809 1722 829 non
1745 803 1866 829 exulat.

75 847 212 877 hortulo
227 851 262 878 Ρ.
274 858 340 878 nou
353 850 500 885 agnoscit
516 854 594 878 teste
606 852 690 879 Elm.
703 857 773 878 cun}
789 850 857 878 edd.
872 853 948 877 vell.
962 852 1037 876 ame
1051 848 1141 876 ('01v.
1157 851 1284 881 praeter
1294 849 1377 875 lunt.
1391 849 1435 882 2.,
1450 847 1547 875 etiam
1560 847 1640 874 Oud.
1659 846 1866 874 omissionem

76 895 247 929 praetulit,
270 896 328 923 sed
341 897 471 924 Ruhnk.
483 903 546 923 non
559 897 733 924 obsecutus
746 899 804 923 est.
852 893 1014 922 subruere
1027 895 1101 922 G.‘.².
1114 894 1150 921 P.
1164 894 1202 921 1).

77 942 113 967 ul
127 941 166 969 D.
213 942 252 968 ut
263 948 286 967 α
298 939 396 968 rebus
409 948 440 975 Ρ.
487 938 603 968 videat
621 941 658 969 P.

80 1026 176 1065 Met.
191 1027 239 1066 V.
264 1040 302 1078 p.
316 1031 411 1067 342.
434 1030 476 1065 ut
489 1026 585 1066 Hirt.
601 1026 649 1066 B.
663 1026 747 1066 Asr.
761 1026 812 1065 X.
826 1040 858 1065 c.
874 1029 940 1066 32.

78 1087 112 1133 ξ.
138 1087 174 1123 3.
214 1097 295 1135 qua
330 1083 542 1135 supplices
574 1083 845 1122 dominantem
869 1083 940 1120 de·

77 1140 273 1191 precati
296 1144 405 1184 sunt,
453 1139 537 1178 Afr.
563 1143 626 1179 85.
653 1138 682 1188 ξ.
710 1142 745 1179 9.
778 1139 942 1190 depre-

81 1200 237 1241 cante,
263 1196 318 1236 eis
332 1196 390 1235 uti
401 1200 611 1246 parceret:
631 1194 740 1233 Suet.
755 1193 867 1232 Caes.
879 1197 943 1233 29.

82 1253 274 1290 Senatum
309 1252 452 1290 litteris
488 1251 518 1289 cl
530 1265 550 1289 e
560 1265 591 1301 p
605 1265 626 1288 r
640 1264 660 1289 e
673 1265 694 1289 c
709 1265 732 1290 α
746 1256 800 1290 tu
812 1265 830 1289 s
871 1255 945 1294 σείς

82 1308 180 1346 niet.
190 1306 288 1345 Cret.
300 1307 344 1344 11.
361 1310 396 1346 6.
411 1311 455 1345 ut
468 1307 638 1345 eirilt'ler
650 1307 945 1345 incommodum

76 1367 224 1416 ferret,
257 1363 661 1414 deprecabantur
697 1362 747 1401 cs.
771 1362 870 1400 Dav.
896 1361 946 1400 ad

81 1418 195 1458 vaes.
220 1418 266 1457 B.
295 1419 340 1457 G.
355 1418 382 1456 l.
399 1421 435 1458 9.
462 1418 631 1457 Miscell.
646 1431 678 1456 a.
698 1423 815 1459 1741.
829 1432 866 1470 p.
882 1421 946 1458 63.

80 1475 161 1527 [Ac
183 1476 241 1514 sic
263 1488 357 1527 prae
382 1475 522 1512 ceteris
547 1474 739 1526 Apuleius
765 1474 948 1525 loquitur:

79 1531 178 1571 Met.
202 1530 247 1569 11.
271 1545 309 1582 Ρ.
333 1534 423 1571 161.
450 1532 554 1570 vitae
576 1533 751 1582 spatium
779 1532 948 1582 depre-

82 1601 258 1627 camur.
283 1601 318 1638 p.
337 1591 433 1634 1843
459 1586 521 1625 111.
547 1590 693 1638 Ρ.219.
719 1586 786 1625 lv,
801 1601 838 1639 p.
854 1590 948 1627 264.

82 1658 120 1695 Ρ.
147 1647 239 1684 305.
265 1643 332 1681 Vl.
356 1657 396 1695 p.
420 1646 513 1683 385.
544 1642 648 1682 Vm.
672 1657 709 1695 p.
736 1648 828 1684 534.
855 1646 950 1684 536.

83 1703 179 1741 562.
208 1698 276 1739 1Χ.
301 1713 338 1752 p.
354 1704 447 1740 627.
471 1698 522 1738 X.
547 1713 585 1750 p.
604 1703 699 1740 651.
723 1699 791 1738 ΧΙ.
804 1713 840 1751 p.
856 1703 949 1740 752.

84 1770 120 1808 p.
146 1760 239 1797 808.
269 1756 389 1807 Apol.
418 1769 458 1807 p.
483 1759 575 1796 528.
602 1756 949 1808 deprecatoribus,

82 1826 120 1864 Ρ.
146 1816 240 1854 549.
264 1827 304 1865 Ρ.
329 1816 421 1853 598.
446 1826 485 1863 Ρ.
511 1815 602 1852 602.
652 1811 798 1851 Florid.
822 1825 858 1863 p.
885 1815 949 1852 30.

84 1867 172 1908 Uno
187 1873 333 1908 tantum
354 1868 453 1907 Met.
467 1867 537 1908 IX.
557 1882 594 1919 p.
610 1872 704 1909 637
730 1867 817 1906 loco
835 1868 956 1906 habet

84 1925 401 1976 significationem
416 1925 490 1963 (lex
494 1938 540 1962 ox
545 1924 633 1963 endi
648 1928 687 1962 et
699 1923 954 1975 imprecandi:

86 1982 201 2020 «liras
224 1981 456 2020 devotiones
480 1981 763 2032 deprecata.
790 1980 837 2018 cf.
852 1979 952 2018 Ded.

88 2037 222 2076 Gloss.
241 2037 290 2075 ad
306 2037 406 2075 Diet.
423 2036 522 2075 Cret.
543 2036 590 2076 11.
610 2041 646 2078 6.
661 2050 697 2088 p.
712 2041 804 2076 274.
830 2035 952 2075 Bach.

87 2093 139 2131 ad
161 2093 276 2132 Ovid.
302 2093 398 2132 Met.
424 2092 470 2132 11.
498 2096 562 2134 98.
592 2092 749 2132 Ruhnk.
775 2093 878 2131 Dict.
904 2092 954 2130 ad

87 2150 204 2188 ovid.
235 2149 397 2188 Heroid.
426 2148 471 2188 11.
505 2153 568 2190 18.
599 2163 636 2201 p.
672 2154 734 2190 11.
765 2149 816 2188 ad
848 2149 955 2187 Suet.

88 2205 203 2244 Caes.
228 2206 294 2247 29.
319 2219 355 2258 p.
382 2205 472 2258 51.]

142 2264 305 2301 versari.
365 2262 380 2314 [
388 2261 477 2301 Hoc
502 2261 692 2300 vocabulo
717 2266 870 2300 utuntur
893 2274 956 2299 ve-

88 2323 193 2366 teres
218 2332 288 2370 pro
310 2332 436 2371 ayere
459 2332 512 2364 se,
536 2332 692 2370 ywere,
718 2319 957 2369 praeceteris

88 2375 246 2426 sequior
259 2374 428 2414 latinitas
443 2374 491 2413 cs.
505 2374 606 2413 Ded.
621 2373 670 2412 ad
684 2374 785 2413 Dict.
801 2373 900 2413 Cret.
910 2374 955 2412 11.

88 2436 127 2472 5.
153 2431 287 2470 Gloss.
312 2445 351 2483 p.
367 2435 461 2471 273.
484 2431 581 2469 Met.
596 2429 641 2468 11.
661 2445 700 2482 Ρ.
718 2434 809 2472 138.
837 2444 958 2483 quam

89 2488 298 2527 commode
322 2489 530 2526 versaris
553 2488 597 2525 in
621 2491 763 2526 nostra
783 2487 956 2539 patria]

145 2544 417 2583 nihilominus.
455 2543 584 2595 [Haec
595 2543 784 2595 particula
797 2544 957 2594 saepius

89 2604 153 2638 est
175 2599 401 2639 affirmantis
450 2599 499 2639 cf.
534 2599 672 2639 Munk.
701 2599 751 2638 ad
776 2598 955 2651 Fulgent.

90 2669 128 2708 p.
154 2659 247 2698 690.
277 2671 317 2709 Ρ.
342 2660 435 2697 675.
467 2661 507 2694 et
536 2660 630 2696 722.
660 2655 722 2694 ed.
747 2656 854 2694 Stav.
901 2655 959 2694 lta

91 2711 245 2764 explico
280 2712 377 2751 Met.
403 2711 488 2750 Vll.
527 2725 564 2763 p.
602 2715 701 2753 494:
742 2713 959 2752 moriturus

91 2769 277 2820 equidem
300 2769 628 2813 nihilominus,
653 2768 725 2807 secl
743 2769 960 2808 moriturus

91 2825 285 2878 imityen]

150 2880 342 2921 caducus.
392 2880 459 2934 [cf.
475 2880 606 2920 Barth.
620 2879 877 2919 Advers.VIl.
896 2883 958 2922 19.

95 2949 132 2985 Ρ.
158 2939 252 2977 350.
283 2937 347 2988 qui
377 2937 428 2976 de
457 2939 565 2976 vocis
594 2937 891 2987 significatione,
921 2941 961 2974 et

95 2991 146 3029 de
158 2992 276 3031 totius
298 2993 370 3032 loci
390 2996 547 3033 metrica
564 2995 711 3032 ratione
729 3006 784 3032 sc.
799 2993 963 3031 iambica

97 3047 221 3086 fusius
246 3049 411 3088 disserit.
461 3050 574 3089 Prius
595 3051 695 3088 enini
709 3050 962 3088 enuntiatum:

96 3105 204 3143 iners
217 3106 364 3145 asellus
376 3112 415 3145 et
429 3107 693 3146 nihilominus
705 3106 847 3144 morbo
867 3118 963 3143 esse

1239 895 1275 919 ul
1289 893 1322 920 in
1336 893 1373 921 B.
1386 900 1451 920 non
1464 896 1523 920 est.
1559 889 1666 928 nedya‘c
1681 898 1736 925 pro
1749 888 1865 918 nedum

1000 1024 1289 1071 Choriambunn
1304 1024 1487 1063 alterum:
1502 1025 1554 1062 de
1564 1024 1761 1075 proximo
1777 1022 1866 1061 llor-

1001 1081 1087 1120 talo
1111 1081 1216 1120 solet
1238 1081 1421 1119 anhelitu
1446 1093 1539 1118 esse
1565 1080 1785 1126 Senariunr:
1810 1092 1869 1116 ce-

1000 1141 1083 1175 tera
1105 1137 1314 1175 trochaeos
1339 1135 1542 1189 alludere]

1058 1194 1328 1244 deprooeumo
1342 1193 1518 1232 hortulo.
1548 1192 1725 1231 Hortalo
1740 1196 1870 1230 carent

1004 1250 1091 1287 edd.
1108 1248 1215 1286 (Jolv.
1241 1249 1390 1300 priores
1415 1253 1570 1300 praeter
1588 1248 1684 1287 lunt.
1700 1252 1755 1294 2.,
1781 1261 1871 1298 qua-

1004 1319 1089 1343 cum
1126 1304 1229 1342 Mss.
1266 1305 1428 1343 (lucibus
1465 1304 1531 1343 ille
1566 1309 1605 1342 et
1640 1317 1754 1354 seqq.
1787 1317 1873 1342 eam

1006 1374 1140 1399 vocem
1165 1360 1406 1399 addiderunt.
1457 1360 1540 1398 Sed
1571 1360 1690 1398 multo
1715 1361 1872 1398 rectius.

1005 1417 1126 1468 inquit
1160 1416 1281 1463 oud„
1318 1417 1465 1454 abesse
1501 1416 1591 1454 mihi
1624 1416 1789 1461 videtur,
1826 1429 1874 1454 ne

1007 1474 1079 1511 sibi
1105 1473 1192 1524 ipse
1217 1473 1447 1523 obloquatur
1471 1472 1713 1517 hortulanus,
1738 1472 1802 1522 qui
1827 1486 1875 1509 ne

1008 1530 1127 1568 sciret
1152 1530 1265 1567 miles
1291 1530 1418 1580 ipsum
1444 1529 1493 1568 ad
1524 1542 1622 1566 5005
1654 1530 1708 1566 ire
1737 1528 1875 1566 hortos

1007 1586 1182 1631 finxerat,
1207 1599 1255 1624 59
1279 1585 1495 1638 proximam
1516 1586 1708 1624 civitatem
1725 1589 1875 1637 petere.

1008 1642 1142 1694 Inepte
1156 1656 1256 1680 nunc
1269 1643 1381 1693 igitur
1392 1642 1637 1680 meminisset
1650 1640 1789 1680 hortuli
1804 1642 1876 1686 sui,

1008 1712 1124 1750 quem
1149 1698 1262 1736 miles
1287 1700 1362 1736 iste
1386 1712 1460 1736 non
1483 1698 1654 1736 debebat
1670 1699 1771 1736 scire
1791 1711 1814 1735 a
1832 1711 1878 1735 se

1007 1755 1214 1806 possideri.
1249 1754 1360 1793 Bene
1384 1755 1515 1805 itaque
1529 1752 1629 1792 Elm.
1655 1758 1694 1792 et
1713 1753 1878 1792 Scriver.

1008 1811 1199 1850 uncinulis
1220 1811 1456 1850 incluserunt
1480 1824 1504 1849 a
1521 1811 1714 1848 nasutulis
1729 1823 1751 1848 e
1769 1823 1879 1861 prae-

1013 1868 1167 1907 cedenti
1196 1867 1363 1906 insutam
1393 1879 1541 1905 vocem.
1589 1866 1804 1911 Absolute,
1839 1870 1879 1904 ut

1013 1924 1108 1969 alia,
1137 1936 1261 1975 saepe
1288 1923 1340 1962 cle
1362 1924 1560 1975 proximo
1586 1923 1717 1961 solent
1743 1921 1881 1960 efferre

1012 1985 1166 2019 veteres
1191 1980 1240 2019 ef.
1264 1979 1396 2017 Burin.
1421 1979 1471 2017 ad
1497 1978 1604 2017 Suet.
1618 1978 1688 2018 lul.
1703 1993 1734 2018 e.
1750 1983 1787 2019 8.
1811 1978 1879 2017 Dr.

1012 2036 1062 2076 ad
1086 2037 1171 2075 Liv.
1197 2035 1260 2075 Ill.
1287 2039 1322 2077 9.
1349 2034 1449 2074 Cort.
1476 2035 1526 2074 ad
1544 2033 1645 2075 Plin.
1664 2034 1791 2087 Epist.
1809 2033 1880 2072 IX.

1013 2097 1077 2134 39.
1105 2092 1225 2144 ΑΡο1.
1250 2092 1348 2131 Met.
1362 2090 1407 2130 11.
1432 2104 1469 2142 Ρ.
1486 2094 1550 2132 92.
1576 2092 1633 2130 de
1652 2092 1882 2144 proximo

1016 2149 1188 2189 latratus
1212 2149 1434 2202 inyrueri&
1459 2147 1528 2187 lV.
1552 2161 1590 2200 p.
1606 2152 1669 2188 78.
1695 2148 1752 2187 de
1770 2161 1882 2200 pro-

1015 2207 1068 2246 .τί
1077 2219 1145 2244 mo
1171 2209 1412 2257 congerunt.
1439 2203 1540 2256 [Sed
1552 2208 1674 2243 totum
1688 2202 1880 2242 10001010-

1015 2266 1209 2314 terpretes
1223 2275 1297 2299 non
1311 2260 1527 2312 capiebant.
1549 2261 1774 2300 Proximus
1782 2260 1882 2298 enim

1017 2318 1202 2358 hortulus
1215 2321 1288 2364 est,
1304 2319 1394 2368 quia
1402 2317 1601 2368 via‚quam
1617 2317 1804 2356 conficere
1817 2315 1881 2354 de-

1015 2375 1080 2413 bet
1098 2375 1233 2413 asinus
1259 2373 1367 2412 olera
1389 2373 1441 2412 ad
1459 2374 1592 2412 urbem
1613 2377 1791 2425 portans,
1816 2373 1881 2410 mi-

1015 2432 1158 2469 nimum
1171 2431 1287 2482 spatii
1299 2430 1429 2469 habet.
1462 2430 1686 2469 Prooet'nms
1698 2430 1809 2480 igitur
1823 2433 1884 2466 est

1014 2487 1132 2526 valde
1150 2487 1406 2538 propinquus,
1434 2500 1506 2524 non
1528 2487 1592 2538 qui
1613 2487 1779 2524 omnium
1798 2485 1882 2523 hor-

1014 2543 1181 2582 tulorum
1206 2544 1271 2595 qui
1290 2543 1558 2581 circumiacent
1576 2542 1626 2581 ad
1644 2542 1803 2581 militem
1821 2545 1883 2579 est

1013 2600 1223 2651 proximus.
1271 2598 1550 2639 Hortulanum
1563 2612 1655 2637 vero
1669 2611 1763 2636 esse
1781 2597 1883 2635 hune

1014 2657 1249 2695 rusticanum
1279 2668 1330 2692 ex
1360 2667 1408 2692 eo
1437 2655 1571 2701 miles,
1602 2654 1708 2706 quod
1737 2652 1882 2692 olerum

1015 2709 1237 2764 manipulos
1256 2712 1582 2756 commemoravit,
1607 2714 1758 2762 poterat
1776 2708 1883 2748 intel-

1019 2768 1151 2820 ligere.
1199 2768 1406 2807 Proxima
1429 2780 1521 2805 vero
1549 2769 1692 2806 cit-[tas
1716 2770 1796 2811 est,
1820 2766 1885 2803 ubi

1020 2824 1248 2863 hortulanus
1272 2824 1387 2874 degit.
1414 2822 1460 2861 ef.
1487 2837 1523 2875 p.
1552 2823 1661 2875 671.]

1073 2881 1225 2920 nedum
1249 2885 1304 2920 ut.
1363 2878 1507 2917 Bertin.
1539 2879 1678 2917 omittit
1706 2883 1752 2918 ut
1775 2879 1888 2930 parti-

1019 2936 1163 2984 culam3
1210 2940 1379 2974 attamen
1421 2934 1615 2986 Apuleius
1656 2939 1703 2975 ut
1740 2934 1887 2973 addidit

1020 2994 1134 3031 etiam
1159 2991 1254 3031 Met.
1270 2991 1320 3031 V.
1344 3006 1384 3043 p.
1409 2995 1503 3037 341,
1539 2992 1710 3031 nedum
1747 2996 1792 3030 ut
1818 3005 1886 3044 ye-

1019 3048 1220 3088 nitoribus
1244 3078 1252 3086 .
1270 3077 1280 3087 .
1295 3077 1304 3086 .
1341 3047 1575 3100 differamus
1605 3048 1884 3098 praeconium.

1022 3104 1069 3143 cf.
1096 3104 1146 3142 ad
1169 3103 1315 3142 Florid.
1339 3117 1377 3155 p.
1405 3106 1470 3143 76.
