2155 3590
658 186 846 226 LIBER
875 185 994 225 vul.
1048 184 1173 225 CAP.
1205 183 1276 223 IV.

1793 180 1876 223 649

82 308 185 341 totos
215 299 476 354 praecingunt
505 299 653 345 aditus,
685 299 882 352 tacitaque
912 298 1020 353 prius
1052 303 1213 338 servata
1242 295 1538 344 mussitatione,
1572 295 1689 348 signo
1714 292 1789 333 sibi
1812 307 1875 333 re-

79 356 237 412 pentino
263 356 413 407 dedito,
447 355 655 395 latratibus
683 355 845 395 fervidis
869 354 1117 408 dissonisque
1142 353 1309 393 miscent
1333 350 1479 391 omnia.
1518 349 1605 391 Nec
1630 350 1710 390 ulla
1734 362 1877 404 caprea

74 475 296 510 prereangunt
311 474 350 501 D.
401 474 493 500 totas
513 473 549 501 G.
572 473 601 500 1.
650 471 870 499 musitatione
891 473 926 500 G.
947 473 979 499 2.
998 473 1037 500 D.
1056 471 1092 499 P.
1112 470 1134 499 f.
1155 466 1186 499 ὃ.
1216 466 1440 497 inusitatione
1460 468 1496 495 G.
1517 468 1547 495 1.

1606 469 1687 495 sunt
1699 473 1755 500 pro
1771 465 1838 493 sibi
1848 473 1878 500 p.

79 516 190 545 reditu
209 519 245 546 O.
292 515 503 545 latrant-'bus
520 514 550 546 ὃ.
569 518 619 546 ed.
638 525 686 552 pr.
699 518 827 546 Vicent.
840 518 955 546 Venet.
971 518 1001 546 2.
1048 513 1202 543 secundis
1219 515 1256 543 B.
1285 510 1472 553 fuet-undis
1493 519 1529 541 π.
1549 513 1584 541 0.
1613 509 1778 551 ferundis
1795 511 1833 540 F.
1849 512 1878 539 1.

79 565 116 591 G.
138 565 167 591 1.
185 565 216 591 2.
235 560 265 591 δ.
285 564 322 591 D.
343 562 364 590 f.
385 570 414 596 p.
438 564 475 591 111
492 561 740 601 0011.Ῑ“ενυίἀ1“ε.
789 570 852 599 que
865 566 936 597 post
951 560 1096 589 dissonis
1114 568 1178 589 non
1191 563 1281 588 extat
1292 559 1328 587 in
1339 558 1468 588 Vicent.
1516 556 1608 592 olipa
1621 559 1657 586 L.
1672 564 1702 590 p.
1739 563 1878 592 capera,

78 609 160 642 quod
174 616 216 636 ex
227 609 264 637 B.
277 609 360 636 Elm.
374 607 469 644 citat,
494 607 541 636 ibi
554 615 618 636 non
631 611 690 645 est,
703 609 760 636 sed
774 615 911 644 caprea.
935 614 1062 644 caprea
1071 607 1108 635 G.
1118 607 1145 634 1.
1155 601 1270 634 2.‹5.R.
1282 604 1346 633 fio.
1361 603 1658 633 1ncert.1unt.2.1n
1670 604 1744 629 cett.
1760 608 1879 638 cupra.

79 706 131 743 sit
160 706 224 743 vix
253 708 387 756 potest
412 705 517 756 capi,
549 705 623 746 nisi
658 705 708 744 ad
732 706 949 743 venationis

79 762 317 812 pobilitatem
337 761 481 800 referre
500 762 618 809 velis,
636 767 679 800 ut
700 776 771 800 nos
786 762 949 800 dicimus

61 813 157 857 ”das
182 818 272 857 edle
305 818 551 858 Waidwerk.
605 817 818 856 Praeterea
842 819 949 869 geni-

77 874 180 912 tivus
204 875 429 914 venationis
449 875 602 912 omnino
623 889 697 913 non
717 876 814 913 satis
833 879 948 925 aptus

79 935 196 981 atque
244 931 313 968 toti
361 933 579 969 sententiae
628 932 838 969 concinnus
875 935 949 970 est.

77 986 204 1025 Recte
224 987 337 1037 igitur
350 986 451 1025 Oud.
472 987 669 1026 mandato
689 987 870 1025 absolute
883 1000 945 1025 su-

78 1056 190 1081 mens
210 1042 380 1093 explicat
398 1048 607 1095 postquam
631 1044 854 1082 mandatum
874 1043 949 1081 boc

81 1103 174 1138 erat.
202 1098 276 1137 Cur
302 1112 392 1137 vero
413 1099 620 1138 lectionem
645 1100 820 1138 codicum
840 1101 948 1138 inca-

77 1156 175 1194 dere
189 1155 420 1194 audiendam
436 1170 508 1194 non
523 1169 616 1194 esse
635 1159 817 1201 autumet,
833 1168 950 1206 quum

77 1212 131 1250 ita
158 1212 354 1250 mandato
385 1211 500 1262 plane
531 1212 763 1257 abundaret,
800 1213 948 1262 ignom.

77 1266 208 1306 Proba
233 1269 352 1314 enim,
376 1268 414 1306 id
432 1268 536 1318 quod
551 1268 637 1318 ipse
656 1267 864 1318 profitetur,
889 1271 953 1305 est

77 1324 313 1362 constructio
361 1325 626 1364 immittuntur
673 1324 868 1363 invadere
914 1327 953 1361 et

77 1380 179 1417 bene
212 1380 321 1418 locus
353 1379 447 1419 verti
479 1384 628 1430 potest:
666 1379 747 1419 Die
782 1379 951 1424 Hunde,

77 1450 154 1474 von
175 1436 288 1475 edler
302 1436 419 1475 Race
438 1436 492 1474 im
506 1435 747 1488 Aufspz'iren
762 1436 833 1474 des
855 1436 950 1475 Wil-

75 1492 164 1537 des,
190 1492 351 1531 werden
375 1495 459 1544 auf
477 1492 638 1544 Befelzl
660 1495 734 1538 (sc.
750 1490 950 1543 Thrasylli

78 1551 118 1586 et
131 1547 370 1598 Tlepolemi)
398 1549 438 1586 in
463 1549 540 1587 das
556 1548 744 1588 Gebiiscli
762 1548 951 1600 qimanda

78 1618 143 1643 um
158 1605 226 1643 die
239 1605 281 1642 in
295 1605 420 1643 ilirem
431 1605 572 1655 Lasser
584 1605 794 1644 rulzendeu
806 1604 952 1645 Tliiere

75 1660 437 1712 aufzusclieucleen.
476 1659 722 1712 Quamquam
749 1674 822 1699 non
849 1673 950 1711 nego

76 1717 358 1755 coniunctivum
395 1717 543 1755 omissa
580 1717 768 1769 particula
798 1722 843 1757 ut
873 1731 949 1755 non

74 1773 202 1811 solum
243 1773 348 1826 apud
379 1773 480 1811 alios
511 1775 724 1825 scriptores
750 1774 824 1811 sed
844 1773 949 1824 apud

75 1829 288 1880 Apuleium
308 1842 464 1881 quoque
477 1830 639 1881 saepias
660 1829 830 1881 reperiri,
845 1829 951 1880 quod

77 1885 180 1924 Oud.
230 1885 472 1924 demonstrat
520 1900 569 1924 ex
612 1886 709 1924 locis
745 1886 844 1925 Met.
882 1884 949 1924 IV.

77 1956 115 1994 p.
143 1945 235 1982 290.
257 1944 548 1994 praecipiunt,
573 1943 824 1982 solaretur
849 1942 951 1981 allo-

78 1999 190 2050 quio.
213 1998 262 2036 V.
283 2011 319 2048 p.
334 2002 428 2039 330.
449 2001 653 2051 praecipe
677 1999 775 2037 milii
797 1999 950 2037 sistat.

75 2068 112 2104 p.
127 2056 449 2106 345.praecipe,
471 2057 722 2107 fuuyatur
748 2055 952 2106 obsequio.

76 2108 147 2148 XI.
178 2124 215 2162 p.
243 2114 338 2150 803.
369 2111 601 2162 praecipit,
712 2124 950 2150 coercerem.

77 2165 125 2204 cf.
140 2165 240 2204 Prie.
263 2166 314 2205 ad
326 2165 421 2204 Met.
436 2166 522 2205 Vll.
542 2180 581 2218 p.
601 2171 694 2208 461.
710 2168 952 2218 proferunt,

77 2227 288 2261 sumeret
311 2226 351 2260 et
375 2222 472 2261 infra
497 2223 548 2260 ad
571 2223 668 2262 Met.
695 2222 764 2262 lX.
794 2237 832 2274 p.
859 2226 952 2263 595.

71 2292 136 2330 pr
146 2284 225 2317 ote
236 2279 401 2318 Carent
414 2279 629 2319 coliastati.
644 2279 744 2318 Met.
754 2279 803 2317 X.
813 2293 851 2331 p.
861 2282 953 2319 729.

77 2335 136 2373 ad
151 2348 324 2375 uxorem
343 2349 409 2374 mu
419 2349 444 2373 η
454 2335 515 2374 da
525 2341 551 2380 t,
565 2336 702 2375 saltem
712 2336 955 2387 promissam

77 2392 299 2430 mercedem
311 2392 453 2430 riiortis
463 2393 695 2443 yeminatae
720 2392 750 2430 d
758 2406 814 2443 ep
826 2405 907 2431 osc
916 2405 950 2431 e-

75 2452 160 2486 ret.
186 2447 250 2485 De
274 2449 486 2486 venatione
511 2462 580 2499 pro
600 2449 700 2499 ipsis
719 2448 825 2493 seris,
852 2461 951 2499 quas

74 2508 263 2542 venantur
287 2502 391 2542 Oud.
417 2503 566 2542 confert
598 2504 666 2543 Dr.
698 2504 748 2542 ad
773 2503 948 2542 SilXIll.

75 2564 169 2600 517.
196 2560 286 2599 dict.
311 2559 362 2598 ad
387 2559 558 2599 Frontin.
585 2559 647 2599 III.
679 2565 740 2601 13.
767 2561 797 2612 ξ.
823 2564 862 2600 3.
886 2560 950 2598 De

74 2616 272 2669 indagini
296 2630 480 2667 compara
503 2618 636 2656 Arntz.
669 2617 720 2656 ad
743 2616 844 2656 Plin.
875 2615 950 2655 Pa-

75 2685 208 2724 negyr.
236 2686 270 2713 c.
284 2677 348 2714 35.
375 2672 405 2722 ᾧ.
427 2677 464 2714 2.
491 2686 528 2724 p.
549 2677 627 2714 164
646 2686 707 2723 sq.
734 2672 844 2712 Male
857 2686 950 2711 vero

75 2728 248 2768 nonnulli
282 2730 482 2769 nzandato
518 2730 569 2768 ad
605 2730 733 2770 cubili
769 2729 952 2775 referunt,

74 2789 117 2823 ut
139 2786 359 2826 residentes
383 2785 432 2824 ad
458 2799 579 2825 canes
605 2786 806 2837 pertineat.
834 2799 952 2836 quum

76 2855 196 2880 canes
222 2855 295 2880 non
321 2842 358 2881 in
380 2842 495 2880 cubili
514 2843 730 2887 resideant,
755 2843 827 2880 sed
843 2842 951 2881 serae

76 2897 176 2936 istae
207 2898 244 2936 in
275 2898 409 2937 lustris
439 2899 541 2945 suls,
573 2912 674 2949 quae
707 2899 861 2939 cubilia
885 2912 950 2936 no-

76 2954 266 2992 minantur
291 2954 339 2994 cs.
354 2954 462 2993 Fest.
478 2969 555 2994 s.v.
573 2955 700 2995 lustra
714 2956 955 3007 siynificant

77 3009 247 3049 lacunas
260 3011 423 3058 lutosas,
435 3025 540 3064 quae
552 3013 700 3052 suntin
714 3011 823 3050 sili-is
830 3024 953 3062 apro-

75 3079 164 3105 rum
190 3067 391 3107 cubilia.
416 3067 521 3120 Opp.
548 3068 599 3106 de
624 3067 766 3106 Venet.
785 3066 849 3105 Ill.
871 3071 953 3109 364

76 3134 164 3172 sqq.
191 3122 306 3174 Aper
319 3129 450 3163 autem
463 3125 643 3164 Martius
655 3124 821 3164 multum
830 3137 952 3175 prae·

75 3182 158 3218 stat
178 3179 284 3218 iuter
308 3185 466 3220 ceteras
486 3182 612 3230 feras.
643 3180 761 3221 Cubi
770 3180 839 3220 lia
865 3181 950 3233 qui-

1008 705 1098 744 dem
1128 708 1249 743 amat.
1298 702 1347 741 cf.
1371 700 1457 739 Fea
1478 700 1530 739 ad
1554 699 1689 738 Horat.
1714 697 1790 737 od.
1818 697 1880 737 [ΙΙ.

1013 764 1075 801 12.
1107 764 1169 800 10.
1201 759 1410 798 ῙΙῙαηᾱαΐο
1440 771 1509 809 pro
1542 760 1753 809 postquam
1776 768 1879 793 man·

1007 817 1140 855 datum
1176 820 1259 854 erat
1288 813 1522 853 constructio
1555 816 1618 851 est
1646 811 1761 850 huius
1786 815 1881 849 tem-

1006 874 1114 924 poris
1149 871 1266 910 valde
1301 871 1406 917 trita,
1444 870 1495 908 de
1520 882 1596 920 qua
1618 869 1732 921 plura
1756 868 1881 906 dicam

1008 929 1058 968 ad
1070 927 1189 980 Apol.
1204 941 1240 979 p.
1257 932 1349 968 472.
1365 926 1404 965 in
1426 925 1592 965 eandem
1613 938 1729 976 quam
1743 924 1798 962 vir
1811 924 1882 962 do-

1007 989 1091 1023 ctus
1118 989 1207 1023 ante
1226 998 1289 1022 me
1309 984 1598 1035 excogItaverat
1624 982 1883 1020 coniecturam

1007 1055 1081 1092 ego
1107 1054 1263 1092 quoque
1288 1041 1509 1084 incideram,
1534 1042 1576 1077 ut
1598 1052 1666 1090 pro
1685 1037 1884 1076 mandato

1007 1097 1160 1147 legatur
1174 1097 1442 1142 circumdato,
1456 1108 1557 1147 quae
1570 1093 1794 1133 emendatio
1808 1105 1883 1131 non

1007 1153 1136 1192 solum
1162 1152 1348 1191 facillima
1379 1157 1457 1198 est,
1495 1151 1569 1190 sed
1600 1154 1760 1202 propter
1790 1162 1883 1188 sen-

1008 1209 1168 1248 tentiam
1183 1220 1298 1259 quam
1312 1210 1480 1247 maxime
1495 1208 1780 1259 comprobatur.
1830 1205 1884 1243 At

1011 1270 1143 1304 contra
1167 1264 1271 1303 Mss.
1298 1264 1391 1302 nihil
1415 1264 1642 1303 mutandum
1666 1262 1758 1314 est.]

1068 1321 1285 1360 latratibus
1305 1322 1493 1371 fervidis.
1544 1318 1752 1366 Quomodo
1779 1317 1883 1356 Oud.

1009 1381 1222 1416 monstrum
1249 1376 1428 1415 lectionis
1456 1376 1652 1426 fecundis
1671 1374 1886 1413 defendere

1008 1434 1177 1484 potuerit
1212 1433 1316 1471 tales
1355 1432 1516 1471 latratus
1555 1444 1778 1483 exponens,
1821 1430 1886 1481 qui

1008 1490 1127 1529 auditi
1152 1488 1253 1529 alios
1278 1492 1493 1540 provocent
1508 1492 1547 1526 et
1567 1489 1748 1533 excitent,
1770 1490 1810 1525 et
1827 1486 1887 1524 sic

1010 1545 1146 1597 plures
1172 1544 1335 1584 latratus
1361 1546 1436 1584 sibi
1455 1543 1606 1584 similes
1624 1545 1791 1595 pariant,
1817 1556 1886 1593 pro

1008 1603 1164 1653 ingenio
1183 1602 1297 1640 huius
1311 1602 1380 1639 viri
1402 1602 1466 1640 vix
1485 1600 1671 1639 credibile
1690 1604 1763 1639 est.
1800 1599 1889 1637 Nec

1009 1660 1136 1698 minus
1162 1662 1264 1697 errat
1289 1658 1427 1697 Heins.
1454 1657 1504 1697 ad
1529 1657 1625 1696 Met.
1658 1657 1694 1695 d.
1721 1656 1744 1695 l.
1772 1655 1887 1694 conii-

1010 1716 1117 1754 ciens
1128 1716 1382 1766 furibundis,
1399 1714 1461 1754 vel
1474 1714 1772 1766 fremubumlis,
1788 1725 1888 1763 quas

1008 1772 1303 1810 emendationes
1341 1771 1403 1809 vel
1429 1770 1561 1823 potius
1603 1769 1888 1820 explicationes

1009 1828 1111 1867 Oud.
1144 1829 1246 1866 bene
1278 1842 1327 1866 eo
1352 1827 1513 1872 refutat,
1546 1826 1651 1876 quod
1676 1826 1780 1877 prior
1811 1837 1889 1863 vox

1010 1886 1123 1923 nimis
1159 1885 1277 1924 abeat
1310 1897 1333 1921 a
1369 1882 1472 1924 Mss.
1504 1882 1672 1920 lectione
1704 1886 1744 1920 et
1767 1881 1891 1919 altera

1011 1956 1086 1979 non
1113 1941 1243 1979 valide
1275 1940 1374 1978 satis
1400 1939 1591 1991 exprimat
1616 1938 1890 1977 vehementem

1013 2011 1151 2036 canum
1175 1997 1335 2037 boatum
1361 1997 1427 2036 tali
1453 1997 1488 2035 in
1509 1996 1730 2034 occasione.
1767 1993 1891 2034 Aliud

1014 2054 1107 2105 quid
1142 2055 1244 2092 enim
1280 2066 1392 2099 esse,
1431 2067 1517 2092 cum
1550 2055 1727 2104 fremere
1763 2051 1889 2096 canis,

1010 2124 1125 2162 aper,
1151 2124 1267 2150 ursus
1291 2109 1455 2156 dicatur,
1494 2113 1536 2147 ut
1566 2107 1683 2146 modo
1710 2108 1747 2145 in
1773 2120 1890 2158 seqq.

1008 2168 1220 2218 frementis
1235 2168 1330 2205 oris.
1363 2165 1423 2218 [F
1420 2179 1556 2205 eruere
1571 2178 1661 2202 vero
1679 2166 1891 2216 neyotium

1011 2222 1075 2260 vel
1102 2235 1165 2261 res
1190 2222 1385 2269 dieuntur,
1420 2235 1522 2274 quae
1548 2221 1755 2271 diligenter
1779 2232 1890 2270 urge-

1012 2293 1112 2323 mus,
1138 2278 1361 2330 quibusque
1386 2279 1502 2317 nimio
1527 2277 1658 2316 studio
1685 2277 1889 2315 instamus.

1013 2335 1064 2375 cf.
1089 2334 1215 2373 Plum.
1242 2335 1292 2374 ad
1317 2334 1429 2373 Pers.
1457 2335 1540 2374 Sat.
1566 2333 1594 2372 I.
1624 2337 1715 2374 126.
1742 2347 1780 2384 p.
1798 2336 1889 2374 166.

1009 2392 1118 2443 Virg.
1146 2391 1243 2429 Aen.
1262 2391 1330 2430 IV.
1357 2395 1452 2432 407.
1481 2392 1650 2442 Saepius
1676 2389 1752 2428 1100
1777 2401 1890 2427 voca-

1008 2448 1143 2487 bulum
1168 2447 1309 2485 librarii
1335 2462 1409 2486 non
1430 2447 1702 2498 intelligebant
1723 2446 1760 2483 in
1784 2444 1890 2484 aliud

1009 2504 1100 2556 quid
1114 2508 1372 2551 mutantes,ut
1385 2504 1490 2556 apud
1502 2502 1692 2542 Iul.Firm.
1703 2502 1752 2540 de
1765 2501 1889 2539 Error.

1007 2559 1115 2599 Prof.
1141 2559 1229 2599 Rel.
1256 2575 1293 2612 p.
1313 2565 1374 2602 16.
1400 2560 1530 2611 Lugd.
1555 2559 1643 2598 Bat.
1675 2561 1795 2599 1652.
1821 2557 1888 2596 Ιη-

1004 2619 1187 2668 feriores
1200 2617 1353 2670 aliquis
1366 2617 1527 2657 aemulo
1553 2615 1774 2655 stridore
1795 2627 1889 2665 per-

1010 2674 1205 2726 sequitur,
1243 2673 1350 2724 quod
1386 2674 1420 2711 in
1455 2675 1622 2723 fervore
1652 2670 1716 2708 vel
1746 2671 1890 2722 riyore

1008 2729 1236 2769 mutandum
1262 2729 1352 2782 est.]

1067 2787 1240 2838 capreis.
1289 2784 1419 2832 Quum
1438 2785 1538 2824 haec
1558 2784 1683 2822 forma
1702 2781 1793 2821 sola
1812 2782 1889 2819 usi-

1009 2846 1091 2881 tata
1114 2843 1166 2880 sit
1188 2842 1239 2880 de
1265 2842 1394 2893 capris
1421 2841 1532 2887 seris,
1569 2855 1655 2879 cum
1684 2838 1789 2878 Oud.
1816 2837 1890 2876 hac

1009 2899 1059 2937 de
1083 2911 1228 2937 caussa
1251 2899 1300 2936 ab
1327 2898 1459 2948 optimi
1486 2897 1631 2935 codicis
1658 2894 1829 2933 Florent.
1850 2898 1888 2934 3.

1010 2953 1179 2993 lectione
1203 2955 1370 2999 recessi,
1397 2966 1634 3004 quamquam
1653 2965 1727 2990 non
1742 2951 1776 2989 is
1788 2963 1889 2996 sum,

1012 3011 1075 3062 qui
1113 3011 1323 3049 observato
1360 3010 1505 3060 ubique
1540 3009 1616 3047 hoc
1651 3007 1888 3052 discrimine,

1012 3080 1186 3119 capreas
1210 3064 1358 3117 ζόρκας,
1383 3064 1536 3119 δόρκας,
1563 3063 1756 3117 δόρκαδας
1780 3063 1887 3102 teras

1011 3127 1051 3162 et
1087 3122 1294 3161 silvestres
1319 3135 1426 3169 esse,
1470 3135 1624 3174 capras
1656 3134 1748 3159 vero
1778 3118 1887 3171 αἶγας

1010 3180 1126 3219 mites
1140 3183 1179 3219 et
1193 3192 1452 3230 compascuus
1465 3177 1662 3230 pecudes,
1695 3175 1809 3216 locos
1821 3189 1884 3214 ve-
