2155 3590
689 168 875 208 LIBER
899 169 972 208 XI.
1021 168 1147 207 CAP.
1185 168 1233 207 X.
1744 167 1850 209 1021

75 278 272 318 lucernam
297 278 403 319 claro
428 279 728 332 praemicantem
755 280 977 335 porrigebat.
1007 280 1172 330 lumine,
1208 293 1284 318 non
1318 279 1414 319 adeo
1446 277 1590 318 uostris
1622 277 1697 317 illis
1724 277 1850 318 consi-

75 334 202 374 milem
228 347 326 387 quae
349 336 594 389 vespertinas
620 337 840 377 illuminant
864 337 1018 391 epulas,
1047 337 1112 376 sed
1140 350 1298 376 aureum
1333 334 1524 389 cymbium
1550 334 1675 374 medio
1700 334 1759 374 sui
1786 348 1851 388 pa-

76 397 158 430 tore
195 390 427 431 flammulam
464 392 658 433 suscitans
694 393 920 447 largiorem.

70 528 334 565 praemicantem
347 529 440 558 claro
451 531 646 570 porrigebat
661 531 781 560 luun'ne
795 533 830 561 B.
844 537 872 560 et
888 534 923 560 I’.
940 535 1018 560 teste
1031 532 1175 559 Wower.
1190 531 1334 563 idemque.
1349 533 1482 558 testatur
1496 532 1568 558 coll.
1581 530 1680 558 modii
1693 531 1805 559 Venet.
1820 532 1850 558 4.

72 574 173 602 Basil.
187 576 268 603 Elm.
282 575 402 604 Floria.
438 576 533 604 claro
549 577 813 613 praemicantem
829 576 1027 613 porrigebat
1040 575 1160 603 latm'ne
1181 578 1214 603 B.
1236 575 1370 603 testibus
1390 575 1540 609 Scioppio
1560 579 1589 603 et
1603 576 1683 603 Elm.
1699 579 1725 603 et
1742 583 1852 603 omnes

73 621 162 647 codd.
177 623 205 648 et
219 620 288 648 edd.
303 628 352 654 pp.
367 622 451 650 Iunt.
468 624 496 651 1.
508 624 539 649 2.
551 623 626 651 Am.
642 623 743 650 Colin.
763 623 908 650 XVower.
930 629 1017 655 seqq.
1055 620 1126 647 lace
1139 619 1405 656 praemicantem
1420 619 1617 656 porrigebat
1636 618 1742 646 lumen
1763 620 1851 648 Colv.

71 665 164 692 Vulc.
185 666 215 693 2.
256 669 480 700 praecantem
504 675 560 701 pro
580 667 846 704 praemicantem
873 668 921 695 ed.
948 674 992 700 pr.
1014 666 1140 695 Vicent.
1160 666 1271 694 Venct.
1292 666 1322 693 2.
1360 663 1608 700 prlwm‘tentem
1634 666 1669 693 G.
1696 666 1730 693 Ο.
1758 666 1796 692 D.
1817 666 1851 692 P.

72 704 224 746 (testibus
237 711 348 738 W'ow.
364 714 393 739 et
407 711 509 747 Εἰιῐι.)
529 713 567 740 R.
584 712 604 740 f.
619 714 654 740 L.
670 718 704 740 π.
746 710 944 748 porrigebat
958 713 1046 739 abest
1062 717 1081 738 a
1095 711 1128 739 F.
1147 711 1173 739 1.
1220 708 1287 737 illis
1307 716 1369 737 non
1388 712 1548 743 comparet
1568 709 1600 737 in
1620 709 1654 736 Ο.
1679 711 1761 737 lunt.
1779 710 1805 738 1.
1822 711 1851 738 2.

71 754 148 782 ΑΜ.
195 753 382 782 consimiles
395 764 425 790 p.
474 755 562 793 quod
580 757 600 785 f.
626 765 693 793 qua
712 759 794 785 lunt.
812 759 839 785 1.
854 759 883 783 2.
897 756 971 784 Ald.
1019 755 1209 790 vespertina
1228 755 1263 784 F.
1281 756 1326 790 1.‚
1352 754 1436 782 unde
1455 753 1642 788 vespertino
1661 754 1853 782 emendabat

70 799 149 826 Oud.
196 806 337 826 auream
351 801 386 828 F.
401 802 430 829 3.
454 803 492 830 In
504 805 576 829 cett.
589 810 738 829 auream.
785 800 911 837 cybium
925 801 961 831 F,
974 801 1044 833 3.p.
1081 796 1256 835 ι’ζιχηιὸιίιηι
1275 800 1310 827 F.
1335 800 1360 827 1.
1408 797 1442 825 in
1462 796 1566 824 medlo
1585 799 1621 826 B.
1642 802 1670 826 et
1691 799 1758 826 edd.
1778 803 1853 827 ante

70 843 160 872 Colv.
202 845 354 880 pectoris
366 846 403 873 B.
434 848 573 881 pectore
592 855 622 881 p.
643 848 691 874 ed.
715 854 759 880 pr.
779 846 904 874 Vicent.
924 846 1036 874 Venet.
1056 846 1084 871 2.
1104 845 1282 872 Beroaldus
1301 844 1422 878 primus
1447 842 1615 877 rescripsit.
1632 842 1851 876 Apulei-anam

68 895 179 916 vocem
190 891 324 924 patore.
348 891 429 918 Nam
442 891 576 919 nimium
590 892 776 919 Bertiniano
789 891 858 918 cod.
871 892 1044 918 obsecutus
1057 890 1240 918 Scriverius
1260 893 1376 917 temere
1394 888 1561 916 innovavit
1576 887 1721 923 potoris.
1757 889 1853 921 Anu-

68 933 210 962 leianam
235 934 406 963 dictionem
431 936 537 970 magis
563 938 678 964 redolet
703 936 758 963 sm·
774 937 898 971 patore
928 934 968 962 cf.
998 936 1037 963 ad
1063 938 1138 963 Met.
1158 935 1196 962 V.
1230 942 1259 968 p.
1285 934 1360 961 323.
1389 932 1635 970 fatigationem
1659 932 1723 959 sui
1744 931 1852 961 diluit.

60 974 262 1014 flammulas
281 978 448 1016 largiores
466 981 501 1008 in
520 982 588 1009 cod.
610 983 645 1009 Β.
665 990 738 1009 esse
758 982 892 1008 testatur
909 981 1010 1016 Elin„
1036 981 1118 1013 quod
1138 987 1250 1007 rursus
1269 979 1406 1012 arripuit
1424 978 1579 1013 Scriver.‚
1612 977 1852 1011 refragantibus

69 1025 150 1051 Mss.
169 1027 197 1052 et
218 1024 297 1052 Edd.
317 1025 476 1053 omnibus.
501 1026 545 1053 At
562 1025 594 1053 in
614 1028 722 1053 collat.
743 1026 897 1053 Modiana
916 1025 997 1052 nihil
1017 1025 1188 1052 varietatis
1208 1034 1225 1052 e
1244 1026 1311 1052 cod.
1332 1025 1366 1051 B.
1387 1026 1549 1051 enotatuni
1565 1026 1629 1059 est,
1656 1023 1740 1051 unde
1754 1023 1853 1050 neita

982 391 1184 434 Secundus
1216 391 1359 431 vestitu
1391 391 1540 444 quidem
1574 390 1733 441 similis,
1757 390 1763 445 Ι
1784 391 1851 430 sed
1875 397 1974 437 [262]

67 1068 194 1101 quidem
210 1069 310 1097 scribi
328 1069 362 1098 in
374 1072 434 1098 hoc
447 1073 508 1098 Ms.
524 1071 690 1104 probabile
703 1071 744 1098 fit.
783 1067 957 1108 fumidam
971 1070 1005 1098 0.
1044 1068 1224 1109 factitans
1240 1070 1274 1097 Β.

69 1111 138 1139 dem
160 1112 199 1143 D.
235 1113 378 1142 vestitus
390 1122 420 1149 ῃ.
434 1116 483 1143 ed.
496 1123 543 1149 pr.
560 1116 685 1144 Vicent.
700 1116 813 1144 Venet.
828 1117 859 1144 2.

69 1237 106 1273 3.
135 1235 279 1285 fasciis
309 1240 485 1273 ‘ventrem
515 1236 820 1274 strictissime
854 1236 930 1275 cir—

69 1290 331 1342 cumliyare]

122 1346 402 1396 proferebant.
434 1346 611 1384 Malebat
631 1345 817 1385 Pricaeus
834 1361 931 1397 pro-

67 1401 268 1452 yerebcmt
290 1414 339 1438 ex
362 1401 458 1439 Met.
482 1401 548 1441 IV.
574 1416 609 1452 p.
625 1406 716 1442 309.
742 1403 813 1442 aab
841 1416 931 1441 oca-

69 1458 118 1495 lt's
137 1457 324 1496 dominae
343 1458 549 1508 speculam
566 1472 658 1509 pro
669 1472 688 1496 e
694 1473 723 1510 9
733 1459 803 1496 eri
814 1463 844 1503 t,
867 1458 930 1496 ubi

67 1513 102 1550 in
129 1512 320 1551 nonnullis
347 1512 458 1552 codd.
486 1513 621 1564 legitur
641 1515 855 1565 proqerst,
892 1517 932 1551 ut

66 1567 133 1607 Vl.
159 1581 196 1618 p.
221 1572 314 1609 439.
352 1570 441 1608 sina
465 1571 595 1608 serico
629 1575 933 1621 proqcstans

66 1624 250 1669 nucleos5
286 1629 327 1663 ut
350 1625 448 1663 infra
470 1639 507 1676 p.
534 1629 624 1666 786.
652 1625 842 1665 carbasus
868 1626 932 1664 liz-

70 1686 175 1719 teras
209 1682 359 1720 votivas
398 1682 699 1733 proqerebat
741 1686 780 1719 et
815 1682 930 1733 paulo

68 1740 177 1787 post:
207 1737 399 1776 sacerdos
429 1739 626 1776 mamimus
659 1738 808 1789 quique
833 1738 931 1776 alivi-

66 1806 140 1831 ηας
175 1793 332 1845 effiyies
364 1794 654 1844 proqerebmzt.
714 1793 815 1831 Oud.
840 1806 932 1831 vero

67 1848 236 1899 praefert
260 1848 462 1887 lectionem
482 1850 787 1900 praeferebant,
814 1850 931 1887 verbo

66 1917 235 1956 pompae
260 1908 299 1942 et
317 1918 514 1943 sacrorum
535 1906 733 1955 processui
766 1906 932 1957 proprio,

68 1960 156 1998 coll.
182 1960 289 2011 Virg.
317 1962 415 1999 Aen.
441 1960 508 1999 XI.
536 1965 628 2001 249.
679 1960 792 1999 (aes.
818 1961 863 1999 B.
891 1961 931 2000 C.

68 2015 114 2054 H.
141 2020 205 2057 39.
254 2016 337 2054 Liv.
365 2016 448 2055 VH.
481 2021 544 2057 27.
594 2017 701 2056 Suet,
728 2017 841 2055 Caes.
867 2022 932 2058 84.

70 2071 197 2111 Tiber.
213 2077 277 2113 44.
304 2073 391 2111 dict.
417 2073 466 2110 ad
492 2072 592 2111 Hist.
613 2072 657 2111 B.
683 2074 793 2112 Alex.
819 2089 850 2112 c.
867 2078 932 2114 32.

68 2127 198 2168 Burni.
224 2129 272 2167 ad
300 2129 404 2167 Grat.
432 2128 578 2180 Cyneg.
605 2133 696 2170 489.
746 2130 818 2181 [At
841 2144 931 2168 vero

68 2189 224 2237 propter
253 2185 542 2235 significationis
575 2186 834 2232 insolentiam,
872 2200 932 2224 cu-

67 2242 126 2278 ius
151 2241 313 2280 alterum
338 2242 559 2292 exemplum
584 2256 657 2279 non
684 2242 822 2289 habeo,
847 2244 931 2281 reti-

68 2297 197 2336 nenda
221 2301 284 2335 est
308 2299 495 2348 scriptura
514 2299 796 2349 proferebant.
842 2299 932 2337 Pro

68 2354 168 2391 enini
183 2353 218 2390 in
234 2354 460 2405 compositis
474 2354 660 2391 interdum
676 2358 806 2393 contra
819 2369 931 2393 usum

68 2409 327 2460 quotidianum
349 2409 664 2460 significationem
685 2409 803 2448 habet
821 2424 930 2462 prae-

65 2465 271 2516 positionis
307 2470 411 2505 ante.
465 2465 512 2504 cs.
544 2466 590 2504 ud
624 2465 719 2505 Met.
752 2466 777 2504 l.
802 2481 838 2518 p.
868 2472 929 2508 15.

67 2520 114 2560 Il.
140 2535 176 2572 p.
193 2525 282 2561 145.
307 2521 376 2560 Dr.
401 2522 449 2560 ad
477 2522 546 2559 Sil.
572 2520 697 2560 XVtt.
719 2526 782 2562 56.
811 2523 930 2561 Varro

69 2577 118 2614 de
143 2577 189 2616 L.
213 2577 260 2616 L.
287 2577 352 2615 Vt.
377 2577 406 2627 ᾧ.
435 2582 499 2618 58.
536 2577 671 2617 Muell.
704 2592 798 2630 pro
825 2579 931 2618 idem

68 2633 175 2672 valet
207 2634 319 2685 qaod
354 2639 481 2680 ante,
519 2639 563 2673 ut
598 2635 639 2672 in
675 2635 773 2674 boc:
808 2650 837 2688 p
853 2650 932 2674 ro·

69 2688 254 2742 ludit]

125 2747 302 2786 exuvias.
348 2745 476 2797 [cht.
503 2761 537 2798 p.
569 2751 658 2786 155.
685 2746 795 2785 Lind.
823 2752 933 2788 tensa

67 2801 293 2841 vehiculum
324 2807 577 2855 arycnteum,
617 2817 698 2855 qao
729 2805 933 2844 exuviae

69 2858 240 2897 deorum
276 2858 385 2898 luctis
422 2859 667 2898 circensibus
703 2860 744 2897 in
782 2861 934 2900 circam

69 2913 127 2952 acl
148 2914 342 2964 pulvinar
368 2914 623 2954 vellebantur.
669 2914 732 2952 De
755 2929 838 2955 voc.
865 2931 933 2956 esc-

67 2970 185 3008 ariae
210 2969 319 3020 plura
344 2970 450 3008 dabit
476 2969 664 3009 Scheffer.
691 2970 740 3008 de
766 2971 826 3010 Re
851 2973 933 3010 Ve-

65 3024 140 3064 hic.
166 3038 198 3063 c.
213 3030 278 3065 24.
304 3027 338 3064 in
365 3025 501 3064 I’olen.
522 3026 661 3078 Suppl.
682 3025 802 3066 Thes.
824 3027 869 3067 T.
884 3029 932 3068 V.

66 3094 104 3132 p.
124 3086 241 3122 1457.
269 3082 456 3120 Schmidt.
484 3083 507 3121 Ι.
533 3096 563 3121 c.
589 3097 626 3135 p.
654 3087 759 3128 205..
785 3085 847 3135 qui
874 3098 934 3122 ac-

66 3138 234 3178 curatius
261 3138 309 3176 dc
334 3139 408 3179 lwc
434 3140 515 3186 ritu,
542 3139 701 3178 deorum
727 3140 934 3180 simulacra

1321 1066 1482 1095 secundas
1497 1065 1624 1105 quidem
1640 1068 1762 1095 vestitu
1777 1067 1852 1104 qui-

990 1239 1028 1272 et
1065 1234 1228 1285 insignia
1264 1234 1298 1272 iu
1338 1235 1489 1286 pompis
1532 1233 1851 1284 circumgestandi

989 1291 1155 1328 disserit.
1208 1290 1339 1328 Minus
1371 1294 1497 1327 tamen
1530 1293 1633 1327 recte
1664 1289 1730 1327 ille
1761 1289 1850 1327 mihi

988 1346 1258 1397 interpretatus
1284 1346 1431 1383 videtur
1456 1359 1548 1383 esse
1572 1359 1608 1397 p.
1640 1349 1728 1386 190.
1755 1360 1852 1385 escu-

988 1403 1071 1440 vias
1096 1403 1273 1454 insiyvcs
1305 1402 1451 1446 larvas,
1489 1402 1616 1452 capita
1646 1401 1853 1452 pellesque

989 1471 1184 1495 sacrorum
1215 1458 1451 1502 animalium,
1489 1470 1588 1508 quae
1624 1458 1853 1496 sacerdotes

990 1514 1092 1552 soliti
1129 1513 1266 1551 suerint
1303 1515 1338 1551 in
1374 1515 1527 1564 pompis
1569 1513 1742 1551 induere.
1800 1514 1855 1552 At

990 1570 1065 1608 hoc
1101 1569 1150 1607 de
1186 1570 1362 1607 omnibus
1400 1571 1461 1619 qui
1498 1569 1559 1607 hic
1589 1573 1856 1609 enumerantur

990 1626 1258 1664 sacerdotibus
1285 1626 1358 1664 dici
1385 1626 1542 1679 nequit]

1047 1682 1250 1721 lacernam
1278 1683 1394 1721 claro
1427 1682 1573 1721 leonine
1598 1684 1853 1733 praemican-

991 1742 1076 1777 tem.
1136 1738 1221 1790 [De
1253 1738 1327 1776 hoc
1358 1738 1516 1776 vasculo
1549 1752 1581 1777 s,
1609 1739 1780 1785 lucerna,
1818 1739 1853 1776 in

990 1793 1104 1832 Isidis
1140 1795 1262 1832 sacris
1301 1795 1444 1847 cymbit'
1486 1794 1643 1833 sormam
1688 1794 1855 1833 habente

991 1849 1040 1887 cl'.
1062 1850 1174 1900 Bapt.
1200 1849 1305 1888 Pium
1334 1849 1377 1887 T.
1393 1850 1419 1889 I.
1447 1849 1566 1889 Thes.
1594 1849 1681 1890 Crit.
1707 1856 1853 1902 p.447.

990 1905 1196 1944 Baudetot.
1227 1905 1350 1945 Utilit.
1381 1905 1504 1945 Itiner.
1532 1920 1567 1958 p.
1595 1911 1687 1947 224.
1719 1911 1758 1945 et
1783 1907 1853 1945 Cu-

992 1976 1069 2014 per.
1095 1962 1130 2000 in
1156 1961 1342 2013 Harpocr.
1371 1976 1407 2014 p.
1433 1968 1521 2003 121.
1572 1963 1666 2001 Met.
1697 1976 1733 2013 p.
1761 1967 1853 2005 760.

992 2019 1128 2057 laevae
1152 2032 1245 2056 vero
1277 2019 1469 2072 cymbiam
1499 2020 1760 2070 dependebat
1785 2035 1854 2059 au-

990 2089 1112 2120 ream,
1141 2076 1253 2113 carias
1279 2076 1445 2114 ansulae
1470 2076 1855 2128 i⁷1.51aryebotos}›ls;

991 2131 1039 2168 de
1066 2131 1103 2169 la
1128 2129 1294 2169 (Jhauss.
1319 2131 1369 2168 de
1393 2131 1499 2169 Man.
1525 2132 1623 2170 Aen.
1651 2130 1746 2170 Tab.
1766 2131 1853 2170 ΧΠ.

990 2187 1025 2224 in
1049 2186 1187 2225 Graev.
1204 2186 1324 2225 Thes.
1352 2186 1496 2225 'l'.Xll.
1523 2201 1558 2239 p.
1575 2191 1665 2229 967.
1694 2192 1732 2226 et
1757 2187 1853 2227 Tab.

989 2242 1094 2281 Xlll.
1107 2256 1144 2293 p.
1162 2247 1268 2288 769„
1295 2244 1357 2295 qui
1384 2244 1535 2294 cymbio
1563 2245 1676 2282 etiam
1703 2245 1736 2282 in
1763 2244 1853 2283 Osi-

991 2299 1080 2337 ridis
1105 2299 1229 2337 sacris
1261 2300 1374 2337 obvio
1401 2299 1542 2338 Isidem
1575 2314 1699 2352 aquae
1724 2301 1854 2339 mode·
1880 2318 1883 2323 .

988 2357 1162 2393 ratricem
1193 2356 1345 2394 indicari
1377 2360 1496 2407 putat.
1546 2356 1599 2395 tta
1630 2358 1664 2394 in
1692 2355 1854 2395 Praene—

989 2412 1090 2450 stino
1118 2411 1328 2451 'l'essetato
1355 2411 1580 2451 pavimento
1606 2427 1643 2465 p.
1671 2417 1735 2453 21.
1762 2426 1852 2464 qua-

988 2471 1073 2506 tuor
1097 2469 1323 2507 sacerdotes
1348 2469 1513 2507 humeris
1541 2469 1765 2520 quadratam
1789 2483 1853 2520 ge·

988 2527 1092 2563 stant
1115 2524 1306 2571 tabulam,
1344 2527 1402 2564 cui
1434 2525 1706 2563 camlelabruin
1733 2527 1852 2576 impo-

989 2581 1103 2618 situm
1124 2584 1194 2619 est.
1243 2580 1330 2619 Huc
1349 2581 1552 2619 referenda
1571 2586 1632 2619 est
1656 2583 1853 2634 λυχνοκαΐη

990 2636 1178 2674 Herodoti
1205 2636 1327 2678 11.62.
1370 2637 1548 2676 Forsitan
1576 2651 1659 2675 cuin
1686 2637 1758 2676 hoc
1782 2639 1851 2675 ritu

991 2692 1175 2731 cohaeret
1205 2693 1465 2744 lampadarum
1497 2695 1600 2739 dies,
1637 2695 1699 2744 qni
1725 2693 1853 2731 Cereri

991 2748 1061 2787 snit
1095 2753 1289 2796 sacratus3
1333 2750 1380 2788 cs.
1419 2750 1552 2789 Munk.
1590 2750 1638 2789 ad
1675 2749 1852 2801 Fulgent.

990 2804 1158 2856 Mythol.
1184 2804 1209 2844 l.
1239 2810 1300 2846 10.
1336 2820 1373 2858 p.
1401 2810 1494 2847 636.
1543 2805 1664 2844 Ceres
1691 2807 1790 2844 enim
1816 2809 1854 2843 et

990 2860 1066 2899 Isis
1090 2861 1253 2900 eaedem
1279 2866 1378 2900 sunt.
1421 2863 1725 2901 Praenitentem
1750 2861 1853 2912 quod

990 2931 1059 2969 pro
1075 2919 1392 2969 praemicantem
1404 2918 1550 2956 habent
1569 2918 1680 2958 codd.
1695 2918 1854 2969 aliquot,

991 2987 1076 3012 cum
1096 2973 1195 3011 Oud.
1218 2973 1508 3025 improbandum
1529 2977 1607 3021 est3
1633 2974 1679 3012 cl'.
1696 2975 1742 3011 ad
1758 2973 1855 3013 Met.

990 3029 1039 3068 V.
1052 3043 1087 3080 p.
1104 3032 1195 3069 356.
1210 3030 1417 3069 lea-ernam
1437 3030 1552 3068 claro
1574 3031 1719 3069 [mulne
1736 3044 1856 3082 prae-

991 3087 1218 3124 micantem.
1267 3085 1327 3123 De
1354 3098 1449 3122 voce
1476 3087 1669 3139 cfflnbe'am
1695 3085 1744 3126 cs.
1770 3085 1856 3129 lntt.

991 3142 1036 3180 ad
1065 3142 1170 3197 Virg.
1200 3142 1294 3180 Aen.
1322 3140 1382 3180 ΙΙΙ.
1409 3141 1490 3197 (36]
