2155 3590
654 139 841 180 LIBER
877 140 926 180 V.
985 138 1113 180 CAP.
1140 137 1215 179 xl.

67 252 190 292 dolum
207 251 426 302 scelestum,
440 250 553 291 immo
561 265 654 292 vero
665 252 910 305 parricidium
920 250 1106 292 struentis
1117 257 1251 292 contra
1261 262 1435 289 sororem
1444 246 1652 288 insontem.
1680 246 1838 290 Interea

64 307 243 362 Psychen
278 308 439 348 maritus
474 307 538 347 ille
574 321 685 361 quem
722 308 845 348 nescit
880 322 1035 348 rursum
1073 307 1153 348 suis
1182 305 1258 346 illis
1283 304 1486 345 nocturnis
1510 304 1755 344 sermonibus
1781 305 1837 345 sic

65 362 319 418 comlmonet:
361 363 550 414 Videsne,
588 370 773 416 quant-um
806 364 872 404 tibi
902 364 1114 417 periculum
1143 362 1328 404 velitatur
1361 361 1518 400 fortuna
1554 360 1729 400 eminus?
1774 361 1836 401 Ac
1861 365 1959 406 [164]

64 419 136 459 nisi
170 419 286 472 longo
322 419 484 459 firmiter
518 431 751 472 praecaves,
790 434 882 460 mox
918 419 1092 460 cominus
1127 417 1415 473 congredietur.
1476 415 1647 456 Perfidae
1683 416 1835 470 lupulae

61 475 213 528 magnis
245 475 446 515 conatibus
467 475 650 516 'nefarias
682 475 843 516 insidias
869 475 936 516 tibi
968 482 1216 530 comparant,
1250 487 1411 528 quarum
1437 486 1585 513 summa
1611 478 1689 522 est,
1727 479 1767 511 ut
1797 480 1835 513 te

61 532 264 581 suadeant,
292 545 397 572 meos
422 531 630 584 explorare
655 531 805 582 mltus,
835 546 951 585 quos,
986 539 1028 572 ut
1052 531 1118 571 tibi
1144 544 1260 584 saepe
1285 529 1478 584 praedixi,
1507 542 1584 568 non
1608 527 1773 578 videbis,
1801 528 1835 569 si

59 587 219 627 videris.
273 586 383 640 Ergo
419 587 541 640 igitur
570 586 603 627 si
633 587 792 641 posthac
825 583 1014 641 pessimae
1045 587 1134 628 illae
1163 586 1302 627 lamiae
1332 585 1463 626 noxiis
1495 584 1634 624 animis
1660 591 1834 624 armatae

58 643 239 684 venerint
262 643 441 697 (venient
463 649 592 682 autem
613 642 619 698 Ι
640 643 762 697 scio),
792 657 915 696 neque
942 644 1098 683 omnino
1124 656 1343 683 sermonem
1368 641 1564 691 conferas,
1592 647 1631 680 et
1654 640 1688 680 si
1712 640 1750 680 id
1777 646 1833 680 to·
1858 645 1922 679 343

58 698 184 739 lerare
220 713 290 753 pro
326 699 495 752 genuina
531 699 775 753 simplicitate
812 713 956 753 proque
994 699 1112 739 animi
1143 699 1199 739 tui
1229 697 1488 739 teneritudine
1524 711 1602 737 non
1638 696 1830 750 potueris,

58 761 162 794 certe
187 755 232 794 de
257 755 396 795 marito
422 755 476 794 nil
500 755 704 808 quidquam
729 755 792 795 vel
816 756 950 795 audias
976 756 1039 795 vel
1062 755 1313 809 respondeas.
1364 752 1466 794 Nam
1491 760 1530 793 et
1556 752 1738 793 familiam
1764 767 1834 792 no-

57 817 176 850 stram
201 810 276 850 iam
302 811 621 865 propagabimus,
662 818 700 851 et
730 811 790 850 hic
822 811 944 851 adhue
974 811 1163 851 infantilis
1194 818 1328 851 uterus
1355 816 1484 863 gestat
1507 809 1618 849 nobis
1643 808 1832 848 infantem

56 866 194 916 alium,
228 867 261 907 si
286 867 435 908 texeris
462 874 596 907 nostra
620 874 772 908 secreta
796 867 972 917 silentio,
1001 867 1194 917 divinum,
1227 867 1261 907 si
1286 865 1578 920 profanaveris,
1611 865 1829 905 mortalem.

1951 528 1967 551 ἓ

52 982 160 1011 Verba
179 981 287 1011 dolum
316 991 417 1017 usque
442 985 481 1012 ad
511 982 672 1011 insontem
698 986 829 1012 exulant
856 991 875 1012 a
895 985 929 1012 G.
952 986 979 1012 1.
1005 987 1034 1012 et
1059 991 1094 1011 π.
1142 981 1311 1010 celestium
1336 991 1363 1017 p.
1407 980 1549 1019 proinde
1573 980 1724 1010 ric-idiunt
1748 983 1832 1011 Elm.

53 1031 284 1061 typothetarum
297 1036 412 1057 errore.
454 1026 644 1064 parridium
663 1029 789 1057 vicent.
815 1031 966 1056 struente
978 1030 1100 1055 eontra
1111 1029 1194 1057 11101.
1210 1030 1238 1055 2.
1262 1029 1371 1056 Verba
1389 1027 1521 1054 interea
1534 1035 1634 1061 usque
1648 1029 1686 1056 ad
1707 1026 1833 1054 enn’nm

24 1088 31 1100 2
51 1073 276 1101 desiderantur
287 1073 319 1101 in
335 1074 369 1101 G.
384 1075 414 1101 2¹.
428 1074 463 1101 Ρ.
476 1075 514 1101 I).
540 1071 692 1109 Psychen
705 1074 740 1101 F.
755 1075 785 1102 3.
800 1075 835 1102 G.
855 1074 1111 1102 1.Vicent.1unt.
1126 1073 1246 1101 amu.
1260 1074 1295 1101 In
1310 1073 1437 1104 ceteris,
1454 1075 1527 1106 quot
1541 1079 1726 1105 comparare
1740 1071 1832 1100 licuit

51 1115 222 1153 Psyelaem.
258 1125 350 1145 suum
365 1116 432 1145 illis
446 1127 474 1152 p.
512 1121 692 1145 commovet
703 1120 788 1146 male
800 1119 881 1146 Elm.
895 1121 923 1145 01
937 1118 1041 1145 Scriv.
1055 1121 1084 1145 01
1099 1117 1145 1145 ita
1157 1124 1177 1145 a
1191 1124 1230 1145 m.
1246 1125 1273 1151 p.
1288 1117 1415 1145 videtur
1427 1118 1580 1151 scriptum
1595 1117 1735 1145 fuissein
1750 1118 1784 1144 G.
1805 1118 1831 1144 1.

51 1160 217 1190 velitatur
231 1165 266 1191 G.
280 1164 308 1191 1.
344 1162 488 1189 eminens
502 1171 530 1197 p.
566 1162 616 1198 ni,
643 1164 725 1196 quod
741 1163 836 1190 1110111
851 1165 886 1190 G.
901 1165 930 1191 2.
945 1162 1056 1197 legiin
1071 1162 1229 1195 excerptis
1244 1163 1321 1189 Oud.
1337 1163 1521 1189 adnotatum
1536 1166 1614 1195 erat,
1631 1164 1718 1189 nullo
1734 1162 1830 1189 111ιί115

50 1208 117 1236 cod.
131 1210 201 1236 l'oco
215 1211 367 1236 accurate
381 1211 481 1241 potest
497 1207 678 1236 diiudicari.
697 1208 821 1240 Ubique
834 1207 919 1235 enim
932 1207 968 1233 m·
980 1210 1008 1235 01
1022 1205 1090 1233 nisi
1102 1214 1156 1240 per
1170 1214 1267 1233 unum
1281 1207 1501 1240 compendium
1517 1194 1540 1233 1?
1551 1211 1625 1234 5001
1641 1207 1829 1240 perscripta.

49 1259 138 1279 mors
152 1260 207 1286 pro
221 1260 300 1279 mox
313 1254 348 1281 G,
364 1253 391 1280 1.
406 1260 426 1280 a
439 1260 478 1279 m.
494 1260 520 1281 s,
568 1252 747 1279 crmum'nus
766 1253 800 1279 1‹·.
814 1253 844 1279 3.
865 1252 900 1280 G.
922 1252 950 1279 2.
972 1252 1008 1279 D.
1050 1251 1205 1286 protinus
1219 1259 1274 1285 pro
1289 1250 1435 1277 cmm'mcs
1450 1248 1477 1279 δ’.
1526 1249 1783 1287 congredientur
1796 1253 1831 1279 0.

49 1295 264 1333 congreditur
281 1299 319 1325 D.
359 1295 502 1332 perfidie
521 1294 550 1324 δ.
573 1294 701 1332 perfide
720 1297 845 1324 Vicent.
871 1296 911 1323 cs.
931 1303 1030 1329 supra
1050 1304 1078 1329 p.
1099 1297 1173 1323 334.
1218 1293 1396 1331 praediri!
1417 1296 1528 1323 Venet.
1550 1293 1579 1324 4.
1623 1294 1780 1330 posthinc
1794 1297 1828 1325 Ο.

43 1339 212 1378 posthanc
225 1344 260 1371 G.
278 1343 305 1370 1.
320 1350 355 1369 n.
375 1344 452 1378 pos!
467 1349 509 1368 ac
522 1343 558 1370 G.
574 1344 601 1369 ¹2.
618 1349 637 1370 a
650 1350 688 1369 m.
702 1349 730 1375 p.
767 1339 930 1367 lacrimae
945 1348 999 1374 pro
1013 1338 1137 1366 lamiae
1151 1342 1184 1368 0.
1198 1348 1217 1369 a
1232 1348 1270 1368 111.
1286 1349 1315 1374 p.
1336 1342 1370 1368 G.
1390 1342 1415 1368 l.
1465 1341 1598 1367 rena'unl
1614 1338 1641 1369 (1,
1670 1342 1833 1367 aream-mee

49 1388 85 1415 G.
99 1389 128 1416 ⁴2.
143 1395 162 1416 a
175 1395 214 1415 111.
230 1395 259 1421 p.
305 1394 364 1413 nec
378 1385 506 1413 omuino
520 1388 559 1414 D.
605 1393 755 1414 sermone
768 1388 804 1413 G.
815 1386 843 1414 1.
892 1391 1050 1413 conseras
1064 1386 1169 1413 Paris.
1184 1386 1265 1418 quod
1280 1389 1306 1413 et
1323 1385 1405 1413 Prie.
1420 1386 1531 1413 maluit
1548 1387 1602 1413 sed
1625 1385 1666 1413 cf.
1676 1386 1714 1413 ad
1725 1387 1829 1413 Metl.

48 1439 78 1466 p.
92 1433 121 1460 2.
169 1428 228 1458 sed
245 1431 276 1458 si
293 1429 327 1457 51!
344 1428 372 1459 δ’.
421 1429 491 1458 ideo
513 1429 662 1458 tolerare
682 1432 716 1458 G.
736 1431 810 1459 1.0.
856 1430 988 1467 gemina
1008 1431 1043 1458 G.
1060 1432 1089 1458 2.
1110 1431 1146 1458 D.
1162 1431 1197 1458 P.
1241 1437 1368 1466 perque
1468 1428 1721 1456 teneritudinem
1742 1431 1777 1457 G.
1803 1432 1828 1458 1.

47 1483 118 1503 eum
132 1484 186 1510 pro
199 1475 544 1510 am‘mz‘D.corruptum
557 1484 598 1504 ex
610 1475 796 1510 compendio
809 1473 860 1503 ηΓ.
895 1474 1048 1511 potueris
1061 1475 1096 1502 F.
1113 1476 1139 1503 1.
1155 1476 1185 1502 3.
1201 1476 1235 1502 G.
1252 1476 1276 1503 1.
1292 1476 1328 1502 R.
1344 1478 1373 1502 et
1389 1475 1518 1508 plurimi
1533 1475 1592 1502 alii
1608 1475 1696 1503 codd.
1713 1479 1741 1502 et
1758 1476 1826 1502 edd.

46 1524 121 1549 vett.
135 1521 228 1556 potis
248 1521 268 1549 i.
283 1530 309 1550 e.
325 1520 455 1556 poteris
468 1522 503 1549 P.
520 1522 554 1548 G.
570 1522 599 1549 2.
615 1522 651 1549 D.
672 1517 822 1556 potuisti.
839 1521 922 1548 unde
935 1521 1013 1548 oud.
1023 1519 1115 1556 potis
1129 1519 1211 1554 erfs,
1238 1527 1301 1553 uua
1317 1519 1347 1547 in
1364 1519 1463 1547 forma
1477 1520 1616 1552 Apuleio
1633 1520 1829 1548 restituenda

45 1566 201 1600 plurimus
214 1569 277 1602 est,
303 1570 332 1594 et
347 1566 459 1594 ubiubi
474 1566 615 1594 varietas
629 1568 717 1594 extat
729 1565 923 1600 scripturae,
947 1567 1030 1593 lianc
1044 1565 1206 1593 intrudere
1219 1567 1350 1593 assolet.
1397 1562 1483 1590 nihil
1494 1562 1521 1591 d.
1559 1563 1686 1591 audeas
1699 1566 1783 1592 lunt.
1799 1566 1829 1593 2.

40 1610 301 1647 propagavimus
315 1613 362 1640 ed.
377 1619 422 1645 pr.
436 1612 510 1640 Ald.
546 1609 718 1649 infantilis
732 1611 766 1638 F.
786 1611 810 1638 1.
824 1611 854 1638 3.
870 1612 905 1638 G.
923 1611 949 1638 1.
965 1618 993 1644 p.
1009 1619 1040 1642 ᾳ.
1056 1606 1084 1637 δ.
1099 1617 1118 1637 a
1132 1617 1170 1637 111.
1187 1618 1215 1643 p.
1263 1608 1456 1645 infantulus
1471 1611 1505 1638 G.
1521 1611 1550 1638 2.
1567 1611 1601 1637 Β.
1616 1611 1652 1637 D.
1669 1610 1737 1638 edd.
1753 1613 1827 1637 vett.

44 1654 239 1693 infanez'llus
258 1657 292 1685 0.
328 1654 516 1694 infantibus
535 1657 572 1684 R.
593 1655 613 1684 f.
661 1653 720 1682 sed
737 1654 865 1682 teret-fs
884 1655 1010 1683 Vicent.
1031 1655 1078 1683 ed.
1101 1662 1144 1688 pr.
1165 1658 1193 1683 et
1214 1655 1326 1682 Venet.
1348 1656 1376 1682 2.
1437 1653 1555 1689 legeris
1576 1662 1629 1688 pro
1651 1653 1778 1682 reseris
1799 1651 1827 1683 δ.

45 1699 219 1727 mortalem
238 1701 364 1729 nuntio.
399 1702 449 1729 Ita
466 1700 558 1728 tinem
578 1699 817 1728 enunciationis
836 1700 1033 1727 constituunt
1053 1700 1087 1727 F.
1107 1700 1132 1727 1.
1153 1703 1233 1727 teste
1247 1699 1364 1727 u'otfio
1384 1699 1448 1727 nisi
1468 1699 1581 1735 fallor,
1607 1700 1639 1727 in
1659 1707 1758 1734 marg.
1779 1700 1827 1728 ed.

46 1746 152 1780 coir..
178 1746 231 1780 qui
245 1746 401 1774 lectiones
415 1745 527 1774 variae
539 1746 678 1773 Florem.
693 1746 761 1773 cod.
777 1745 967 1778 adscripsit,
995 1745 1030 1771 G.
1047 1745 1075 1772 1.
1089 1745 1119 1772 2.
1135 1745 1172 1772 D.
1192 1748 1220 1772 et
1236 1751 1347 1772 001005
1367 1744 1435 1772 edd.
1456 1747 1533 1772 vett.
1560 1746 1625 1771 Hoc
1644 1752 1749 1772 errore
1770 1745 1827 1772 de-

44 1794 155 1825 ceptus
168 1791 220 1819 vir
231 1791 342 1819 doctus
354 1790 504 1819 inseruit:
530 1788 596 1817 tali
607 1788 644 1818 P.
692 1791 754 1818 Pro
766 1788 883 1817 nuntio
897 1790 931 1817 in
944 1790 980 1817 P.
996 1788 1034 1817 D.
1049 1792 1096 1817 est
1111 1787 1224 1825 inicio,
1251 1790 1331 1823 quod
1347 1789 1443 1817 etiam
1457 1796 1475 1817 a
1490 1797 1528 1817 m.
1542 1798 1568 1817 5.
1583 1793 1670 1818 extat
1683 1790 1717 1817 in
1733 1790 1767 1817 G.
1783 1791 1825 1827 2.,

44 1835 98 1869 qui
111 1841 182 1864 am.
197 1843 228 1871 p.
246 1835 368 1863 mentio
381 1837 486 1864 habet.

41 1932 212 1984 incept0,
225 1933 368 1972 sororis
383 1948 404 1971 e
417 1936 521 1971 statu
536 1931 636 1971 felici
653 1932 902 1978 dejiciendae,

42 1988 185 2027 deverti
208 1993 384 2040 poterant
407 2002 477 2041 per
500 1993 698 2040 parentum
723 1987 902 2038 simplici-

40 2048 170 2083 tatem.
202 2044 273 2083 His
299 2045 408 2096 igitur
433 2045 597 2083 lacrimis
623 2044 842 2088 effecerunt,
862 2048 902 2082 ut

40 2105 219 2152 parentes
234 2101 282 2138 (10
297 2105 417 2139 morte
436 2100 535 2138 filiae
556 2102 738 2139 certiores
758 2101 900 2138 fierent.

41 2156 257 2196 Deterrere
274 2170 362 2204 vero
384 2170 467 2194 cum
481 2156 580 2195 Oud.
595 2156 710 2194 valde
723 2160 761 2194 et
784 2156 899 2194 vehe-

39 2217 185 2251 menter
209 2217 349 2251 terrere
369 2212 533 2264 expli00‚
558 2216 599 2251 ut
619 2213 670 2251 de
688 2213 723 2250 in
745 2225 898 2263 compo·

40 2270 123 2307 sitis
148 2269 296 2320 passim
322 2269 396 2306 vim
422 2269 525 2306 verbi
541 2272 655 2320 auget
679 2267 896 2307 cs.Ruhnk.

39 2323 138 2363 Die-t.
175 2325 332 2363 Sueton.
369 2338 405 2375 p.
439 2329 530 2366 287.
579 2324 663 2364 Intt.
706 2324 755 2363 ad
790 2324 895 2375 Virg.

38 2379 212 2421 Aemllt.
228 2385 319 2422 260.
343 2379 411 2418 lv,
438 2385 501 2421 52.
529 2380 713 2419 Schmidt.
734 2381 783 2419 ad
802 2379 894 2418 Hor.

38 2435 161 2488 Epist.
172 2436 196 2474 Ι.
207 2441 242 2478 3.
256 2442 316 2477 14.
343 2436 392 2476 cf.
404 2436 521 2488 Apul.
536 2436 632 2475 Met.
641 2435 741 2474 VIII.
755 2451 791 2488 p.
802 2440 893 2476 525.

38 2493 87 2537 ad
110 2492 206 2531 Met.
232 2491 299 2532 IX.
324 2507 359 2544 p.
377 2497 467 2534 668.
492 2492 543 2531 X.
569 2497 607 2531 et
631 2506 669 2544 p.
696 2496 786 2534 680.
813 2492 895 2530 Sed

27 2562 155 2603 nego,
181 2549 425 2589 deterrentes
449 2563 534 2587 cum
561 2549 689 2587 verbis
714 2548 894 2588 redulce-

37 2602 127 2653 rato
152 2605 315 2651 dolore,
349 2619 447 2656 quae
471 2605 573 2644 Oud.
604 2606 795 2643 sententia
820 2609 893 2650 est,

37 2658 128 2705 esse
152 2661 488 2714 coniungentium]

43 2713 51 2774 ἰ
72 2767 73 2771 ¹
92 2716 267 2771 lupulae.
311 2717 453 2770 [Lapa
478 2723 515 2757 et
540 2717 682 2770 lupata
706 2718 755 2756 de
779 2717 891 2757 malis

36 2772 193 2826 saepius
218 2773 351 2813 (licitur
380 2774 625 2821 mulierculis,
650 2774 891 2826 potissimum

36 2828 86 2869 de
107 2830 370 2870 meretricibus
393 2830 609 2870 libidinosis
630 2835 669 2869 et
685 2831 890 2882 rapacibus

37 2884 86 2939 ef.
109 2884 199 2934 Isid.
223 2883 278 2926 X.
313 2891 402 2929 163.
435 2887 533 2939 lupa
558 2888 749 2926 meretrix
773 2901 798 2926 a
827 2900 892 2925 ra·

31 2942 216 2997 ppeitate
250 2948 412 2989 vocata,
451 2943 565 2996 qaod
598 2943 656 2982 ad
685 2957 724 2982 se
753 2943 895 2994 rapiat

35 2996 194 3045 miseros
217 3003 255 3038 et
276 2999 572 3052 apprehendat.
597 2997 739 3037 XVIII.
765 3003 828 3039 42.
855 3002 891 3040 2.

35 3047 71 3104 p.
91 3056 182 3094 577.
208 3054 423 3095 Theatrum
447 3060 487 3094 et
509 3055 686 3108 lupanar
712 3057 892 3095 vocatum

34 3108 84 3147 ab
108 3110 252 3151 eisdem
275 3112 562 3157 meretricibus,
591 3125 694 3166 quae
712 3115 892 3164 propter

962 1933 1148 1983 corporis
1173 1932 1369 1971 levitatem
1384 1931 1506 1983 lupae
1520 1935 1820 1983 nuncupantur.

960 1987 1066 2026 Nam
1091 1988 1215 2039 lupae
1239 1989 1464 2027 meretrices
1487 1993 1578 2027 sant
1603 2003 1626 2026 a
1653 1990 1820 2039 rapaci-

959 2048 1040 2082 tate
1071 2048 1254 2089 vocatae,
1287 2043 1400 2096 quod
1430 2046 1487 2083 ad
1515 2057 1554 2083 se
1585 2045 1755 2096 rapiant
1785 2049 1824 2083 et

958 2098 1289 2151 apprehendant,
1314 2100 1378 2137 ubi
1403 2100 1598 2138 Arevalus
1625 2101 1821 2140 levitatem

957 2155 1058 2194 male
1073 2157 1107 2193 in
1124 2155 1314 2194 vilitatem
1328 2157 1496 2194 mutavit.
1542 2155 1706 2196 Levitas
1721 2157 1821 2195 001111

956 2212 1155 2264 nequitia,
1183 2211 1314 2251 vilitas
1339 2215 1400 2250 est
1424 2211 1589 2251 docente
1615 2211 1718 2251 Gell.
1733 2211 1818 2252 VII.

962 2272 1020 2307 11.
1048 2266 1181 2306 Gloss.
1208 2280 1245 2318 p.
1271 2271 1358 2308 134.
1386 2267 1487 2320 lupa
1512 2271 1640 2322 έταῖρα
1667 2270 1728 2307 καὶ
1752 2265 1819 2307 λύ-

954 2338 1075 2362 καινα.
1102 2323 1150 2362 cf.
1174 2321 1285 2362 Pers.
1313 2324 1426 2362 Satir.
1443 2324 1596 2366 V.164.
1623 2325 1704 2365 Sed
1718 2324 1818 2364 hanc

955 2381 1058 2418 vocis
1084 2379 1240 2430 etymol.
1267 2379 1402 2418 alludit
1431 2379 1608 2420 Munker.
1640 2380 1819 2432 Fulgent.

953 2435 1119 2487 Mythol.
1135 2435 1179 2473 II.
1199 2439 1265 2476 12:
1294 2435 1436 2490 Scylla
1461 2441 1564 2477 enim
1590 2439 1631 2476 in
1656 2437 1818 2477 modum

947 2493 1120 2544 ponitur
1144 2493 1379 2538 meretricis,
1407 2494 1506 2546 qula
1532 2495 1658 2532 omnis
1679 2494 1816 2533 libidi-

952 2562 1050 2588 nosa
1092 2548 1260 2588 canibus
1301 2549 1491 2601 lupisque
1534 2550 1708 2603 inqzciiza
1743 2564 1816 2590 sua

951 2618 1107 2644 necesse
1126 2609 1181 2644 est
1200 2605 1374 2644 misceat.
1411 2605 1517 2645 Iuste
1531 2620 1632 2658 crya
1647 2606 1816 2646 canibus

950 2665 986 2699 et
1005 2661 1112 2713 lupis
1136 2661 1277 2707 mixta,
1305 2663 1403 2713 qua
1427 2664 1551 2701 nescit
1575 2675 1649 2701 saa
1675 2661 1815 2701 alieni·

947 2718 1063 2769 [lenis
1084 2718 1411 2758 decorationibus
1427 2723 1614 2758 saturare
1626 2716 1813 2772 secreta]

1004 2772 1218 2825 infantilis.
1242 2773 1420 2812 Alterum
1434 2774 1664 2813 adiectis-um
1678 2775 1814 2827 infan-

948 2830 1056 2870 talus
1069 2843 1142 2868 non
1156 2829 1255 2869 adeo
1270 2829 1410 2869 malum
1426 2833 1505 2878 est;
1530 2829 1815 2870 cf.Heins.Ad-

949 2898 1049 2925 vers.
1064 2885 1092 2924 I.
1114 2891 1148 2926 7.
1169 2900 1206 2938 p.
1223 2890 1285 2927 77.
1307 2890 1345 2924 et
1367 2886 1416 2924 ad
1430 2885 1543 2925 Ovid.
1558 2886 1716 2926 Heroid.
1741 2884 1812 2926 IX.

950 2946 1014 2984 86.
1039 2942 1242 2995 Infantem
1266 2943 1380 2982 canis
1404 2942 1619 2982 involuisse
1642 2957 1815 2985 manum.

951 2997 1031 3036 Sed
1067 2998 1274 3052 infantilis
1310 3011 1359 3036 ex
1395 3000 1549 3050 optimis
1582 2999 1694 3039 codd.
1726 3012 1813 3038 cum

949 3053 1051 3094 Oud.
1082 3055 1117 3093 in
1143 3058 1251 3093 textu
1275 3055 1450 3106 reposui,
1481 3068 1505 3094 a
1530 3055 1696 3108 vulgatis
1722 3055 1810 3096 edd.

948 3111 1148 3151 recedens.
