2155 3590
652 153 840 193 LIBER
863 152 960 194 Vll.
1019 152 1144 191 CAP.
1176 152 1202 192 1.
1233 151 1284 191 ll.
1791 150 1874 192 519

89 277 170 319 rat,
210 268 354 322 etipsa
378 267 572 319 membra,
611 266 650 308 in
678 267 761 321 quis
794 280 907 307 omne
933 264 1209 321 patrimonium
1242 262 1354 304 condi
1387 263 1557 313 solebat,
1598 262 1751 304 curiose
1787 276 1873 317 per—

89 331 287 380 spexerat.

674 417 1113 465 CAPUT
1215 415 1293 462 II.

195 515 282 559 Nec
309 518 495 571 exiguum
522 516 705 557 scelerati
731 515 1026 556 monstrabatur
1049 514 1249 554 indicium.
1300 511 1451 566 Quippe
1483 526 1569 551 cum
1602 510 1736 550 eadem
1762 518 1876 551 nocte

86 574 156 615 sub
192 574 276 628 ipso
312 574 450 626 flagitii
486 580 681 613 momento
718 572 817 612 idem
855 571 1115 625 profugisset,
1156 584 1227 610 nec
1252 569 1395 609 exinde
1426 581 1588 621 usquam
1615 574 1874 620 compareret,

86 644 174 670 nam
200 638 238 671 et
262 630 501 685 praesidium
528 630 664 683 fugae,
693 643 768 683 quo
793 628 968 669 velocius
996 627 1195 668 frustratis
1215 624 1503 666 insecutoribus
1522 623 1658 678 proc-ul
1684 637 1728 662 ac
1743 623 1878 676 procul

85 735 118 764 in
132 735 315 774 quet'slunl.
332 738 360 765 1.
375 738 405 765 ⁴2.
452 738 684 772 prospexerat
698 738 734 764 G.
752 736 780 763 1.
795 736 829 764 Ο.
845 734 867 763 f.
882 731 910 763 δ.

174 780 391 809 ,monstrabat
402 789 430 815 p.
467 779 715 809 monstrabitur
728 782 763 808 G.
779 781 808 809 1.
823 788 841 809 a
855 788 895 808 m.
911 788 938 814 p.
955 780 976 808 f.
1013 777 1170 806 indicium
1187 779 1223 806 G.
1238 778 1268 806 2.
1283 778 1321 805 D.
1358 774 1474 803 ibidem
1490 778 1526 804 G.
1543 776 1570 803 1.
1586 782 1606 803 a
1618 782 1659 803 m.
1673 782 1700 802 s.
1716 782 1771 809 pro
1784 772 1878 801 idem.

79 825 358 864 profugae‘ssentP.
378 826 576 865 profugisse
589 823 618 854 δ’.
643 824 937 863 vestigiumfugae
952 826 986 853 G.
1000 826 1026 853 1.
1041 825 1075 852 Ο.
1108 821 1232 860 procul
1243 821 1381 849 abderet
1394 828 1464 849 sese
1477 821 1552 849 F.3.
1568 821 1603 849 G.
1621 821 1649 848 1.
1664 821 1694 848 2.
1709 820 1745 847 Ρ.
1762 819 1781 848 f.
1797 820 1878 848 0.D.

83 874 120 900 ln
134 875 206 900 cett.
221 870 347 908 procul
357 869 531 907 acprucal
541 869 681 898 abderet
705 869 780 905 (sed
793 870 825 899 in
840 871 876 900 F.
891 871 921 898 3.
934 872 1034 899 rerba
1054 877 1096 896 ac
1110 866 1235 907 procul
1251 871 1325 898 sunt
1345 866 1502 904 abrasa.)
1528 866 1590 896 Pro
1609 862 1745 894 abderet
1760 864 1793 894 in
1807 865 1844 894 D.
1860 871 1879 893 a

84 925 123 945 ιιι.
138 926 164 946 s.
184 920 362 946 correctum
375 920 424 946 est
437 914 587 946 haberet.

84 1005 266 1056 irrepit
285 1004 524 1044 cubicularia.
551 1003 616 1042 IV.
631 1018 667 1056 p.
684 1008 776 1044 274.
793 1017 954 1043 caveam

84 1062 301 1112 irrepsit.
328 1059 430 1098 vill.
455 1074 492 1111 p.
519 1064 611 1101 538.
638 1061 820 1112 irrepit
845 1060 952 1099 cubi-

85 1117 230 1156 culum.
255 1115 325 1155 lX.
345 1131 382 1169 p.
399 1120 490 1157 600.
517 1118 698 1168 irrepit
723 1116 952 1167 hospitiarii.

85 1173 198 1224 [Item
214 1174 398 1212 irretiens
410 1173 548 1224 probat
562 1172 695 1210 Heius.
710 1171 952 1211 AdverleI.

83 1234 121 1269 4.
147 1243 183 1280 p.
200 1234 311 1273 424..
338 1230 402 1279 qui
425 1226 522 1268 Met.
537 1227 608 1267 XI.
632 1243 668 1280 p.
686 1232 777 1268 796.
804 1228 953 1266 confert

83 1300 173 1324 cum
197 1299 256 1324 me
287 1286 400 1324 Fotis
430 1285 546 1324 malis
576 1286 870 1336 t'ncapistrarel
895 1297 952 1322 er-

83 1342 263 1386 roribus,
302 1342 365 1392 qui
401 1346 528 1380 tamen
563 1341 673 1379 loeus
698 1340 816 1390 plane
841 1339 953 1378 aliter

86 1401 148 1436 est
172 1396 438 1448 explicandus.
471 1397 534 1436 De
559 1397 750 1435 sententia
776 1396 823 1434 cf.
844 1395 952 1434 1101·-

84 1452 160 1493 vill.
187 1453 233 1491 ad
262 1452 402 1492 Chai-it.
430 1452 457 1492 l.
482 1458 519 1494 4.
547 1457 641 1493 225.
668 1452 730 1491 ed.
759 1451 893 1504 Lips.]

139 1511 324 1549 membra.
374 1509 524 1561 [Barth.
550 1509 717 1547 Advers.
738 1508 802 1546 Ll.
830 1522 862 1546 c.
889 1512 953 1548 15.

84 1571 252 1618 p.·2410.
266 1566 366 1605 haec
382 1566 430 1604 de
445 1565 618 1604 hocloco
634 1566 808 1603 adnotat:
830 1563 955 1603 Plane

83 1623 174 1661 mihi
190 1637 264 1661 non
279 1622 474 1661 satisfacit
487 1622 563 1661 hoc
578 1623 662 1661 loco
676 1635 753 1659 vox
766 1622 953 1666 membra,

83 1680 266 1725 obscure,
292 1693 364 1717 nec
389 1679 438 1717 de
460 1693 566 1717 more
587 1679 746 1730 Apuleii
778 1677 953 1716 indicans

84 1736 171 1774 loca
201 1736 355 1774 aedium
385 1740 556 1781 secreta,
588 1735 651 1774 ubi
678 1735 840 1786 pecunia
866 1748 953 1772 con-

85 1792 249 1831 deretur.
274 1791 364 1830 ¹Non
378 1793 530 1831 veniam
544 1791 648 1830 illico
663 1795 822 1835 mutare,
849 1790 954 1840 quod

83 1852 310 1900 suspectum
342 1852 421 1894 est,
458 1862 597 1886 moneo
633 1847 775 1886 saltem
800 1847 952 1893 doctos,

84 1905 240 1944 videant
252 1919 299 1944 an
315 1905 468 1943 Graeca
481 1905 612 1955 aliqua
624 1917 717 1950 vox,
743 1904 954 1942 sacrarium

85 1965 151 2000 aut
175 1961 255 2000 tale
281 1962 372 2011 quid
398 1965 555 2007 notans,
580 1961 643 1998 hic
668 1959 789 1999 latere
814 1961 951 2011 possit.

85 2018 188 2064 Quid
211 2031 304 2055 vero
330 2018 404 2055 sibi
431 2017 521 2055 velit
545 2017 697 2062 Barth„
731 2017 795 2054 vix
820 2020 953 2066 potest

84 2073 255 2124 intelligi.
314 2073 416 2111 Nam
447 2074 480 2110 si
516 2073 606 2123 quid
632 2072 835 2111 offensioni
862 2086 957 2110 esse

85 2133 220 2182 queat,
245 2130 397 2168 unicum
422 2133 503 2173 est,
529 2129 632 2179 quod
653 2129 796 2167 (lomus
818 2127 879 2165 vel
893 2143 956 2168 ac-

85 2187 197 2226 dimn
211 2200 283 2224 non
298 2184 467 2223 additum
483 2186 551 2230 sit,
565 2189 607 2223 ut
620 2185 721 2223 Met.
733 2184 794 2222 111.
809 2199 846 2236 p.
863 2189 955 2224 228.

87 2243 151 2281 ubi
175 2242 285 2292 plura
311 2242 383 2279 iam
409 2241 602 2280 adnotavi.
647 2241 729 2279 Sed
756 2254 871 2290 quum
897 2240 958 2278 hic

85 2311 135 2337 ex
147 2302 227 2336 toto
241 2299 516 2336 sententiarum
532 2311 725 2343 connexu,
741 2297 830 2347 quid
846 2311 957 2335 mem-

87 2355 159 2395 bra
172 2354 379 2405 significet,
405 2355 533 2404 possit
553 2353 671 2398 effici,
696 2367 771 2391 nou
793 2357 866 2393 est.
893 2367 958 2391 cur

85 2411 134 2450 de
162 2410 352 2449 vocabulo
379 2410 626 2448 dubitaveris.
666 2409 762 2447 Item
789 2409 959 2460 explicat

83 2467 218 2506 Munk.
230 2466 279 2505 ad
292 2466 435 2517 Hygin.
450 2465 797 2505 sab.CLXXX1V.
811 2479 849 2516 p.
864 2469 956 2506 305.

85 2524 213 2569 Stav.‚
239 2524 301 2573 qui
330 2528 499 2561 nostrum
527 2523 653 2560 locum
686 2522 815 2566 affert,
849 2524 960 2574 queis

83 2581 235 2632 legens.
251 2579 298 2617 cs.
309 2579 429 2617 Voss.
447 2578 616 2630 Etymol.
631 2592 663 2616 s,
674 2578 958 2617 vanembrmm.

84 2636 350 2686 Lindenbrog.
374 2637 410 2674 in
434 2649 555 2685 marg.
577 2634 759 2673 edNulc.
781 2634 958 2672 adnotat:

85 2693 299 2732 membrum
329 2706 430 2744 pars
456 2693 615 2736 domus,
652 2691 822 2729 membre
849 2691 958 2730 Gall.

115 2749 247 2788 ἵππι’.
273 2748 381 2801 allel]

139 2810 424 2857 perspexerat.
472 2802 600 2842 Prava
623 2803 685 2842 hic
709 2807 772 2841 est
795 2816 958 2855 praepo-

87 2861 268 2900 sitionum
304 2862 484 2907 variatio,
529 2874 647 2911 quum
678 2864 962 2912 prospexerat

85 2918 266 2956 sustineri
300 2931 376 2956 non
413 2917 552 2968 possit.
600 2915 743 2967 Neque
779 2916 880 2954 enim
909 2915 960 2954 de

87 2972 298 3024 longinquo
323 2978 390 3012 aut
413 2974 493 3012 alto
519 2973 625 3019 loco,
663 2973 739 3010 sed
769 2985 894 3023 prope
920 2977 959 3011 et

87 3030 123 3068 in
148 3030 246 3081 ipsis
269 3030 436 3069 aedibus
467 3032 626 3070 curiose
657 3042 794 3068 omnes
819 3028 959 3068 domus

87 3089 220 3136 partes
245 3085 376 3126 videre
401 3090 590 3138 potuerat.

145 3139 234 3181 Cn.
257 3139 306 3181 11.
356 3144 513 3196 procul
535 3157 586 3184 ac
606 3142 774 3197 procul.
824 3140 961 3196 [Hanc

1011 1003 1182 1041 adverbii
1219 1002 1514 1052 geminationem
1557 999 1710 1044 retinui,
1749 1011 1879 1050 quam-

1012 1072 1126 1110 quam
1152 1058 1262 1097 aliter
1275 1057 1474 1109 postulare
1488 1057 1662 1095 videatur
1676 1055 1760 1094 cod.
1776 1054 1819 1093 F.
1830 1058 1880 1100 3.,

1012 1128 1125 1166 quem
1150 1116 1293 1164 ubique
1320 1127 1433 1163 quani
1454 1112 1752 1164 religiosissime
1771 1124 1880 1150 secu-

1011 1175 1074 1209 tus
1105 1184 1210 1215 sum,
1243 1175 1434 1220 quatenus
1464 1168 1607 1208 liceret.
1657 1168 1739 1206 Sed
1765 1181 1881 1218 quum

1013 1227 1150 1265 lacuna
1174 1227 1209 1264 in
1237 1226 1372 1264 codice
1397 1227 1485 1276 ipso
1511 1226 1578 1271 sit,
1605 1228 1643 1262 et
1669 1224 1881 1274 diligentis-

1010 1283 1133 1320 simus
1160 1283 1354 1327 libi-arius,
1382 1282 1521 1319 abrasa
1545 1294 1637 1319 esse
1658 1281 1758 1319 haec
1771 1293 1883 1319 voca-

1014 1338 1105 1376 bula
1119 1342 1342 1383 asseveret,
1357 1338 1395 1375 fit
1409 1339 1708 1382 consectarium,
1728 1350 1751 1374 a
1763 1338 1886 1388 prima

1010 1409 1125 1433 manu
1141 1408 1187 1433 ea
1201 1396 1416 1447 perscripta
1431 1393 1718 1439 suisse,deinde
1734 1407 1756 1431 a
1768 1406 1886 1431 manu

1010 1451 1185 1489 secunda
1222 1451 1359 1489 librarii
1398 1450 1547 1495 deleta,
1586 1450 1649 1500 qui
1688 1448 1753 1486 vel
1784 1447 1884 1486 alios

1011 1508 1121 1546 codd.
1148 1515 1238 1546 ante
1259 1507 1395 1545 oculos
1415 1506 1603 1552 habebat,
1631 1504 1692 1543 vel
1712 1506 1746 1542 in
1767 1505 1885 1555 gemi-

1013 1565 1168 1603 natione
1183 1564 1353 1602 adverbii
1370 1562 1605 1602 offendebat.
1621 1562 1708 1600 Huc
1721 1561 1885 1606 accedit,

1014 1621 1118 1672 quod
1144 1621 1261 1660 ceteri
1289 1621 1460 1672 optimae
1484 1623 1601 1657 notae
1627 1619 1796 1659 codices.
1821 1618 1885 1668 qui

1012 1679 1180 1730 pressim
1206 1678 1370 1727 vestigia
1401 1676 1485 1715 cod.
1519 1675 1564 1715 F.
1591 1679 1627 1716 3.
1659 1679 1885 1725 sequuntur,

1008 1735 1167 1786 procul
1184 1748 1234 1773 ac
1247 1732 1622 1785 proculretineant‚
1649 1735 1690 1770 ut
1704 1745 1790 1769 meo
1805 1732 1886 1769 iure

1014 1791 1112 1829 hanc
1139 1790 1342 1828 lectionem
1358 1790 1586 1840 reposuisse
1612 1790 1647 1827 in
1662 1792 1770 1826 textu
1795 1787 1886 1826 milii

1015 1847 1156 1886 videar.
1198 1846 1382 1897 Denique
1407 1847 1507 1884 bene
1534 1844 1717 1897 explicari
1743 1847 1886 1895 potest.

1013 1903 1208 1954 quomodo
1235 1902 1375 1941 librarii
1396 1901 1558 1940 alterum
1576 1901 1731 1953 procul
1747 1901 1887 1939 omise-

1012 1960 1095 2005 rint,
1107 1972 1235 2010 quum.
1246 1962 1430 2009 quantum
1445 1957 1627 2007 equidem
1643 1958 1739 2002 scio,
1754 1956 1885 1996 nullibi

1012 2015 1110 2053 alias
1125 2029 1173 2054 ea
1191 2017 1341 2054 ratione
1355 2014 1454 2053 haec
1472 2015 1648 2065 repetitio
1664 2015 1886 2052 inveniatur.

1014 2070 1133 2109 Plura
1152 2071 1335 2123 exempla
1352 2070 1467 2109 huius
1488 2069 1759 2121 geminationis
1780 2083 1888 2121 prae-

1016 2128 1122 2166 bebit
1146 2127 1274 2166 Bentl.
1302 2127 1350 2166 ad
1376 2126 1509 2165 Horat.
1535 2126 1663 2178 Epist.
1688 2126 1766 2167 1.2.
1784 2130 1887 2168 199..

1017 2197 1183 2234 quocum
1219 2184 1282 2222 hic
1319 2184 1539 2230 consentio,
1577 2196 1627 2221 ex
1663 2183 1747 2222 suis
1783 2182 1887 2221 Mss.

1013 2241 1170 2291 procul
1182 2241 1340 2292 procul
1358 2239 1513 2291 legente
1549 2240 1598 2278 ef.
1616 2238 1648 2278 F
1653 2252 1701 2277 ea
1731 2239 1780 2277 ad
1807 2238 1843 2277 Ιι.
1865 2238 1888 2276 l.

1017 2296 1103 2334 Hoc
1127 2301 1255 2334 tamen
1283 2296 1662 2334 commemorandum
1689 2300 1768 2341 est,
1800 2308 1888 2334 nus-

1018 2366 1132 2403 quam
1157 2353 1387 2404 particulam
1408 2367 1458 2393 ac
1477 2354 1528 2391 ita
1547 2353 1813 2404 interpositam
1829 2351 1889 2390 liis

1016 2410 1214 2459 particulis
1240 2409 1334 2459 legi,
1359 2409 1431 2448 sed
1457 2413 1523 2448 aut
1549 2411 1653 2447 iuxta
1673 2422 1718 2447 se
1738 2409 1889 2459 positas

1017 2478 1087 2503 eas
1112 2479 1206 2504 esse
1227 2470 1292 2504 aut
1311 2466 1403 2511 alio,
1430 2479 1506 2517 quo
1527 2466 1691 2504 affectus
1705 2465 1891 2504 indicatur

1017 2535 1203 2572 magnus,
1240 2522 1432 2561 i'ocabulo
1470 2523 1686 2568 seiunctas,
1723 2525 1763 2559 ut
1782 2520 1890 2570 Virg.

1018 2578 1119 2617 Aen.
1135 2578 1202 2617 Vl.
1217 2583 1310 2619 258.
1336 2578 1438 2616 Nam
1451 2579 1596 2629 ubique
1610 2591 1763 2616 summa
1777 2577 1891 2614 animi

1017 2636 1223 2673 commotio
1239 2635 1461 2687 exprimitur
1474 2635 1565 2673 iniis
1575 2634 1779 2685 exemplis,
1790 2646 1892 2682 quae

1018 2690 1224 2730 Bentleius
1238 2691 1407 2743 protulit.
1441 2691 1554 2737 Quae
1575 2704 1691 2741 quum
1706 2691 1741 2728 in
1757 2693 1890 2727 nostro

1018 2761 1091 2785 non
1107 2749 1317 2799 'conspicua
1333 2748 1400 2791 sit,
1428 2747 1599 2786 fortasse
1613 2747 1702 2785 hinc
1720 2746 1893 2786 adiuvari

1019 2808 1151 2855 potest
1176 2803 1286 2843 locus
1310 2804 1480 2849 Horatii,
1509 2816 1584 2853 quo
1611 2802 1814 2841 novissimi
1840 2803 1892 2840 in·

1017 2864 1213 2912 terpretes
1236 2861 1506 2912 repetitionem
1530 2859 1760 2910 improbant,
1787 2858 1893 2909 quod

1019 2916 1087 2955 ille
1112 2917 1206 2955 nihil
1230 2917 1363 2967 tragici
1389 2921 1429 2954 et
1453 2916 1634 2954 commoti
1661 2914 1891 2968 contineat]

1072 2973 1224 3012 ibidem
1259 2975 1302 3012 in
1338 2973 1530 3024 hospitio·
1577 2971 1663 3024 [De
1699 2971 1775 3010 hoc
1803 2984 1892 3016 usu,

1019 3030 1084 3080 qui
1105 3042 1212 3067 mere
1226 3029 1430 3068 Plautinus
1444 3031 1524 3073 est,
1551 3031 1592 3067 ut
1605 3026 1794 3080 particula
1806 3041 1892 3067 cum

1017 3085 1172 3124 nomine
1197 3086 1321 3137 ipsius
1348 3085 1422 3123 loci
1447 3085 1710 3136 coniungatur,
1735 3087 1776 3124 ut
1799 3083 1892 3123 indi-

1019 3145 1126 3181 cetur
1157 3155 1244 3182 eum
1275 3155 1370 3182 esse
1402 3140 1567 3181 eundem
1596 3144 1663 3181 aut
1685 3143 1728 3180 ut
1750 3153 1891 3181 nomen
