2155 3590
686 116 875 155 LIBER
904 116 976 154 lX.
1037 116 1163 155 CAP.
1195 116 1337 157 XXV.

1798 114 1880 156 819

96 226 226 267 mariti
255 226 459 267 sedaretur
489 226 662 278 animus,
701 228 767 281 qui
797 234 907 267 tanto
940 227 1070 267 calore
1101 233 1287 279 tantaque
1317 227 1426 266 rabie
1457 225 1658 280 perculsus
1690 239 1768 265 non
1793 232 1879 265 erat

95 282 233 322 dubius
268 282 412 335 aliquid
447 282 565 322 etiam
600 283 646 322 de
681 297 724 323 se
761 297 907 336 suaque
944 284 1111 336 coniuge
1147 282 1298 322 tristius
1335 283 1511 336 profecto
1544 281 1719 336 cogitare
1755 281 1874 321 aliud.

95 337 399 379 Contubernalis
424 338 622 392 epularum
649 339 777 379 taedio
802 340 960 392 fugatus
985 340 1108 380 larem
1131 338 1269 379 reveni
1294 351 1436 378 meum.

84 483 269 514 percussus
281 473 310 505 δ.
323 477 360 505 Β.
385 476 426 504 cf.
440 478 516 505 Met.
532 485 561 511 p.
576 479 651 506 626.
677 484 942 514 summopavore
961 484 1215 514 percussum.
1263 478 1340 503 erat
1355 477 1390 504 F.
1408 478 1435 504 1.
1451 477 1481 504 3.
1495 477 1532 504 G.
1549 477 1577 504 1.
1589 477 1621 504 2.
1636 477 1671 504 Ο.
1685 477 1722 505 Ρ.
1736 478 1773 504 D.
1787 477 1823 504 L.
1839 478 1876 505 Β.

1626 543 1633 549 .
1651 522 1678 548 1.
1737 522 1774 549 Ρ.
1787 523 1825 549 D.
1840 522 1874 549 O.

90 530 121 556 p.
135 521 156 550 f.
169 518 197 551 δ.
212 521 315 550 Scriv.
338 523 376 550 In
389 521 504 550 ceteris
517 529 622 548 eram.

89 563 118 595 ὃ.
131 575 163 602 p.
185 568 223 596 In
236 570 308 595 cett.
319 566 500 603 cogitaret.
537 565 720 606 satz'galus
734 568 768 596 Ο.
781 569 819 596 L.

147 677 217 728 qui
240 689 321 714 non
347 680 436 715 erat
459 676 606 716 dubius
625 677 788 728 ah'quz'd
883 677 952 715 tri-

87 733 186 772 stius
200 732 395 783 profecto
417 733 606 785 coyitare
625 732 752 772 aliud.
777 732 834 770 Ita
853 731 953 771 hunc

87 787 214 826 locum
244 800 293 825 ex
323 788 553 839 optimorum
583 788 694 827 codd.
724 789 952 827 auctoritate

85 843 245 882 restitui.
271 842 439 881 Primum
455 844 650 883 Stewech.
665 845 825 896 putavit,
839 844 950 883 alter-

86 903 209 938 utrum
238 900 513 938 vocabulorum
543 902 696 941 tristius
730 905 796 938 aut
825 900 946 940 aliud

85 968 179 993 esse
188 955 561 1007 obducendun1,quia
569 957 699 1002 aliud,
710 957 840 1002 aliter,
851 956 944 996 alie-

83 1025 175 1058 nus,
204 1012 308 1052 alter
332 1017 537 1063 poneretur
554 1013 716 1064 saepius
735 1026 805 1064 pro
824 1011 941 1059 malo,

83 1069 281 1119 sequiore,
306 1068 464 1114 infelici,
488 1068 676 1113 infausto,
701 1068 789 1107 coll.
803 1068 898 1107 Met.
913 1068 940 1108 1.

82 1138 120 1175 p.
145 1128 210 1165 42.
242 1125 276 1163 si
308 1126 379 1176 qui
408 1125 549 1164 aliud
572 1126 788 1177 coyt'tarz'tg
836 1123 944 1163 Fest.

81 1194 119 1232 p.
135 1185 170 1222 6.
195 1179 375 1219 Lindem.
410 1181 515 1220 alter
549 1185 587 1219 et
619 1195 700 1232 pro
732 1194 813 1219 non
839 1181 945 1219 bono

81 1236 248 1282 dicitur,
283 1241 329 1276 ut
363 1237 405 1275 in
440 1237 625 1286 auguriis
660 1236 791 1275 altera
824 1250 944 1288 quum

81 1292 319 1345 appellatur
338 1292 438 1337 avis,
466 1305 568 1343 quae
587 1293 728 1343 utique
735 1305 942 1343 prospera

79 1362 160 1387 non
185 1353 252 1388 est.
301 1348 373 1387 Sic
397 1348 516 1387 aliter
538 1348 741 1387 interdum
760 1361 844 1399 pro
868 1347 941 1386 ad-

79 1418 191 1443 verso
205 1405 360 1444 dicitur
372 1403 549 1447 etmalo:
574 1416 688 1454 quam
711 1404 946 1442 sententiam

77 1460 192 1498 etiam
214 1459 395 1498 Floridus
420 1458 664 1510 amplexatus
689 1463 763 1498 est.
800 1458 945 1498 Casau·

75 1517 220 1562 bonvm,
250 1516 311 1555 cui
338 1519 422 1554 tota
451 1517 571 1554 oratio
594 1516 720 1554 minus
746 1515 864 1554 latina
889 1516 943 1552 vi-

76 1573 238 1611 debatur
251 1585 363 1618 esse,
387 1570 524 1622 legens
539 1572 686 1612 dubius
698 1586 818 1617 eram,
839 1571 943 1622 quod

75 1629 166 1667 edd.
188 1632 281 1667 vett.
305 1641 442 1667 omnes
455 1628 659 1679 praebent,
683 1628 781 1666 iuter
797 1628 945 1667 dubius

77 1688 118 1723 et
140 1684 305 1736 alz'quz'd
327 1684 630 1723 interserendam
660 1697 755 1722 esse
778 1697 943 1735 pronun·

77 1742 184 1780 tiavit
195 1739 422 1792 particulam
438 1741 548 1792 quin.
566 1739 753 1778 Pricaeus
766 1740 801 1778 in
817 1741 944 1790 capite

76 1801 194 1836 notae
216 1796 386 1848 praefixo
413 1795 605 1834 exhibuit:
630 1810 712 1834 uon
736 1809 843 1834 eram
869 1796 940 1835 ‹Zu-

23 1865 29 1870 ·
77 1854 164 1893 hius
176 1852 364 1905 alz'oquin
378 1853 430 1892 de
442 1866 481 1891 se
493 1866 658 1904 suaque.
683 1852 772 1890 Non
788 1851 943 1890 latinam

75 1922 169 1947 esse
182 1909 504 1947 constructionem
517 1908 632 1946 etiam
641 1908 742 1947 Oud.
751 1909 944 1946 sententia

77 1970 156 2011 est,
193 1965 226 2003 si
264 1963 414 2015 legatur
451 1965 522 2016 qui
555 1978 639 2003 men
663 1978 771 2003 eram
795 1964 942 2003 dubius

77 2021 295 2074 coyitaret,
331 2021 497 2072 hincque
524 2019 780 2059 anacoluthon
810 2021 943 2058 statuit

74 2090 145 2129 pro
172 2090 286 2129 quem
308 2090 390 2115 non
420 2090 529 2115 eram
560 2077 722 2122 dubins,
757 2076 821 2113 vel
859 2077 940 2128 qui,

74 2147 159 2172 non
205 2146 314 2171 eram
360 2132 528 2177 dubius.
578 2133 675 2183 quin
724 2134 941 2185 coyitaret.

75 2188 205 2236 Quum
218 2201 308 2226 vero
323 2189 357 2226 in
377 2188 489 2226 codd.
509 2187 775 2226 diversissima
793 2188 940 2226 ratione

77 2245 187 2283 locus
218 2250 497 2296 corrumpatur,
528 2244 678 2283 coniicit
706 2258 788 2283 non
813 2244 940 2283 dubio

74 2305 272 2339 auctorem
291 2301 471 2346 dedisse,
497 2300 600 2352 quod
622 2298 822 2340 alibrariis
835 2301 940 2350 igno·

74 2360 198 2396 ratum
237 2370 375 2396 ansam
422 2355 663 2408 corruptelae
707 2356 937 2408 praebuerit.

76 2413 177 2465 [Sed
189 2413 421 2452 monendum
436 2417 509 2460 est,
529 2413 655 2452 dubio
669 2412 830 2451 formam
844 2425 938 2451 esse

71 2469 276 2520 hucusque
305 2484 379 2509 non
409 2471 506 2508 satis
538 2469 813 2517 confirmatam3
847 2482 938 2507 nam

74 2530 228 2576 praeter
263 2526 390 2564 locum
424 2525 525 2566 Met.
554 2524 622 2564 IX.
657 2539 695 2577 p.
721 2528 816 2565 596.
852 2538 938 2564 nec

76 2581 225 2622 dubio
258 2596 319 2621 me
354 2582 523 2629 lanceis,
559 2582 624 2619 ubi
659 2581 790 2632 optimi
823 2580 936 2619 codd.

74 2639 111 2676 in
130 2650 178 2677 ea
197 2638 364 2677 lectione
382 2641 652 2690 perseverant,
676 2637 806 2675 nullus
820 2650 937 2687 quan-

74 2697 155 2732 tum
179 2695 279 2741 scio,
303 2694 414 2733 locus
434 2694 561 2733 afferri
577 2697 726 2746 potest,
751 2691 817 2731 ubi
834 2690 936 2732 Mss.

75 2753 116 2787 et
149 2749 238 2790 edd.
273 2752 429 2804 optimis
465 2764 514 2789 ea
547 2750 672 2789 forma
710 2749 939 2789 stabiliatur.

75 2803 178 2843 Nam
206 2805 295 2847 Liv.
323 2807 386 2846 111.
413 2812 475 2848 24.
503 2806 533 2857 ξ.
560 2811 597 2848 3.
622 2812 661 2844 et
683 2804 872 2844 XXXIV.
899 2809 937 2845 2.

77 2861 109 2910 §.
141 2865 178 2903 6.
213 2875 349 2902 omnes
383 2864 435 2902 ad
468 2877 585 2903 unum
621 2862 736 2901 codd.
773 2867 813 2900 et
847 2861 936 2900 edd.

73 2915 255 2957 meliores
278 2921 470 2970 praebent
498 2920 613 2959 lzaucl
642 2919 774 2959 dubie.
822 2917 938 2956 Unde

75 2971 178 3012 Met.
190 2973 227 3012 d.
239 2973 266 3014 l.
276 2989 351 3015 uec
363 2977 488 3016 dubio
502 2990 577 3015 non
592 2988 685 3014 esse
699 2975 935 3020 adverbium,

78 3029 151 3067 sed
164 3031 270 3069 verbi
289 3032 454 3071 inusitati
473 3033 633 3084 primam
651 3044 857 3083 personam
872 3030 937 3068 de-

79 3083 238 3125 fendere
257 3088 344 3139 quis
361 3090 506 3139 possit,
532 3088 636 3141 quod
649 3087 858 3139 antiquitus
873 3100 937 3124 ex-

670 520 802 550 {lube'um
815 524 851 551 G.
867 524 880 551 1
889 543 896 550 .
911 524 946 552 Ο,
961 520 989 551 δ.

1694 523 1710 538 ”)

1693 541 1724 548 ιι.

1039 522 1188 550 tristium
1200 522 1238 550 L.
1250 522 1289 549 Ι).
1304 521 1340 549 G.
1353 522 1384 549 2.
1432 519 1584 557 cogitare
1597 522 1622 549 G

1011 676 1138 714 titisse
1174 675 1312 726 probat
1346 673 1454 712 Fest.
1490 687 1528 725 p.
1554 677 1623 714 51.
1654 674 1800 713 dubiat
1823 698 1873 702 -—

1010 732 1183 777 dubitat,
1196 730 1250 768 uti
1265 731 1395 781 optimi
1409 730 1522 768 codd.
1536 729 1680 781 legunt,
1694 728 1873 768 Lindem.

1008 801 1101 826 vero
1117 787 1248 828 dabat
1258 786 1450 838 praetulit.
1475 785 1534 824 lta
1546 784 1730 836 explicari
1744 789 1873 835 queat,

1009 858 1074 882 cur
1111 841 1240 883 Guelf.
1267 846 1303 883 2.
1341 842 1377 880 d.
1403 842 1426 880 l.
1462 855 1531 893 pro
1566 841 1673 880 varia
1707 839 1875 879 lectione

1003 900 1148 940 dubito
1172 899 1325 937 habeat.
1375 897 1617 937 Constructio
1644 911 1719 936 non
1740 901 1803 935 est
1821 898 1873 935 in-

1000 957 1161 1001 usitata,
1201 956 1236 993 si
1270 968 1353 993 non
1388 955 1515 994 dubio
1547 967 1616 1005 pro
1646 953 1872 1004 parenthesi

1000 1011 1198 1050 habeatur.
1248 1010 1331 1048 Sed
1342 1014 1384 1048 ut
1397 1010 1524 1049 dubio
1538 1009 1762 1048 adverbium
1775 1022 1871 1048 esse

998 1069 1138 1119 possit,
1163 1066 1342 1117 analogia
1354 1065 1515 1104 aliorum
1529 1065 1746 1112 defensum,
1770 1078 1872 1116 quae

1003 1124 1199 1175 Apuleius
1226 1136 1312 1160 cum
1338 1122 1427 1160 aliis
1450 1124 1486 1160 in
1514 1136 1538 1160 ο
1563 1122 1730 1160 formare
1755 1126 1870 1166 amat,

1004 1180 1051 1218 cf.
1077 1180 1127 1218 ad
1150 1179 1247 1218 Met.
1262 1178 1311 1217 V.
1341 1191 1379 1230 p.
1405 1182 1518 1224 339.,
1548 1177 1612 1216 hic
1641 1181 1768 1216 tamen
1795 1192 1868 1216 non

1001 1235 1128 1280 video,
1154 1236 1217 1285 qui
1243 1248 1327 1273 non
1352 1234 1478 1274 dubio
1503 1235 1538 1272 in
1564 1247 1647 1273 non
1671 1248 1782 1273 eram
1806 1234 1867 1272 vel

1001 1297 1090 1330 erat
1113 1291 1260 1331 dubius
1278 1291 1502 1329 commutari
1521 1290 1700 1341 potuerit.
1724 1290 1869 1328 Veram

999 1346 1073 1385 loci
1099 1347 1423 1385 constructionem
1450 1346 1634 1384 odoratus
1659 1349 1721 1384 est
1745 1345 1868 1391 Oud„

1004 1416 1237 1454 quamquam
1272 1401 1427 1440 mirifice
1462 1402 1538 1440 sibi
1573 1415 1648 1439 non
1690 1402 1868 1452 perstitit.

1003 1459 1077 1498 Est
1089 1461 1188 1497 enim
1210 1471 1350 1509 graeca
1363 1458 1439 1495 ista
1452 1457 1604 1496 dicendi
1618 1459 1732 1504 ratio,
1758 1457 1868 1495 cuius

1002 1516 1077 1554 etsi
1102 1515 1264 1553 alterum
1289 1512 1514 1566 exemplum
1538 1512 1677 1552 afferre
1700 1527 1776 1551 non
1801 1514 1868 1552 ha-

1000 1573 1094 1617 beo,
1119 1571 1298 1621 analogia
1310 1574 1438 1608 tamen
1455 1569 1687 1616 defenditur,
1712 1574 1754 1608 ut
1773 1568 1865 1607 Tac.

1002 1628 1106 1667 Dial.
1131 1627 1182 1665 de
1205 1626 1313 1666 Orat.
1339 1640 1371 1665 c.
1401 1630 1463 1668 16.
1489 1631 1529 1665 et
1550 1627 1637 1677 ipse
1659 1626 1758 1665 satis
1782 1640 1864 1665 ma-

1000 1685 1211 1736 nifestus
1246 1688 1317 1722 est
1351 1684 1431 1721 iam
1455 1682 1610 1721 (ludum
1636 1684 1677 1720 ἱιι
1703 1686 1865 1721 eontra-

999 1743 1103 1780 rium
1127 1740 1346 1790 accinyi,
1372 1752 1445 1777 nec
1459 1752 1591 1790 aequo
1604 1739 1740 1777 animo
1758 1751 1865 1788 pcr-

996 1798 1133 1846 ferre
1163 1795 1270 1834 lianc
1294 1799 1472 1833 nostram
1492 1807 1577 1845 pro
1602 1794 1866 1846 cttztiqzwrum

1001 1852 1124 1891 laude
1149 1851 1427 1890 concordiam.
1452 1850 1552 1887 Aun.
1576 1848 1623 1888 ll.
1649 1853 1714 1889 57.
1738 1854 1864 1888 atrox

1000 1922 1050 1947 ac
1071 1908 1281 1947 dissentire
1305 1907 1599 1956 manifestus.
1624 1904 1811 1943 Melam.
1828 1910 1863 1945 5.

999 1964 1162 2004 Araxes
1185 1963 1418 2012 manifestus
1442 1966 1499 2000 est
1520 1975 1650 2013 neque
1672 1963 1716 2000 in
1733 1965 1865 2000 utram

994 2024 1156 2073 partem
1169 2021 1283 2072 fluat,
1300 2031 1376 2068 qua
1390 2031 1476 2055 cum
1491 2017 1776 2056 constructione
1790 2031 1863 2055 non

999 2074 1271 2115 commutanda
1302 2078 1363 2112 est
1392 2073 1515 2112 altera
1545 2073 1660 2124 plane
1690 2074 1864 2118 diversa,

998 2145 1048 2170 ex
1073 2145 1152 2182 qua
1174 2130 1365 2170 adiectiva
1388 2143 1474 2168 cum
1504 2130 1685 2169 infinitivo
1711 2130 1863 2168 coniun-

997 2192 1152 2238 guntur,
1175 2190 1401 2238 utparatus
1415 2186 1643 2231 decernere,
1657 2190 1864 2237 suspectus

994 2245 1145 2296 fovisse
1168 2242 1261 2289 alia,
1291 2244 1345 2281 uti
1369 2243 1509 2280 miscet
1531 2241 1692 2293 Rupert.
1717 2243 1755 2279 in
1784 2242 1863 2281 ind.

996 2300 1154 2339 Latinit.
1181 2299 1303 2338 Tacit.
1328 2311 1365 2349 p.
1380 2301 1478 2345 8033
1504 2311 1576 2336 nec
1594 2312 1691 2337 usus
1703 2297 1861 2336 Latino-

993 2370 1093 2403 rum,
1123 2356 1189 2408 qui
1218 2354 1389 2406 passivis
1419 2355 1693 2394 nominativum
1717 2354 1862 2392 addere

994 2416 1142 2458 amant,
1178 2411 1243 2450 ubi
1273 2411 1538 2450 accusativum
1568 2425 1654 2450 cum
1678 2410 1860 2448 infinitivo

993 2467 1309 2521 exspectaveris,
1345 2467 1396 2505 de
1431 2480 1508 2517 quo
1545 2481 1619 2505 usu
1644 2467 1860 2504 accuratius

994 2525 1120 2564 dicam
1133 2524 1184 2563 ad
1195 2523 1368 2575 Apolog.
1387 2526 1554 2574 p.416.,
1578 2528 1621 2562 ul
1645 2523 1861 2562 nunciatus

995 2586 1051 2621 est
1073 2581 1213 2621 adesse
1241 2579 1392 2618 similia.
1452 2579 1548 2618 IVou
1578 2579 1728 2618 dubius
1757 2577 1858 2615 idem

993 2643 1057 2676 est
1075 2636 1180 2688 quod
1192 2637 1444 2688 manifestus,
1470 2640 1571 2673 etex
1583 2648 1724 2685 graeco
1738 2646 1859 2678 more,

994 2698 1034 2733 ut
1048 2695 1178 2745 δῆλος,
1203 2689 1364 2744 φανερὸς
1377 2704 1462 2729 cum
1478 2691 1678 2742 participio
1698 2691 1859 2739 iungun-

994 2754 1053 2788 tur
1076 2754 1118 2788 ut
1138 2750 1192 2788 ita
1209 2749 1334 2787 dicam
1348 2746 1615 2798 personaliter,
1640 2747 1690 2785 ita
1704 2758 1859 2796 quoque

992 2821 1074 2845 ‘non
1100 2805 1246 2844 dubius
1268 2803 1331 2842 hic
1354 2802 1574 2841 infinitivum
1593 2801 1779 2841 adsciscit
1796 2814 1859 2839 ae·

994 2875 1071 2913 que
1084 2875 1130 2900 ac
1143 2862 1295 2907 δίκαιος,
1310 2854 1410 2905 ἄξιος
1429 2858 1533 2909 apud
1547 2858 1734 2896 Graecos.
1759 2856 1860 2896 Hinc

994 2917 1258 2957 necessarium
1270 2920 1365 2960 erat,
1390 2919 1431 2952 ut
1444 2927 1495 2952 ex
1507 2914 1645 2952 ceteris
1660 2914 1858 2952 codicibus

994 2974 1031 3013 h.
1047 2974 1070 3012 l.
1090 2974 1276 3026 cogitare
1288 2971 1531 3022 reciperetur.
1569 2967 1668 3008 Tota
1687 2972 1858 3008 constru-

996 3032 1070 3069 ctio
1086 3030 1159 3068 loci
1177 3028 1289 3079 igitur
1308 3031 1386 3065 est:
1415 3027 1486 3078 qui
1498 3027 1759 3065 nmmlaofmn
1771 3031 1859 3065 erat

999 3088 1094 3139 qm'u
1212 3085 1433 3136 coyz'taret,
1464 3096 1537 3163 pro)
1564 3096 1640 3133 qua
1664 3082 1857 3133 Apuleius

1485 3150 1537 3178 ἱ),
1554 3140 1574 3159 >s
