2155 3590
619 117 809 157 LIBER
831 117 896 159 111.
954 116 1079 157 CAP.
1099 116 1206 156 XVI.
1774 117 1855 160 179

61 229 188 282 (tique
219 229 264 268 ad
296 229 541 270 exercendas
571 229 777 270 illecebras
803 231 956 285 magiae
986 229 1177 271 maturius
1203 227 1433 284 ceslsisset,
1461 226 1535 281 ipsi
1567 227 1651 268 Soli
1682 228 1854 269 nubilam
1878 229 1943 263 202

59 285 266 339 caliginem
292 292 331 325 et
355 293 561 340 perpetuas
591 286 775 326 tenebras
808 287 1120 327 comminantem.
1169 284 1286 325 Hunc
1315 285 1515 335 iuvenem,
1544 298 1629 324 c-um
1656 297 1676 324 e
1701 284 1853 325 balneis

57 341 239 382 rediret
227 355 328 405 ipsa,
356 342 575 383 tonstrinae
600 342 837 383 residentem
865 343 1050 383 hesterna
1075 342 1137 383 die
1160 343 1264 382 forte
1290 341 1518 394 conspexit3
1547 354 1593 380 ac
1612 354 1674 380 me
1693 342 1853 396 capillos

57 397 156 448 eius,
174 398 238 451 qui
253 398 329 438 iam
350 399 468 438 caede
487 398 702 439 cultrorum
722 399 868 439 desecti
890 400 991 439 humi
1013 399 1210 451 iacebant,
1233 397 1411 438 clanculo
1432 396 1707 452 praecipitavit
1730 399 1850 439 ferre.

56 534 104 564 ad
113 536 327 566 esan-endas
339 540 422 567 lunt.
438 540 468 566 2.
479 560 486 574 7
513 539 597 567 unde
611 538 646 567 in
658 539 731 567 eius
745 539 891 574 margine
906 540 957 568 vir
970 541 1084 569 doctus
1098 539 1235 568 coniecit
1248 535 1492 566 exsecrandas.
1540 535 1673 574 magiae
1692 539 1783 566 abest
1797 545 1817 566 a
1831 537 1852 566 f.

56 586 86 611 et
99 583 148 611 ed.
160 583 256 611 Vuic.
271 585 301 611 ⁶2.
325 584 410 612 Hinc
421 584 481 612 illa
493 583 623 612 scilicet
636 584 866 613 Elmenhorstii
880 586 1036 614 correctio
1046 608 1053 621 .
1079 586 1135 620 qui
1149 592 1190 613 ex
1200 585 1237 613 F.
1254 585 1282 612 1.
1297 583 1373 612 addi
1385 583 1488 611 voluit
1503 581 1647 619 magiae.
1683 583 1855 610 maturius

55 630 147 656 abest
159 635 179 656 a
191 629 229 656 P.
276 626 417 656 desisset
429 631 467 657 G.
479 629 518 656 D.
533 623 570 667 [a
583 637 612 663 11.
627 637 667 657 111.
690 630 727 657 111
740 630 888 665 margine
901 637 921 658 a
934 638 973 658 m.
988 639 1015 658 s.
1042 629 1214 665 cessisset]
1226 630 1264 658 P.
1312 629 1421 657 Verba
1439 627 1507 664 ipse·
1523 626 1589 655 sali
1604 625 1752 654 nubilam
1767 626 1854 655 cali-

50 672 160 710 ginem
174 675 308 702 exulant
322 680 341 701 a
354 682 389 702 π.
404 679 432 702 et
442 676 476 702 Ο.
486 695 493 707 ,
507 675 657 707 quamvis
672 674 829 702 Pricaeus
840 676 978 704 scribat.
1005 670 1128 704 tantum
1142 674 1321 704 desiderari
1332 673 1399 710 ipsi
1409 672 1490 709 soli,
1507 681 1562 707 pro
1576 673 1681 706 iisque
1693 671 1854 707 scribier,

55 719 139 746 unde
162 718 286 753 refingit
310 718 357 755 ei,
383 727 422 747 ac
439 726 520 747 sane
538 721 571 746 et
590 720 721 747 additur
739 719 772 747 in
794 719 834 749 f..
860 720 913 753 qni
935 721 987 748 dat
1007 719 1160 748 nubilem.
1203 722 1390 757 perpetuas
1405 725 1534 755 poenas
1554 718 1809 745 comminantem
1831 718 1852 747 f.

53 763 302 790 commitantem
316 772 353 792 π.
367 764 463 798 quasi
476 764 589 792 fuisset
609 764 906 791 comminuentem.
930 765 999 802 ipse
1012 767 1059 795 0.,
1075 768 1169 794 male.
1196 767 1276 795 Cum
1285 764 1455 799 Pamphile
1469 764 1591 793 redibat
1607 771 1623 791 e
1638 765 1765 792 balneo.
1780 763 1854 798 ipsa

52 808 133 836 n'dit
147 809 298 838 iuvenem
312 809 345 837 in
358 810 518 837 tonstrina
531 810 706 839 sedentem.
732 812 800 838 Non
816 818 890 838 vero
904 811 977 844 ipsa
990 811 1122 839 intravit
1140 811 1348 845 tonstrinam,
1362 811 1471 838 sedern
1484 809 1659 838 otiosorum
1673 813 1701 837 et
1716 809 1854 837 tonden-

53 853 132 882 tiun!
147 853 305 887 virorum,
332 862 394 882 non
407 855 580 883 mulierum
605 855 647 882 ct'.
662 856 702 883 ad
716 857 787 883 Ter.
803 856 967 884 Pliorni.1.
984 857 1013 883 ⁸2.
1028 857 1081 884 39.
1108 854 1232 890 [Plaut.
1246 855 1341 884 Asin.
1354 856 1392 883 Π.
1408 856 1437 882 2.
1452 856 1504 882 76.
1519 855 1558 882 Π.
1575 855 1604 882 4.
1618 855 1649 882 2.
1673 853 1802 889 Epidio.
1813 855 1853 882 11.

50 899 83 927 9.
100 899 167 935 14..
193 900 233 927 ad
246 907 339 933 quem
353 902 458 927 locum
473 900 680 935 (·f.'1'aulnn.]
728 900 925 928 ινιηεινίηιιν
939 903 974 928 G.
990 905 1017 928 et
1032 902 1070 929 D.
1085 908 1105 929 a
1118 910 1146 935 p.
1162 910 1202 929 111.
1250 900 1461 928 resistentem
1475 901 1558 928 lunt.
1572 901 1603 927 2.
1618 900 1712 927 male.
1760 907 1803 925 ac
1816 897 1856 925 (Ie

51 951 101 970 me
115 943 136 972 f.
157 948 289 972 notante
306 946 448 974 Roatdo.
474 946 531 972 sed
552 949 630 974 teste
651 946 733 974 Elm.
759 954 801 973 ac·
815 944 889 972 iude
903 954 965 980 nte.
993 947 1075 979 quod
1092 946 1314 974 veresimilius
1328 949 1392 974 est.
1422 952 1518 979 quum
1533 945 1630 973 etiam
1644 945 1682 972 R.
1698 944 1743 972 ita
1757 946 1855 979 legat.

51 987 180 1025 desepti
190 990 227 1017 D.
254 987 376 1017 delecti
385 991 498 1018 Venet.
514 992 543 1018 ’2.
568 992 651 1019 Iunt.
673 992 698 1018 l.
713 992 787 1020 ΑΜ.
813 990 950 1025 [Eadem
966 991 1117 1019 lectionis
1133 990 1351 1025 discrepantia
1372 994 1535 1024 comparet
1555 991 1631 1017 Met.
1645 990 1715 1017 vn.
1735 997 1764 1023 1).
1779 990 1856 1018 472.

50 1031 176 1061 hordeo
189 1037 280 1061 secto
295 1042 350 1069 pro
364 1034 476 1069 lectus}
526 1033 654 1063 humidi
667 1038 720 1066 l...
747 1037 831 1064 unde
850 1036 1017 1069 Bri-tutius,
1036 1036 1131 1064 cuius
1145 1036 1248 1064 codex
1262 1036 1344 1063 idem
1365 1038 1511 1068 praebet,
1538 1032 1640 1061 huma
1659 1035 1856 1063 enucleavit.

51 1077 145 1106 hume·
161 1077 353 1107 duacebemt
370 1081 406 1108 P.
431 1078 527 1107 hume·
540 1079 733 1107 diiacebunt
754 1083 789 1110 G.
803 1082 840 1109 D.
860 1088 880 1109 a
900 1090 929 1115 p.
951 1089 990 1108 m.
1017 1079 1111 1107 humi
1128 1079 1332 1107 adiacebant
1353 1077 1397 1111 δ’..
1425 1081 1507 1113 quod
1523 1077 1682 1106 adiacere
1694 1079 1859 1115 significat

44 1125 242 1160 proxv'wum
261 1132 343 1153 esse.
368 1123 562 1152 ‹liius-ebant
581 1126 609 1153 si
630 1126 703 1159 quis
723 1128 887 1160 probaret,
912 1130 998 1154 esset
1018 1123 1166 1160 dispersu·
1181 1124 1357 1153 iun-ebant.
1384 1126 1467 1158 quod
1487 1133 1550 1153 111111
1564 1125 1610 1152 ita
1624 1124 1747 1153 falsum
1760 1128 1857 1153 esset.

44 1169 219 1206 praecipit
231 1169 374 1208 auferre
387 1171 422 1199 F.
437 1172 467 1198 3.
493 1171 575 1204 quod
597 1171 781 1199 emendavit
807 1170 938 1205 Sciopp.
959 1172 1125 1203 Susp.111.
1141 1172 1170 1198 4.
1185 1174 1213 1198 et
1234 1172 1389 1204 probatur
1401 1170 1584 1199 salmasio.
1611 1170 1677 1198 nisi
1697 1170 1780 1203 quod
1800 1177 1857 1204 pro

43 1215 219 1251 praecipit
231 1215 307 1250 legit
317 1214 504 1252 praecepit.
524 1214 884 1254 praec-ipr‘taritferse
897 1219 944 1243 est
959 1215 992 1242 in
1006 1220 1079 1242 cett.
1094 1217 1175 1243 Mss.
1190 1220 1218 1243 et
1232 1215 1280 1243 ed.
1296 1222 1342 1248 pr.
1355 1215 1485 1242 Vicent.
1499 1215 1614 1242 Venet.
1628 1216 1658 1243 2².
1679 1214 1857 1251 praecepit

49 1268 85 1288 π.
100 1264 130 1288 et
141 1261 221 1288 Edd.
236 1260 384 1289 Beroaldi
405 1264 463 1288 etc.
491 1268 594 1295 usque
619 1261 658 1289 ad
674 1261 774 1297 Elin..
801 1259 856 1294 qui
882 1268 954 1288 cum
979 1268 1068 1294 seqq.
1094 1260 1316 1288 coniecturam
1337 1259 1481 1294 scioppii
1504 1259 1635 1294 recepit.
1681 1258 1859 1296 praecedit

45 1306 161 1334 venet.
175 1306 206 1333 4.

48 1415 151 1453 initio
170 1419 317 1454 tantum
341 1417 620 1454 enunciationis
639 1416 834 1454 observari
855 1429 921 1468 po-

46 1476 143 1517 test,
174 1485 286 1510 usum
316 1471 442 1511 medio
474 1473 676 1511 enunciato
702 1472 921 1510 vindicave-

45 1529 103 1567 rit.
162 1527 279 1567 Ratio
310 1530 410 1567 enim
442 1543 507 1568 cur
531 1529 732 1567 relativum
757 1529 921 1567 addatur

47 1584 196 1624 videtur
219 1599 266 1622 ea
290 1599 395 1630 esse,
420 1591 462 1624 ut
485 1599 535 1624 ex
559 1586 807 1637 praegressis
832 1600 919 1624 con-

47 1641 261 1680 clusionem
288 1643 398 1694 quasi
421 1642 535 1681 faciat
555 1643 775 1693 arctiusque
796 1643 922 1693 priora

46 1711 133 1750 sqq.
159 1699 444 1750 coniungantur.
507 1698 560 1737 lta
586 1699 763 1744 efficitur,
797 1698 921 1736 salvis

46 1755 191 1793 ratione
222 1759 261 1793 et
284 1757 529 1807 grammatica
556 1755 655 1794 haec
679 1756 920 1806 comprobari

47 1825 119 1850 non
141 1826 275 1864 posse.
325 1810 536 1851 Praeterea
555 1813 685 1851 obstat
704 1816 920 1863 temporum

44 1867 153 1908 ratio.
212 1867 453 1908 Necessario
479 1870 579 1907 9111111
604 1869 812 1921 ponendus
837 1873 920 1907 erat

45 1925 256 1976 imperfecti
281 1927 566 1966 contu-nativus.
597 1926 778 1976 quoniam
805 1938 919 1976 quem

44 1980 252 2038 Pamphile
293 1982 415 2020 voluit
448 1982 610 2021 celerior
645 1982 742 2021 solis
788 1982 920 2019 decur-

44 2051 132 2083 sus.
157 2038 326 2077 nondum
357 2043 439 2077 erat
469 2041 542 2077 iarn
575 2043 756 2090 peractus
781 2038 855 2075 sod
882 2042 922 2074 ut

43 2100 248 2147 peragatur
261 2095 427 2133 efflictim
443 2100 562 2146 optat.
618 2095 687 2133 Sol
703 2108 794 2132 vero
809 2094 919 2132 coelo

45 2166 117 2190 non
156 2151 320 2190 celerius
356 2157 482 2190 ruerat
517 2152 684 2203 ideoque
721 2151 920 2202 imperium

44 2221 119 2246 non
148 2212 302 2257 ,secuto
346 2209 447 2247 mala
497 2209 713 2247 cantamina
767 2208 921 2245 conimi-

43 2265 216 2304 nabatur.
283 2263 337 2302 lta
387 2266 502 2302 etiam
544 2263 918 2316 plusquamperl'ecti

43 2321 308 2360 coniunctivus
350 2334 464 2359 sunm
503 2321 628 2360 locum
666 2322 809 2372 optime
844 2320 917 2358 sibi

45 2377 239 2431 vindicat]

99 2435 297 2475 maturius
326 2436 512 2474 cessisset.
572 2433 746 2485 Elegans
776 2438 816 2472 et
847 2433 916 2472 fre-

43 2504 168 2543 quens
206 2491 346 2530 locutio
378 2493 492 2530 nocti
522 2491 722 2530 decedere
753 2489 918 2528 illustra-

41 2551 100 2586 tur
126 2548 179 2586 ab
211 2546 316 2586 Oud.
349 2561 396 2585 ex
428 2548 556 2586 dictat.
588 2547 635 2586 ad
669 2547 777 2585 Suet.
805 2545 918 2585 Caes.

43 2617 74 2643 c.
101 2608 166 2645 59.
193 2604 303 2656 Sept.
335 2605 386 2642 de
417 2603 461 2642 B.
489 2602 534 2642 T.
561 2603 605 2642 ll.
633 2618 662 2641 c.
690 2608 726 2643 4.
760 2602 844 2655 [Dr.
871 2603 918 2641 ad

42 2659 128 2699 Ltv.
154 2659 219 2700 111.
240 2665 304 2702 60.
330 2660 460 2699 Burm.
487 2660 536 2698 ad
559 2659 677 2698 Ovid.
703 2659 795 2698 Her.
809 2658 919 2698 XIX.

43 2719 146 2758 172.y
167 2717 273 2768 Virg.
307 2716 388 2756 Ecl.
417 2716 519 2755 Vlll.
545 2721 611 2757 88.
637 2717 767 2767 ibique
792 2715 918 2767 Heyn.

41 2772 214 2813 Maerob.
241 2773 394 2813 Saturn.
418 2773 484 2812 Vl.
512 2773 566 2826 2.]

99 2831 324 2870 tonstrinae
349 2831 586 2870 residentem
614 2828 680 2882 [cf.
707 2828 842 2868 Munk.
869 2829 919 2867 ad

41 2884 183 2938 Hygin.
216 2886 295 2926 fab.
318 2886 410 2926 XV.
440 2901 478 2939 p.
510 2890 564 2927 58
589 2899 669 2937 sq„
695 2886 760 2937 qui
789 2890 918 2924 tamen

42 2941 191 2982 dehac
215 2944 498 2982 constructione
523 2943 790 2982 diversissima
814 2955 916 2981 com-

40 2999 207 3052 miscet]

99 3057 276 3108 capillos
301 3087 310 3095 .
332 3087 340 3096 .
360 3086 368 3095 .
391 3060 517 3109 ferre.
567 3056 819 3109 [Superstitio
835 3059 916 3093 erat

42 3115 232 3159 veterum,
262 3113 415 3164 capillis
448 3115 497 3151 uti
535 3126 674 3165 magas
704 3119 744 3151 et
774 3113 914 3150 veneti-

982 1430 1050 1454 eas
1071 1415 1120 1454 ad
1141 1415 1422 1454 incantationes
1443 1414 1688 1453 exercendas
1702 1420 1741 1453 et
1753 1429 1842 1454 amo

981 1486 1061 1510 rem
1086 1472 1284 1510 renuentis
1304 1471 1626 1510 inflammandum.
1655 1471 1702 1512 cf.
1724 1472 1856 1511 Barth.

980 1528 1149 1567 Adi-ers.
1174 1527 1260 1566 Vll.
1287 1531 1322 1568 3.
1350 1542 1385 1579 p.
1412 1528 1523 1580 316]

1034 1585 1340 1637 praecz’pilacit.
1373 1584 1544 1623 Florent.
1560 1589 1596 1626 3.
1624 1599 1858 1638 quamquam

981 1642 1142 1693 probam
1169 1655 1238 1693 per
1261 1655 1307 1679 se
1326 1642 1494 1692 praefert
1516 1642 1720 1680 lectionem
1735 1656 1858 1694 prae-

981 1700 1085 1750 cipit
1109 1701 1294 1751 anferre,
1320 1703 1446 1736 motus·
1473 1703 1601 1736 tannen
1629 1703 1718 1737 cett.
1746 1699 1857 1738 libro-

980 1769 1060 1794 rum
1074 1755 1313 1799 auctoritate,
1329 1756 1556 1806 scripturam
1576 1755 1857 1806 elegantiorem

977 1813 1274 1864 praecipitavit
1292 1814 1408 1863 serre
1433 1811 1614 1863 praetuli,
1640 1812 1745 1862 quod
1769 1812 1855 1851 cod.

980 1867 1024 1906 F.
1045 1872 1083 1908 3.
1111 1868 1225 1905 lectio
1247 1869 1654 1920 praect’pt'lar'ferre
1679 1868 1792 1907 facile
1817 1869 1853 1906 111

976 1926 1188 1976 praecipi!
1207 1928 1374 1976 {tuferre
1393 1925 1499 1963 abire
1513 1929 1687 1975 poterat.
1727 1925 1854 1963 Recte

981 1979 1291 2019 iamaBeroaldo
1301 1982 1504 2032 exponitur
1520 1983 1669 2033 raptim
1683 1987 1854 2033 elprae-

981 2038 1202 2088 ce'pitanter
1218 2039 1332 2076 iussit
1344 2039 1569 2089 surrepere,
1596 2051 1667 2075 nec
1687 2051 1853 2089 possum

982 2094 1071 2144 quin
1098 2094 1133 2131 in
1160 2107 1208 2130 eo
1235 2094 1348 2131 mirer
1366 2094 1487 2133 01111..
1515 2094 1683 2145 1111011119
1699 2093 1853 2133 bachu-

980 2151 1042 2188 ius
1067 2163 1148 2188 voc.
1176 2151 1460 2188 constructione
1485 2150 1677 2189 dubitarit.
1727 2152 1854 2190 Prae-

982 2208 1158 2272 cipitur-e
1202 2208 1301 2244 9111111
1347 2222 1376 2245 c.
1422 2208 1516 2246 Ace.
1562 2209 1615 2245 rei
1659 2208 1722 2246 vel
1768 2221 1853 2259 per-

977 2277 1050 2301 son
1054 2276 1101 2301 19
1133 2264 1166 2301 is
1198 2263 1349 2302 (licitur
1389 2265 1451 2314 11111
1486 2277 1566 2302 rent
1605 2265 1852 2316 properando

978 2325 1087 2370 urget
1127 2325 1166 2357 et
1206 2321 1321 2359 nimia
1360 2320 1609 2359 festinatione
1645 2322 1851 2360 accelerat.

979 2376 1048 2414 Sil.
1081 2375 1123 2414 lt.
1158 2375 1218 2416 111.
1258 2381 1345 2418 166.
1380 2376 1469 2428 Ulp.
1505 2377 1552 2416 D.
1585 2381 1650 2418 23.
1682 2382 1747 2419 33.
1781 2379 1853 2430 qui

976 2447 1056 2472 non
1066 2435 1412 2485 praecipitarer&
1423 2448 1508 2473 enm
1523 2435 1582 2472 ml
1599 2435 1851 2478 solutionem,

978 2495 1017 2528 et
1041 2490 1259 2528 infinitivum
1285 2491 1471 2529 adsciscit
1486 2491 1592 2541 Yirg.
1607 2492 1708 2529 Aen.
1723 2489 1791 2528 Xl.
1814 2494 1851 2530 3.

979 2547 1081 2586 clare
1116 2552 1270 2598 tempus
1313 2547 1529 2586 humandis
1566 2549 1853 2600 praecipitant

979 2617 1104 2643 curae
1128 2603 1226 2641 Stat.
1255 2603 1379 2641 Theb.
1406 2603 1432 2641 1.
1461 2607 1553 2644 679.
1581 2604 1668 2642 Sed
1680 2605 1852 2656 sipi-ae-

980 2661 1158 2712 ce'pt'tant
1200 2661 1383 2699 miserum
1427 2674 1678 2713 coffleoscere
1713 2672 1849 2699 curae.

978 2715 1093 2755 Unde
1118 2729 1238 2767 prava
1262 2721 1324 2754 est
1343 2715 1444 2754 Oud.
1471 2718 1614 2769 opinio,
1640 2717 1703 2768 qui
1725 2730 1852 2769 prae-

978 2775 1089 2825 cepit
1112 2786 1160 2811 ex
1182 2774 1265 2811 cod.
1286 2787 1327 2811 π.
1349 2777 1387 2810 91
1402 2772 1499 2811 Edd.
1521 2772 1702 2811 Beroald.
1723 2786 1852 2824 usque

977 2829 1027 2867 ad
1053 2829 1152 2868 Elm.
1180 2829 1314 2868 maluit
1343 2842 1552 2880 reponere,
1588 2829 1678 2867 licet
1703 2829 1850 2868 infiniti-

976 2899 1064 2924 vum
1090 2887 1139 2925 ab
1165 2886 1240 2925 hoc
1267 2886 1384 2924 verbo
1410 2885 1579 2924 adscisci
1605 2887 1849 2925 notissimum

973 2943 1034 2981 sit.
1073 2942 1121 2981 cf.
1147 2943 1296 2981 Auson.
1312 2943 1348 2980 in
1363 2942 1481 2993 praef.
1498 2941 1606 2980 cent„
1621 2941 1739 2993 Nupt.
1755 2941 1849 2982 Pru-

974 2999 1078 3038 (lent.
1095 2998 1270 3038 cathem.
1284 2999 1370 3043 αν,
1380 3002 1444 3039 63.
1462 2998 1575 3037 Mart.
1592 2997 1721 3050 Cap.1.
1737 3012 1772 3050 p.
1783 3003 1847 3040 22.

973 3056 1034 3094 911.
1044 3055 1174 3107 Κο1111.
1184 3056 1216 3094 Α
1225 3055 1375 3094 mmian.
1388 3051 1510 3094 Marc.
1521 3054 1648 3093 XXll.
1657 3069 1689 3094 c.
1700 3060 1736 3096 4.
1747 3069 1848 3108 quos

973 3112 1074 3151 Oud.
1088 3117 1297 3151 enumerat.
1314 3110 1382 3149 lul.
1398 3109 1652 3210 Capiffigntvit.
1667 3112 1757 3152 Ant.
1772 3110 1846 3151 Ph.
