2155 3590
541 147 724 205 LIBER
753 149 824 189 IV.
885 147 1013 191 CAP.
1042 149 1232 190 XXVII.
1268 147 1484 190 XXVIII.

121 264 171 305 iri
195 262 435 318 praedicant.
486 261 564 304 Sed
589 276 663 317 ego
680 256 726 303 'te
753 263 1099 304 enarrationibus
1128 263 1263 319 lepidis
1295 262 1539 316 anilibusque
1565 262 1705 303 fabulis
1731 263 1910 317 protinus

122 319 309 361 avocabo,
358 318 412 359 Et
435 319 587 374 incipit:

195 465 575 535 FABULA
616 467 746 534 DE
790 464 1164 536 PSYOHE
1206 466 1333 535 ET
1380 465 1840 535 CUPIDINE.

591 638 628 687 G
686 640 733 687 A
788 640 826 686 P
884 640 930 687 U
988 640 1032 687 T
1137 639 1436 688 XXVIII.

230 770 360 812 Erant
382 771 423 811 in
449 772 613 826 quadam
641 772 799 813 civitate
824 786 899 813 rex
925 780 963 813 et
987 774 1140 828 regina.
1186 773 1239 813 Hi
1264 781 1345 814 tres
1371 787 1533 814 numero
1558 772 1656 813 filias
1677 773 1802 812 forma
1821 785 1914 811 con-

120 828 273 881 spicuas
299 828 485 869 habuere.
537 827 615 870 Sed
644 829 815 870 maiores
847 829 999 882 quidem
1025 838 1120 870 natu
1145 830 1321 883 quamvis
1348 830 1573 884 gratissima
1597 829 1747 884 specie,
1775 828 1914 868 idonee

119 892 250 924 tamen
283 884 475 925 celebrari
505 899 619 940 posse
650 885 829 926 laudibus
863 886 1040 927 humanis
1074 887 1355 938 credebantur,
1389 894 1429 927 at
1452 900 1548 927 vero
1573 886 1724 941 puellae
1748 884 1915 925 iunioris

114 1000 320 1039 praedicant
332 1003 368 1031 F.
384 1004 413 1031 1.
427 1003 457 1031 3.
473 1003 510 1032 G.
528 1005 554 1031 1.
569 1004 605 1032 B.
619 1006 648 1032 et
661 1011 772 1032 omnes
787 1004 856 1032 edd.
872 1007 949 1032 veit.
959 1001 1207 1040 praedicabant
1223 1006 1258 1032 G.
1272 1006 1303 1033 2.
1317 1005 1353 1033 P.
1366 1005 1404 1033 D.
1425 1002 1673 1041 praedicabunt
1686 1005 1723 1032 R.
1735 1003 1755 1032 f.
1774 1000 1916 1040 praedi-

119 1050 201 1075 cant
211 1045 240 1077 δ’.
254 1056 284 1082 p.
323 1050 354 1075 te
366 1047 556 1076 rationibus
570 1050 605 1076 G.
623 1050 651 1076 1.
664 1056 693 1083 p.
719 1051 754 1076 et
769 1048 960 1077 rationibus
974 1051 1011 1077 G.
1026 1051 1056 1077 2.
1071 1050 1106 1077 P.
1120 1051 1158 1077 D.
1173 1051 1209 1078 0.
1222 1051 1259 1078 R.
1274 1049 1295 1078 f.
1321 1041 1556 1077 ecr¹at1·om·bus
1568 1049 1603 1077 F.
1613 1050 1643 1077 3.
1657 1049 1725 1087 (ubi
1739 1048 1917 1077 asteriscus

119 1096 179 1129 cst,
205 1093 249 1121 ibi
270 1097 403 1127 apparet
422 1101 495 1122 esse
509 1090 771 1133 correctionem.)
808 1095 888 1123 Oud.
909 1094 1045 1122 coniecit
1066 1094 1354 1122 enarrationibus.
1403 1093 1574 1122 advocabo
1589 1096 1624 1122 G.
1642 1096 1670 1123 1.
1684 1096 1715 1123 2.
1736 1094 1770 1122 P.
1785 1095 1823 1122 D.
1837 1095 1871 1122 0.
1887 1089 1916 1122 ὃ.

120 1138 161 1166 cf.
170 1139 210 1167 ad
221 1140 326 1167 Meu.
337 1147 365 1173 p.
376 1140 428 1167 65.
454 1138 597 1166 erac-aba
611 1140 646 1167 B.
657 1140 854 1168 etcddwen.
866 1141 1122 1174 praeterlunt.·2.
1136 1162 1143 1172 ,
1159 1147 1241 1173 quae
1254 1143 1348 1168 habt-t
1363 1139 1524 1167 avocabo.
1549 1142 1582 1166 et
1596 1138 1716 1175 iner'pz't
1727 1141 1874 1168 absunta
1889 1134 1918 1167 δ’.

209 1185 286 1209 erae
301 1184 336 1211 G.
354 1185 381 1211 1.
400 1184 514 1212 Vener.
527 1185 558 1211 2.
577 1186 661 1212 lunt.
678 1185 706 1212 1.
722 1185 752 1212 2.
765 1185 840 1212 Ald.
878 1186 957 1210 erat
976 1184 1010 1210 &t
1030 1182 1121 1221 quad
1138 1186 1174 1213 P.
1224 1183 1368 1222 quadam
1388 1187 1498 1213 exulat
1519 1191 1539 1213 a
1557 1193 1586 1219 p.
1636 1183 1816 1220 conspicua
1835 1185 1871 1212 G.
1888 1184 1917 1212 1.

119 1226 198 1264 (non
212 1229 247 1256 G.
264 1229 292 1257 2.
303 1250 310 1263 ,
336 1232 368 1256 ut
383 1229 462 1257 Oud.
476 1228 634 1261 adnotat.)
672 1226 948 1266 habuereforma
962 1229 1142 1264 conspicua
1157 1232 1192 1257 G.
1207 1231 1237 1258 2.
1253 1228 1291 1258 D.
1329 1238 1427 1267 qaam
1444 1233 1479 1257 nl
1491 1232 1584 1266 grat.
1597 1231 1635 1258 D.
1672 1237 1727 1266 spe
1741 1228 1780 1258 D.
1795 1236 1823 1258 a.
1838 1236 1878 1257 m.
1889 1236 1917 1263 p.

118 1274 321 1307 ‹quaeiectio
333 1281 374 1301 ex
388 1274 575 1308 compendio
594 1273 659 1309 spe·
680 1277 758 1301 nata
772 1272 852 1305 est.)
901 1272 1017 1300 idonee
1035 1275 1070 1303 F.
1088 1276 1115 1302 1.
1130 1276 1159 1302 3.
1175 1276 1255 1303 G.-1.
1271 1277 1299 1302 ·.›.
1315 1276 1352 1303 D.
1368 1277 1401 1303 0.
1418 1276 1455 1303 n.
1470 1276 1505 1303 P.
1521 1275 1542 1302 f.
1557 1271 1585 1302 ὃ.
1622 1273 1780 1302 idoneae:
1808 1277 1919 1302 tamen

119 1319 155 1347 B.
170 1322 199 1347 et
213 1319 282 1347 edd.
296 1321 374 1346 vert.
409 1317 560 1345 im'danee
573 1319 667 1348 Vuic.
682 1322 711 1346 et
725 1320 807 1346 Elm.
832 1317 1010 1346 inidoneae
1023 1320 1128 1347 Scriv.
1144 1315 1244 1356 (quod
1257 1321 1398 1352 intelligi
1410 1328 1472 1348 non
1489 1323 1589 1353 potest
1600 1341 1607 1354 ,
1628 1320 1693 1348 nisi
1707 1319 1740 1347 in
1755 1322 1919 1354 syllabam

119 1372 192 1392 esse
206 1363 402 1392 intensivam
422 1371 525 1398 neque
543 1364 730 1398 negativam
751 1372 875 1391 mecum
895 1364 1051 1392 statueris
1076 1364 1117 1392 cf.
1137 1365 1176 1393 ad
1191 1368 1266 1393 Met.
1281 1366 1303 1393 1.
1326 1373 1354 1399 p.
1370 1367 1422 1393 56.
1471 1363 1672 1392 credebatur
1685 1366 1720 1393 P.
1769 1362 1917 1392 credeba·

1827 148 1917 193 283⁴

120 1409 157 1437 D.
204 1407 343 1436 minoris
357 1409 392 1436 P.
407 1410 455 1437 ed.
471 1417 517 1443 pr.
532 1413 561 1437 et
574 1410 658 1437 lunt.
671 1410 702 1438 2.
730 1409 835 1438 Ceteri
849 1410 938 1437 codd.
953 1413 982 1437 et
997 1410 1067 1437 edd.
1081 1413 1156 1438 vett.
1171 1412 1323 1445 praebent
1338 1410 1491 1439 iunioris.

172 1508 435 1560 praedicant.
462 1506 551 1546 Non
573 1509 765 1546 assentior
779 1506 900 1553 Oud.,
927 1508 992 1558 qui

120 1564 196 1603 hoc
222 1564 309 1602 loco
330 1564 604 1616 praedicant,
632 1564 737 1615 quod
767 1565 992 1616 paucissimi

123 1620 235 1660 codd.
259 1620 416 1667 habent,
442 1620 623 1672 praefert,
642 1622 730 1671 quia
746 1622 994 1672 praedicere

122 1677 209 1728 ipsa
235 1681 389 1715 ostenta
407 1681 447 1715 et
466 1678 618 1716 somnia
631 1677 805 1716 dicantur
818 1677 907 1716 coli.
923 1677 991 1715 Dr.

122 1733 171 1772 ad
194 1733 281 1773 Liv.
299 1731 472 1772 XXXV.
500 1737 563 1775 39.
590 1735 621 1785 ᾧ.
638 1739 672 1774 7.
699 1734 810 1772 Bene
836 1734 992 1772 delendi

121 1794 256 1843 potest
275 1790 528 1842 praedIeant
552 1791 589 1829 id
615 1795 677 1828 est
701 1791 906 1829 enunciant
933 1790 994 1828 vel

122 1848 367 1900 pronuntiant
391 1851 430 1884 et
454 1847 583 1898 paiam
611 1846 765 1887 faciunt.
819 1846 907 1893 Quo
933 1860 994 1886 ac-

124 1903 246 1950 cedit,
272 1903 377 1954 quod
396 1903 504 1941 Afris
530 1917 605 1941 non
632 1908 777 1942 tantum
799 1904 922 1942 fuisse
942 1904 994 1940 vi—

124 1960 234 1999 detur
256 1961 456 2011 utriusque
481 1960 660 1998 vocabuli
693 1960 917 2007 discrimen,
955 1964 995 1998 ut

123 2016 286 2055 alterum
322 2029 390 2066 pro
426 2016 548 2054 altero
585 2020 786 2068 ponerent.
847 2018 995 2069 Aperte

126 2074 227 2111 enim
251 2071 413 2111 Tertull.
439 2070 611 2123 Apolog.
630 2076 691 2113 18.
718 2086 754 2123 p.
773 2076 834 2112 17.
862 2072 903 2112 C.
927 2072 994 2110 Ri-

126 2129 220 2181 galt.
246 2127 352 2167 dicit:
382 2128 495 2174 Quos
520 2129 699 2168 elixt'mns
726 2129 893 2180 praed
901 2131 994 2169 ica-

127 2191 272 2231 tores,
298 2184 532 2236 prophetae
546 2185 598 2223 de
612 2186 754 2237 officio
764 2186 996 2237 praefandi

128 2245 327 2282 vocantur
351 2240 503 2279 advers.
530 2239 609 2279 Iud.
641 2254 673 2280 c.
700 2245 735 2281 3.
767 2254 802 2291 p.
833 2246 921 2281 186.
948 2241 995 2280 Β.

127 2300 232 2338 sicut
256 2297 402 2336 Esaias
427 2312 460 2349 p
474 2311 496 2335 7·
511 2312 535 2336 a
551 2311 570 2335 e
586 2297 616 2335 (l
628 2299 642 2335 i
656 2311 677 2335 c
690 2313 715 2335 a
734 2311 755 2335 r
770 2299 784 2334 i
799 2302 815 2336 t
845 2298 995 2343 dicens,

129 2354 242 2408 qaod
272 2355 315 2392 in
344 2354 566 2393 novissimis
596 2353 735 2392 diebus
765 2355 999 2406 manifestus

124 2414 292 2464 saturus
315 2415 413 2449 esset
436 2409 580 2462 mons.]

185 2466 528 2506 enarrationibus.
565 2465 621 2504 lta
641 2479 725 2504 cum
742 2465 843 2504 Oud.
859 2479 881 2503 e
894 2466 998 2505 Mss.

129 2523 314 2562 lectione:
330 2528 368 2563 et
381 2522 608 2562 rationibus
628 2523 854 2569 emendans,
868 2524 903 2560 in
918 2526 995 2560 tex-

129 2584 208 2618 tum
221 2581 362 2631 recepi.
387 2577 539 2617 Eadem
552 2579 747 2618 sententia
759 2579 854 2617 dixit
868 2578 998 2625 Quint.

130 2635 158 2675 I.
167 2640 292 2682 8.18.,
302 2637 408 2675 cuius
421 2635 497 2674 hoc
505 2634 735 2674 vocabulum
744 2635 892 2673 videtur
907 2649 1001 2674 esse

131 2693 344 2745 proprium:
371 2693 449 2731 His
473 2692 642 2731 accedet
665 2693 920 2731 enarratio
945 2692 1001 2731 1ιί-

133 2750 352 2789 storiarum
376 2754 414 2788 et
436 2749 612 2800 saepius.

135 2898 414 2952 Fabula
466 2897 544 2950 de
597 2896 876 2967 Psyche
935 2901 1002 2951 et

377 2976 758 3047 Cupidine.

195 3084 281 3126 CM».
312 3086 497 3127 XXVIII.
553 3087 701 3127 Erant.
750 3085 1003 3138 [Fulgentius

139 3140 307 3193 Mythol.
331 3142 394 3184 111.
421 3148 458 3186 6.
494 3144 576 3183 fere
607 3143 744 3183 iisdem
776 3143 906 3182 verbis
931 3143 1005 3182 sed

1051 1509 1087 1546 in
1109 1510 1303 1561 epitomen
1324 1510 1491 1548 redactis
1512 1509 1612 1547 hanc
1632 1508 1801 1547 fabulam
1816 1521 1920 1546 enar-

1052 1569 1128 1606 rat.
1154 1566 1282 1603 statim
1309 1567 1514 1618 incipiens:
1542 1565 1740 1617 Apuleias
1753 1565 1922 1604 inlibris

1052 1622 1443 1674 siletamorpltoseon
1474 1623 1581 1661 hanc
1609 1622 1802 1675 fabulam
1828 1621 1921 1672 pla-

1051 1680 1208 1718 ne'ssa'me
1222 1679 1451 1731 (lesi-qnara't
1469 1679 1607 1718 dicens
1627 1692 1723 1718 esse
1742 1680 1789 1717 in
1812 1692 1872 1731 qu
1881 1693 1922 1717 a·

1053 1735 1160 1773 (lam
1194 1737 1394 1775 civitate
1426 1749 1585 1787 reqqem
1615 1741 1659 1774 et
1687 1736 1922 1788 reyinam,

1056 1791 1234 1830 habere
1260 1797 1354 1831 tres
1375 1793 1546 1844 filias,
1572 1792 1675 1831 duas
1698 1797 1814 1830 natu
1838 1805 1924 1830 ma-

1054 1849 1183 1887 iores
1209 1862 1287 1887 esse
1312 1853 1535 1900 temperata
1561 1849 1706 1899 specie.
1754 1847 1924 1885 Linden-

1053 1905 1162 1955 brog.
1190 1905 1239 1942 ad
1263 1904 1298 1942 h.
1320 1904 1343 1942 l.
1376 1904 1553 1942 adnotat:
1591 1904 1687 1943 Hoc
1718 1917 1924 1943 commune

1056 1961 1272 2000 exordium
1289 1961 1531 2012 fabularum
1551 1963 1643 2013 fere
1669 1961 1842 2000 omnium
1866 1959 1925 2012 [ut

1055 2020 1211 2055 nostrae
1227 2030 1381 2067 quoque
1396 2017 1552 2056 fabulae
1566 2018 1617 2055 ita
1631 2017 1825 2068 incipiunt.
1843 2015 1926 2055 Sed

1056 2086 1141 2111 cum
1177 2072 1281 2112 Oud.
1318 2087 1392 2111 non
1435 2074 1691 2124 comprobem,
1732 2072 1925 2112 librarium

1056 2129 1140 2167 cod.
1173 2128 1272 2180 Peg.
1304 2134 1343 2168 et
1373 2129 1489 2168 alium
1520 2131 1704 2168 incertum
1739 2130 1857 2168 virum
1889 2129 1924 2167 in

1056 2199 1123 2223 ora
1146 2184 1218 2224 Ed.
1235 2186 1392 2231 Viceut,
1424 2187 1487 2236 qui
1513 2186 1575 2224 hic
1596 2186 1732 2224 librum
1753 2187 1926 2237 quintum

1055 2242 1248 2292 incipiunt,
1275 2243 1380 2293 quod
1405 2242 1599 2293 Fulgentii
1626 2243 1743 2281 verba
1767 2256 1805 2294 p.
1833 2247 1924 2283 718.

1054 2298 1126 2336 sed
1167 2300 1265 2350 qaia
1302 2300 1402 2339 haec
1438 2301 1688 2339 saturantias
1714 2299 1924 2351 Apuleias,

1055 2368 1162 2406 pene
1210 2355 1385 2395 duorum
1432 2356 1628 2395 librorum
1676 2357 1926 2394 continentia

1060 2415 1209 2450 tantam
1221 2412 1445 2463 salsitatem
1471 2414 1701 2464 conyert'em
1721 2412 1928 2451 enarravit

1059 2480 1132 2505 non
1159 2467 1208 2506 ad
1234 2472 1378 2506 certum
1411 2468 1590 2507 librorum
1629 2468 1817 2512 ordinem,
1853 2467 1923 2505 sed

1057 2523 1107 2562 ad
1150 2524 1319 2576 spatium
1361 2525 1538 2563 videntur
1580 2538 1675 2563 esse
1723 2523 1928 2563 referenda

1057 2579 1217 2619 duorum
1256 2580 1452 2628 librorum,
1490 2581 1630 2632 quibus
1660 2581 1758 2619 haec
1794 2579 1928 2619 sabula

1059 2636 1357 2690 continebatur]

1114 2751 1297 2790 iunioris.
1345 2750 1457 2789 Hanc
1478 2763 1527 2787 ex
1548 2750 1726 2788 omnibus
1747 2750 1852 2789 libris
1871 2763 1927 2788 re-

1059 2807 1146 2859 cepi
1176 2806 1401 2852 lectionem,
1440 2820 1552 2859 quam
1584 2805 1773 2845 Orellium
1803 2807 1839 2845 in
1865 2807 1927 2846 ed.

1059 2876 1133 2901 sua
1157 2863 1231 2900 iam
1257 2867 1501 2901 restaurasse
1526 2863 1648 2902 vides.
1680 2862 1789 2902 Idem
1814 2862 1926 2915 Fulg.

1060 2918 1229 2970 mythol.
1256 2920 1363 2957 dicit:
1390 2920 1585 2959 iuniorem
1609 2933 1715 2959 vero.
1770 2919 1927 2971 Saepis-

1061 2976 1159 3014 sime
1184 2975 1257 3013 bas
1283 2989 1404 3013 voces
1430 2975 1612 3013 confundi
1632 2975 1746 3015 docet
1759 2975 1863 3015 Oud.
1879 2990 1928 3014 ex

1061 3031 1218 3070 Heroid.
1239 3031 1287 3069 V.
1325 3036 1415 3072 101.
1463 3030 1580 3071 Fabr.
1610 3029 1731 3071 Inscr.
1769 3045 1807 3084 p.
1834 3037 1926 3073 371.

1060 3087 1127 3126 Dr.
1143 3088 1193 3126 ad
1205 3087 1291 3126 Liv.
1306 3087 1371 3126 Vl.
1388 3092 1452 3128 27.
1468 3094 1506 3127 et
1519 3091 1582 3128 34.
1604 3089 1731 3128 dictat.
1754 3089 1803 3128 ad
1818 3089 1927 3128 Suet.

1063 3143 1185 3196 Calig.
1210 3158 1240 3183 c.
1271 3149 1304 3184 1.
1330 3144 1430 3184 alibi.

1938 787 2003 820 300
