2155 3590
686 139 875 180 LIBER
905 140 1026 179 Vlll.
1087 139 1210 179 CAP.
1241 138 1339 179 XII.

1810 137 1892 180 685

111 253 199 307 qnid
224 267 332 292 mora
359 252 542 305 temporis
567 252 723 307 dignum
749 253 962 294 cruciatum
989 252 1177 302 lucraris,
1206 258 1245 291 et
1263 264 1369 290 meos
1400 250 1563 289 forsitan
1592 249 1657 289 [ibi
1685 250 1891 304 pestiferos

111 310 337 362 imaginaris
363 309 592 362 amplexus?
627 308 791 350 Relictis
825 309 1079 349 somnolentis
1112 307 1282 348 tenebris
1308 307 1356 345 ad
1381 306 1495 345 aliam
1524 306 1724 359 poenalem
1749 306 1889 359 evigila

111 365 333 419 caliginem.
385 365 533 405 Attolle
550 379 713 405 vacuam
728 367 887 415 faciem,
916 365 1402 417 vindictamreeognosce,
1429 362 1889 416 infortuniumintellige.

108 481 279 510 lucrm-ius
299 483 410 510 Vener.
435 484 460 510 4.
1759 482 1839 506 ιιι-[ιι
1859 478 1891 505 in

530 483 596 509 esti
615 490 670 509 ero
689 485 725 511 L.

109 535 164 562 pro
183 525 302 554 attolle
322 528 357 555 G.
375 529 401 555 l.
416 527 481 555 2.1'.
502 491 537 555 lp.
552 482 639 556 Rsl).
653 530 690 555 Ι).
713 529 748 556 O.
769 537 804 555 π.
825 525 853 556 ὃ.
874 534 1006 561 quorum
1025 527 1163 560 aliquot,
1189 533 1268 559 quos
1288 533 1345 560 ego
1363 525 1402 552 ad
1423 531 1540 552 manus
1559 532 1621 552 non
1642 524 1754 558 hanni.
1780 525 1832 552 vel
1852 531 1893 549 nc·

109 574 158 601 vel
173 575 212 599 ae
227 575 261 600 lu
276 574 328 600 vel
344 575 410 599 lum
426 573 458 598 in
473 573 613 600 scribere
628 573 703 600 dicit
718 574 797 601 (lud.
821 575 857 600 In
875 573 954 600 meis
975 579 1016 598 ac
1037 573 1071 598 tu
1091 571 1134 599 iu.
1159 572 1227 599 Hoc
1245 570 1342 598 etiam
1355 570 1391 597 F.
1405 570 1434 597 3.
1454 571 1548 596 hahet
1563 569 1618 596 sed
1633 576 1673 596 ex
1686 569 1892 596 correction-⁴.

109 617 143 645 ln
157 621 229 646 cett.
243 616 510 655 attolle-faciem.
560 625 698 644 cat-uum
714 619 748 644 G.
766 619 793 645 1.
807 618 841 645 0.
890 615 1040 644 vindicta
1054 616 1085 644 in
1100 617 1135 644 G.
1153 617 1181 644 1.
1196 619 1224 644 et
1239 617 1273 643 0.
1293 615 1359 649 legi
1372 615 1502 642 adnotat
1517 614 1596 641 Oud.
1620 614 1682 642 Sed
1702 614 1735 641 in
1750 615 1784 641 G.
1802 615 1831 642 ·1.
1845 617 1893 640 est

109 660 288 689 cincla-tam
298 685 306 699 7
333 663 415 690 unde
428 662 523 691 etiam
538 663 571 691 0.
585 663 631 691 ita
644 664 762 690 habere
775 662 942 696 probabile
955 665 1013 690 est.
1060 667 1257 697 recognosce
1268 661 1351 688 Elui.
1363 659 1491 687 vitiose.

774 481 967 519 relic-Usque
988 483 1026 510 D.
1074 480 1223 517 aliquam
1243 487 1298 514 pro
1317 478 1420 506 aliam
1440 480 1475 507 P.
1523 478 1658 515 ect'gt’h'a
1677 480 1710 507 Ο.

110 761 259 812 sepulti
284 761 431 800 umbris
452 761 674 812 Tlepolemi
694 765 762 799 tuo
783 760 973 799 luminum

111 831 256 855 cruore
278 816 424 856 libabo.
454 817 533 868 [De
554 817 673 855 litare
696 817 860 866 eiusque
885 830 972 854 con·

108 874 317 910 structione
343 874 507 911 onmium
533 873 676 923 optime
696 873 775 923 agit
787 872 907 910 Bach.
923 872 973 910 ad

109 928 222 966 Ovid.
248 928 344 966 Met.
369 928 478 967 XIV.
508 933 596 969 156.
623 929 670 967 cs.
693 928 775 966 Iutt.
800 929 849 966 ad
866 929 971 976 virg.

110 986 209 1023 Aen.
232 984 276 1023 11.
306 989 394 1025 118.
420 984 548 1023 Burm.
574 984 623 1022 ad
647 984 760 1022 Ovid.
782 984 888 1029 Fast.
903 984 970 1022 lv,

111 1044 202 1080 650.
251 1040 369 1080 Gron.
400 1047 439 1079 et
466 1041 529 1079 Dr.
561 1041 611 1079 ad
635 1040 719 1078 Liv.
748 1039 844 1078 VIII.
872 1043 907 1080 9.
938 1046 971 1079 1.

110 1095 262 1134 XXIX.
299 1101 360 1137 10.
392 1098 421 1147 Q.
449 1102 484 1137 6.
516 1096 616 1134 Duk.
643 1097 692 1134 ad
717 1096 820 1134 flor.
846 1095 910 1134 llI.
935 1101 971 1135 4.

111 1157 174 1192 22.
223 1153 305 1191 Sed
336 1155 491 1204 egregie
523 1157 621 1191 errat
646 1153 766 1195 Oud..
799 1153 861 1202 qui
886 1166 973 1190 con-

110 1210 293 1248 iecturam
306 1209 367 1247 hic
381 1209 496 1260 plane
511 1209 679 1247 inutilem
701 1209 787 1246 loco
809 1208 971 1246 intrudit.

108 1266 212 1303 Ante
236 1265 372 1303 oculos
398 1266 496 1302 enim
521 1269 698 1302 versatus
724 1268 786 1302 est
804 1263 972 1314 Apuleio

111 1322 219 1358 locus
232 1320 338 1371 Yirg.
353 1322 452 1359 Aen.
472 1320 557 1359 Xli.
579 1325 666 1360 174.
693 1321 810 1358 Dant
829 1323 975 1371 frzeyes

108 1377 288 1416 *manibus
300 1377 425 1416 salsas
438 1382 473 1415 et
488 1381 670 1427 tempora
679 1379 798 1428 ferro
813 1375 974 1414 Samma

107 1437 253 1471 notant
283 1433 505 1484 pecudum,
538 1433 826 1483 paterisque-
856 1431 974 1470 alta-

108 1490 185 1527 ria
212 1488 387 1529 libant.
420 1489 524 1538 quod
553 1488 616 1526 alii
645 1502 711 1539 per
737 1487 974 1538 hypallagen

109 1545 251 1583 dictum
270 1558 363 1583 esse
382 1545 532 1589 volunt,
558 1559 625 1596 pro
647 1549 814 1595 pateras
832 1543 972 1582 allen-1¹-

111 1601 197 1646 bus,
222 1600 297 1646 alii,
320 1606 361 1639 ut
373 1601 563 1651 Heyniua
589 1600 781 1651 explicant
806 1599 973 1638 libando

110 1659 262 1709 rigant.
289 1657 338 1696 cf.
363 1657 413 1696 ad
438 1657 474 1695 h.
503 1657 527 1696 1.
551 1659 792 1708 interpretes.
822 1654 974 1694 Eadem

111 1714 256 1751 ratione
270 1713 365 1752 dixit
377 1714 570 1765 Apuleius
588 1714 640 1752 At
654 1727 731 1765 eyo
744 1712 976 1763 sepulcrum

112 1774 182 1808 tuo
214 1784 359 1810 cruore
389 1770 525 1809 libabo
556 1784 624 1821 pro
650 1769 842 1820 sepulcro
867 1772 976 1807 ἰιιιιηι

113 1838 294 1865 cruorem
310 1826 459 1865 libabo.
494 1827 548 1865 Ac
560 1839 650 1863 vero
665 1829 727 1862 est
740 1823 975 1874 indignantis

112 1886 151 1918 et
175 1882 341 1932 graviter
364 1883 650 1926 adseren-antis,
671 1886 709 1918 et
728 1894 821 1932 prae
836 1881 976 1918 ceteris

113 1938 216 1976 initio
242 1939 423 1977 orationis
457 1940 582 1977 animo
609 1940 772 1989 graviter
797 1936 975 1975 commoti

113 1999 318 2044 usurpatur
353 1995 399 2032 cl'.
433 1995 482 2033 ad
512 1995 608 2032 Met.
640 1993 666 2031 1.
692 2007 728 2044 p.
758 1999 790 2033 1.
822 1992 977 2030 Deinde

114 2050 254 2088 vellem
268 2050 370 2089 Oud.
385 2051 603 2102 exemplum
618 2050 882 2101 adposuisset.
901 2062 977 2099 quo

115 2106 212 2145 hanc
236 2110 277 2144 ut
300 2107 351 2144 ita
377 2107 501 2145 (licam
526 2106 823 2158 praepositionis
838 2105 977 2142 tniesin

114 2161 353 2201 defenderet.
391 2162 583 2213 Equidem
604 2163 673 2200 nisi
696 2163 733 2199 in
749 2161 891 2199 iurandi
907 2160 979 2199 sor-

117 2218 233 2256 mulis
258 2232 448 2270 nusquam
473 2219 572 2258 alias
592 2220 694 2258 hunc
714 2231 825 2256 usum
848 2218 978 2256 obser-

116 2288 204 2313 vare
229 2275 370 2327 potui]

170 2388 311 2428 attolle
337 2402 502 2428 vacuum
524 2389 686 2440 faciem.
737 2388 979 2438 Quamquam

115 2447 214 2483 satis
239 2444 424 2496 frequens
442 2445 494 2482 sit
514 2445 652 2483 locutio
673 2445 862 2483 attollere
888 2458 979 2483 ocn-

117 2502 194 2548 los,
218 2502 386 2547 mltum,
409 2515 549 2553 yenas,
575 2499 677 2538 Oud.
703 2505 827 2538 tamen
854 2500 904 2538 de
928 2499 979 2537 le-

115 2559 251 2596 ctionis
275 2559 436 2595 veritate
461 2558 624 2600 dubitat,
651 2557 739 2606 quia
764 2570 838 2594 non
863 2556 979 2602 videt,

116 2614 310 2665 quomodo
335 2613 396 2652 hic
410 2612 564 2651 Charite
578 2612 788 2663 Τὴν-(85110
814 2626 981 2652 vacuam

113 2672 267 2723 faciem
279 2671 503 2708 adscribere
517 2671 654 2721 possit.
670 2683 754 2706 cuin
771 2682 856 2707 eam
871 2683 896 2706 n
907 2683 979 2707 on-

119 2727 226 2766 dum
256 2726 413 2766 oculis
438 2727 594 2766 orbarit.
625 2729 691 2763 aut
716 2726 865 2768 iubere,
892 2738 980 2762 eum

119 2783 182 2833 qui
212 2783 419 2834 supinatus
455 2784 579 2821 iaceat
617 2782 755 2819 faciem
790 2781 979 2820 attollere.

119 2839 258 2889 Neque
283 2839 322 2877 id
346 2852 447 2890 opus
479 2838 618 2883 fuisse,
656 2851 771 2881 quum
802 2851 824 2874 e
854 2851 982 2888 praec.

118 2900 157 2933 et
179 2908 294 2946 seqq.
317 2899 468 2947 pateat,
493 2894 626 2933 oculos
651 2894 774 2945 ipsius
798 2895 896 2932 satis
921 2907 986 2932 ex-

118 2951 273 3002 positos
297 2951 476 2990 Charitae
500 2951 641 2996 fuisse,
672 2955 714 2989 ut
736 2964 807 2988 eos
832 2951 985 2987 convul-

120 3020 255 3046 nerare
279 3009 454 3059 potuerit.
481 3007 611 3054 Quare
631 3008 691 3045 vix
710 3007 869 3051 dubitat,
895 3007 984 3056 quin

123 3064 328 3114 legendum
351 3064 419 3102 sit:
451 3079 502 3104 ac
532 3069 611 3103 ium
642 3065 683 3101 in
716 3077 841 3102 vacua
870 3064 985 3112 facie

123 3120 339 3160 vinda-tam
362 3126 642 3174 'recti-quosne,
691 3133 734 3158 ea
774 3121 983 3160 sententia:

1032 758 1186 810 Evigila
1212 758 1260 796 ad
1285 758 1504 809 caliginem,
1534 769 1776 806 recognosce
1802 768 1892 806 poe-

1032 829 1119 854 nam
1144 815 1180 853 in
1207 814 1323 859 facie,
1362 827 1462 865 quae
1493 814 1563 852 erit
1593 813 1716 850 oculis
1749 813 1892 851 orbata.

1033 872 1103 910 nisi
1134 871 1220 922 quis
1250 870 1348 908 haec
1376 869 1482 908 malit
1517 871 1673 918 iungere
1703 868 1893 906 vocabulo

1032 927 1272 971 vinidictam,
1299 932 1340 964 ut
1363 927 1414 964 sit
1438 926 1621 964 vindicta
1647 939 1751 977 qnae.
1766 926 1833 976 fiel
1854 927 1894 962 ln

1031 989 1100 1023 tna
1116 984 1245 1035 facie,
1271 983 1332 1021 vel
1359 984 1400 1021 in
1424 987 1533 1021 tuam
1554 983 1706 1033 faciem
1731 980 1819 1018 coll.
1846 980 1895 1018 ad

1031 1040 1127 1077 Met.
1153 1038 1213 1076 III.
1241 1053 1274 1090 p.
1303 1042 1388 1079 197.
1415 1037 1493 1089 [Ex
1517 1038 1769 1088 argumentis,
1796 1049 1896 1087 quae

1031 1095 1136 1134 Oud.
1159 1095 1328 1146 protulit,
1354 1094 1514 1144 intelligi
1528 1098 1678 1144 potest,
1704 1106 1817 1144 quam
1832 1106 1896 1143 pa-

1033 1165 1113 1189 rum
1156 1151 1221 1188 ille
1260 1151 1332 1189 loci
1368 1151 1598 1188 sententiam
1641 1151 1896 1200 perspexerit.

1032 1207 1132 1245 Nam
1158 1207 1208 1244 de
1232 1212 1407 1257 tempore
1431 1207 1596 1256 loquitur
1623 1205 1794 1250 Charite,
1821 1219 1896 1255 quo

1034 1265 1108 1302 iam
1124 1261 1360 1313 Thrasyllus
1375 1262 1603 1300 exoculatus
1617 1266 1714 1305 erat,
1740 1265 1778 1299 et
1797 1274 1898 1311 quae

1033 1319 1258 1370 peragenda
1270 1318 1383 1356 modo
1399 1323 1523 1363 erant,
1545 1319 1616 1355 iam
1633 1323 1792 1369 peracta
1805 1331 1899 1355 esse

1034 1376 1190 1425 cogitat.
1214 1374 1355 1425 Neque
1370 1375 1469 1412 enim
1485 1378 1603 1425 optat,
1616 1378 1656 1412 ut
1670 1387 1766 1412 nune
1781 1373 1899 1411 Thra-

1034 1430 1163 1481 syllus
1189 1431 1362 1481 evigilet,
1400 1430 1505 1481 quod
1540 1430 1573 1468 si
1608 1429 1751 1468 factum
1776 1435 1899 1475 esset,

1033 1500 1198 1538 poenam
1234 1487 1416 1538 perlicere
1452 1500 1526 1524 non
1568 1487 1779 1537 potuisset,
1826 1486 1900 1524 sed

1033 1544 1193 1582 vesania
1218 1543 1361 1594 percita
1385 1547 1583 1581 enumerat
1608 1557 1666 1588 ea,
1692 1555 1792 1592 quae
1816 1555 1899 1593 per-

1034 1614 1180 1651 pessus
1194 1600 1304 1645 foret.
1317 1599 1439 1637 sicubi
1456 1598 1576 1637 oculis
1590 1599 1762 1650 privatus
1778 1603 1900 1638 esset.

1034 1656 1145 1695 Haec
1179 1656 1384 1707 sequentia
1418 1655 1662 1707 apertissime
1696 1655 1898 1693 vindicant.

1034 1712 1133 1751 Hinc
1158 1712 1259 1752 Oud.
1285 1716 1510 1764 argumenta
1534 1712 1811 1763 improbantur,
1837 1713 1899 1762 qui

1034 1769 1084 1807 de
1119 1769 1285 1807 nondum
1324 1781 1445 1807 vacua
1481 1768 1578 1806 facie
1613 1768 1675 1806 vel
1701 1769 1824 1806 minus
1849 1768 1897 1806 ad

1037 1838 1201 1876 poenam
1226 1826 1405 1876 exposita
1429 1824 1615 1875 intelligit.
1666 1824 1727 1864 Αι·
1752 1829 1832 1863 tum
1858 1825 1898 1861 iv

1036 1881 1238 1932 glossema
1264 1882 1498 1919 librariorum
1525 1894 1618 1918 esse
1649 1881 1799 1931 opinor,
1836 1880 1898 1931 qui

1037 1942 1077 1975 ut
1100 1937 1202 1976 Oud.
1228 1939 1261 1975 in
1288 1938 1454 1976 dictione
1481 1951 1646 1976 vacuam
1667 1937 1818 1987 facicm
1843 1941 1899 1975 at-

1037 1994 1179 2032 tollere
1211 1993 1478 2039 offendebant,
1508 2006 1606 2032 sana
1639 1993 1785 2030 ratione
1821 1992 1900 2030 elli-

1036 2051 1196 2096 cieutes.
1210 2064 1377 2090 vacuam
1391 2049 1526 2088 faciem
1539 2048 1662 2087 attolli
1677 2063 1749 2087 non
1764 2062 1899 2101 posse.

1037 2106 1119 2145 Sed
1156 2107 1218 2157 qui
1256 2119 1376 2157 supra
1411 2106 1569 2144 istorum
1602 2110 1754 2158 captum
1784 2105 1900 2157 sapit,

1038 2176 1152 2213 quam
1183 2163 1340 2213 egregie
1370 2162 1468 2200 haec
1493 2162 1596 2202 dicta
1619 2162 1714 2207 sint,
1750 2175 1898 2200 mecum

1038 2220 1279 2270 comprobat3
1321 2232 1510 2258 summam
1548 2218 1648 2256 enim
1686 2220 1901 2270 exprimunt

1037 2276 1193 2314 ironiam
1229 2289 1276 2314 ac
1306 2275 1471 2314 furorem
1495 2273 1692 2321 Charites,
1728 2288 1829 2326 quae
1864 2277 1899 2313 in

1037 2345 1151 2383 seqq.
1187 2331 1293 2370 dicit:
1333 2332 1404 2371 Sic
1435 2332 1619 2383 pudicae
1655 2332 1812 2371 mulieri
1843 2332 1902 2370 tm'

1036 2389 1230 2440 placuere
1255 2389 1377 2428 oculi.
1404 2388 1458 2426 At
1477 2392 1649 2426 veterem
1669 2401 1761 2425 esse
1775 2401 1902 2425 emen-

1037 2445 1233 2483 dationem
1258 2445 1442 2484 correctio
1466 2445 1603 2496 probat
1627 2445 1661 2482 iu
1677 2443 1847 2483 Florent.
1864 2448 1900 2483 3.

1037 2503 1258 2551 conspicua.
1306 2501 1434 2539 Nimis
1460 2505 1571 2539 caute
1594 2500 1748 2538 Roilius
1774 2501 1902 2538 vertit:

1040 2557 1220 2610 Sclrlaye
1237 2558 1355 2596 deine
1374 2557 1503 2596 lem-en
1520 2557 1794 2607 Auyenliedm·
1807 2560 1902 2609 aus:

1038 2615 1138 2652 bene
1163 2614 1352 2665 interpres
1376 2613 1674 2664 Francogallus:
1700 2613 1812 2651 eleve
1836 2618 1900 2650 tou

1038 2672 1174 2721 visage
1194 2671 1299 2721 prive
1317 2671 1366 2708 ‹le
1387 2670 1423 2707 la
1443 2669 1615 2715 lumiere,
1641 2673 1800 2707 secutus
1814 2668 1902 2706 Flo-

1039 2727 1171 2765 ridum.
1207 2727 1365 2766 Vacuus
1379 2730 1417 2764 ut
1431 2726 1529 2764 alias
1543 2726 1674 2771 orbus,
1688 2725 1735 2763 cs.
1751 2724 1901 2764 Metx.

1038 2797 1076 2835 p.
1091 2786 1185 2828 336,
1211 2783 1260 2821 de
1284 2783 1472 2821 caecitate
1496 2787 1718 2832 usurpatum
1745 2786 1824 2821 est:
1851 2782 1902 2820 cf.

1039 2838 1137 2877 Pric.
1162 2839 1212 2877 ad
1237 2839 1273 2877 h.
1289 2839 1313 2878 l.
1338 2838 1546 2878 Praeterea
1571 2837 1643 2876 loci
1668 2838 1902 2876 concinnitas

1043 2894 1232 2946 postulat,
1247 2899 1288 2934 ut
1300 2896 1403 2947 prius
1416 2895 1658 2932 enunciatum
1672 2894 1827 2932 brevius
1839 2895 1902 2940 sit,

1043 2952 1202 2990 orationi
1232 2950 1411 2990 Charitae
1446 2951 1604 2988 furentis
1640 2951 1903 2990 accommoda-

1042 3012 1139 3047 tum.
1165 3008 1200 3046 id
1228 3007 1328 3058 quod
1351 3020 1462 3057 seqq.
1483 3007 1663 3057 probant,
1687 3006 1740 3044 ita
1759 3012 1797 3044 ut
1818 3020 1901 3045 cum

1043 3062 1145 3102 Oud.
1170 3078 1221 3102 ac
1246 3069 1326 3102 imo.
1346 3064 1385 3102 in
1409 3076 1533 3102 cacam
1551 3063 1665 3112 faeie
1684 3063 1902 3102 vindiclam

1042 3133 1290 3174 recqqnosee
1310 3120 1383 3170 legi
1400 3133 1472 3156 non
1494 3122 1794 3161 consentaneum
1814 3120 1899 3173 sit]
