2155 3590
804 116 1073 157 CAPUT
1131 117 1159 156 1.
1782 129 1888 156 xxm

96 237 226 284 eptum
257 246 304 270 se
335 245 429 270 esse
461 235 599 271 narrat.
659 230 785 270 Tanta
815 231 919 283 apud
950 244 1085 270 omnes
1115 231 1149 271 ei
1182 231 1354 269 constitit
1383 231 1592 269 auctoritas
1623 243 1669 269 ac
1701 230 1804 274 laus,
1837 234 1887 274 ut,

94 289 198 340 quod
223 290 310 340 ipse
335 289 477 327 indicat
491 285 566 333 25),
593 288 754 339 primum
780 288 984 328 facundiae
1009 287 1133 327 locum
1162 288 1344 327 facillime
1369 292 1447 325 tum
1478 291 1636 326 teneret.
1698 287 1888 325 Sacerdo-

92 348 144 385 tio
180 346 230 384 ibi
267 345 420 384 functus
456 349 518 383 est
554 345 781 396 Aesculapii
802 343 858 394 25)
896 350 935 384 et
969 359 1129 383 munera
1170 345 1290 383 edidit
1324 347 1610 394 venatoresque
1648 344 1801 382 vestivit
1820 341 1888 393 27).

94 402 181 450 Quo
211 406 340 440 tamen
372 406 545 452 tempore
576 406 749 440 mortuus
779 402 830 440 sit
855 403 1007 440 omnino
1034 402 1137 439 latet.
1199 400 1364 439 Tantum
1390 400 1438 438 de
1460 400 1622 452 Apuleii
1648 402 1762 439 rebus
1788 413 1888 439 com-

91 463 240 512 pertum
268 458 457 497 habemus
528 457 696 508 Effigies
722 458 879 510 Apuleii
905 463 1028 503 extat,
1052 459 1115 497 ubi
1144 458 1336 509 promissa
1361 458 1535 496 caesarie
1560 462 1623 496 est
1648 457 1827 509 depictus
1852 457 1888 495 in

90 516 233 554 Museo
260 515 462 568 Capitolin.
489 514 601 553 Rom.
630 519 750 555 1750.
777 515 821 554 T.
849 515 874 554 l.
902 515 1003 554 Tab.
1037 520 1071 555 1.
1101 515 1148 554 cf.
1177 514 1320 552 Klotzii
1352 514 1440 552 Act.
1472 514 1563 554 Litt.
1590 514 1678 553 Vol.
1705 513 1750 552 Il.
1782 513 1825 551 P.
1854 519 1887 554 1.

152 577 189 613 4.
205 570 276 621 28).

87 587 111 625 p
202 629 349 679 Magna
379 633 441 667 est
471 628 662 667 hominum
694 628 892 667 doctorum
925 629 1125 668 dissensio
1155 633 1277 667 utrum
1303 628 1352 666 ad
1379 626 1634 666 Christianam
1664 627 1889 678 religionem

89 686 325 725 inclinaverit
350 699 397 724 an
423 685 671 725 adversarius
698 686 731 722 ei
747 685 941 736 Apuleius
957 686 1084 730 fuerit,
1110 699 1211 736 quae
1226 685 1382 736 quidem
1401 698 1449 722 ex
1470 698 1555 722 mea
1569 685 1759 722 sententia
1774 683 1889 734 plane

89 743 208 782 futilis
233 747 313 788 est,
346 755 461 792 quum
487 743 522 780 in
554 746 724 780 neutram
757 746 902 792 partem
935 747 1079 781 certum
1104 742 1262 794 aliquod
1288 742 1548 780 testimonium
1574 741 1734 792 proferri
1766 741 1888 779 liceat.

89 800 369 838 Warbutonius
400 799 435 836 in
469 798 582 836 libro:
615 800 666 837 cle
696 800 774 837 cliv.
806 799 946 851 Leqqat.
975 800 1103 838 lllosz's
1134 800 1330 838 acerrimis
1354 798 1587 836 christianae
1617 798 1813 846 religionis
1837 798 1888 834 in-

90 855 214 894 imicis
239 870 325 893 eum
351 856 593 901 adnumerat,
619 857 783 906 eiusque
809 861 939 894 contra
965 856 1205 894 Christianos
1230 856 1359 893 odium
1380 859 1417 893 et
1435 855 1650 893 inimicitias
1669 854 1889 893 confirmata

89 917 128 951 et
163 918 275 951 aucta
311 926 405 950 esse
440 913 624 951 audacter
661 914 880 963 pronuntiat
913 913 995 959 lite,
1032 926 1146 963 quam
1179 913 1213 950 ei
1246 912 1448 951 intenderit
1472 912 1733 957 Aemilianus,
1772 911 1888 949 homo

89 969 340 1008 Christianus.
401 969 468 1007 Cui
500 971 718 1008 sententiae
743 970 859 1021 plane
885 969 1036 1008 fictitiae
1061 974 1099 1007 et
1123 970 1348 1008 arbitrariae
1373 968 1498 1007 locum
1523 969 1683 1007 dedisse
1713 968 1889 1006 videntur

88 1028 205 1066 verba
230 1027 386 1078 Apuleii
409 1025 524 1077 Apol.
545 1040 584 1077 p.
611 1030 721 1066 518.:
749 1030 884 1078 Atque
909 1040 988 1078 eqo
1013 1028 1109 1066 scio,
1135 1027 1353 1065 nonnullos
1378 1031 1417 1064 et
1440 1026 1686 1077 cumprimis
1702 1025 1889 1064 Aemilia-

88 1099 179 1124 num
205 1084 319 1123 istum
342 1084 522 1136 facetiae
546 1084 621 1121 sibi
646 1083 809 1127 habere,
841 1097 904 1122 res
934 1084 1093 1122 (lirinus
1117 1084 1319 1121 dev-idere.
1412 1083 1486 1121 vam
1517 1087 1562 1122 ut
1586 1083 1715 1122 {aldio
1734 1083 1888 1133 partim

90 1141 300 1180 Oeensium
334 1142 404 1193 qui
434 1141 549 1178 istum
578 1153 740 1185 not-ere,
772 1139 876 1178 nulli
907 1140 984 1177 deo
1016 1140 1074 1178 ad
1104 1140 1183 1178 hoc
1209 1140 1295 1177 aeri
1319 1140 1588 1190 supplicavit,
1620 1139 1775 1179 nullum
1800 1144 1889 1177 tem-

86 1197 200 1250 plum
221 1197 511 1249 frequentur-it,
537 1197 570 1234 εἰ
591 1197 737 1245 fanum
762 1196 938 1248 aliquod
959 1201 1194 1246 praetereat
1217 1197 1333 1246 nefus
1359 1196 1490 1241 habet,
1517 1196 1729 1234 adorandi
1747 1196 1890 1248 qratia

87 1268 245 1293 manum
283 1254 408 1292 labris
442 1253 665 1291 adolevere.
727 1252 806 1291 Iste
844 1266 934 1290 vero
964 1266 1038 1291 nec
1070 1252 1148 1290 diis
1178 1253 1402 1291 ruratiom's
1429 1254 1498 1304 qui
1529 1266 1615 1291 eum
1638 1257 1816 1304 pascunt
1840 1266 1890 1290 ac

89 1311 259 1350 vestiunt
288 1310 432 1361 setqetis
464 1309 570 1348 ullas
600 1313 671 1347 aut
702 1309 792 1348 vitis
818 1314 888 1348 aut
911 1310 1055 1360 yreyis
1079 1309 1284 1360 primitias
1310 1309 1511 1359 impartit,
1545 1309 1699 1348 nullum
1724 1310 1765 1347 in
1791 1309 1889 1347 ‘el-illa

88 1369 170 1407 etus
206 1367 417 1406 delubrum
453 1366 587 1411 silton,
625 1366 760 1404 nullus
798 1366 911 1405 locus
941 1371 1013 1404 aut
1044 1366 1157 1404 lucus
1189 1370 1457 1404 consecratus.
1518 1366 1573 1404 Et
1606 1366 1706 1417 quid
1735 1379 1813 1417 eqo
1840 1366 1891 1403 de

89 1424 183 1463 luco
206 1428 243 1462 et
269 1423 440 1462 delubro
467 1422 642 1474 loquor?
678 1422 847 1474 Nessum
879 1423 1021 1460 vidisse
1050 1436 1090 1460 se
1123 1423 1193 1473 qui
1214 1423 1334 1472 fuere
1365 1436 1487 1461 unum
1516 1422 1653 1461 saltem
1679 1423 1718 1460 iu
1743 1422 1890 1474 finibus

88 1482 171 1519 eius
207 1485 278 1519 out
314 1479 493 1530 lapidem
525 1483 688 1518 tinctum
713 1484 784 1518 out
815 1493 968 1519 ramum
1000 1483 1249 1518 coronatum.
1311 1478 1448 1530 Iyt'tur
1474 1483 1717 1530 ayuomenta
1745 1480 1781 1517 ei
1804 1479 1890 1517 dno

87 1537 222 1575 inclita
250 1536 413 1576 Charon
440 1564 448 1572 .
465 1566 472 1573 .
489 1565 497 1574 .
513 1566 521 1574 .
546 1536 618 1574 secl
642 1535 809 1575 alterum
838 1536 951 1587 quod
976 1535 1163 1574 libentius
1189 1535 1325 1579 audit,
1351 1535 1400 1573 ob
1427 1535 1595 1575 deorum
1620 1539 1890 1586 contemptum

86 1594 322 1633 Illezentz'us.
381 1592 462 1630 Sed
499 1596 604 1630 recte
636 1591 819 1631 Bosscha
855 1593 929 1630 iam
970 1594 1131 1636 monuit,
1169 1593 1217 1630 ab
1251 1591 1421 1643 Apuleio
1458 1592 1612 1630 homine
1650 1591 1814 1629 fanatico
1852 1596 1890 1629 et

87 1651 248 1700 magicis
283 1649 623 1702 superstitionibus
660 1649 813 1687 addicto
847 1649 909 1686 vix
940 1649 1053 1687 aliter
1083 1649 1344 1687 Aemilianum
1377 1650 1556 1699 potuisse
1593 1649 1779 1691 describi,
1818 1662 1889 1686 nec

87 1706 241 1745 (iisticile
271 1711 332 1745 est
365 1706 581 1751 intellectu,
613 1719 678 1743 cur
708 1707 742 1743 in
774 1706 986 1744 adversarii
1018 1706 1183 1757 imagine
1208 1705 1439 1744 delineanda
1467 1719 1618 1743 omnem
1645 1705 1798 1743 modum
1824 1705 1889 1742 ille

88 1764 321 1809 excesserit,
347 1776 464 1814 quum
489 1763 541 1801 ita
567 1767 712 1801 tantum
739 1765 891 1813 magiae
916 1763 1143 1813 suspicione
1169 1775 1334 1814 purgare
1359 1776 1404 1800 se
1429 1767 1585 1814 posset,
1612 1763 1721 1801 cuius
1746 1763 1795 1800 ab
1823 1762 1889 1799 ho-

87 1821 187 1859 mine
217 1820 458 1859 insimulatus
489 1823 617 1864 esset,
655 1820 814 1857 deorum
852 1821 1037 1871 pertinaci
1073 1824 1264 1872 spretore.
1328 1818 1384 1858 Eo
1415 1820 1540 1870 magis
1571 1820 1781 1858 mirandum
1815 1824 1888 1857 cst.

86 1877 306 1916 Bosscham
332 1877 576 1916 Warbutonii
603 1878 861 1914 coniecturam
888 1881 928 1914 ut
954 1877 1192 1927 probabilem
1221 1875 1521 1927 haudquaquam
1541 1876 1786 1927 adspernari,
1813 1877 1886 1914 etsi

85 1938 125 1972 ut
150 1935 249 1972 omni
274 1934 391 1972 dubio
417 1937 612 1971 carentem
638 1946 724 1971 eam
749 1933 931 1984 amplecti
958 1947 1031 1971 non
1059 1947 1180 1972 ausus
1206 1937 1283 1972 est.
1349 1933 1432 1971 Nec
1463 1934 1589 1971 minus
1620 1933 1889 1971 commenticia

85 1995 125 2029 et
149 1991 318 2030 absurda
343 1994 405 2029 est
429 2003 560 2028 eorum
585 1991 796 2036 sententia,
824 1991 885 2040 qui
913 1990 1061 2028 iudices
1087 1990 1189 2042 apud
1216 2003 1315 2042 quos
1336 2003 1518 2029 caussam
1539 1990 1634 2029 dixit
1648 1989 1888 2029 Christianos

86 2047 210 2086 fuisse
234 2050 425 2099 putarunt.

176 2182 236 2224 25)
262 2185 303 2213 cf.
317 2192 419 2219 supra
430 2185 537 2213 adnot.
556 2186 605 2212 14.

175 2230 237 2269 26)
263 2231 384 2259 Florid.
406 2238 435 2264 μ.
456 2231 508 2258 91.
532 2227 637 2257 Nunc
656 2237 785 2267 quoque
796 2230 1000 2268 principium
1019 2231 1102 2260 mihi
1119 2231 1211 2269 apud
1227 2236 1361 2261 vestras
1381 2240 1484 2261 aures
1510 2233 1818 2270 auspicatissimum
1845 2233 1886 2261 ab

87 2273 285 2312 Aesculapio
299 2274 357 2303 deo
372 2275 504 2311 capiam
521 2297 527 2304 .
544 2296 550 2303 .
566 2297 573 2303 .
590 2273 672 2303 Eius
686 2274 739 2303 dm·
750 2274 904 2312 hymnum
917 2285 1042 2314 graeco
1056 2281 1088 2305 et
1105 2277 1212 2306 latino
1231 2279 1380 2307 carmine
1399 2277 1453 2307 hic
1473 2288 1610 2316 canum,
1636 2279 1703 2306 iam
1726 2278 1778 2306 illi
1795 2287 1816 2306 α
1837 2287 1885 2306 me

85 2320 284 2350 dedicatum.
334 2319 410 2348 Sum
431 2319 516 2347 enim
534 2328 598 2347 non
617 2319 751 2358 ignotus
769 2320 822 2348 illi
838 2322 1009 2350 sacricola
1030 2332 1089 2350 nec
1110 2332 1225 2352 recens
1245 2323 1357 2352 cultor
1369 2333 1428 2353 nec
1441 2324 1599 2362 ingratus
1612 2325 1767 2353 antistes.
1816 2326 1886 2353 Huc

85 2367 188 2395 refero
208 2369 310 2395 locum
330 2367 449 2394 Floria.
469 2374 497 2401 p.
514 2367 566 2394 76.
592 2366 689 2393 immo
708 2367 810 2394 etiam
823 2366 937 2395 (timuit
961 2373 1205 2405 argumento
1231 2372 1421 2407 suscepti
1443 2369 1697 2405 sacerdotii,
1725 2378 1883 2398 summum

84 2410 167 2439 mihi
187 2410 408 2448 Carthaginis
428 2410 586 2438 honorem
600 2418 688 2447 esse,
715 2416 743 2441 et
764 2413 941 2446 Augustini
961 2417 1060 2443 verba
1074 2416 1176 2450 Epist.
1192 2418 1230 2444 L:
1257 2414 1306 2443 An
1319 2416 1421 2455 forle
1442 2416 1513 2443 ista
1535 2419 1571 2443 ut
1587 2414 1806 2453 philosophus
1827 2424 1883 2443 vo-

83 2456 218 2485 luntate
232 2457 446 2493 contempsit,
472 2457 528 2484 cui
539 2455 698 2485 sacerdos
708 2459 908 2494 provinciae
922 2467 986 2496 pro
1000 2461 1221 2500 ueagnosuit,
1248 2462 1288 2490 cf.
1302 2464 1398 2492 luret.
1413 2463 1451 2491 ad
1467 2464 1650 2497 symmach.
1666 2463 1719 2490 tv.
1734 2464 1787 2490 62.

173 2502 236 2538 27)
262 2503 440 2538 Augustini.
453 2503 558 2536 Epist.
574 2505 611 2531 1.:
638 2505 674 2530 nt
688 2511 828 2530 numera
843 2503 953 2532 ederet
967 2508 1212 2544 venatoresque
1225 2507 1376 2537 vestiret.

175 2544 235 2588 28)
262 2548 435 2582 Apuleium
458 2549 555 2576 vultu.
572 2547 674 2576 fuisse
692 2549 775 2577 satis
795 2550 909 2578 decoro
928 2555 956 2578 et
979 2551 1155 2581 formosum
1176 2554 1436 2581 adversariorum
1457 2553 1574 2581 evincit
1601 2552 1770 2581 accusatio
1789 2553 1883 2587 Apol.

83 2602 114 2629 p.
138 2595 213 2622 386.
239 2600 440 2621 accusamus
469 2591 560 2629 apud
584 2595 615 2621 te
636 2591 871 2630 philosophum
886 2595 1091 2634 formosum.
1137 2600 1211 2632 Ipse
1235 2606 1327 2627 suam
1355 2599 1487 2627 sormam
1513 2599 1558 2626 ita
1583 2598 1735 2627 describit
1760 2606 1787 2632 p.
1803 2600 1884 2626 388:

82 2639 138 2667 cui
149 2642 293 2676 praeter
304 2638 446 2677 formae
466 2636 732 2666 mediocritatem
754 2639 966 2668 continuatio
986 2641 1088 2669 etiam
1110 2642 1264 2671 litterati
1281 2643 1407 2671 laboris
1427 2652 1553 2670 (ttlllteln
1570 2644 1722 2679 gratiam
1744 2651 1884 2680 corpore

82 2683 248 2722 deterget,
271 2682 499 2712 habitudinem
516 2687 651 2721 tenuat,
677 2691 791 2712 sucum
805 2686 983 2724 essomec,
1009 2687 1154 2716 colorem
1170 2688 1359 2727 oblitterat,
1379 2690 1525 2726 m'gorem
1539 2687 1704 2718 debilitat.
1733 2688 1883 2726 Capillus

81 2729 166 2767 ipse,
199 2738 293 2768 quem
317 2730 379 2757 isti
400 2732 520 2766 aperto
545 2728 717 2758 mendacio
743 2729 789 2758 ad
811 2730 1010 2760 lenocinium
1040 2732 1170 2763 decoris
1195 2735 1398 2772 promissum
1425 2733 1559 2771 dixere,
1597 2733 1686 2762 eides
1711 2743 1811 2772 quom
1837 2735 1881 2762 sit

81 2783 240 2804 amoenus
265 2784 307 2802 m·
331 2773 513 2808 delicatus,
539 2772 682 2802 horrore
700 2775 866 2812 implexus
887 2781 990 2815 atque
1008 2778 1202 2816 impeditus,
1229 2783 1366 2816 stuppeo
1389 2783 1534 2807 tomento
1555 2779 1717 2807 assimilis
1736 2783 1766 2807 et
1788 2780 1883 2807 inae-

81 2821 230 2859 qualiter
243 2819 356 2848 hirtus
369 2823 402 2848 ec
412 2820 567 2857 globosus
581 2823 614 2847 et
628 2825 806 2858 congestus
815 2844 822 2858 ‚
843 2830 1001 2859 prorsum
1015 2824 1236 2853 inenodabilis
1248 2824 1382 2853 diutina
1394 2825 1530 2852 incuria
1542 2833 1607 2852 non
1621 2824 1714 2852 modo
1735 2825 1886 2853 vomendi

82 2865 141 2894 sed
152 2865 273 2895 saltem
287 2864 529 2902 expeaetiondiet
542 2864 808 2894 discriuu‘nondi.
855 2869 957 2903 Quum
977 2871 1086 2900 omnia
1105 2879 1188 2905 quae
1207 2871 1240 2899 in
1254 2872 1505 2905 Metamorphosi
1520 2873 1670 2905 leguntur
1683 2873 1721 2900 ad
1740 2872 1881 2900 fabulam

83 2913 242 2947 pertinere
256 2913 457 2947 existimem,
483 2919 503 2940 a
518 2911 664 2946 partibus
677 2920 784 2941 eorum
799 2916 888 2942 stare
900 2923 1039 2951 nequeo,
1066 2918 1120 2951 qui
1135 2920 1210 2945 Met.
1224 2918 1248 2944 1.
1262 2925 1290 2951 p.
1306 2917 1358 2945 76.
1372 2919 1431 2945 sub
1446 2917 1540 2945 Lucii
1560 2917 1703 2952 imagine
1722 2926 1757 2945 se
1776 2917 1880 2951 ipsum

84 2958 269 2987 delineasse
281 2958 457 2993 Apuleium
477 2957 666 2992 opinantur:
692 2955 735 2985 Al
758 2956 964 2995 Byrrhaena
984 2961 1135 2989 obtutum
1154 2962 1188 2989 in
1208 2970 1257 2988 me
1277 2970 1460 2989 crmcerso:
1488 2960 1556 2999 En,
1582 2961 1708 2999 iuquit,
1735 2963 1882 2990 sanctis-

83 3003 188 3030 simae
202 3001 339 3030 Salviae
353 3003 475 3030 matris
487 3009 653 3039 generosa
662 3003 818 3038 probitas
825 2999 840 3036 Ι
863 3003 923 3032 sed
933 3009 967 3033 et
979 3010 1095 3034 cetera
1109 3007 1261 3044 corporis
1275 3006 1558 3035 inestimabiliter
1572 3005 1619 3034 ad
1634 3006 1783 3044 regulum
1804 3010 1880 3035 suut

82 3048 320 3085 congruentia,
350 3047 532 3075 inenormis
562 3048 774 3084 proceritas,
803 3049 981 3078 suculenta
1007 3052 1206 3089 gracilitas,
1237 3052 1341 3079 rnhor
1367 3056 1590 3089 temperatus,
1611 3051 1746 3090 flavum
1772 3055 1805 3079 et
1828 3052 1881 3079 in-

79 3091 285 3130 affectatum
299 3093 518 3130 capz'llitium,
544 3092 636 3120 oculi
653 3093 760 3121 caesii
776 3093 905 3131 quidem
923 3096 983 3124 sed
999 3097 1116 3134 vigiles
1135 3102 1168 3125 et
1181 3098 1214 3125 in
1234 3100 1373 3134 aspecto
1387 3099 1550 3126 micantes
1560 3106 1704 3135 prorsus
1718 3098 1881 3136 aquilina,

81 3146 117 3168 os
132 3147 262 3178 quoquo
278 3146 407 3168 versum
412 3136 596 3177 floridum,
617 3138 784 3175 speciosus
798 3143 828 3168 et
844 3140 1073 3172 immeditatus
1086 3144 1245 3172 incessus.
