2221 3667
232 500 246 532 1

280 500 292 532 1

319 154 401 197 122
584 153 635 193 L.
663 152 883 193 APULEll
913 150 1317 193 MADAURENSIS
1346 148 1893 191 METAMORPHOSEON

319 266 544 307 exitiabiles
573 266 793 308 viventium
819 268 999 307 fortunas
1025 271 1224 319 petuntur.
1287 261 1341 302 Et
1365 263 1604 303 cantatrices
1629 277 1728 303 anus
1753 264 1793 303 in
1818 264 1905 318 ipso'
1927 271 2123 305 momento

319 323 497 377 choragii
527 324 679 364 funeris
711 324 883 378 praepeti
910 322 1110 363 eeleritate
1136 319 1304 358 alienam
1330 319 1570 373 sepulturam
1597 327 1866 360 antevortunt.
1928 319 2002 360 His
2027 321 2124 361 meis

320 379 467 419 addidit
491 379 610 420 alius:
643 378 764 419 Immo
786 394 881 420 vcro
908 379 994 418 istie
1021 391 1092 416 nec
1115 375 1338 415 viventibus
1365 375 1518 428 quidem
1546 376 1634 416 ullis
1659 377 1848 430 parcitur.
1911 375 1967 416 Et
1991 377 2124 417 nescio

321 435 385 489 qui
422 436 548 476 simile
585 450 724 490 passus
762 451 828 475 ore
868 435 1035 486 undique
1079 431 1329 471 omnifariam
1373 433 1591 472 deformato
1629 440 1834 473 truncatus
1872 440 1946 472 est.
2018 433 2128 473 Inter

321 493 417 532 haee
447 492 670 533 conw'vium
704 500 823 532 totum
852 492 888 530 in
926 488 1142 529 licentiosis
1174 488 1377 528 cachinnis
1410 488 1640 539 effunditur,
1680 490 1928 543 onmiumque
1954 488 1960 545 Ι
1988 503 2059 529 ora
2089 496 2129 529 et

319 610 423 638 etiam
439 613 593 638 cantalr.
613 612 647 638 R.
665 610 684 637 s.
734 606 891 636 aniculae
905 615 966 635 nou
983 609 1146 641 comparet
1162 606 1228 633 nisi
1242 606 1275 634 in
1290 614 1318 640 p.
1333 613 1528 640 quamquam
1541 609 1581 636 ab
1595 609 1668 636 Iutl.
1684 607 1736 635 hic
1751 611 1797 635 est
1814 608 1984 635 intrusum.
2011 608 2129 635 Omnes

319 657 412 685 codd.
427 659 457 685 et
471 657 540 684 edd.
556 658 709 690 praebent
725 661 821 681 auus.
863 655 899 680 ln
914 652 1029 680 Heius.
1044 655 1109 679 not.
1128 653 1169 679 ad
1183 652 1267 679 Petr.
1291 659 1317 679 c.
1332 647 1436 690 5411).
1452 653 1528 681 347.
1544 653 1663 681 citatur
1688 651 1846 680 acic-ulae
1872 652 2066 688 typographi
2091 656 2124 679 ut

320 702 401 729 Oud.
417 704 506 736 putat
518 723 526 736 ‚
552 708 668 728 errore.
716 697 818 725 choro
834 697 893 734 agi
903 699 937 725 F.
953 699 983 725 3.
1007 694 1151 734 eltoragi
1163 696 1183 724 f.
1209 695 1437 732 caragiilunt.
1455 699 1483 726 1.
1503 698 1580 726 Ald.
1619 696 1781 737 funebris
1801 699 1836 726 F.
1853 699 1881 726 1.
1897 707 1928 730 φ.
1954 697 1997 726 cf.
2009 699 2129 726 Schott.

321 747 394 774 nod.
409 746 512 775 Cicer.
526 746 580 774 IV.
597 753 623 772 c.
641 746 690 772 ¹10.
718 744 822 772 Ceteri
842 743 931 770 codd.
952 746 981 770 et
1002 743 1071 770 edd.
1088 741 1329 780 vethfuneris.
1373 743 1535 779 praepeti
1551 753 1583 776 φ.
1604 745 1641 771 L.
1662 744 1696 770 P.
1717 743 1737 771 f.
1763 743 1868 771 Ceteri
1889 743 2133 779 codd.!perpeta‘

320 794 355 819 ut
368 792 466 820 etiam
480 792 551 819 edd.
565 793 641 818 vett.
656 790 737 817 Elm.
754 792 781 816 91
797 796 885 822 seqq.
902 789 972 815 edd.
988 791 1115 821 praeter
1129 788 1214 815 Prie.
1233 789 1351 816 habent
1369 788 1544 824 praepeti,
1571 790 1652 822 qnod
1673 790 1752 817 Oud.
1777 791 1899 823 probat.
1924 788 1993 823 Ego
2006 795 2130 822 quoque

319 848 353 876 id
369 848 587 882 recipiendum
609 852 670 873 non
691 845 850 872 dubitavi.
877 843 1022 879 [Eadem
1057 843 1206 872 confusio
1229 843 1270 871 ef.
1285 845 1410 873 Lucan.
1423 846 1478 873 lx.
1499 844 1590 880 688]
1637 833 1712 872 π’θιιῖι
1728 853 1784 880 pro
1797 844 1944 872 alienam
1956 846 1995 873 D.
2011 851 2031 873 a
2045 852 2086 873 m.
2100 852 2131 878 p.

320 894 542 920 antevertant
556 888 583 918 δ’.
633 888 728 916 addit
741 892 779 917 B.
794 891 909 918 Venet.
924 891 953 917 4.
968 890 1046 917 Bas.
1061 891 1087 917 1.

319 938 413 965 nesci
424 937 483 975 qm*
495 938 530 965 P.
557 934 667 963 nescio
682 935 756 972 quis
771 936 842 963 edd.
855 938 932 963 vett.
948 938 1075 968 praeter
1088 935 1137 962 ed.
1152 942 1199 968 pr.
1214 934 1342 962 Vici-nt.
1356 936 1470 963 Venet.
1486 936 1516 963 2.

1003 979 1236 1007 inlicentiosus
1256 977 1441 1007 cachinnus
1462 988 1573 1009 omnes
1593 983 1681 1009 codd.
1704 986 1831 1015 praeter
1858 982 1894 1009 B.
1915 985 1945 1009 et
1964 981 2034 1009 edd.
2055 984 2131 1009 vett.

320 984 407 1012 Prie.
431 984 480 1011 ed.
525 988 588 1017 per
612 980 798 1008 concivium
819 982 854 1008 G.
870 981 901 1008 2.
916 981 955 1008 l).

318 1036 402 1063 quae
414 1030 532 1056 habent
545 1025 578 1053 in
591 1024 777 1053 licentiosis
790 1023 977 1054 cachinnis.

376 1126 624 1165 cantatrices
655 1138 767 1164 (inus.
828 1124 891 1163 De
916 1125 991 1163 hac
1016 1124 1194 1163 coniunc-

318 1184 424 1221 tione
461 1181 625 1219 conferri
662 1181 746 1219 vult
771 1179 873 1220 Oud.
901 1195 973 1219 sua
1009 1181 1058 1219 ad
1086 1182 1194 1219 Suet.

316 1238 409 1277 Ner.
429 1243 490 1279 11.
511 1237 611 1276 Plin.
633 1238 735 1276 Hist.
750 1237 799 1276 N.
810 1238 899 1277 XV.
918 1242 979 1279 19.
1024 1237 1083 1290 [ln
1105 1242 1195 1276 nota

317 1294 454 1334 Heius.
480 1295 530 1334 ad
554 1293 712 1333 Petron.
739 1308 770 1332 c.
792 1300 856 1335 54.
883 1309 919 1346 p.
940 1299 1033 1335 347.
1061 1296 1197 1333 citatur

317 1353 523 1397 aviculae,
562 1352 666 1402 quod
693 1366 723 1390 c.
749 1349 852 1390 Oud.
880 1366 954 1390 non
987 1365 1055 1403 pro
1086 1356 1197 1402 typo-

318 1409 455 1461 graphi
493 1422 622 1447 errore
653 1408 872 1453 habuerim,
900 1409 973 1447 sed
1000 1422 1047 1445 ex
1076 1407 1198 1446 codd.

316 1465 535 1518 profectum
563 1478 657 1503 esse
677 1469 842 1516 poterat,
870 1465 933 1517 qui
958 1465 1120 1516 saepius
1147 1465 1199 1502 in-

317 1526 376 1560 ter
400 1522 474 1561 has
506 1536 627 1559 voces
662 1522 854 1560 vacillant.
906 1522 953 1561 ef.
982 1522 1119 1560 Moser
1150 1522 1199 1559 ad

319 1578 396 1618 fic,
425 1578 542 1617 Tusc.
569 1578 615 1617 11.
644 1583 705 1619 17.
733 1594 769 1630 p.
797 1579 913 1631 537.]

376 1658 570 1711 chorayii
595 1657 644 1696 cs.
670 1658 720 1696 ad
745 1658 842 1697 Met.
869 1657 934 1696 lv.
962 1672 997 1709 p.
1026 1661 1118 1697 315.

369 1739 567 1790 praepeti
580 1738 801 1777 celeritate.
853 1737 1011 1789 [Mirum
1029 1740 1090 1773 est
1105 1750 1198 1787 quo-

315 1794 434 1832 modo
467 1794 517 1831 de
547 1794 662 1832 huius
694 1795 804 1832 vocis
834 1793 1116 1844 significatione
1148 1793 1197 1831 V.

316 1851 366 1890 D.
388 1851 442 1889 ita
460 1851 557 1888 inter
576 1864 623 1888 se
643 1864 816 1901 pugnare
831 1851 1036 1902 potuerint.
1088 1850 1196 1888 Gies.

317 1907 367 1946 ad
406 1906 482 1945 Cic.
520 1907 571 1945 de
607 1906 734 1945 Divin.
772 1906 798 1945 Ι.
837 1911 901 1947 48.
939 1920 976 1958 p.
1013 1910 1104 1947 170.
1135 1920 1195 1956 sq.

317 1977 511 2014 nunquam
543 1964 580 2001 id
614 1963 689 2001 (lici
721 1964 771 2002 de
802 1965 1018 2003 velocitate
1044 1967 1082 2001 et
1103 1977 1196 2015 per-

315 2022 504 2065 nicitate,
532 2024 636 2059 certe
662 2034 737 2058 non
764 2021 866 2071 apud
894 2021 1043 2071 probae
1071 2019 1195 2057 latini-

315 2077 408 2115 tatis
433 2078 646 2128 scriptores
672 2091 721 2115 ex
743 2077 874 2116 Gellio
896 2076 962 2116 w.
979 2080 1072 2117 636.
1094 2091 1194 2114 com-

315 2134 548 2185 probaturus
574 2139 674 2177 erat,
701 2135 847 2185 quippe
874 2135 937 2185 qui
963 2134 1081 2184 plane
1107 2148 1194 2171 con-

315 2191 471 2228 trarium
503 2191 692 2241 proferat:
740 2190 809 2229 Cn.
843 2191 1019 2229 Illalium
1052 2192 1123 2243 qui
1154 2192 1196 2229 in

315 2246 497 2286 secundo
542 2247 691 2286 Iliadis
733 2248 956 2286 Victoriam
995 2249 1197 2286 volucrem.

309 2308 553 2356 praepetem
578 2304 821 2356 appellat-it.
849 2308 886 2341 et
912 2304 1108 2354 quomodo
1130 2303 1198 2342 ali-

315 2365 373 2397 ter
410 2359 517 2410 Virg.
556 2360 657 2398 Aen.
696 2360 743 2398 Υ.
783 2364 875 2400 254.
924 2360 1198 2411 explicaveris.

316 2416 401 2454 Sed
427 2429 476 2453 ex
496 2415 598 2454 Gell.
627 2417 649 2455 Ι.
666 2431 697 2455 c.
726 2421 764 2454 et
778 2418 902 2461 Serv..
929 2418 991 2467 qui
1018 2418 1069 2455 ad
1089 2418 1197 2467 Virg.

315 2474 417 2512 Aen.
455 2472 503 2511 V.
540 2476 602 2513 16.
639 2475 907 2525 praepetibus
939 2476 1088 2526 permis
1129 2488 1198 2512 esc-

311 2530 453 2582 plieat
477 2529 559 2581 [vel
583 2530 785 2568 velocibus
806 2530 883 2581 rel]
913 2531 1120 2582 felicibus,
1146 2532 1197 2568 iu-

316 2586 440 2636 telligi
467 2590 600 2636 potest
621 2587 671 2624 de
691 2587 798 2624 vocis
821 2587 1103 2637 significatione
1123 2588 1196 2625 iam

316 2644 414 2681 inter
428 2646 583 2681 veteres
598 2643 690 2681 nihil
706 2648 811 2681 certe
824 2644 1060 2682 constitisse.
1111 2644 1197 2695 Ego

317 2714 341 2738 a
359 2701 534 2750 partibus
555 2713 687 2738 eorum
707 2704 813 2738 stare
827 2700 970 2745 malim,
997 2701 1059 2750 qui
1076 2715 1197 2752 prae-

311 2770 389 2809 pes
415 2769 437 2794 a
458 2762 705 2808 praepetere
731 2757 949 2795 ducendum
977 2770 1070 2794 esse
1090 2761 1198 2795 autu-

316 2817 439 2858 mant,
484 2814 590 2864 quod
628 2813 804 2852 Glossae
841 2813 956 2852 Vulc.
995 2818 1198 2865 παρορμᾶν

318 2870 623 2919 interpretantur.
684 2869 846 2922 Optima
871 2875 933 2909 est
958 2870 1198 2921 Apollinaris

318 2925 482 2976 Sulpicii
508 2927 612 2977 apud
639 2926 740 2965 Gen.
768 2926 837 2966 Vl.
864 2931 899 2967 6.
926 2928 956 2978 Q.
987 2930 1049 2967 12.
1076 2927 1196 2979 expli-

317 2982 419 3020 catio
452 2983 684 3036 τανυπτέρυξ
708 2988 750 3022 ut
774 2983 911 3022 Gloss.
940 2983 1052 3021 Vulc.
1077 2998 1196 3035 prae-

311 3043 445 3092 petes:
489 3042 758 3092 ‘toewnw'pvysg
788 3041 810 3078 i.
837 3054 871 3079 e.
898 3041 1096 3092 expansis
1120 3042 1198 3080 alis

319 3095 507 3133 celeriter
534 3097 714 3136 colantes
739 3097 785 3135 cf.
814 3097 896 3135 tntt.
923 3097 973 3135 ad
999 3096 1107 3135 Fest.
1134 3110 1196 3147 ap.

316 3151 496 3189 Lindem.
530 3166 565 3203 p.
592 3157 686 3193 569.
712 3168 772 3205 sq.
805 3158 843 3192 et
873 3168 909 3206 p.
938 3157 1032 3194 608.
1065 3153 1194 3192 Burin.

1137 887 1226 916 aulis
1241 897 1297 923 pro
1312 888 1401 916 alius
1415 890 1541 918 vicent.
1556 891 1670 919 Vena«.
1688 893 1717 919 2.
1755 891 1845 918 istnc
1858 892 1892 919 0.
1929 898 1970 917 ne
1985 889 2092 927 quin.
2108 889 2129 918 f.

1565 933 1755 963 desermato
1769 933 1797 964 ὃ.
1838 938 2020 963 truncatus
2034 933 2134 963 adest

1254 1124 1303 1163 ad
1329 1124 1491 1163 Anthol.
1519 1124 1630 1164 Tom.
1658 1124 1682 1163 1.
1708 1138 1744 1176 p.
1773 1130 1808 1165 7.
1869 1124 1932 1163 De
1957 1125 1993 1163 vi
2018 1123 2132 1163 huius.

1254 1182 1362 1219 vocis
1377 1182 1566 1233 auspicali
1582 1182 1708 1220 (licam
1723 1182 1773 1221 ad
1788 1182 1838 1220 de
1852 1181 1901 1220 D.
1917 1182 1958 1220 S.
1973 1195 2009 1233 p.
2022 1181 2131 1234 134]

1313 1261 1490 1300 alienam
1553 1262 1804 1314 sepulturam
1864 1266 2132 1300 antevortunt.

1258 1317 1446 1369 [Alienus
1470 1318 1505 1356 iu
1526 1331 1566 1356 re
1587 1318 1736 1356 funebri
1756 1318 1806 1355 (19
1825 1331 1872 1355 eo
1895 1317 2047 1363 (licitur,
2074 1318 2132 1355 cui

1259 1374 1364 1412 nullo
1400 1388 1471 1413 nec
1502 1375 1694 1414 amicitiae
1725 1388 1797 1413 nec
1824 1369 2132 1425 consanguinita-

1259 1431 1309 1469 tis
1340 1431 1493 1469 vinculo
1525 1446 1662 1470 sumus
1694 1432 1897 1470 coniuncti.
1964 1431 2134 1483 Saepius

1259 1488 1312 1524 ita.
1330 1489 1403 1525 sibi
1423 1493 1668 1538 opponuntur
1688 1489 1822 1527 aliena
1844 1493 1884 1526 et
1899 1502 1972 1526 sua
1982 1490 2136 1540 statera

1259 1544 1307 1581 cf.
1342 1543 1476 1582 Heius.
1508 1549 1547 1581 et
1576 1544 1707 1583 Burin.
1741 1544 1791 1581 ad
1821 1543 1980 1583 Petron.
2011 1557 2042 1582 e.
2069 1548 2133 1584 54.

1259 1615 1296 1652 p.
1324 1604 1416 1640 347.
1444 1600 1602 1647 Quintil.
1635 1600 1743 1639 Decl.
1770 1600 1837 1638 Vl.
1865 1600 1919 1653 3.]

1313 1682 1468 1720 passus.
1526 1667 1648 1721 [Pati
1672 1669 1734 1707 hic
1759 1668 1940 1707 absolute
1965 1670 2134 1720 positum

1259 1725 1368 1763 vides
1400 1725 1449 1763 de
1482 1739 1547 1771 eo,
1580 1726 1643 1776 qui
1669 1724 1810 1764 malam
1836 1725 2026 1764 fortunam
2052 1739 2136 1777 per-

1259 1782 1343 1821 fert.
1403 1782 1450 1820 cf.
1483 1781 1618 1820 Heius.
1651 1783 1699 1820 ad
1733 1782 1874 1820 Senec.
1904 1781 2071 1834 Thyest.
2098 1795 2134 1833 p.

1257 1843 1353 1879 512.
1386 1843 1425 1877 et
1457 1838 1576 1878 Gron.
1608 1839 1658 1878 ad
1690 1839 1805 1878 eund.
1832 1844 1925 1880 470.
1954 1839 2055 1877 Cort.
2086 1838 2136 1877 ad

1256 1895 1403 1933 Lucan.
1432 1895 1480 1935 V.
1508 1899 1600 1936 314.
1628 1895 1756 1947 Heyn.
1790 1896 1839 1935 ad
1866 1896 1970 1947 Virg.
1996 1894 2135 1935 Bucol.

1256 1951 1306 1991 X.
1333 1951 1418 2005 53.]

1312 2021 1353 2058 ’ἰη
1393 2021 1617 2060 licentiosis
1655 2021 1865 2060 cachinnis
1897 2021 2133 2075 effunditur.

1256 2076 1377 2129 [Ouo.
1403 2078 1531 2115 invitis
1558 2078 1736 2115 omnibus
1761 2077 1864 2116 Mss.
1892 2077 1986 2129 legit
2015 2079 2058 2116 in
2090 2078 2135 2116 li·

1256 2135 1458 2173 centiosos
1495 2134 1736 2180 cachinnos,
1773 2135 1935 2173 alteram
1964 2133 2134 2173 librario-

1254 2205 1335 2229 rum
1363 2191 1515 2242 ingenio
1537 2191 1747 2236 vindicans,
1773 2204 2008 2242 quamquam
2028 2190 2135 2229 intel-

1260 2248 1322 2298 ligi
1340 2252 1483 2298 potest.
1505 2261 1526 2285 e
1542 2249 1728 2285 contrario
1745 2247 1968 2293 ablativum,
1983 2248 2016 2285 Si
2032 2261 2135 2286 com-

1259 2305 1453 2355 probetur,
1464 2306 1499 2342 in
1509 2305 1771 2343 accusativum
1789 2304 1943 2343 facilius
1957 2305 2136 2356 potuisse

1258 2361 1472 2412 depravari.
1521 2361 1726 2412 Deceptus
1754 2362 1853 2399 enim
1879 2365 1941 2399 est
1954 2360 2058 2399 Oud.
2081 2360 2135 2398 lo-

1259 2419 1314 2456 cis
1339 2419 1447 2456 Suet.
1471 2417 1592 2468 Catig.
1609 2422 1672 2458 32.
1694 2418 1796 2468 Aug.
1813 2422 1876 2458 38.
1897 2417 2016 2469 Apul.
2036 2417 2135 2455 Met.

1259 2474 1303 2513 11.
1327 2489 1362 2526 p.
1386 2479 1476 2515 123.
1497 2474 1545 2514 cf.
1566 2474 1697 2512 Burm.
1718 2475 1765 2512 ad
1789 2474 1875 2512 vat.
1897 2474 2028 2513 Flacc.
2049 2472 2134 2511 Vll.

1258 2535 1323 2571 34.
1355 2532 1419 2569 ubi
1451 2532 1658 2570 accusatis:
1685 2531 1828 2581 ubique
1854 2534 1978 2575 extat,
2009 2535 2050 2569 ut
2073 2530 2137 2569 hic

1258 2602 1414 2639 quoque
1439 2602 1527 2626 eum
1548 2589 1710 2626 retinere
1730 2587 1847 2626 malit.
1899 2588 1981 2626 Sed
2000 2586 2136 2626 Cicero

1258 2646 1346 2697 ipse
1371 2645 1488 2684 ablat.
1516 2645 1604 2683 huic
1629 2645 1765 2682 vocab.
1792 2644 1966 2695 adiungit
1991 2643 2134 2683 Parad.

1258 2701 1320 2740 111.
1347 2706 1379 2741 1.
1405 2702 1435 2751 δ.
1457 2706 1521 2742 21.
1548 2716 1601 2740 (ιη
1622 2706 1906 2753 {ettrperanlem
1932 2702 2050 2747 (licis,
2066 2701 2137 2753 qui

1256 2772 1297 2797 se
1315 2759 1358 2796 in
1378 2759 1523 2811 aliqua
1545 2758 1716 2797 libidine
1734 2759 1925 2811 effmleric
1942 2772 2011 2810 pro
2026 2757 2134 2796 Cael.

1259 2819 1294 2855 6.
1310 2814 1340 2865 ξ.
1358 2819 1420 2855 13.
1444 2818 1589 2868 effusus
1608 2816 1649 2853 in
1670 2815 1897 2866 laryiiione
1910 2814 2018 2865 Virg.
2032 2815 2134 2852 Aen.

1256 2870 1325 2909 Vl.
1354 2876 1448 2917 337.
1479 2872 1543 2910 ubi
1568 2871 1713 2921 VVagn.
1745 2871 1848 2910 male
1874 2885 2017 2911 cursus
2041 2874 2134 2925 effn-

1256 2943 1320 2967 sas
1352 2930 1559 2980 coniungit.
1628 2927 1743 2966 Unde
1775 2927 1849 2965 hoc
1880 2928 1972 2966 mihi
2002 2927 2135 2966 discri-

1256 2999 1344 3023 men
1378 2986 1527 3024 videtur
1557 2986 1768 3030 interesse,
1800 2989 1840 3023 ut
1865 2985 1985 3023 ablat.
2011 2985 2060 3023 de
2086 2998 2134 3023 eo

1257 3041 1420 3088 dicatur,
1454 3043 1517 3093 qni
1549 3043 1583 3080 in
1618 3055 1666 3080 ea
1690 3055 1731 3079 re
1757 3043 1932 3092 persistit
1956 3054 2030 3080 nec
2053 3041 2132 3079 ullo

1255 3099 1372 3137 modo
1405 3099 1544 3137 abduci
1574 3102 1723 3150 potest,
1764 3102 1937 3138 accusat.
1967 3112 2058 3136 vero
2084 3098 2135 3135 (19

1257 3169 1303 3192 eo
1337 3156 1424 3206 ipso
1457 3160 1672 3195 momento.
1705 3169 1781 3206 quo
1809 3156 1896 3206 quis
1922 3156 1957 3193 in
1983 3169 2064 3194 reni
2089 3155 2132 3192 ir-
