2155 3590
643 113 832 153 LIBER.
861 112 914 155 11.
972 111 1098 152 CAP.
1121 109 1290 152 XXXI.

82 228 128 267 ad
149 226 156 283 Ι
177 241 237 267 me
263 225 491 281 Byrrhena:
524 225 744 276 Solemnis,
779 226 925 280 inquit,
961 225 1042 266 dies
1068 239 1091 265 a
1121 223 1257 279 primis
1282 221 1488 262 cunabulis
1515 221 1629 261 huius
1656 221 1762 262 urbis
1790 236 1882 262 con-

81 284 183 324 ditus
214 283 410 323 crastinus
442 283 623 333 advenit,
652 297 728 336 quo
755 283 815 324 die
841 283 915 323 soli
941 282 1164 322 mortalium
1194 277 1487 321 sanctissimum
1520 277 1633 317 deum
1658 276 1800 318 Risum
1825 278 1882 317 hi-

79 340 163 379 laro
195 346 311 392 atque
343 339 515 393 gaudiali
543 339 622 379 ritu
654 339 924 393 propitiamus.
987 337 1104 378 Hunc
1134 344 1202 377 tua
1227 334 1453 390 praesentia
1483 333 1596 373 nobis
1623 334 1764 374 efficies
1791 347 1882 388 gra-

79 396 233 435 tiorem.
295 396 428 449 Atque
453 395 600 435 utinam
627 395 773 448 aliquid
799 396 844 435 de
870 395 1028 450 proprio
1053 395 1186 448 lepore
1204 391 1414 432 laetificum
1434 389 1665 430 honorando
1686 391 1757 430 deo
1778 404 1882 430 com-

77 451 322 502 miniscaris,
351 465 426 505 quo
451 451 577 505 magis
602 451 832 506 pleniusque
858 458 967 491 tanto
993 450 1143 490 numini
1168 449 1339 489 litemus.
1384 445 1516 496 Bene,
1544 445 1725 499 inquam,
1754 453 1793 486 et
1818 446 1884 486 fiet

76 515 118 548 ut
147 508 273 548 iubes.
334 507 390 547 Et
417 508 557 548 vellem
589 508 769 548 hercules
808 508 1010 548 materiam
1041 505 1218 561 reperire
1249 504 1441 557 aliquam,
1476 515 1591 556 quam
1624 502 1717 542 deus
1749 509 1883 542 tantus

75 564 281 605 affluenter
303 564 499 604 indueret.
550 563 648 604 Post
673 565 769 605 haec
789 563 795 619 Ι
817 564 967 604 monitu
995 563 1129 604 famuli
1154 561 1251 612 mei,
1280 559 1345 614 qui
1371 559 1500 600 noctis
1526 558 1775 608 admonebat,
1804 558 1882 598 iam

75 627 114 661 et
143 620 227 675 ipse
253 621 413 674 crapula
443 621 658 671 distentus,
698 620 876 675 protinus
908 634 1107 674 exsurgo,
1142 626 1181 659 et
1212 616 1404 672 appellata
1436 629 1601 670 propere
1627 613 1879 670 Byrrhaena,

74 675 266 717 titubante
293 677 462 730 vestigio
488 677 766 718 domuitionem
794 691 971 731 capesso.

74 781 181 811 verbis
195 791 252 818 pro
265 782 357 811 urbis
371 785 485 812 venet.
501 786 530 813 2.
556 783 629 812 ubis
643 785 680 812 D.
695 791 715 812 a
729 791 769 812 m.
785 791 813 818 p.
863 781 1018 810 conditus
1031 784 1066 811 F.
1081 778 1111 809 3.
1126 783 1162 809 G.
1182 783 1207 809 l.
1223 783 1252 810 2.
1267 782 1304 809 D.
1320 781 1356 808 P.
1371 776 1399 808 δ’.
1416 779 1436 807 f.
1450 786 1487 806 π.
1512 780 1548 807 In
1562 781 1636 807 cett.
1650 782 1699 807 est
1714 776 1881 807 conditae.

71 830 161 856 esset
171 827 367 856 mortalium
389 829 408 857 t'.
430 830 466 857 R.
492 828 559 857 soli
575 836 635 856 nos
653 830 690 857 D.
711 836 731 857 a
749 837 789 857 m.
811 836 839 863 p.
890 826 973 856 Risu
987 830 1023 856 L.
1039 829 1075 856 P.
1113 826 1189 853 tis-it
1211 834 1268 861 pro
1280 824 1386 853 risum
1401 822 1430 853 δ.
1478 822 1588 851 hilari·
1609 825 1646 852 B.
1661 825 1746 852 male
1783 823 1824 852 cf.
1839 824 1882 852 ad

72 876 148 902 Met.
166 875 221 902 111.
242 882 271 908 p.
298 875 368 903 194.
393 872 521 909 hylam
540 876 576 903 G.
599 876 627 902 1.
672 872 832 911 gaudiali
850 873 922 901 risu
941 874 978 901 B.
1022 870 1287 908 pronuntiamus
1306 872 1343 898 D.
1363 869 1399 898 in
1420 869 1566 904 margine
1582 871 1712 897 habeta
1725 876 1766 897 m.
1781 876 1808 897 s.
1822 875 1882 902 pro

66 917 311 955 propinamus,
338 920 420 953 quod
441 920 473 947 in
495 923 584 948 textu
601 919 729 954 legitur.
777 917 871 946 nobis
890 920 999 947 exulat
1015 926 1035 945 a
1049 918 1084 946 P.
1133 914 1264 952 officiet
1285 917 1427 944 Vulcan.
1442 916 1472 943 2).
1500 911 1651 949 efficiens
1666 910 1694 942 δ.
1743 913 1883 941 conluci-

71 962 182 991 searis
195 965 234 992 Ι).
249 971 270 992 a
284 972 312 998 p.
328 973 366 992 m.
416 972 540 1001 magna
555 963 753 1000 pleniusque
772 965 819 992 ed.
841 972 886 998 pr.
906 964 1021 991 Venet.
1042 964 1071 990 2.
1093 964 1122 990 4.
1149 962 1275 990 Vicent.
1290 962 1372 988 lunt.
1391 961 1417 988 l.
1432 960 1507 988 ΑΜ.
1557 957 1642 987 unde
1653 958 1790 995 inquam
1804 960 1842 987 R.
1856 959 1880 988 f.

70 1006 213 1036 letemur
232 1009 266 1038 0.
287 1009 438 1043 pessime.
477 1006 553 1045 fiae
571 1009 592 1038 f.
619 1011 651 1035 et
660 1007 731 1045 fiet
749 1012 780 1036 ee
801 1012 838 1036 ul
859 1017 887 1042 p.
936 1006 1088 1044 aliquam
1107 1006 1259 1042 reperire
1278 1007 1315 1034 D.
1337 1006 1372 1034 G.
1388 1006 1417 1033 2.
1466 998 1540 1034 ηιὲα
1557 1006 1592 1032 G.
1609 1006 1637 1033 1.
1664 1002 1713 1039 [in
1731 1004 1881 1039 margine

70 1058 247 1082 correctum
265 1058 311 1082 est
334 1054 542 1089 materiam]
590 1050 774 1088 effluentur
792 1062 903 1082 omnes
922 1054 991 1081 edd.
1014 1056 1090 1080 vett.
1104 1055 1234 1085 praeter
1250 1053 1335 1079 lunt.
1351 1052 1379 1078 ι).
1407 1045 1594 1083 affluenter
1606 1050 1641 1078 F.
1657 1050 1686 1077 3.
1703 1050 1738 1077 G.
1754 1050 1783 1077 1.
1797 1050 1829 1077 2.
1843 1050 1878 1077 Ο.

68 1099 107 1128 R.
120 1100 160 1128 D.
174 1100 209 1128 Β.
224 1100 260 1127 Ρ.
276 1096 304 1128 δ.
319 1101 355 1128 1..
377 1101 425 1128 De
444 1103 516 1128 cett.
531 1100 611 1127 Oud.
633 1099 711 1127 nihil
733 1099 810 1127 certi
831 1100 962 1126 adnotat
981 1099 1037 1125 sed
1059 1096 1146 1124 iniis
1162 1096 1290 1124 videtur
1303 1099 1416 1124 extare
1429 1091 1625 1128 affluenter.
1678 1096 1761 1130 post
1772 1091 1835 1121 lmc
1849 1090 1878 1122 δ.

70 1143 228 1177 frequenti
247 1144 428 1173 variatione
448 1148 479 1172 ut
500 1142 547 1171 ad
563 1142 625 1171 lcoe
645 1148 673 1172 et
696 1141 848 1172 adhaec.
896 1141 989 1169 nocis
1006 1143 1040 1170 Ρ.
1088 1149 1165 1168 nam
1182 1140 1202 1169 f.
1251 1139 1441 1167 distractus
1455 1141 1489 1168 0.
1505 1143 1533 1167 et
1550 1142 1585 1168 G.
1603 1141 1631 1168 1.
1645 1146 1665 1168 a
1679 1147 1718 1168 m.
1734 1147 1763 1173 p.
1790 1140 1880 1174 Quod

69 1192 175 1217 tamen
189 1189 267 1217 Oud.
282 1189 413 1217 adnotat
428 1198 468 1217 ex
482 1191 518 1217 G.
534 1191 563 1217 1.
589 1191 766 1217 correctus
785 1196 856 1216 rum
875 1189 986 1223 glossa
1005 1184 1196 1213 distractus
1217 1193 1279 1213 non
1299 1185 1422 1212 inveni.
1451 1182 1635 1212 Cor-reclus
1655 1185 1684 1212 si
1703 1186 1878 1220 legeretur,

68 1236 246 1269 correptus
259 1238 356 1262 esset.
405 1241 450 1262 ex
462 1242 486 1261 a
498 1241 600 1270 surgo
614 1234 710 1268 quasi
723 1241 768 1260 ea·
783 1231 931 1268 adsurgo
946 1229 975 1259 δ.
1025 1229 1220 1267 appellante
1232 1231 1268 1258 L.
1313 1236 1478 1265 prospere
1497 1231 1532 1258 G.
1551 1231 1577 1257 1.
1594 1231 1623 1256 2.
1642 1230 1680 1257 D.
1696 1230 1731 1257 P.
1745 1236 1782 1258 π.
1803 1237 1832 1263 1).
1847 1226 1877 1257 δ.

68 1278 91 1307 f.
104 1279 143 1307 R.
155 1279 226 1307 edd.
241 1282 317 1307 vett.
332 1282 461 1314 praeter
474 1280 587 1307 Vei-et.
604 1280 633 1307 4.
648 1282 677 1306 et
692 1278 814 1306 Paris..
841 1285 937 1311 quum
953 1277 1133 1304 Beroaldus
1146 1279 1302 1309 quantum
1315 1274 1385 1302 scio
1399 1274 1679 1310 primus-propere
1692 1274 1877 1303 correxerit.

1803 109 1886 152 147

68 1365 253 1403 convivae
296 1365 549 1403 discedentes
594 1379 662 1416 pro
701 1378 772 1402 sua
811 1363 940 1401 salute

66 1421 227 1459 invicem
247 1421 485 1468 hauriebant,
506 1435 552 1459 se
571 1423 683 1472 ipsos
702 1419 941 1465 salutantes3

67 1477 116 1516 de
147 1491 223 1528 quo
259 1491 366 1516 more
397 1477 444 1516 cs.
475 1477 680 1528 Bulenger.
707 1477 757 1514 de
783 1475 938 1515 s'onviv.

66 1533 128 1572 III.
148 1538 209 1574 14.
226 1533 260 1572 in
276 1534 416 1573 Graev.
433 1533 554 1572 Thes.
572 1531 778 1572 T0111.X11.
795 1547 830 1583 p.
849 1536 939 1573 173.

67 1590 111 1628 Si
135 1591 338 1630 salutaria
371 1591 664 1642 comprobatur,
698 1603 797 1628 nova
823 1589 940 1640 signi-

65 1646 241 1685 ficatione
266 1647 409 1685 dictum
436 1652 508 1685 est.
538 1648 629 1686 Sibi
655 1660 745 1683 vero
768 1659 817 1683 ex
838 1659 940 1683 com·

65 1702 207 1755 pendio
239 1699 261 1742 ς’
289 1703 560 1755 depravatum,
591 1702 773 1741 adhaesit
799 1702 939 1740 deinde

64 1773 323 1811 praegressae
362 1761 466 1804 voci,
500 1760 603 1798 unde
633 1760 854 1799 salutarius
886 1758 939 1796 es-

66 1815 207 1855 fectum
234 1821 306 1855 est.
369 1817 581 1856 Salutaria
608 1816 777 1866 denique
796 1815 937 1853 dictum

65 1876 128 1911 est
155 1887 225 1925 pro
252 1875 418 1925 poculis
455 1873 718 1912 salutatoriis.
776 1872 938 1910 bibones

65 1929 283 1968 coniectura
308 1929 411 1968 Oud.
433 1933 637 1980 praeterea
668 1943 715 1967 eo
745 1927 940 1966 stabilitur

65 1990 306 2037 argumento,
323 1986 426 2037 quod
444 1987 478 2023 in
495 1985 662 2024 dictione
671 1998 845 2036 poscere
860 1998 938 2022 ma-

64 2042 220 2082 ioribus
229 2043 399 2094 poculis
414 2042 572 2080 verbum
594 2041 772 2080 omittere
785 2039 940 2078 soleant

65 2102 238 2145 veteres3
264 2098 312 2136 cf.
329 2097 404 2136 Cic.
417 2098 526 2135 Yet-r.
541 2097 587 2135 Π.
603 2096 664 2135 Ill.
681 2111 712 2135 c.
729 2095 827 2146 44.§.
846 2100 936 2136 105.

64 2153 110 2193 Il.
134 2160 166 2194 1.
182 2157 246 2195 26.
267 2154 296 2204 ἕ.
313 2158 377 2195 66.
403 2153 557 2193 Peerlk.
577 2154 625 2191 ad
646 2153 780 2192 Horat.
802 2152 941 2204 1›.30.]

124 2211 325 2250 conditus.
354 2210 492 2262 [Miror
517 2209 713 2261 quomodo
740 2209 935 2247 conditae

64 2266 262 2318 praeferre
292 2267 458 2317 potuerit
488 2266 609 2311 Oud.,
643 2265 746 2316 quod
774 2278 847 2303 non
874 2279 935 2302 so-

66 2322 144 2374 lum
177 2327 269 2374 optt.
302 2322 413 2362 codd.
445 2323 673 2361 auctoritate
704 2321 936 2364 destituitur,

64 2378 138 2418 sed
163 2380 187 2417 'a
211 2379 404 2418 sententia
430 2380 582 2418 omnino
602 2382 664 2417 est
683 2377 926 2416 intolerabile

66 2435 166 2475 Dies
207 2437 258 2475 ab
295 2436 556 2475 incunabulis
598 2435 709 2475 urbIs
746 2434 937 2474 conditus

65 2492 127 2542 est
157 2492 206 2530 ab
237 2491 381 2531 ultimis
405 2492 495 2530 inde
519 2492 758 2543 temporibus
783 2491 934 2529 iamiam

65 2548 344 2601 consecratus]

122 2606 323 2645 indueret.
395 2604 529 2656 Inepte
577 2604 666 2643 olim
718 2605 936 2643 coniecerat

69 2658 176 2700 Grut.
193 2661 313 2712 Susp.
328 2661 376 2700 V.
392 2666 429 2702 8.
458 2662 675 2701 iuzmderet
698 2661 856 2712 antique
869 2674 937 2712 pro

67 2717 303 2764 immolaret,
329 2732 400 2756 nec
427 2718 551 2757 minus
571 2717 742 2756 absurda
761 2721 822 2755 est
835 2715 937 2755 Pon-

65 2775 144 2812 tant
169 2774 204 2812 in
230 2774 347 2813 Anal.
374 2773 434 2812 ΙΙΙ.
468 2779 503 2815 4.
536 2774 754 2812 emendatio
786 2774 935 2813 inelue-

66 2834 144 2873 τά.
192 2843 294 2882 quae
336 2827 463 2870 tamen
503 2830 696 2869 Scriverio
741 2830 935 2881 probatur.

67 2883 225 2938 Optime
250 2888 348 2925 enim
370 2887 469 2925 deus
488 2887 624 2926 dicitur
647 2887 859 2926 materiam
878 2887 935 2925 in-

69 2941 194 2982 duere
212 2943 414 2985 laetitiae.
442 2957 520 2994 qua
538 2942 645 2981 velut
659 2946 771 2981 veste
785 2945 865 2980 erat
878 2955 934 2980 or-

67 2996 192 3038 natus.
238 2997 396 3039 Passim
437 3001 606 3039 [intuere
642 3003 681 3038 et
712 3012 862 3038 exuere
885 2998 935 3036 de

68 3053 184 3093 'animi
209 3055 416 3095 affectibus
443 3069 654 3106 eorumque
681 3055 855 3093 externis
881 3055 933 3093 in-

68 3109 177 3149 diciis
191 3116 398 3164 usurpatur
413 3114 526 3152 (ἐι-οη.
543 3112 710 3151 observ.
727 3111 753 3151 l.
769 3116 802 3152 2.
820 3112 932 3150 eund.

1001 1363 1051 1401 ad
1064 1362 1166 1401 Gelt.
1181 1360 1268 1399 Xll.
1284 1366 1320 1401 5.
1338 1361 1479 1399 Senec.
1496 1360 1653 1399 Consul.
1669 1361 1718 1399 ad
1732 1360 1876 1412 Polyb.

1002 1434 1032 1457 c.
1049 1423 1113 1458 24.
1136 1419 1294 1456 Auctor.
1316 1416 1431 1468 Eleg.
1451 1417 1502 1455 ad
1515 1417 1601 1455 Ltv.
1632 1422 1722 1457 115.
1751 1416 1876 1456 Tacit.

1000 1474 1156 1526 Dialog.
1184 1474 1233 1511 ‹le
1247 1472 1355 1512 Orat.
1379 1487 1410 1511 c.
1434 1476 1470 1513 6.
1497 1473 1643 1513 Minue.
1658 1473 1742 1511 Fel.
1764 1487 1794 1512 c.
1811 1477 1878 1514 37.

1001 1531 1077 1583 [cf.
1111 1531 1245 1569 Arntz.
1277 1530 1325 1568 ad
1360 1528 1457 1567 Plin.
1492 1528 1643 1580 Paneg.
1676 1544 1708 1569 e.
1741 1533 1806 1570 81.
1839 1534 1878 1568 et

1001 1602 1101 1638 quos
1127 1588 1272 1626 excitat
1297 1585 1425 1624 Burni.
1453 1586 1500 1625 ad
1523 1586 1684 1625 Anthot.
1700 1586 1746 1625 L.
1764 1585 1876 1625 Tom.

1002 1644 1027 1683 Ι.
1055 1658 1089 1695 p.
1117 1649 1211 1684 514.
1240 1643 1307 1680 Dr.
1335 1642 1385 1681 ad
1410 1642 1496 1681 Liv.
1522 1641 1634 1682 XXI.
1662 1647 1698 1683 3.
1725 1643 1757 1693 ξ.
1784 1642 1846 1696 5.]

1055 1702 1208 1739 ηιοηίἰα
1225 1724 1273 1728 -—
1293 1700 1363 1752 qui
1386 1699 1644 1738 admonebat.
1674 1700 1875 1746 Gruterus,

999 1771 1114 1808 quem
1140 1757 1316 1808 repetitio
1343 1756 1519 1793 eiusdem
1547 1756 1651 1794 verbi
1672 1761 1750 1794 tam
1767 1756 1878 1794 brevi

998 1813 1200 1852 intervallo
1215 1811 1438 1851 offendebat
1449 1843 1457 1856 ,
1485 1812 1718 1858 emendavit,
1732 1813 1766 1851 si
1780 1826 1876 1864 puer

998 1871 1091 1909 hero
1102 1884 1174 1908 non
1186 1873 1295 1907 esset
1310 1883 1332 1907 a
1342 1868 1523 1920 pedibus.
1534 1870 1636 1907 initu
1646 1869 1875 1920 samasthe-

997 1926 1110 1966 simul
1146 1930 1264 1977 atque
1297 1924 1495 1963 triclinium
1529 1938 1670 1963 servus
1697 1926 1873 1964 intrabat.

1000 1985 1066 2021 Sin
1098 1987 1227 2022 autem
1254 1994 1444 2033 praesens
1471 1981 1624 2027 fuisset,
1663 1981 1875 2032 legendum

999 2040 1107 2077 duxit
1133 2043 1242 2077 motu
1264 2038 1436 2090 famuli,
1462 2042 1503 2076 ut
1528 2038 1713 2076 videlicet
1731 2051 1872 2076 servus

1001 2096 1133 2133 liei-um
1159 2095 1298 2133 dextra
1324 2094 1459 2132 leviter
1478 2098 1653 2145 tangeret
1672 2099 1711 2133 et
1735 2094 1873 2133 horam

1000 2153 1196 2190 indicaret.
1256 2151 1436 2189 Omnium
1475 2155 1603 2189 tamen
1640 2151 1871 2202 probabilis-

994 2210 1092 2247 sima
1124 2208 1274 2245 videtur
1305 2208 1339 2245 ei
1372 2208 1591 2246 coniectura
1620 2212 1733 2247 nutu.
1783 2206 1870 2258 Ego

996 2264 1145 2303 c.Oud.
1172 2263 1264 2302 nihil
1292 2268 1416 2308 muto,
1444 2277 1559 2314 quum
1587 2264 1727 2303 eodem
1752 2264 1870 2302 modo

996 2324 1130 2360 auctor
1148 2321 1312 2358 iunxerit
1331 2320 1426 2358 Met.
1442 2319 1505 2359 ΠΙ.
1521 2335 1556 2372 p.
1578 2325 1666 2361 175.
1685 2322 1870 2372 piamen-

997 2379 1046 2416 h's
1071 2400 1126 2405 —-
1146 2378 1332 2428 cupiant.
1359 2376 1440 2428 [De
1461 2376 1535 2415 hoc
1555 2376 1701 2416 famulo
1727 2377 1869 2416 adver·

994 2435 1128 2479 sitore,
1155 2434 1264 2472 cuius
1278 2433 1530 2472 ministerium
1548 2437 1643 2480 erat,
1669 2438 1710 2472 ut
1733 2433 1870 2471 herum

997 2491 1088 2529 soris
1113 2491 1371 2529 coenitantem
1397 2490 1554 2528 domum
1579 2490 1793 2535 reduceret,
1819 2488 1870 2528 cs.

995 2546 1150 2597 Pignor.
1188 2546 1238 2585 de
1263 2547 1410 2585 Servis.
1436 2547 1470 2584 in
1499 2545 1634 2585 l'olen.
1663 2545 1868 2598 Supplem.

995 2603 1116 2641 Thes.
1133 2602 1360 2655 T0m.111.p.
1374 2607 1492 2643 1212.
1508 2606 1545 2641 et
1559 2602 1697 2653 Popni.
1713 2602 1762 2640 de
1776 2614 1868 2654 ope-

997 2660 1048 2698 ris
1067 2673 1168 2698 serv.
1188 2659 1277 2698 ibid.
1297 2674 1333 2711 p.
1353 2663 1469 2699 1345.
1487 2659 1627 2697 Donat.
1644 2659 1694 2697 ad
1709 2657 1865 2697 Terent.

995 2717 1112 2755 Andr.
1134 2715 1160 2755 l.
1184 2722 1216 2756 1.
1243 2722 1274 2755 1.
1296 2715 1426 2754 Plaut.
1446 2715 1622 2754 Mostell.
1638 2714 1706 2754 lV.
1726 2719 1758 2754 1.
1775 2714 1864 2768 23.]

1052 2774 1260 2812 distentus.
1287 2771 1389 2811 Oud.
1398 2771 1700 2824 comparatMet.
1709 2770 1736 2810 I.
1750 2784 1788 2823 p.
1798 2774 1866 2812 59.

994 2828 1076 2868 Vll.
1109 2843 1145 2880 p.
1177 2833 1270 2869 442.
1302 2832 1394 2869 499.
1435 2828 1542 2866 Suet.
1571 2826 1708 2867 Claud.
1739 2841 1771 2866 c.
1797 2831 1864 2869 33.

995 2885 1147 2938 [Heius.
1169 2885 1337 2923 Advers.
1360 2884 1384 2923 l.
1408 2889 1443 2926 6.
1465 2897 1501 2935 p.
1524 2888 1588 2925 65.
1610 2889 1674 2926 66.
1701 2883 1788 2923 Intt.
1814 2882 1865 2923 ad

994 2942 1100 2993 Virg.
1115 2941 1199 2980 Ecl.
1214 2941 1280 2979 lv.
1295 2946 1359 2982 21.
1375 2940 1473 2978 Ptin.
1489 2939 1636 2992 Paneg.
1652 2954 1681 2979 e.
1696 2940 1761 2982 49.
1777 2941 1808 2993 ξ.
1825 2944 1863 2982 6.

994 2997 1094 3038 Cort.
1107 2999 1157 3036 ad
1173 2998 1319 3036 Lucan.
1334 2997 1402 3036 lv.
1416 2997 1533 3049 314]

1049 3055 1244 3095 titubanti
1262 3055 1446 3106 vestiyio.
1489 3053 1571 3105 [De
1592 3053 1864 3092 vacillantibus

991 3111 1179 3165 pedibus,
1218 3111 1280 3163 qui
1306 3110 1356 3149 ob
1391 3110 1623 3149 ebrietatem
1659 3109 1864 3150 difficulter

1517 3177 1603 3221 10*

1910 232 1972 266 167

1909 564 1973 598 168
