2155 3590
1781 171 1887 213 1003

700 175 886 216 LIBER
919 175 998 218 xi.
1054 175 1184 217 CAP.
1214 175 1286 217 v1.

688 382 1125 430 CAPUT
1216 381 1315 429 VI.

214 500 318 542 Nam
343 515 428 542 meo
453 503 602 543 monitu
626 503 846 544 sacerdos
835 517 875 544 m
900 502 983 557 ipso
1003 503 1207 556 procinctu
1225 515 1386 556 pompae
1411 515 1563 542 roseam
1585 515 1701 541 manu
1726 501 1891 540 dextera

105 558 223 598 sistro
249 557 522 599 cohaerentem
549 560 718 614 gestabit
742 573 942 600 coronam.
991 558 1246 598 lncontanter
1271 571 1365 612 eigo
1392 557 1544 597 dimotis
1570 557 1734 598 turbulis
1759 558 1892 597 alacer

104 614 335 654 continuare
366 629 540 669 pompam
574 630 698 656 meam
722 630 815 656 mea
839 615 1010 657 volentia
1037 616 1184 665 fretus,
1213 621 1251 654 ct
1276 590 1339 654 de²3
1347 614 1522 667 proximo
1549 614 1760 653 clementer
1785 613 1892 653 velut

103 683 259 710 manum
290 672 507 712 sacerdotis
538 672 825 712 osculabundus
855 672 958 712 rosis
995 671 1186 725 decerptis
1218 670 1409 724 pessimae
1446 669 1614 723 mihique
1651 668 1890 709 detestabilis

103 727 321 767 iamdudum
346 727 497 769 belluae
522 728 635 769 istius
661 728 767 769 corio
794 736 831 769 te
855 728 1033 783 protinus
1059 741 1175 768 exue.
1220 725 1306 767 Nec
1332 727 1535 781 quicquam
1561 739 1691 765 rerum
1718 738 1891 765 mearum

188 842 374 880 protractu
388 846 423 874 B.
438 848 518 880 quod
532 846 659 881 Sciopp.
674 848 768 880 Susp.
781 847 821 874 Π.
837 847 888 875 12.
903 848 934 874 et
947 846 1055 880 Symb.
1070 847 1180 879 probat
1195 843 1383 879 explicans:
1409 844 1482 872 dum
1497 841 1709 878 protrahitur,
1730 842 1803 869 dum
1818 849 1892 876 pro-

104 889 185 917 cedit
202 897 326 924 pompa.
350 891 433 919 Eius
447 891 640 920 sententiam
654 892 760 920 secuti
781 894 854 919 sunt
875 891 1014 919 Scriver.
1029 894 1056 917 ct
1071 890 1176 924 Prin,
1202 890 1257 923 qui
1275 889 1410 923 iusuper
1428 890 1570 917 malebat
1588 886 1657 915 illo.
1681 887 1732 915 Nil
1747 894 1804 921 ego
1819 894 1893 915 cum

103 935 181 962 Oud.
195 938 328 971 mutem,
353 938 466 964 etcum
482 937 639 965 Beroaldo
653 940 683 964 et
696 938 833 970 Schegk.
846 936 885 964 ad
899 935 1015 964 Vellei.
1029 936 1069 963 ΙΙ.
1083 936 1113 963 3.
1128 935 1234 969 ipsum
1249 942 1383 968 pompae
1396 937 1586 968 apparatum
1600 932 1758 966 intelligo.
1805 929 1891 958 dea--

104 981 180 1005 tero
189 980 262 1009 1⁴33.
273 981 308 1008 G.
318 981 354 1008 D.
370 982 452 1009 lunt.
462 983 491 1010 2.
505 982 644 1010 Scriver.
668 980 828 1008 dextram
837 989 866 1015 p.
880 982 917 1009 In
931 978 1148 1009 emmim-tra.
1195 979 1339 1006 sinistra
1353 987 1407 1014 pro
1421 977 1569 1007 St‘stron.
1583 978 1719 1006 ed.Bas.
1730 978 1758 1004 1.
1774 976 1891 1011 inepte.

103 1022 317 1052 coharentem
328 1026 400 1055 Ra.
411 1028 495 1055 G.D.
539 1025 697 1063 gestabat
713 1027 748 1054 G.
758 1027 839 1055 P.D.
851 1034 879 1060 p.
894 1027 1034 1053 Salmas.
1049 1020 1214 1064 hincllegit
1225 1027 1351 1061 gestat.
1398 1031 1471 1050 mea
1485 1027 1594 1052 contra
1610 1030 1720 1051 onmes
1734 1022 1823 1050 codd.
1837 1022 1892 1056 qui

103 1077 209 1096 meam
228 1078 254 1098 s.
275 1069 350 1097 mee?
372 1073 507 1108 habent,
533 1072 743 1100 emendarunt
763 1071 854 1100 Colv.
875 1074 903 1099 et
917 1072 1027 1098 u'ow.
1050 1070 1233 1104 recepitque
1246 1071 1329 1098 Elm.
1349 1077 1420 1098 cum
1433 1069 1554 1097 Florid.
1579 1069 1672 1096 Errat
1687 1071 1794 1096 autem
1806 1068 1890 1095 Elm.

103 1114 215 1142 «licens
234 1116 378 1144 modium
397 1124 522 1150 quoque
537 1124 710 1153 pompam,
735 1123 810 1143 mea
827 1114 976 1143 volentia
987 1114 1108 1153 fretus
1127 1115 1336 1149 distinxisse,
1361 1122 1457 1148 quum
1477 1114 1534 1141 ille
1552 1113 1618 1140 mer·
1634 1112 1822 1147 coniecerit,
1849 1113 1892 1141 ad

104 1158 250 1186 volentia
263 1160 417 1190 referens.
447 1159 618 1188 Violentia
637 1169 690 1196 pro
712 1160 860 1188 colentia
878 1168 938 1189 sex
956 1162 1075 1188 habere
1094 1161 1184 1189 codd.
1204 1161 1333 1188 adnotat
1349 1160 1428 1188 Oud.
1452 1159 1520 1194 Ego
1536 1158 1646 1186 iuveni
1661 1158 1694 1186 in
1707 1158 1742 1186 F.
1757 1158 1787 1185 3.
1803 1159 1838 1186 G.
1851 1158 1890 1186 D.

101 1205 143 1233 At
159 1205 190 1232 in
205 1205 378 1234 collatione
391 1207 426 1235 F.
441 1208 471 1235 3.
486 1205 641 1235 librarius
654 1206 727 1234 vitii
741 1206 815 1240 quid
830 1205 988 1234 commisit
1003 1206 1167 1233 scribens:
1193 1212 1374 1241 „pompam
1388 1212 1493 1231 meam
1512 1202 1675 1231 violentia
1694 1202 1766 1237 (Ex
1784 1210 1892 1230 corre-

101 1250 208 1278 ctione
219 1257 336 1279 manus
351 1251 554 1287 posterioris,
580 1258 654 1280 nam
669 1252 759 1285 prius
772 1253 941 1286 legebatur
963 1248 1171 1286 r2·olentae'a,“
1196 1251 1280 1278 unde
1301 1254 1371 1278 utra
1391 1249 1486 1278 lectio
1505 1248 1648 1284 genuina
1666 1248 1724 1282 sit,
1750 1247 1893 1282 intelligi

102 1302 164 1322 non
180 1298 298 1331 potest,
323 1298 380 1324 sed
395 1304 437 1325 ex
449 1301 625 1325 ceterorum
639 1299 721 1324 Mss.
742 1296 865 1324 ratione
880 1294 1040 1322 violentia
1055 1296 1144 1329 prius
1162 1296 1317 1329 scriptum
1334 1295 1437 1323 fuisse
1450 1293 1613 1329 apparet.)
1651 1289 1762 1329 fletus
1776 1293 1811 1322 Ο.
1858 1294 1890 1319 el

96 1339 262 1375 proxima
275 1342 310 1368 G.
324 1342 360 1368 Ρ.
374 1342 407 1369 0.
421 1343 460 1369 D.
507 1339 676 1368 elementis
692 1341 713 1369 f.
761 1338 1017 1368 obsculabundis
1037 1341 1072 1368 G.
1092 1342 1130 1369 D.
1168 1338 1403 1367 vscnlabnndz's
1421 1341 1458 1369 P.
1494 1335 1779 1366 deoseulabundns
1799 1346 1829 1372 p.
1842 1334 1891 1373 δῖ,

102 1385 184 1417 quod
199 1392 308 1413 verum
322 1386 402 1414 Oud.
416 1389 505 1420 putat
521 1389 549 1414 et
563 1394 648 1414 mere
661 1386 892 1420 Apuleianum.
913 1385 997 1413 coiif.
1012 1388 1123 1413 notata
1136 1387 1175 1413 ad
1190 1388 1266 1413 Met.
1279 1386 1334 1414 IV.
1350 1393 1379 1419 p.
1392 1386 1469 1412 262.
1482 1385 1610 1412 Rulmk.
1626 1384 1704 1411 Oud.
1717 1385 1893 1411 obsecutus

101 1433 166 1464 est,
191 1431 276 1458 hanc
294 1431 462 1458 lectionem
483 1430 514 1458 in
536 1434 624 1459 textu
643 1430 814 1464 recipiens.
861 1428 1005 1456 dec-ereis
1023 1430 1061 1457 D.
1098 1429 1185 1457 rosis
1200 1428 1253 1457 vel
1263 1427 1429 1466 decerptis
1446 1431 1481 1458 B.
1528 1428 1597 1455 iam
1610 1426 1818 1456 detestabilis
1832 1425 1892 1456 du-

100 1472 175 1500 dum
190 1473 210 1502 f.
259 1482 346 1502 exuo
367 1476 437 1504 edd.
458 1479 533 1504 ante
547 1475 637 1505 (⁴01v.
658 1479 785 1510 praeter
796 1477 881 1503 Iunt.
896 1476 926 1503 2.
951 1475 1182 1509 Imperativum
1200 1477 1317 1503 habent
1338 1483 1450 1503 omnes
1469 1475 1558 1502 codd.
1579 1476 1606 1501 et
1629 1474 1699 1501 edd.
1719 1476 1787 1507 post
1804 1473 1892 1501 Colv.

99 1519 164 1548 nisi
178 1520 260 1554 qnod
273 1519 306 1548 in
320 1521 355 1549 0.
369 1528 426 1555 pro
438 1528 507 1550 var.
522 1523 595 1550 lect.
614 1521 654 1549 sit
675 1522 788 1548 e.rnet.
834 1527 995 1549 mearum.
1020 1520 1123 1554 Quum
1142 1519 1216 1554 quid
1234 1520 1286 1547 hic
1305 1519 1404 1548 faciat
1424 1527 1573 1546 mearum
1587 1519 1666 1547 Oud.
1687 1526 1749 1546 non
1772 1518 1894 1553 videat,

100 1565 231 1599 corrigit
256 1572 328 1594 cum
346 1566 485 1594 Scriver.
521 1573 638 1593 earnm
657 1565 677 1594 i.
692 1574 719 1594 e.
739 1572 821 1599 quas
841 1565 969 1594 iubebat
988 1565 1074 1600 fieri,
1100 1563 1139 1592 M
1154 1565 1293 1593 litteram
1314 1569 1432 1599 putans
1462 1572 1503 1592 ex
1523 1571 1714 1599 praegresso
1735 1565 1893 1591 vocabulo

100 1609 304 1638 adhaesisse.
328 1611 456 1640 Ruhnk.
470 1613 554 1639 hanc
568 1611 787 1640 coniecturam
800 1611 833 1638 in
849 1613 937 1638 textu
953 1610 1072 1644 posuit.
1095 1611 1164 1645 Ego
1179 1617 1250 1638 cum
1265 1614 1337 1639 cett.
1351 1611 1420 1638 eud.
1441 1613 1470 1637 et
1483 1612 1564 1637 Mss.
1580 1609 1729 1637 omnihus
1742 1615 1894 1635 mearum

100 1654 235 1692 retinui,
260 1655 446 1690 explicans:
472 1663 554 1690 quae
567 1663 587 1684 a
599 1664 648 1685 me
662 1656 827 1692 iubentur,
853 1663 935 1689 quae
949 1657 989 1684 ad
1003 1663 1075 1684 mea
1087 1660 1260 1690 praecepta
1273 1655 1444 1689 pertinent.

159 1751 327 1791 CAPNI.
387 1755 551 1794 monitu.
599 1753 786 1806 [Inonere
811 1754 969 1792 verbum

101 1823 197 1847 esse
221 1810 256 1848 in
282 1811 445 1848 somniis
475 1811 615 1861 quibus
645 1811 822 1849 homines
847 1823 871 1848 a
895 1810 969 1848 diis

101 1866 354 1905 admonentur
383 1868 629 1918 potissimum
667 1867 820 1905 obvium
855 1879 905 1904 ex
929 1866 968 1905 h.

102 1923 125 1960 l.
141 1922 381 1961 demonstrat
399 1923 528 1961 Burm.
544 1923 593 1961 ad
614 1922 727 1961 Ovid.
748 1923 842 1961 Met.
861 1921 899 1960 Χ
906 1921 964 1961 lll.

102 1983 214 2026 216„

101 2036 343 2085 gnificatione
378 2036 552 2089 protulit3

102 2096 192 2133 793.
220 2092 337 2144 806.]

154 2163 348 2200 pompam
373 2163 499 2188 meam
524 2162 608 2187 mea
629 2149 800 2188 volentia
822 2149 964 2199 fretus.

102 2203 176 2256 [lta
211 2218 261 2243 ex
296 2204 401 2244 Oud.
446 2205 665 2243 coniectura
706 2204 795 2242 dedi
839 2209 971 2242 contra

101 2260 213 2300 codd.
239 2262 521 2307 auctoritatem,
553 2262 588 2299 in
616 2274 776 2313 quorum
804 2261 970 2299 lectione

101 2316 275 2364 offendo,
306 2318 356 2356 ad
382 2318 557 2357 volentia
581 2330 789 2368 pronomen
816 2316 969 2355 deside-

102 2387 202 2421 rans,
230 2387 305 2424 quo
326 2375 541 2413 accuratius
561 2374 597 2411 id
624 2373 850 2424 explicetur.
881 2372 969 2411 Hoc

102 2430 203 2468 idem
221 2431 398 2469 sentiens
418 2429 521 2469 Oud.
541 2430 760 2468 emendavit
775 2443 970 2482 pompam

101 2500 226 2525 meam
262 2500 348 2525 mea
382 2487 558 2526 volentia
592 2490 740 2539 frctus,
778 2499 854 2537 qua
890 2498 970 2524 cor-

101 2543 273 2581 rectione
296 2543 349 2580 nil
374 2542 526 2581 facilius
552 2542 709 2593 cogitari
735 2545 878 2593 potest,
905 2541 967 2579 vel

102 2599 236 2650 possis
262 2599 392 2649 legere
413 2613 609 2651 pompam
627 2612 749 2637 meam
769 2598 854 2636 mei.
886 2597 969 2636 Ma-

103 2657 158 2692 ior
190 2659 253 2693 est
283 2655 510 2700 difficultas,
545 2660 669 2692 utrum
699 2654 889 2693 violentia
919 2667 966 2691 an

103 2711 278 2750 volentia
304 2712 381 2761 tegi
407 2711 562 2750 debeat.
598 2710 803 2748 Posterius
827 2710 967 2761 proba-

101 2770 161 2805 tur
181 2767 358 2807 vocabuli
377 2768 644 2819 infrequentia,
667 2780 767 2818 quae
780 2769 822 2804 ut
840 2778 967 2804 emen-

102 2823 236 2863 darent
260 2823 398 2862 librarii
424 2824 615 2863 violentia
640 2835 882 2861 commovere
901 2836 968 2874 po-

101 2883 217 2928 terat3
248 2881 429 2920 volentia
454 2881 553 2918 enim
578 2879 679 2917 idem
705 2879 809 2930 quod
835 2879 966 2916 volun-

103 2939 182 2983 tas,
219 2935 328 2976 favor
358 2941 421 2975 est
450 2936 497 2975 cf.
525 2934 648 2974 Salm.
679 2934 729 2972 ad
753 2933 875 2973 Solin.
902 2939 968 2976 36.

102 2991 161 3030 acl
180 2998 417 3045 promptam
440 2992 649 3033 residendi
678 2991 892 3030 volentiam
916 2991 968 3030 du

103 3047 221 3100 Cang.
246 3061 328 3088 s.v.
361 3048 563 3088 Violentia
588 3051 716 3086 autem
742 3047 791 3085 de
814 3051 968 3086 senten-

102 3104 155 3142 tia
178 3118 308 3143 eorum
334 3104 492 3144 defendi
515 3105 657 3156 possit,
685 3103 747 3154 qui
773 3103 969 3144 violentus

110 3159 307 3213 explicant
330 3161 381 3200 de
416 3175 482 3207 e0‚
521 3160 584 3212 qui
614 3159 737 3199 multa
767 3160 803 3198 vi
834 3158 898 3197 vel
929 3160 965 3197 in

252 1979 315 2029 qui
348 1980 511 2031 plurima
541 1979 591 2017 de
621 1979 695 2017 hac
720 1978 895 2018 vocabuli
921 1980 969 2016 si-

601 2035 652 2075 cf.
681 2033 778 2074 Met.
810 2049 846 2087 p.
873 2039 966 2076 780.

1026 1753 1168 1791 bonam
1203 1757 1351 1804 partem
1388 1767 1469 1791 rem
1509 1753 1693 1805 grandem
1725 1755 1894 1797 conatur,

1026 1813 1067 1848 ut
1093 1810 1282 1849 violentia
1307 1810 1341 1847 in
1368 1810 1589 1855 universum
1610 1810 1726 1848 etiarn
1745 1808 1794 1846 (le
1817 1822 1894 1847 ma-

1025 1879 1100 1915 gna
1144 1870 1184 1904 et
1219 1866 1359 1904 eximia
1400 1866 1574 1918 potentia
1616 1866 1689 1904 (lici
1734 1864 1892 1903 licuerit.

1024 1922 1136 1961 Haec
1165 1923 1391 1973 significatio
1424 1922 1512 1961 huic
1551 1922 1635 1960 loco
1661 1922 1894 1965 conveniret,

1027 1979 1101 2016 sed
1125 1980 1250 2016 minus
1274 1980 1416 2030 pr0b0,
1448 1980 1537 2029 quia
1562 1979 1676 2017 etiam
1702 1978 1737 2016 in
1764 1978 1810 2015 iis
1838 1977 1895 2015 lo-

1027 2035 1083 2073 cis
1109 2049 1208 2086 quos
1233 2034 1397 2074 afferunt
1421 2034 1536 2074 Ovid.
1560 2034 1674 2073 Pont.
1700 2033 1764 2072 Ill.
1782 2037 1893 2075 6.33.

1025 2090 1191 2130 Martial.
1217 2091 1305 2130 ΧΠ.
1333 2096 1395 2132 14.
1420 2092 1559 2129 nimiae
1584 2091 1793 2142 potentiae,
1819 2103 1895 2141 qua

1026 2149 1111 2198 quis
1137 2149 1313 2194 abutitur,
1339 2148 1495 2186 notione
1517 2161 1590 2186 vox
1605 2147 1780 2199 praedita
1799 2143 1894 2199 est]

1081 2205 1276 2256 pessimae
1316 2204 1494 2255 miliique
1535 2203 1780 2243 detestabilis·
1816 2205 1895 2242 iam

1029 2260 1194 2300 dudum.
1227 2259 1375 2312 [Kopp.
1401 2259 1607 2311 Palaeogr.
1634 2259 1699 2298 lv.
1725 2259 1785 2298 ΙΙΙ.
1809 2273 1841 2298 c.
1857 2263 1893 2299 3.

1027 2317 1058 2367 ξ.
1079 2320 1171 2357 838.
1197 2330 1234 2368 p.
1255 2321 1347 2357 319.
1374 2316 1471 2356 haec
1495 2318 1671 2356 adnotat:
1696 2316 1894 2362 „Asinum

1027 2373 1129 2423 apud
1172 2373 1395 2423 Aegyptios
1438 2374 1726 2412 odiosissimum
1771 2372 1892 2410 fuisse

1027 2428 1167 2468 animal
1193 2433 1347 2467 constat
1371 2443 1420 2467 ex
1433 2428 1627 2468 Plutarch.
1642 2428 1892 2479 lsid.p.363.

1027 2489 1067 2523 et
1090 2485 1242 2524 Aelian.
1270 2486 1370 2524 Hist.
1395 2485 1484 2524 Nat.
1511 2486 1561 2525 X.
1577 2490 1655 2530 28..
1681 2484 1786 2536 quod
1809 2498 1893 2534 gra-

1026 2546 1106 2580 tum
1133 2542 1203 2580 suit
1229 2541 1410 2594 Typhoni
1442 2542 1516 2581 hoc
1546 2544 1766 2580 iumentum.
1817 2539 1894 2590 Ty-

1026 2597 1167 2648 phonis
1204 2612 1295 2636 vero
1332 2602 1570 2650 potestatem
1603 2598 1746 2636 Horum
1785 2610 1892 2635 ever-

1024 2654 1123 2692 tisse
1147 2654 1334 2723 Aegyptii
1360 2654 1562 2693 Herodoto
1587 2653 1822 2692 tradiderunt
1848 2652 1893 2692 ll.

1029 2714 1119 2751 144.
1150 2706 1272 2776 Ωρον
1301 2707 1603 2750 καταπαιᾋσαιτα
1634 2710 1797 2760 Τιᾳῶνα
1824 2711 1891 2761 pu-

1024 2769 1193 2806 σιλεῦσαι
1220 2762 1384 2806 ὕστα-τον
1407 2765 1622 2819 Ac’yv'mov.
1669 2766 1757 2804 Nec
1781 2766 1892 2804 omit-

1024 2823 1166 2861 tendae
1202 2827 1293 2861 sunt
1328 2824 1483 2862 silentio
1520 2822 1750 2874 placentae.
1794 2834 1892 2872 quas

1024 2883 1128 2917 teste
1156 2878 1353 2918 Plutarch.
1384 2879 1474 2918 lsid.
1511 2893 1547 2931 p.
1581 2883 1674 2919 362.
1712 2879 1808 2916 inter
1839 2877 1892 2915 se-

1025 2940 1112 2973 stos
1159 2935 1350 2986 quosdam
1399 2935 1484 2973 dies
1527 2948 1664 2986 parare
1709 2934 1893 2972 solebant

1025 2992 1213 3042 Aegyptii
1237 2992 1334 3029 asini
1358 2992 1470 3030 vincti
1492 2991 1658 3042 imagine
1678 2990 1891 3041 insignitas.

1024 3047 1140 3086 Unde
1172 3060 1327 3097 quoque
1357 3048 1392 3085 in
1423 3060 1568 3099 pompa
1592 3046 1707 3085 Isidis
1738 3047 1892 3084 circum-

1025 3103 1218 3142 ferebatur
1241 3104 1388 3142 asinus.
1425 3103 1473 3142 cf.
1497 3102 1596 3141 Met.
1621 3117 1658 3155 p.
1684 3106 1777 3143 770.
1801 3103 1892 3142 asi-

1024 3173 1129 3201 num
1171 3160 1314 3211 pinnis
1359 3160 1709 3214 aclylulinatum.“
1771 3157 1892 3198 Plura
