2155 3590
733 128 922 170 LIBER
950 128 981 170 1.

1039 127 1167 169 CAP.
1196 126 1265 169 IV.
1840 132 1897 175 27

102 244 178 284 isto
215 242 371 283 credam
407 249 448 282 et
481 241 582 295 quod
617 242 802 295 ingressu
839 243 1004 297 primum
1036 241 1155 282 fuerit
1184 241 1402 293 stabulum,
1443 242 1605 296 prandio
1638 243 1893 298 participabo.

103 299 211 339 Haec
234 298 304 338 tibi
327 312 478 339 merces
502 298 627 354 posita
653 305 727 339 est.

100 415 285 454 ingressum
305 416 395 444 Colv.
413 419 477 445 ms.
494 416 530 444 P.
544 417 583 444 R.
597 415 619 445 f.
635 417 710 445 0.7

693 417 772 445 ..D
786 424 858 445 am.
873 425 903 451 p.
919 416 1104 454 [ingressae
1114 423 1186 445 am.
1201 415 1244 452 8.]
1264 417 1334 445 edd.
1348 419 1423 444 xffelt
1437 415 1509 443 ²''av
1498 423 1670 453 agressum
1685 420 1720 447 G.
1746 416 1898 454 quodm-

96 462 210 499 gressz'
222 461 255 500 β.
274 475 319 480 ——
330 459 514 497 prandium
526 462 563 490 P.
577 461 599 490 f.
612 462 650 490 R.
666 476 707 481 --
716 461 930 499 partu-epam
950 464 986 491 P.
1000 463 1036 492 G.
1049 465 1112 491 Ms.
1126 462 1217 490 Colv.
1257 469 1412 499 praepar
1415 464 1473 488 ato
1494 463 1529 491 0.
1577 459 1662 489 haec
1678 462 1738 491 tihi
1750 462 1899 490 mercede

99 507 135 535 F.
149 507 180 535 3.
227 503 290 533 hoc
304 504 368 534 ti'bz
376 510 502 534 merces
515 508 568 534 est
579 513 608 542 p.
621 521 665 527 —
677 507 837 544 exposita
851 509 886 536 G.
900 509 939 536 D.
954 508 989 536 0.
1002 508 1041 536 R.
1055 508 1138 541 quod
1151 507 1230 536 01111.
1244 506 1417 542 improbat,
1432 514 1529 541 quum
1542 513 1709 543 eaponere.
1723 509 1777 545 sit,
1793 509 1898 537 oculis

99 553 140 581 aci
154 552 433 586 contemplandum
444 558 619 586 proponere
629 574 637 589 ‚
664 556 694 580 et
708 556 740 580 ut
754 554 838 581 hanc
851 555 1005 582 lacunam
1018 555 1163 589 expleat,
1189 559 1229 580 en
1241 554 1295 581 vel
1307 559 1382 580 eece
1390 551 1509 588 posita
1523 553 1666 581 coniicit.
1694 551 1778 588 [Ego
1793 562 1833 582 ex
1846 555 1898 582 ul—

99 597 178 626 tima
187 597 306 632 prioris
317 597 472 626 vocabuli
483 599 617 632 syllaba
628 599 714 626 male
725 598 887 627 adnexam
901 606 973 628 esse
985 598 1255 633 praepositionem
1267 596 1446 634 existima]

99 700 136 736 7.
161 696 191 747 ᾖ.
208 699 243 736 6.
263 694 327 734 ΠΙ.
353 699 416 736 55.
443 697 474 747 ξ.
490 700 525 737 2.
551 697 726 735 excitans
754 697 827 749 [Dr
829 696 888 736 ak.
916 698 967 736 ad

97 751 182 791 Liv.
200 751 351 791 XXXI.
372 757 436 793 50.
458 753 488 803 ξ.
505 756 542 793 6.
569 752 625 791 Ita
644 753 852 805 legendum
872 758 964 805 puto

95 808 201 875 apud
224 808 668 850 Arnob.VII.1-4.aut
692 824 770 849 esse
795 811 857 849 dii
887 825 965 849 nea-

93 866 162 918 yz's
187 865 401 905 divinitate
426 867 640 919 occipiunt
663 867 876 919 ampliata,
901 867 966 905 ubi
991 866 993 868 ’

96 921 182 960 cod.
201 915 302 974 Reg.
317 921 436 961 habet
449 924 700 975 concipiunt.
727 921 969 962 Pr-aeceden

95 978 146 1016 tis
177 979 343 1018 voculae
380 977 507 1017 littera
536 980 661 1018 finalis
699 993 836 1019 ansam
860 993 969 1031 plae-

94 1035 178 1073 buit
208 1034 462 1087 corruptelae.
498 1035 585 1074 Nec
616 1038 743 1075 minus
768 1041 968 1087 corruptus

95 1094 159 1130 est
181 1090 334 1144 Virgilii
367 1091 478 1131 locus
509 1092 651 1143 Georg.
676 1091 739 1131 III.
769 1097 879 1138 190„
904 1093 968 1131 ubi

95 1148 235 1187 eadem
271 1152 334 1187 est
371 1150 584 1199 scripturae
620 1149 838 1187 diversitas.
891 1148 968 1186 Le-

95 1205 266 1256 gendum
290 1206 391 1243 enim
411 1208 473 1242 est
487 1205 543 1244 At
562 1205 690 1244 tribus
709 1207 878 1249 exactis,
898 1206 969 1244 ubl

98 1266 251 1314 quarta
298 1263 516 1301 accesserit
562 1266 703 1300 aestas.
766 1261 968 1313 Accipere

94 1318 196 1356 enim
227 1317 290 1356 hic
320 1318 472 1368 probari
497 1319 647 1369 nequit,
673 1317 777 1369 quod
801 1332 876 1356 non
902 1317 966 1355 ad-

94 1374 174 1413 dita
202 1388 244 1412 re
274 1373 338 1412 vel
368 1387 537 1425 persona
567 1374 640 1412 (lici
671 1387 786 1424 nego.
841 1373 970 1421 Quum

93 1432 195 1469 enim
227 1431 275 1469 ab
306 1432 550 1482 acquinoctio
581 1444 697 1469 verno
724 1433 745 1469 i.
773 1443 806 1469 e.
833 1444 969 1469 mense

92 1487 235 1526 Martio
267 1488 356 1538 equi
388 1487 635 1525 admittantur
665 1491 704 1525 et
734 1501 803 1539 per
828 1501 969 1526 annum

93 1544 175 1582 sere
208 1557 336 1596 equae
374 1545 452 1582 sint
489 1543 691 1594 gravidae,
733 1543 969 1595 intelligitur,

91 1601 220 1639 sicubi
253 1604 389 1653 quarta
418 1605 553 1640 aestas
585 1601 764 1639 confecta
789 1604 870 1646 est,
896 1601 971 1639 11110

93 1657 240 1696 initium
265 1670 360 1696 0880
373 1658 462 1696 anni
482 1658 616 1709 quarti,
637 1672 714 1709 quo
735 1658 969 1696 domandum

93 1727 188 1753 esse
214 1727 356 1765 equum
380 1714 654 1765 praescribitur
678 1727 701 1752 a
726 1713 875 1753 Colum.
902 1714 936 1752 Χ
943 1713 969 1753 l.

93 1775 158 1812 29.
184 1776 222 1811 4.
248 1770 358 1810 Varr.
380 1769 425 1810 II.
453 1775 489 1811 7.
513 1774 564 1811 12
584 1784 644 1822 sq.
673 1770 740 1809 Sic
761 1771 971 1816 accedere,

91 1827 198 1879 quod
233 1829 269 1866 in
306 1827 543 1866 numerando
579 1828 769 1877 significat
800 1829 968 1880 iusuper

91 1885 217 1930 addi,
242 1884 393 1929 adiici,
416 1887 522 1923 recte
548 1884 796 1937 defenditur]

147 1942 258 1981 solas
287 1941 366 1980 hic.
398 1939 501 1979 Oud.
533 1941 598 1992 qui
629 1941 697 1980 hic
728 1954 795 1992 pro
822 1941 901 1980 lzac
925 1941 967 1979 ’ἰη

89 2012 153 2044 re,
187 1997 303 2051 quod
332 1997 390 2037 ml
421 1998 522 2036 leoec
541 1999 723 2049 pertinet
746 1999 967 2047 interpreta-

90 2059 168 2100 tur,
186 2055 289 2093 bene
305 2055 360 2092 ita
370 2055 409 2091 in
423 2058 530 2092 textu
543 2055 685 2104 posuit.
720 2053 822 2105 [Ego
839 2053 901 2091 his
916 2053 969 2090 lo-

91 2112 150 2150 cis
173 2110 276 2150 Mss.
303 2111 519 2149 auctoritati
552 2111 849 2161 obsequendum
875 2124 968 2147 esse

91 2168 204 2215 duxi3
230 2166 278 2206 cf.
302 2166 401 2205 Met.
425 2166 476 2205 V.
501 2181 539 2219 p.
567 2170 659 2207 354.
684 2166 735 2206 Χ.
762 2180 799 2218 Ρ.
826 2166 937 2218 688.]

147 2226 345 2277 ingressu.
381 2223 494 2261 Hanc
527 2223 732 2262 lectionem
770 2235 872 2274 quae
902 2236 966 2260 au-

90 2282 270 2320 ctoritate
317 2280 430 2319 codd.
473 2279 518 2318 F.
561 2281 691 2318 nititur
738 2293 823 2317 cum
868 2278 970 2319 oud.

90 2338 245 2383 retinui,
277 2346 395 2389 quum
425 2350 507 2376 esse
531 2337 660 2376 allcui
691 2338 753 2375 rei
784 2349 852 2386 pro
882 2350 970 2374 con-

90 2395 312 2433 venientem
331 2405 427 2431 esse
439 2392 502 2431 vel
525 2396 659 2444 aptum
678 2393 793 2431 alicui
813 2394 865 2431 rei
886 2406 969 2443 per-

89 2451 298 2496 ficiendae,
332 2464 409 2488 non
446 2450 573 2488 solum
610 2449 779 2500 Apuleio
806 2449 902 2488 Met.
939 2448 967 2487 l.

88 2519 129 2561 p.
162 2512 227 2550 31.
255 2507 300 2546 Π.
331 2520 369 2558 p.
397 2509 461 2548 72.
488 2510 572 2551 73..
598 2506 672 2544 sed
695 2505 784 2543 aliis
809 2518 967 2556 quoque

91 2565 344 2617 scriptoribus
365 2564 418 2602 sit
433 2564 673 2601 tritissimum
695 2566 734 2600 et
745 2575 816 2613 per
840 2575 970 2600 socor-

90 2622 196 2661 diam
226 2625 373 2659 tantum
405 2620 642 2658 librariorum
665 2619 852 2657 immutari
877 2632 970 2670 pos-

91 2683 156 2718 set
193 2677 264 2730 [cf.
303 2689 407 2728 quae
442 2676 598 2714 uberius
631 2676 815 2726 exposuit
845 2674 967 2714 Voss.

90 2736 212 2774 Arist.
249 2733 336 2772 Vll.
377 2737 441 2775 12.
483 2745 520 2783 p
561 2736 680 2773 1072.
723 2745 783 2783 sq.
832 2729 967 2770 Eckst.

92 2804 210 2845 quem
233 2790 285 2830 ibi
305 2790 400 2843 vid]
428 2789 609 2827 Formam
634 2789 753 2827 dativi
772 2787 840 2826 IV.
866 2787 967 2827 decl.

92 2861 210 2900 quam
240 2848 407 2899 priscam
433 2845 564 2885 dicunt
588 2858 718 2883 amare
742 2844 968 2895 Apuleium,

90 2902 195 2944 Oud.
233 2904 458 2954 comprobat
488 2915 538 2940 ex
567 2899 719 2940 locisl.
745 2915 782 2952 p.
809 2900 966 2941 65.1V.

91 2975 130 3014 Ρ.
163 2964 255 3002 262.
274 2959 342 2998 IV.
369 2963 462 3000 276.
501 2959 569 3011 [de
597 2958 671 2996 hac
699 2958 968 2996 terminatione

93 3017 143 3057 cs.
169 3030 271 3069 quae
294 3016 411 3055 docta
433 3029 549 3054 manu
573 3015 732 3053 adnotat
757 3013 892 3054 Eckst.
919 3014 969 3054 ad

94 3075 216 3113 Voss.
242 3074 361 3112 Arist.
387 3086 425 3124 p.
454 3071 564 3125 647]

150 3131 365 3171 stabulum.
410 3135 520 3169 stare
565 3128 670 3169 idem
703 3141 817 3174 0880,
863 3128 970 3182 quod

1023 698 1272 742 commorari,
1313 696 1517 742 diversari,
1560 697 1761 736 stabulum
1806 711 1898 736 vero

1025 758 1063 792 et
1089 756 1281 793 stationes
1310 754 1512 799 tabernas,
1558 754 1750 804 porticuS,
1799 754 1899 792 basi-

1025 809 1116 855 lica,
1159 811 1194 848 in
1238 811 1378 862 quibus
1412 814 1452 848 et
1480 811 1726 848 recitationes
1758 809 1901 848 fiebant

1025 871 1064 905 et
1101 867 1217 905 otiosi
1252 867 1302 905 ad
1333 866 1658 906 confabulandum
1697 867 1901 905 convenie-

1027 924 1132 969 bant,
1158 923 1275 962 docet
1298 923 1428 962 Burm.
1454 923 1503 962 ad
1518 922 1635 962 Ovid.
1650 921 1846 962 Trist.111.
1866 928 1899 963 1.

1029 983 1093 1020 79.
1125 979 1173 1018 cf.
1197 979 1333 1019 Munk.
1360 980 1410 1018 ad
1435 979 1576 1031 Hygin.
1608 979 1704 1018 Fab.
1730 977 1835 1018 VIII.
1861 993 1898 1031 p.

1028 1040 1092 1076 30.
1131 1037 1238 1075 Stav.
1299 1035 1413 1075 Unde
1448 1037 1695 1076 stabularius
1731 1036 1781 1074 de
1812 1049 1900 1074 cau-

1026 1106 1129 1145 pone
1155 1093 1299 1131 dicitur.
1324 1093 1492 1143 August.
1515 1093 1565 1132 dc
1585 1091 1664 1132 Civ.
1684 1092 1734 1132 D.
1753 1091 1899 1131 XVIII.

1031 1153 1092 1189 18.
1113 1149 1191 1188 init.
1206 1150 1460 1189 stabulariae
1473 1151 1658 1189 mulieres
1670 1148 1788 1199 Apul.
1803 1147 1900 1187 Met.

1027 1205 1053 1243 l.
1085 1218 1122 1255 p.
1155 1209 1219 1246 56.
1252 1210 1292 1243 et
1323 1210 1386 1246 58.
1418 1206 1551 1245 Barth.
1583 1205 1684 1244 Adv.
1711 1204 1899 1244 XXXIII.

1029 1266 1091 1302 12.
1118 1274 1155 1312 p.
1186 1262 1322 1314 1524]

1078 1318 1268 1370 prandio
1300 1319 1583 1371 participabo.
1626 1317 1727 1357 Oud.
1771 1317 1902 1356 lectio-

1028 1388 1116 1413 nem
1126 1375 1351 1426 pramlz'mn
1371 1375 1459 1413 ideo
1480 1375 1681 1426 improbat,
1704 1375 1808 1426 quod
1828 1375 1903 1413 1100

1029 1432 1186 1469 verbum
1219 1446 1249 1470 c.
1284 1445 1414 1470 accus,
1441 1432 1607 1470 iunctum
1634 1446 1707 1469 uon
1733 1433 1784 1470 sit
1804 1446 1904 1484 par·

1029 1489 1194 1540 ticipem
1211 1490 1367 1540 facere,
1389 1489 1698 1534 conmnmicare,
1716 1488 1790 1526 sed
1806 1502 1904 1540 par-

1029 1546 1196 1596 ticipem
1230 1546 1331 1596 sieri.
1371 1545 1471 1596 [Sed
1502 1544 1612 1583 refut
1606 1551 1671 1583 int
1701 1545 1785 1583 eius
1816 1558 1904 1582 sen-

1029 1602 1188 1639 teutiam
1228 1601 1303 1639 loci
1338 1601 1422 1640 Liv.
1460 1600 1523 1640 Ill.
1565 1605 1626 1642 12.
1665 1601 1694 1652 §.
1732 1605 1769 1641 5.
1811 1615 1904 1640 suas

1033 1658 1177 1697 laudes
1203 1660 1471 1710 participare
1496 1672 1586 1697 cum
1616 1658 1816 1698 Kaesone.
1847 1656 1904 1696 Iu-

1030 1716 1119 1753 stin.
1158 1719 1230 1759 34,
1269 1718 1305 1755 2.
1342 1716 1606 1767 participato
1644 1728 1734 1754 eum
1769 1727 1816 1754 eo
1845 1728 1903 1753 re·

1030 1785 1128 1824 9⁷10.
1156 1769 1272 1809 'lreh.
1286 1770 1423 1809 Poll.
1414 1786 1449 1810 111
1471 1772 1534 1810 vit.
1555 1771 1643 1810 Gal.
1664 1785 1695 1810 0.
1719 1775 1781 1812 12.
1805 1785 1903 1823 par-

1026 1829 1202 1879 ticipato
1228 1829 1418 1880 imperio,
1445 1841 1680 1879 quamquam
1706 1829 1741 1866 ei
1766 1827 1906 1878 largior

1027 1886 1189 1935 saepius
1221 1884 1296 1922 dici
1322 1886 1588 1936 participare
1620 1885 1801 1937 aliquem
1830 1885 1905 1923 ali-

1029 1942 1097 1980 cui
1127 1942 1203 1986 rei,
1238 1941 1300 1980 rel
1328 1942 1475 1993 aliqua
1503 1954 1564 1986 re,
1596 1945 1639 1979 ut
1661 1941 1781 1992 Apul.
1806 1940 1903 1980 Met.

1027 2011 1065 2048 p.
1094 2000 1186 2038 656.
1219 1998 1427 2037 dominum
1446 1998 1635 2049 prandio
1654 1999 1903 2050 participat.

1027 2053 1099 2092 Lis
1132 2053 1260 2092 adhuc
1290 2058 1352 2092 est
1376 2055 1473 2092 inter
1496 2054 1664 2100 iudices,
1689 2058 1815 2092 utrum
1840 2068 1904 2092 ca-

1028 2124 1098 2148 sus
1135 2111 1270 2149 tertius
1306 2124 1354 2149 an
1386 2114 1524 2149 sextus
1550 2112 1639 2162 poni
1670 2111 1814 2149 debeat
1837 2111 1904 2155 rei,

1027 2180 1143 2218 quam
1181 2180 1266 2205 cum
1303 2167 1435 2218 aliquo
1468 2168 1808 2206 communicamus.
1862 2166 1903 2205 Iu

1027 2224 1204 2261 omnibus
1224 2225 1339 2269 enim,
1367 2224 1472 2275 quod
1490 2225 1624 2269 sciam,
1646 2224 1744 2263 locis
1765 2237 1813 2262 ex
1831 2228 1904 2262 ter-

1032 2280 1241 2318 minatione
1278 2282 1366 2331 ipsa
1397 2280 1434 2319 id
1465 2281 1626 2331 intelligi
1650 2295 1726 2319 11011
1758 2284 1904 2331 potest,

1031 2349 1147 2387 quum
1163 2337 1263 2387 apud
1273 2335 1429 2376 Lucret.
1438 2336 1501 2375 Ill.
1512 2341 1577 2378 69.
1586 2343 1632 2377 ut
1639 2338 1777 2376 ‹lent-es
1788 2350 1905 2376 sensu

1023 2394 1337 2445 participentur
1351 2397 1390 2432 et
1402 2394 1595 2432 ablativus
1610 2395 1737 2445 possit
1755 2407 1847 2432 0880
1866 2397 1906 2431 et

1028 2449 1194 2488 dativus.
1209 2448 1337 2489 Plaut.
1351 2449 1436 2489 Mil.
1452 2451 1504 2499 gl.
1525 2449 1571 2488 II.
1585 2451 1623 2492 2.
1643 2453 1732 2491 109.
1751 2449 1815 2488 alii
1835 2464 1904 2502 pro

1025 2519 1216 2551 sermone,
1241 2509 1425 2553 sermoni,
1452 2507 1595 2557 legant,
1614 2511 1660 2556 ¹ut
1672 2506 1905 2545 Lindeman-

1030 2576 1120 2608 11118,
1155 2565 1218 2614 qui
1244 2564 1398 2601 omnino
1424 2564 1594 2602 dativum
1620 2564 1711 2614 poni
1736 2563 1905 2613 denega-

1029 2620 1092 2658 vit.
1124 2619 1226 2658 Oud.
1264 2619 1315 2658 ad
1345 2620 1382 2658 11.
1414 2619 1438 2659 l.
1473 2623 1512 2658 et
1541 2619 1671 2658 Burni.
1708 2619 1759 2657 ad
1789 2620 1904 2659 Ovid.

1028 2673 1130 2727 Epp.
1167 2690 1217 2714 ex
1247 2675 1360 2715 Pont.
1392 2675 1438 2715 Il.
1470 2681 1506 2717 5.
1540 2680 1604 2716 42.
1637 2677 1773 2714 acriter
1809 2677 1903 2715 dati-

1027 2745 1117 2770 vum
1155 2732 1387 2778 defendunt,
1436 2746 1671 2784 quamquam
1712 2734 1749 2771 in
1792 2732 1904 2779 locis,

1025 2789 1130 2828 unde
1149 2803 1261 2829 suam
1274 2791 1508 2828 sententiam
1523 2790 1786 2840 comprobent,
1800 2790 1903 2829 Mss.

1026 2850 1093 2884 aut
1115 2847 1275 2891 variant,
1302 2850 1367 2884 aut
1390 2846 1544 2884 dativus
1570 2859 1663 2884 esse
1681 2850 1827 2897 potest,
1853 2847 1902 2885 cf.

1025 2902 1155 2941 Rudd.
1182 2902 1228 2941 ll.
1254 2917 1292 2955 p.
1323 2907 1414 2943 110.
1440 2902 1662 2955 Particeps
1688 2916 1774 2942 cum
1799 2905 1903 2953 geni-

1026 2960 1105 2997 tivo
1138 2973 1261 3011 posse
1292 2960 1482 3009 coniungi,
1513 2972 1578 2998 res
1603 2962 1666 2998 est
1693 2959 1753 2998 vel
1777 2961 1903 2998 tironi-

1026 3016 1101 3054 bus
1126 3017 1342 3061 notissima,
1366 3016 1469 3054 unde
1487 3014 1613 3055 Plaut.
1635 3015 1785 3055 Cistell.
1810 3016 1838 3055 I.
1865 3020 1902 3057 3.

1030 3077 1093 3113 17.
1127 3078 1348 3125 paternum
1382 3086 1536 3112 servum
1569 3075 1633 3113 sui
1669 3075 1904 3125 participat

1027 3131 1208 3176 concilii,
1235 3129 1285 3170 cs.
1310 3128 1441 3170 Rudd.
1466 3128 1511 3169 II.
1537 3143 1576 3182 p.
1592 3133 1684 3172 120.
1711 3128 1786 3170 Ubi
1810 3143 1902 3169 vero
