2155 3590
665 160 851 201 LIBER
882 161 934 201 X.
992 160 1118 202 CAP.
1149 161 1270 202 XIX.

1784 163 1864 206 925

84 276 210 317 instar
256 272 451 314 asinariae
492 271 709 327 Pasiphaae
756 273 982 327 complexus
1029 286 1136 313 meos
1183 273 1368 313 ardenter
1408 272 1683 328 exspectabat,
1728 275 1867 329 grandi

84 435 225 464 boariae
236 442 291 470 pro
304 434 481 463 asinariae
494 443 526 468 φ.
576 432 745 470 Pasiphae
758 435 793 463 F.
808 435 838 463 3.
853 435 887 463 Ο.
902 435 937 463 Ρ.
958 431 1148 471 pleasiplcae
1161 435 1196 461 G.
1211 434 1242 460 2.
1254 434 1293 462 D.
1314 432 1457 470 pasiphe
1471 435 1506 464 G.
1522 436 1552 463 1.
1571 443 1599 469 p.
1622 435 1644 464 f.
1664 434 1824 472 ptisipbes
1838 434 1867 465 δ’,

83 482 212 511 vicent.
235 483 272 509 In
290 483 363 509 cett.
385 478 580 515 Pasiphaes.
626 478 853 516 exspectabat
870 480 958 508 codd.
979 487 1090 508 omnes
1110 482 1140 507 et
1158 482 1234 507 velt.
1255 479 1324 507 edd.
1343 483 1471 513 praeter
1482 481 1631 510 Beroald.
1645 482 1704 510 Ed.
1719 485 1748 510 et
1761 490 1867 516 seqq..

83 534 167 561 quae
179 528 296 555 habent
309 524 502 562 expetebat.

85 669 226 707 seritur
259 667 314 713 id,
359 667 463 718 quod
498 666 652 706 Aelian.
696 667 746 706 de
781 665 948 706 Animal.

86 723 175 763 Vll.
205 727 296 765 19.“
333 723 479 761 Levior
503 737 617 774 quam
639 737 709 776 pro
734 735 775 760 re
800 723 950 761 videtur

86 780 188 819 Oud.
219 793 306 819 voe.
335 779 598 819 admirabilis.
657 778 809 819 Mavult
833 780 949 830 igitur

87 837 366 876 extricabilem
396 836 461 873 vel
490 837 744 876 inamabilem
776 840 800 879 i.
830 849 864 874 e.
897 835 949 873 ‹li-

84 906 165 931 ram
201 891 499 938 exsecrandam,
536 892 586 930 de
623 906 700 944 qua
734 908 817 933 voc.
854 891 949 930 adiri

85 950 192 987 iubet
217 947 378 988 Gell.II.
395 953 431 990 6.
462 948 583 1000 Apul.
606 949 705 988 Met.
728 951 778 991 V.
802 965 840 1002 p.
856 952 948 988 375.

87 1005 232 1057 Nayo,
294 1010 515 1056 corruptor
567 1009 604 1044 et
655 1003 949 1046 inamabilis.

86 1061 201 1100 Ovid.
227 1074 276 1099 ex
300 1059 412 1099 Pont.
437 1059 464 1099 I.
493 1063 528 1101 6.
543 1064 579 1100 5.
617 1060 751 1101 Heins.
776 1063 827 1102 ad
850 1060 950 1099 Aen.

84 1117 153 1157 Vl.
174 1121 265 1158 438.
307 1116 369 1155 Ex
399 1116 648 1169 praecedenti
678 1118 951 1158 admiratione

84 1177 125 1212 et
148 1173 359 1225 ignorantia
383 1173 592 1224 potestatis
618 1175 822 1224 compositi
847 1172 947 1212 inci-

87 1230 200 1275 dere,
225 1230 487 1269 accusativum
512 1229 547 1265 vi
572 1229 728 1267 additae
749 1229 948 1281 praeposi-

83 1285 201 1326 tionis
236 1285 513 1329 adsciscentis,
549 1283 786 1324 librariorum
819 1289 948 1324 natam

83 1341 205 1380 videri
235 1336 483 1379 mutationem
513 1340 718 1380 existimat.
770 1341 873 1379 Nam
906 1340 947 1377 li·

85 1401 147 1436 cet
160 1410 429 1448 nonnunquam
448 1400 600 1447 repetat
616 1398 946 1447 praepositionem

83 1452 298 1505 Apuleius,
344 1456 386 1490 ut
416 1451 512 1490 Met.
541 1450 571 1491 Ι.
600 1465 638 1503 p.
665 1456 749 1493 32.;
796 1455 845 1492 ἱη
875 1453 948 1493 lias

84 1523 296 1550 aerumnas
326 1509 474 1555 incidi,
505 1508 553 1547 V.
578 1522 615 1560 p.
631 1512 724 1549 363.
755 1510 804 1548 in
830 1508 947 1549 Amo-

83 1568 142 1605 ris
159 1565 310 1605 incidit
324 1578 515 1610 amorem,
534 1566 695 1616 saepius
714 1568 842 1604 tamen
861 1578 948 1603 eam

86 1621 315 1673 neglexisse
339 1625 524 1667 autorem,
548 1624 590 1659 ut
613 1620 708 1660 Met.
729 1620 775 1661 II.
801 1636 840 1674 p.
857 1624 948 1663 119.

82 1680 334 1729 fortunam
371 1691 552 1717 scaevam
587 1678 754 1723 incidit,
795 1691 835 1730 p.
858 1681 948 1718 121.

93 1735 284 1775 Ulixeam
338 1734 792 1785 pereqrinationem
850 1734 949 1773 inci-

87 1792 209 1835 dant3
255 1788 325 1829 Vl.
360 1802 397 1840 p.
424 1792 516 1830 396.
563 1803 669 1828 meas
698 1790 951 1841 potissimum

86 1859 250 1886 manas
278 1845 483 1891 incidisli3
530 1859 567 1897 p.
593 1849 686 1886 406.
715 1847 949 1897 proximam

87 1902 357 1941 convallem
392 1901 648 1947 incidebant,·
693 1900 762 1939 IX.
792 1915 831 1953 p.
856 1905 948 1942 635.

84 1954 384 2011 familiarem
413 1958 565 2002 incidi,
613 1958 661 1997 cf.
693 1957 762 1995 Dr.
787 1958 837 1996 ad
861 1957 947 1996 Liv.

85 2013 131 2053 ΙΙ.
146 2018 210 2054 30.
234 2012 321 2052 Intt.
346 2013 396 2051 ad
418 2013 520 2064 Nep.
546 2014 626 2052 Att.
658 2019 694 2054 5.
741 2013 871 2053 Burm.
898 2014 947 2052 ad

87 2070 198 2109 Suet.
224 2083 255 2107 c.
281 2073 345 2109 40.
367 2070 406 2106 ‘in
431 2069 614 2108 Addend.
662 2069 872 2122 [Buenem.
897 2069 947 2108 ad

87 2126 197 2165 Lact.
222 2124 325 2176 Epir.
352 2127 415 2165 27.
446 2125 476 2175 ᾧ.
505 2131 540 2166 1.
569 2139 606 2177 p.
636 2126 754 2166 1247.
812 2126 948 2164 Munk.

87 2182 137 2221 ad
161 2181 271 2220 Lact.
297 2179 469 2218 Placiad.
494 2180 625 2220 Enarr.
645 2181 752 2221 1.10.
778 2186 816 2221 et
839 2181 949 2221 ΧΠ.

92 2243 125 2279 1.
150 2251 187 2289 p.
214 2240 306 2278 793.
328 2238 370 2275 et
394 2237 487 2277 878.
515 2234 624 2277 Stav.
667 2237 749 2276 Sed
775 2239 950 2277 admira-

89 2293 207 2333 bilem
228 2294 329 2332 bene
348 2295 477 2348 tuetur
490 2292 586 2332 usus
606 2292 806 2345 loquendi,
833 2307 949 2345 quum

87 2363 171 2389 voc.
206 2350 366 2400 saepius
402 2351 437 2387 in
468 2349 610 2389 malam
638 2355 786 2401 partem
823 2350 875 2388 de
908 2363 951 2388 re

86 2406 297 2445 incredibili
323 2409 362 2444 et
379 2405 534 2454 modum
559 2410 769 2456 superante
793 2407 951 2452 dicatur,

87 2462 135 2501 cf.
152 2462 228 2502 Cic.
244 2461 393 2500 deFat.
409 2466 470 2502 16.
499 2476 522 2501 o
541 2462 879 2502 admirabilem
906 2463 951 2501 li-

86 2520 259 2558 centiam
272 2523 311 2558 et
322 2518 586 2557 miserabilem
603 2519 854 2558 inscientiam
869 2519 952 2558 dis-

86 2572 952 2625 serendi,-Phi11.111.7.§.18.aclmz'ra-

87 2631 202 2671 bilis
228 2632 519 2683 impudentia3
565 2628 695 2668 luven.
737 2629 844 2669 XIII.
888 2634 952 2672 53.

84 2685 170 2726 Intt.
195 2672 245 2726 ad
265 2686 361 2725 Sall.
386 2684 467 2738 lug.
491 2689 527 2726 2.
552 2700 590 2738 p.
619 2686 704 2739 12.]

128 2757 339 2789 asinariae,
347 2743 585 2794 Pasiphaae
598 2742 837 2794 complexas
849 2755 954 2782 meos

87 2799 280 2839 ardenter
304 2799 580 2852 exspectabat.
611 2798 730 2850 Atqui
754 2797 953 2850 Pasiphae

87 2869 163 2893 non
181 2855 345 2894 ardebat
361 2856 472 2893 asino
492 2854 564 2892 sed
583 2858 710 2901 tauro,
735 2854 838 2892 unde
859 2854 952 2893 boa-

85 2912 175 2950 riae
187 2910 387 2962 glossema
400 2911 584 2963 explicari
598 2911 717 2957 debet
730 2910 813 2959 cod.
823 2908 950 2956 Fulv„

87 2968 231 3018 quippe
255 2968 364 3006 cuius
390 2966 564 3005 librarius
594 2967 629 3004 in
660 2980 707 3006 ea
736 2979 834 3004 voce
866 2980 949 3017 pro-

86 3028 174 3074 pter
196 3023 393 3062 historiam
424 3023 639 3062 offenderit.
692 3021 774 3060 Sed
803 3021 951 3060 dubitat

88 3077 193 3118 Ourl.
230 3094 278 3118 an
316 3079 454 3118 Latine
492 3080 565 3117 dici
600 3079 729 3131 possit
769 3079 951 3118 asinaria

89 3137 128 3173 et
153 3135 314 3181 boaria,
352 3149 452 3186 qnae
483 3135 579 3174 asini
612 3135 672 3173 vel
703 3135 818 3174 bovis
849 3134 951 3186 cupi·

1006 665 1096 704 dine
1119 664 1267 718 flagret,
1291 664 1457 716 hincque
1480 665 1602 704 latere
1627 667 1769 719 aliquid
1792 671 1868 708 exi-

1005 723 1166 760 stimans
1198 722 1324 760 ieiune
1356 722 1538 760 emendat
1575 722 1684 762 boris
1714 725 1870 765 adulte-

1004 792 1087 817 rae.
1115 777 1216 829 [Sed
1235 779 1440 817 asinariae
1458 778 1620 830 probum
1645 792 1738 817 esse
1762 785 1867 831 put0.

1007 833 1111 886 quod
1135 846 1159 870 a
1183 833 1406 884 quotidiano
1438 833 1620 884 loquendi
1649 849 1723 873 usu
1753 836 1870 886 plane

1004 889 1167 935 recedit,
1221 890 1404 942 quodque
1438 888 1664 942 Pasiphaen
1711 892 1871 938 scimus.

1006 946 1232 998 priusquam
1256 959 1338 984 rem
1363 959 1448 985 cum
1473 947 1573 986 bove
1599 947 1751 995 habuit,
1782 962 1871 987 eum

1008 1015 1168 1041 curasse
1208 1005 1248 1039 et
1281 1003 1389 1041 vices
1425 1004 1536 1053 quasi
1565 1003 1720 1042 bubulci
1756 1007 1871 1043 susti-

1007 1059 1153 1097 nuisse.
1196 1057 1429 1098 Asinariam
1450 1072 1541 1097 vero
1559 1059 1796 1112 Pasiphaen
1817 1061 1871 1099 di-

1006 1116 1063 1153 xit
1086 1112 1293 1166 Apuleius,
1318 1116 1464 1153 ratione
1488 1114 1619 1154 habita
1644 1118 1870 1156 concubitus

1005 1174 1203 1209 matronae
1233 1183 1319 1208 cum
1349 1172 1464 1210 asino
1495 1173 1691 1210 exercitati
1724 1177 1762 1211 et
1785 1173 1872 1212 hor-

1004 1227 1113 1264 rendi
1148 1225 1328 1272 sceleris,
1365 1227 1469 1277 quod
1505 1242 1590 1266 cum
1620 1227 1873 1280 Pasiphaeae

1007 1282 1194 1321 adulterio
1240 1282 1413 1321 mirando
1457 1285 1669 1335 comparari
1717 1290 1869 1336 posset.

1005 1337 1063 1376 Ita
1099 1339 1213 1376 istam
1251 1337 1438 1377 latronum
1474 1339 1670 1391 hospitem
1701 1343 1871 1381 nomina-

1003 1396 1058 1432 vit
1087 1395 1202 1433 asino
1233 1395 1523 1445 dependentem
1547 1395 1705 1436 Dircen
1735 1399 1872 1438 anica-

1006 1451 1097 1494 lam,
1125 1449 1222 1488 Met.
1250 1449 1315 1488 VI.
1343 1463 1378 1501 p.
1405 1454 1512 1497 435„
1540 1464 1771 1503 quamquam
1796 1467 1870 1493 non

1004 1506 1056 1545 ad
1090 1507 1241 1544 asinum
1276 1505 1352 1544 sed
1385 1506 1434 1545 ad
1470 1510 1620 1546 taurum
1656 1508 1871 1548 devinctam

1005 1561 1146 1601 Dircen
1174 1562 1297 1601 fuisse
1322 1566 1488 1603 constat.
1540 1562 1604 1601 De
1627 1577 1669 1603 re
1693 1564 1741 1604 cf.
1769 1580 1870 1617 quae

1006 1618 1204 1671 proferunt
1244 1617 1330 1657 Intt.
1371 1619 1422 1657 ad
1463 1619 1634 1660 Iuvenal.
1676 1620 1742 1660 VI.
1780 1625 1872 1664 334.

1008 1674 1109 1714 Plin.
1134 1674 1237 1714 Hist.
1259 1674 1349 1714 Nat.
1375 1674 1479 1714 VIII.
1504 1680 1568 1717 42.
1605 1675 1779 1730 Boettig.
1803 1678 1873 1717 Sa-

1006 1731 1081 1769 bin.
1108 1730 1154 1770 T.
1180 1730 1224 1769 11.
1248 1744 1285 1782 p.
1312 1734 1405 1772 205.
1436 1732 1497 1771 ed.
1522 1741 1621 1772 nov.
1662 1733 1726 1771 De
1755 1735 1872 1774 Pasi-

1004 1788 1133 1839 phaes
1176 1787 1308 1826 sabula
1349 1787 1514 1838 eiusque
1561 1790 1778 1840 significatu
1825 1791 1871 1830 cf.

1007 1843 1192 1894 Apollod.
1230 1841 1293 1881 III.
1335 1847 1368 1883 1.
1405 1844 1442 1884 4.
1491 1843 1635 1896 Hygin.
1674 1845 1770 1886 Fal).
1806 1851 1872 1889 40.

1007 1899 1122 1938 Diod.
1148 1899 1216 1938 lv.
1243 1903 1306 1940 79.
1360 1898 1475 1940 Ovid.
1505 1901 1589 1941 Art.
1619 1899 1644 1939 Ι.
1677 1905 1757 1944 295
1783 1917 1872 1966 sqq.

1007 1955 1136 2006 Hey.n
1166 1955 1217 1994 ad
1247 1954 1379 2006 Apoll.
1413 1955 1435 1995 l.
1462 1970 1496 1995 c.
1527 1971 1565 2009 p.
1591 1961 1675 1998 217
1697 1972 1786 2010 sqq.
1815 1959 1873 1998 in.

1007 2011 1146 2064 Antiq.
1174 2011 1357 2064 Aufsiiiz.
1383 2010 1410 2050 l.
1435 2025 1472 2064 p.
1498 2017 1564 2054 20.
1601 2012 1771 2068 Boettig.
1795 2016 1874 2054 Va—

1003 2081 1176 2118 sengem.
1202 2067 1265 2106 III.
1291 2072 1409 2119 p.25.
1441 2065 1577 2108 Creuz.
1605 2069 1872 2120 Symb01.1v.

1008 2137 1044 2175 p.
1078 2109 1130 2164 10
1155 2137 1244 2175 sqq.
1280 2128 1332 2165 83
1365 2137 1454 2176 sqq.
1500 2125 1651 2165 Hoeck.
1690 2126 1790 2166 Cret.
1826 2127 1874 2167 Il.

1007 2194 1046 2232 p.
1083 2184 1137 2221 57
1172 2180 1289 2233 sqq]
1349 2180 1590 2234 Pasiphaae
1626 2182 1788 2222 sormam
1824 2197 1874 2222 ex

1011 2237 1167 2289 optimis
1192 2236 1308 2276 codd.
1332 2237 1716 2288 cun10ud.restitui;
1742 2240 1790 2279 cf.
1809 2241 1873 2278 ad-

1009 2296 1082 2331 not.
1108 2293 1157 2331 ad
1182 2291 1278 2330 Met.
1304 2291 1330 2332 I.
1356 2307 1395 2345 p.
1421 2296 1505 2340 96„
1542 2308 1656 2347 quam
1686 2297 1874 2347 praebent

1008 2349 1123 2387 etiam
1146 2348 1288 2400 Hygin.
1320 2349 1434 2389 codd.
1460 2349 1484 2388 l.
1510 2363 1541 2388 c.
1567 2355 1607 2389 et
1632 2350 1709 2392 Cic.
1734 2352 1783 2391 de
1807 2352 1872 2391 Di-

1007 2406 1081 2443 vin.
1107 2404 1132 2443 Ι.
1159 2409 1224 2446 43.
1251 2404 1282 2455 §.
1308 2409 1386 2451 96..
1411 2406 1476 2444 ubi
1501 2406 1589 2445 vide
1612 2407 1696 2446 Intt.
1733 2409 1872 2461 Expe-

1009 2462 1133 2508 tebat,
1170 2461 1275 2512 quod
1311 2462 1542 2513 interpretes
1579 2463 1728 2515 aliquot
1763 2478 1871 2516 prae-

1009 2517 1215 2567 ferebant,-
1244 2531 1390 2556 merum
1421 2518 1623 2570 glossema
1653 2525 1716 2559 est
1744 2521 1873 2571 genui-

1009 2587 1083 2613 nae
1120 2573 1296 2612 lectionis
1333 2575 1616 2626 exspectabat,
1659 2580 1759 2626 quae
1794 2590 1871 2615 vox

1011 2627 1170 2669 alterins
1206 2630 1309 2668 illius
1340 2630 1415 2668 vim
1446 2634 1485 2669 et
1514 2630 1724 2670 efficaciam
1755 2633 1872 2671 conti-

1011 2691 1094 2734 net,
1119 2699 1206 2724 nam
1233 2699 1335 2736 quae
1359 2691 1654 2739 exspectamus,
1685 2701 1733 2726 ea
1757 2702 1872 2740 expe-

1009 2743 1129 2781 timus
1140 2745 1178 2780 et
1192 2742 1478 2791 desideramus3
1497 2743 1544 2781 cf.
1558 2744 1690 2782 Arntz.
1709 2745 1758 2783 ad
1773 2744 1870 2784 Plio.

1009 2797 1205 2850 Panegyr.
1227 2801 1288 2838 10.
1315 2800 1416 2850 9.1.,
1442 2800 1506 2851 qui
1530 2799 1640 2850 plura
1665 2800 1713 2839 dc
1739 2802 1872 2839 utrius-

1011 2868 1088 2906 que
1122 2854 1301 2893 vocabuli
1337 2854 1565 2893 confusione
1600 2860 1640 2894 et
1674 2860 1872 2908 potestate

1005 2909 1176 2962 exponit.
1199 2927 1201 2931 ¹
1237 2910 1438 2950 Ardenter
1463 2911 1512 2948 de
1542 2912 1680 2962 cupitis
1708 2913 1872 2964 saepius

1007 2966 1142 3005 dicitur
1166 2965 1214 3004 cf.
1241 2965 1318 3004 Cic.
1345 2965 1462 3004 Tusc.
1488 2965 1555 3006 IV.
1573 2972 1633 3007 17.
1659 2968 1761 3008 V.6.
1804 2969 1871 3009 Sic

1007 3026 1100 3074 puto
1129 3019 1304 3060 lacunam
1334 3021 1438 3073 apud
1462 3021 1646 3062 Fronton.
1671 3022 1795 3076 Epist.
1820 3026 1871 3065 ad

1009 3076 1122 3117 Caes.
1158 3076 1221 3116 III.
1261 3081 1322 3118 13.
1359 3077 1619 3129 supplendam
1656 3092 1766 3119 esse:
1810 3082 1869 3122 ita

1008 3134 1218 3174 ardentius
1239 3134 1442 3186 glandem]
