2221 3667
317 167 400 208 402

574 165 618 204 1..
652 165 869 206 APULEn
898 161 1297 205 MADAURENSIS
1327 159 1870 200 METAMORPHOSEON

318 277 586 332 Proserpinae
602 278 823 333 nuptiarum
841 275 1079 325 demeacula,
1108 281 1143 314 et
1171 273 1452 314 luminosarum
1469 272 1569 313 filiae
1588 272 1858 313 inventionum
1877 269 2114 319 remeacula‚

320 341 359 374 et
385 341 538 385 cetera,
568 348 666 388 quae
693 335 850 376 silentio
877 333 975 384 tegit
1000 330 1201 371 Eleusinis
1222 329 1380 370 Atticae
1405 329 1645 379 sacrarium,
1673 329 1919 368 miserandae
1943 325 2118 381 Psyches

320 390 475 431 animae
513 391 698 444 supplicis
738 398 825 430 tuae
863 388 1049 429 subsiste.
1101 385 1212 426 Inter
1242 387 1358 426 istam
1396 387 1589 440 spicarum
1628 384 1853 438 congeriem
1893 390 2027 437 patere
2056 381 2120 421 vel

321 447 508 500 pauculos
535 447 616 487 dies
644 447 884 493 delitescam,
913 444 1038 496 quoad
1065 441 1175 483 Deae
1207 449 1340 483 tantae
1366 442 1548 484 saeviens
1572 442 1633 482 ira
1657 441 1783 495 spatio
1809 439 1994 492 temporis
2018 437 2121 478 miti·

232 506 296 540 386
323 510 458 556 getur‚
485 504 575 559 {vel
601 511 707 543 certe
734 514 842 542 meae
867 500 973 539 vires
1000 499 1150 539 diutino
1175 499 1310 539 labore
1337 500 1466 540 fessae
1498 498 1639 552 quietis
1672 496 1882 537 intervallo
1907 494 2120 535 leniantur.

321 631 568 660 inventionum
579 633 614 659 G.
642 629 752 665 tegin.
779 627 1026 664 eetigfex'icent.
1055 625 1167 655 Eleus.
1183 627 1216 654 in
1231 625 1366 656 In‘sF.2.
1393 625 1548 656 Eleusa»
1562 625 1627 654 ln‘is
1642 627 1769 655 G.P.R.
1779 624 1933 654 0.71.¹'.D.
1960 620 2126 650 Eleusinis

322 672 1155 711 F.hauc.p.«5.Vu1can.woW.1·;1m.scriv.Pric.
1182 670 1732 702 Eleusievicent.etcett.edd.vett.
1759 669 1978 706 unigenum
1987 667 2127 695 atticae.

323 729 497 749 nee-rarum
514 730 543 755 p.
591 718 783 747 sacrarium
798 719 887 745 deest
903 718 935 745 in
951 719 988 745 G.
1003 718 1038 745 P.
1054 719 1091 746 D.
1106 719 1143 746 R.
1161 718 1180 745 f.
1195 719 1230 746 0.
1244 726 1280 746 π.
1318 726 1340 744 a
1353 716 1567 745 miserandae
1581 725 1610 751 p.
1623 718 1736 745 Venet.
1751 718 1782 744 2.
1808 713 1852 742 alt
1867 711 2080 741 miserandae
2093 714 2129 741 B.

324 765 562 794 amiserandae
575 765 701 793 Vivent.
727 762 884 790 miserum
899 761 937 789 de
951 760 1080 798 Psyche
1094 763 1214 790 vitiose
1227 764 1303 791 Bas.
1321 764 1348 791 1.
1374 760 1588 789 miserandae
1602 769 1663 789 non
1679 761 1879 795 conspicitur
1892 760 1924 787 in
1938 761 1974 787 G.
1989 760 2024 787 P.
2039 759 2077 786 D.
2091 758 2129 786 R.

322 813 346 841 f.
361 814 396 840 0.
413 820 446 840 π.
495 809 677 838 subsistere
689 808 817 836 Vicent.
831 809 945 836 Venet.
960 808 990 835 2.
1005 811 1033 835 et
1048 810 1151 842 marg.
1167 808 1242 836 Bas.
1259 809 1287 836 1.
1323 807 1377 834 ne!
1389 810 1480 836 abest
1495 814 1515 835 a
1528 808 1564 836 B.
1596 813 1726 842 paucos
1740 807 1775 834 G.
1791 807 1829 833 1).
1865 805 1921 832 ira
1936 806 2046 833 exulat
2060 810 2079 831 a
2093 803 2130 830 P.

324 856 506 893 inspiratio
522 862 576 889 pro
597 853 652 880 ira
665 852 778 889 spatio
798 855 882 881 lunt.
900 854 927 881 1.
943 854 973 881 ¹2.
988 854 1064 881 Ald.

327 1013 448 1050 missa
473 1009 623 1047 semina
643 1007 797 1046 firmiter
816 1008 971 1053 retinet,
999 1006 1202 1046 laetificas-

330 1080 405 1118 que
441 1068 602 1117 segetes
639 1065 756 1116 parit3
792 1078 893 1115 quae
920 1064 1127 1116 explicatio
1153 1064 1205 1102 ad

329 1123 474 1176 ylebae
501 1121 668 1161 Siculae
703 1121 929 1160 sulcamina
953 1121 1115 1172 propius
1142 1134 1203 1159 ac-

330 1179 470 1217 cedere
496 1177 680 1230 videtur.]

388 1240 427 1273 et
466 1235 745 1275 illuminarunt
781 1264 913 1272 ......
953 1234 1205 1273 demeacula.

332 1290 460 1344 [Haec
483 1292 603 1329 verba
617 1289 819 1329 Ferrarius
845 1290 894 1328 de
920 1294 1009 1328 vett.
1037 1290 1206 1328 lucernis

331 1347 569 1400 sepulchral.
598 1347 674 1385 init.
700 1347 736 1384 in
753 1347 891 1385 Graev.
908 1345 1028 1385 Thes.
1044 1346 1204 1396 Antiqq.

333 1403 378 1443 T.
404 1403 490 1443 ΧΠ.
523 1418 561 1454 p.
587 1406 679 1444 997.
718 1404 771 1441 ita
807 1402 996 1455 explicat:
1035 1403 1206 1440 Veteres

333 1463 368 1499 in
407 1460 779 1512 supplicationibus,
825 1460 1005 1498 accensis
1044 1459 1206 1503 facibus,

334 1518 452 1568 longa
476 1530 622 1568 pompa
647 1516 805 1554 deorum
832 1516 980 1567 templa
1000 1515 1107 1553 adire
1120 1530 1208 1554 con-

334 1577 557 1613 sueverunt.
607 1571 727 1610 Cuius
753 1573 914 1610 instituti
940 1573 1127 1611 rationem
1161 1573 1210 1611 ab

336 1630 478 1670 Cerere
511 1629 771 1674 deduxerunt,
804 1642 904 1679 quae
934 1632 1083 1679 raptam
1114 1628 1212 1667 Pro-

335 1689 550 1739 serpinam.
589 1685 768 1724 accensis
805 1686 840 1723 in
878 1686 1033 1723 Aetnae
1072 1686 1213 1723 montis

336 1744 482 1781 vertice
513 1741 652 1787 taedis,
692 1755 904 1792 quaerens,
942 1741 1091 1779 inferna
1129 1742 1216 1779 loca

335 1799 570 1854 peragravit.
620 1797 695 1844 Qui
727 1799 822 1835 ritus
855 1811 995 1848 magna
1025 1811 1116 1849 pars
1150 1810 1210 1835 sa-

338 1869 487 1895 crorum
524 1853 811 1892 Eleusiniorum
849 1854 935 1902 suit3
986 1868 1086 1904 quae
1124 1854 1213 1892 licet

339 1913 504 1952 omnium
530 1911 802 1962 mysteriorum
824 1910 1089 1949 occultissima
1110 1924 1212 1948 sum-

338 1983 401 2008 mo
418 1968 572 2007 silentio
586 1970 826 2017 tegerentur,
852 1966 946 2005 illud
966 1971 1095 2005 tamen
1116 1968 1214 2004 inter

339 2030 469 2065 cetera
493 2024 705 2068 emanavit,
732 2024 767 2061 in
794 2023 840 2061 iis
856 2027 894 2061 et
908 2027 1087 2072 gestatas
1105 2036 1213 2075 prae-

339 2083 452 2134 cipue
477 2086 516 2119 et
541 2081 706 2119 iactatas
732 2079 843 2117 faces
870 2079 1005 2118 fuisse.
1055 2079 1217 2131 Psyche

339 2138 444 2190 apud
482 2137 692 2189 Apuleium
731 2135 912 2174 Cererem
948 2137 1007 2175 sic
1044 2137 1215 2188 propiat:

341 2196 427 2236 Per
442 2209 520 2247 eqo
547 2199 584 2232 te
610 2198 681 2231 etc.
710 2191 798 2238 Quo
817 2193 902 2231 loco
918 2193 1096 2231 videmus
1111 2193 1217 2244 prius

342 2251 668 2302 supplicationem
689 2250 847 2287 minime
867 2250 1046 2288 accensis
1066 2249 1217 2288 facibus

342 2311 561 2361 peractam,
599 2319 726 2357 eaque
766 2310 895 2344 vocat:
940 2307 1217 2346 illurm'narum

342 2365 580 2416 nuptiarum
607 2363 843 2402 demeacula
869 2363 889 2400 i.
917 2376 950 2402 e.
975 2376 1219 2414 processum,

344 2421 486 2460 deinde
512 2421 547 2457 in
575 2419 697 2458 reditu
726 2419 775 2456 ob
801 2419 981 2458 inventae
1007 2419 1107 2457 filiae
1128 2433 1220 2470 gau·

345 2478 447 2516 dium
486 2477 597 2514 faces
635 2476 819 2514 ardentes
856 2477 1077 2527 praelatas,
1115 2476 1220 2527 quod

344 2534 669 2574 illuminosarum
694 2533 967 2572 inventionum
992 2533 1220 2572 remeacula

346 2589 530 2641 appellat.
582 2588 620 2627 ln
642 2602 689 2626 eo
709 2593 836 2626 tamen
853 2588 1050 2627 Ferrarius
1065 2602 1222 2627 errasse

346 2645 622 2696 videtui-,quod
636 2645 736 2683 haec
745 2646 864 2683 verba
879 2645 928 2683 ad
944 2648 1222 2696 mysteriorum

346 2705 440 2742 ritus
468 2702 613 2748 retulit,
641 2715 755 2753 quum
783 2702 817 2739 in
844 2702 1065 2740 universum
1088 2703 1136 2742 ad
1153 2702 1223 2740 Ce-

348 2761 445 2798 reris
470 2759 670 2797 historiam
695 2759 923 2810 pertineant.
973 2758 1061 2810 Ego
1097 2759 1222 2797 locum

352 2816 465 2867 plane
492 2816 603 2853 aliter
629 2815 795 2867 explico.
844 2815 1095 2855 Demeacula
1122 2817 1223 2853 enini

352 2887 426 2911 non
453 2876 543 2911 sunt
557 2871 709 2910 Cereris
734 2871 807 2909 sed
822 2870 1096 2922 Proserpinae,
1123 2886 1224 2922 quae

354 2929 402 2966 ab
429 2929 531 2967 Orco
556 2932 666 2979 rapta
691 2929 725 2966 in
752 2928 961 2966 tenebrosa
976 2929 1112 2979 Stygis
1141 2929 1226 2967 loca.

351 2985 481 3023 delata
496 2989 566 3023 est.
594 2986 778 3037 Nuptiae
802 2985 1017 3035 significant
1040 2987 1225 3036 rapinam,

353 3055 429 3091 qua
465 3041 702 3092 Proserpina
737 3042 842 3079 Ditis
878 3055 976 3079 uxor
1013 3041 1115 3080 saeta
1152 3047 1224 3080 est.

353 3098 600 3137 Remeacula
626 3111 717 3135 vero
732 3099 1021 3138 luminosarum
1033 3099 1224 3137 int-cntio-

352 3167 445 3193 num
469 3157 558 3192 sunt
583 3168 734 3193 errores
750 3154 919 3199 Cereris,
945 3168 1046 3205 quae
1072 3154 1224 3194 facibus

1114 851 1168 879 vel
1178 856 1254 880 ante
1268 856 1360 880 certe
1374 855 1456 881 Elm.
1472 856 1501 880 et
1515 852 1654 880 Sci-iver.
1669 851 1764 880 uncis
1776 851 1989 879 incluserunt.
2037 854 2132 875 meae

325 909 380 930 rex
394 903 430 930 F.
444 903 474 929 3.
490 902 525 928 G.
541 900 576 927 P.
590 900 628 927 D.
643 899 677 927 Ο.
692 905 713 927 a
725 906 765 927 m.
780 907 810 933 p.
835 899 872 926 In
887 898 1022 932 reliquis
1037 901 1124 926 extat
1140 897 1239 925 τίνω.

1262 1008 1311 1046 ad
1335 1008 1488 1046 Aetnae
1507 1007 1650 1044 montis
1667 1005 1842 1043 flammas
1863 1004 2041 1044 accensis
2066 1016 2136 1055 per

1262 1067 1384 1102 totum
1412 1064 1542 1102 orbem
1563 1066 1748 1101 terrarum
1769 1061 1882 1100 filiam
1904 1062 2137 1112 quaesierat,

1264 1124 1303 1158 et
1317 1134 1401 1159 eam
1416 1119 1613 1158 aPlutone
1625 1122 1775 1169 raptam
1790 1131 1884 1156 esse
1898 1119 2138 1169 perceperat.

1263 1177 1461 1227 Respexit
1487 1177 1573 1214 sine
1598 1175 1715 1214 dubio
1732 1174 1923 1225 Apuleius
1949 1173 1996 1212 ad
2020 1173 2139 1211 verba

1265 1233 1393 1271 Ovidii
1409 1232 1558 1272 Mea.
1575 1235 1668 1272 461.
1691 1232 1803 1277 Quas
1817 1231 1908 1270 Dea
1920 1244 1998 1282 per
2012 1234 2140 1268 terras

1266 1295 1304 1328 et
1329 1304 1430 1342 quas
1454 1289 1653 1328 errat-erit
1676 1288 1809 1327 undas
1840 1287 1992 1326 Dicere
2012 1286 2141 1337 lonya

1265 1360 1381 1385 mora
1408 1351 1483 1391 est,
1511 1345 1721 1397 quaerenti
1747 1345 1884 1396 defuit
1916 1343 2035 1381 orbis.
2081 1341 2141 1380 Si-

1267 1404 1426 1441 cam'am
1453 1402 1644 1452 repetit.
1706 1399 1923 1450 Postquam
1950 1399 2050 1437 enim
2075 1411 2142 1451 pe-

1267 1463 1369 1496 stem
1400 1459 1559 1496 miserat
1594 1462 1632 1494 et
1663 1456 1851 1495 fructuum
1883 1455 2143 1493 calamitatem

1271 1514 1432 1555 Siculis,
1459 1515 1507 1551 ab
1528 1512 1668 1551 Eleide
1687 1512 1892 1563 Nympha,
1924 1513 1988 1550 ubi
2013 1524 2144 1550 versa·

1270 1576 1371 1610 retur
1397 1571 1492 1615 tilia,
1519 1571 1656 1608 certior
1682 1569 1784 1607 sacta
1809 1569 1900 1621 est]

1331 1628 1549 1666 Eleusinis.
1598 1626 1710 1664 Haec
1739 1626 1824 1663 sine
1857 1625 1973 1663 dubio
2001 1625 2147 1675 optima

1275 1690 1337 1722 est
1362 1684 1477 1721 huius
1506 1683 1578 1722 loci
1604 1684 1804 1733 scriptura.
1853 1681 2013 1732 Duplex
2044 1680 2146 1719 enim

1276 1743 1383 1778 extat
1407 1740 1522 1778 huius
1548 1740 1656 1777 vocis
1681 1739 1896 1777 terminatio
1926 1737 2083 1777 Eleusis
2109 1740 2148 1775 et

1274 1797 1461 1841 Eleusin,
1488 1798 1596 1835 cuius
1622 1796 1815 1846 genitivus
1842 1799 1904 1833 est
1929 1794 2146 1839 Eleusinis,

1272 1854 1321 1891 de
1348 1866 1424 1903 qua
1450 1852 1572 1890 forma
1620 1852 1667 1890 cf.
1701 1851 1838 1890 Heius.
1873 1854 1910 1888 et
1936 1850 2064 1888 Burm.
2098 1849 2149 1888 ad

1273 1909 1386 1948 Ovid.
1425 1908 1582 1947 Heroid.
1608 1908 1676 1946 lV.
1705 1912 1769 1948 67.
1820 1908 1939 1946 Seriv.
1966 1906 2015 1944 ad
2041 1906 2149 1957 Virg.

1275 1966 1418 2016 Georg.
1432 1964 1458 2003 l.
1478 1969 1567 2006 162.
1585 1964 1661 2004 Cic.
1671 1964 1928 2004 Nat.D.1.42.
1958 1962 2150 2015 [Atticae

1275 2036 1366 2060 vero
1393 2035 1457 2060 cur
1483 2021 1675 2060 addiderit
1699 2020 1913 2072 Apuleius,
1940 2020 2003 2057 vix
2017 2022 2150 2070 potest

1275 2078 1455 2129 intelligi,
1484 2079 1554 2116 nisi
1579 2078 1627 2116 ab
1653 2077 1728 2116 alio
1750 2077 1976 2128 cognomine
2003 2074 2149 2127 oppido

1276 2136 1469 2186 Aegypti,
1497 2134 1600 2185 quod
1626 2134 1729 2172 haud
1755 2133 1892 2184 procul
1919 2146 1943 2171 a
1967 2131 2150 2183 Nicopoli

1277 2194 1392 2230 situm
1414 2196 1452 2229 et
1472 2195 1631 2242 propter
1646 2190 1824 2228 libidines
1846 2190 2151 2229 famosissimum

1277 2253 1376 2294 erat,
1403 2247 1566 2286 voluerit
1591 2247 1854 2299 discernere]

1334 2306 1476 2357 spatio
1506 2305 1711 2356 temporis.
1762 2302 1863 2349 Quia
1894 2303 2055 2354 saepius
2087 2301 2152 2340 ab·

1278 2362 1408 2400 solute
1422 2363 1558 2412 spatio
1578 2360 1730 2405 dieitur,
1755 2359 1942 2398 Pricaeus
1963 2359 2153 2410 temporis

1279 2419 1363 2457 eiici
1379 2418 1514 2463 voluit,
1540 2417 1611 2455 sed
1626 2418 1802 2468 spatiani
1818 2417 2009 2468 temporis
2028 2426 2152 2465 saepe

1280 2476 1444 2525 iungitur
1470 2473 1546 2512 Cic.
1571 2487 1640 2524 pro
1665 2473 1784 2511 Arch.
1811 2472 1837 2511 Ι.
1863 2470 2065 2523 ΥεςθΐᾸΙ.
2088 2474 2152 2510 18.
2209 2463 2213 2510 ,Ϊ

1280 2531 1399 2583 Apul.
1430 2528 1527 2570 Met.
1548 2529 1632 2568 Vll.
1666 2543 1703 2580 p.
1736 2533 1830 2569 455.
1870 2543 1961 2581 spes
1997 2528 2152 2580 eoeiyuo
2208 2543 2212 2579 ς

1280 2589 1515 2640 temporis
1540 2588 1707 2638 spatio
1734 2587 1883 2624 amisi.
1911 2583 2151 2635 Vll.p.461.

1283 2646 1392 2684 bret-i
1417 2644 1652 2694 temporis
1676 2643 1854 2693 spatio.
1881 2641 1944 2679 De
1958 2641 2154 2679 sententia

1283 2701 1330 2740 cs.
1358 2701 1424 2740 Dr.
1451 2700 1500 2738 ad
1525 2697 1727 2737 l„iv.wtt.
1753 2702 1817 2738 32.

1340 2758 1404 2797 vel
1427 2761 1545 2796 certe.
1581 2753 1690 2795 Male
1716 2755 1777 2793 hic
1802 2767 1960 2805 quoque
1983 2756 2025 2790 ut
2050 2752 2152 2799 alibi,

1282 2816 1346 2854 ubi
1371 2814 1448 2853 hae
1472 2826 1591 2850 voces
1619 2812 1680 2851 rel
1703 2816 1809 2850 certe
1838 2812 1896 2848 sic
1921 2811 2073 2848 iunctae
2097 2811 2154 2848 in·
2207 2829 2221 2849 a·

1282 2872 1500 2915 veniuntur,
1528 2868 1706 2909 Elmenh.
1726 2872 1764 2906 et
1778 2867 1942 2905 Sci-iver.
1965 2866 2028 2905 cel
2042 2866 2153 2904 uncis

1284 2929 1532 2967 incluserunt.
1592 2925 1694 2964 Oud.
1732 2927 1931 2974 comparat
1960 2920 2057 2962 Met.
2088 2921 2153 2963 ΠΙ.

1284 2999 1320 3036 p.
1353 2988 1441 3025 198.
1468 2984 1542 3022 vel
1564 2987 1682 3022 cerie
1706 2982 1899 3019 adversus
1925 2980 2006 3029 (ubi
2025 2983 2154 3018 tamen

1284 3042 1417 3093 optimi
1431 3039 1542 3079 codd.
1557 3039 1702 3078 habent
1717 3038 1778 3076 rel
1791 3038 1921 3075 etiam.
1945 3035 1995 3074 V.
2010 3049 2045 3086 p.
2060 3039 2153 3076 319.
2206 3029 2221 3070 ἶ.

1283 3098 1359 3138 cel
1380 3102 1510 3137 certe.
1536 3093 1911 3144 deus.vlll.1).553.
1931 3093 2008 3132 vel
2024 3097 2154 3132 certe

1283 3156 1408 3195 nimia
1421 3153 1511 3193 luce
1519 3149 1972 3201 Suet.Tiber.25.Veget.
1982 3147 2153 3189 Protln.
2206 3174 2207 3179 ,
