<?xml version="1.0" encoding="UTF-8"?>
<!DOCTYPE html PUBLIC "-//W3C//DTD XHTML 1.0 Transitional//EN"
    "http://www.w3.org/TR/xhtml1/DTD/xhtml1-transitional.dtd">
<html xmlns="http://www.w3.org/1999/xhtml" xml:lang="en" lang="en">
 <head>
  <title>
</title>
<meta http-equiv="Content-Type" content="text/html;charset=utf-8" />
  <meta name='ocr-system' content='tesseract 3.04.00' />
  <meta name='ocr-capabilities' content='ocr_page ocr_carea ocr_par ocr_line ocrx_word'/>
</head>
<body>
  <div class='ocr_page' id='page_1' title='image "./operaomnia01apuluoft/operaomnia01apuluoft_0695.png"; bbox 0 0 2155 3590; ppageno 0'>
   <div class='ocr_carea' id='block_1_1' title="bbox 635 143 921 188">
    <p class='ocr_par' dir='ltr' id='par_1_1' title="bbox 635 143 921 188">
     <span class='ocr_line' id='line_1_1' title="bbox 635 143 921 188; baseline 0 -2"><span class='ocrx_word' id='word_1_1' title='bbox 635 145 824 188; x_wconf 87' lang='lat' dir='ltr'>LIBER</span> <span class='ocrx_word' id='word_1_2' title='bbox 846 143 921 187; x_wconf 92' lang='lat' dir='ltr'>VI.</span> 
     </span>
    </p>
   </div>
   <div class='ocr_carea' id='block_1_2' title="bbox 81 249 1956 368">
    <p class='ocr_par' dir='ltr' id='par_1_2' title="bbox 81 249 1956 368">
     <span class='ocr_line' id='line_1_2' title="bbox 82 249 1956 314; baseline -0.007 -13"><span class='ocrx_word' id='word_1_3' title='bbox 82 260 164 302; x_wconf 90' lang='lat' dir='ltr'>dosi</span> <span class='ocrx_word' id='word_1_4' title='bbox 178 260 277 314; x_wconf 88' lang='lat' dir='ltr'>quod</span> <span class='ocrx_word' id='word_1_5' title='bbox 293 259 455 312; x_wconf 76' lang='lat' dir='ltr'><strong>gerebat</strong></span> <span class='ocrx_word' id='word_1_6' title='bbox 473 259 595 299; x_wconf 87' lang='lat' dir='ltr'>suetis</span> <span class='ocrx_word' id='word_1_7' title='bbox 613 258 754 299; x_wconf 87' lang='lat' dir='ltr'>ictibus</span> <span class='ocrx_word' id='word_1_8' title='bbox 775 265 976 313; x_wconf 81' lang='lat' dir='ltr'>temperat.</span> <span class='ocrx_word' id='word_1_9' title='bbox 1023 257 1136 298; x_wconf 85' lang='lat' dir='ltr'>Tunc</span> <span class='ocrx_word' id='word_1_10' title='bbox 1155 253 1322 308; x_wconf 82' lang='lat' dir='ltr'>ingratis</span> <span class='ocrx_word' id='word_1_11' title='bbox 1343 253 1390 293; x_wconf 86' lang='lat' dir='ltr'>ad</span> <span class='ocrx_word' id='word_1_12' title='bbox 1405 258 1616 306; x_wconf 85' lang='lat' dir='ltr'>promptum</span> <span class='ocrx_word' id='word_1_13' title='bbox 1633 249 1866 305; x_wconf 69' lang='lat' dir='ltr'>relcurrens</span> <span class='ocrx_word' id='word_1_14' title='bbox 1892 255 1956 286; x_wconf 77' lang='lat'>443</span> 
     </span>
     <span class='ocr_line' id='line_1_3' title="bbox 81 307 1726 368; baseline -0.007 -12"><span class='ocrx_word' id='word_1_15' title='bbox 81 316 243 358; x_wconf 79' lang='lat' dir='ltr'>exitium</span> <span class='ocrx_word' id='word_1_16' title='bbox 269 315 503 356; x_wconf 86' lang='lat' dir='ltr'>reminiscor</span> <span class='ocrx_word' id='word_1_17' title='bbox 527 315 672 355; x_wconf 87' lang='lat' dir='ltr'>doloris</span> <span class='ocrx_word' id='word_1_18' title='bbox 700 315 889 368; x_wconf 85' lang='lat' dir='ltr'>ungulae,</span> <span class='ocrx_word' id='word_1_19' title='bbox 918 321 957 354; x_wconf 90' lang='lat' dir='ltr'>et</span> <span class='ocrx_word' id='word_1_20' title='bbox 987 313 1134 367; x_wconf 86' lang='lat' dir='ltr'>occipio</span> <span class='ocrx_word' id='word_1_21' title='bbox 1163 310 1315 351; x_wconf 82' lang='lat' dir='ltr'>nutanti</span> <span class='ocrx_word' id='word_1_22' title='bbox 1340 309 1465 362; x_wconf 82' lang='lat' dir='ltr'>eapite</span> <span class='ocrx_word' id='word_1_23' title='bbox 1491 307 1726 348; x_wconf 76' lang='lat' dir='ltr'>claudicare.</span> 
     </span>
    </p>
   </div>
   <div class='ocr_carea' id='block_1_3' title="bbox 981 141 1280 186">
    <p class='ocr_par' dir='ltr' id='par_1_3' title="bbox 981 141 1280 186">
     <span class='ocr_line' id='line_1_4' title="bbox 981 141 1280 186; baseline -0.01 -2"><span class='ocrx_word' id='word_1_24' title='bbox 981 143 1108 186; x_wconf 89' lang='lat' dir='ltr'>CAP.</span> <span class='ocrx_word' id='word_1_25' title='bbox 1136 141 1280 183; x_wconf 87' lang='lat' dir='ltr'><strong>XXX.</strong></span> 
     </span>
    </p>
   </div>
   <div class='ocr_carea' id='block_1_4' title="bbox 1784 137 1867 180">
    <p class='ocr_par' dir='ltr' id='par_1_4' title="bbox 1784 137 1867 180">
     <span class='ocr_line' id='line_1_5' title="bbox 1784 137 1867 180; baseline 0 0"><span class='ocrx_word' id='word_1_26' title='bbox 1784 137 1867 180; x_wconf 81' lang='lat'>509</span> 
     </span>
    </p>
   </div>
   <div class='ocr_carea' id='block_1_5' title="bbox 1789 306 1866 345">
    <p class='ocr_par' dir='ltr' id='par_1_5' title="bbox 1789 306 1866 345">
     <span class='ocr_line' id='line_1_6' title="bbox 1789 306 1866 345; baseline -0.013 0"><span class='ocrx_word' id='word_1_27' title='bbox 1789 306 1866 345; x_wconf 88' lang='lat' dir='ltr'>Sed</span> 
     </span>
    </p>
   </div>
   <div class='ocr_carea' id='block_1_6' title="bbox 81 361 1871 535">
    <p class='ocr_par' dir='ltr' id='par_1_6' title="bbox 81 361 1871 535">
     <span class='ocr_line' id='line_1_7' title="bbox 81 361 1871 425; baseline -0.007 -12"><span class='ocrx_word' id='word_1_28' title='bbox 81 387 187 423; x_wconf 85' lang='lat' dir='ltr'>ecce,</span> <span class='ocrx_word' id='word_1_29' title='bbox 209 372 335 425; x_wconf 89' lang='lat' dir='ltr'>inquit</span> <span class='ocrx_word' id='word_1_30' title='bbox 353 372 434 421; x_wconf 88' lang='lat' dir='ltr'>ille,</span> <span class='ocrx_word' id='word_1_31' title='bbox 462 371 527 425; x_wconf 88' lang='lat' dir='ltr'>qui</span> <span class='ocrx_word' id='word_1_32' title='bbox 547 385 606 412; x_wconf 90' lang='lat' dir='ltr'>me</span> <span class='ocrx_word' id='word_1_33' title='bbox 628 378 875 422; x_wconf 73' lang='lat' dir='ltr'>retraxerat,</span> <span class='ocrx_word' id='word_1_34' title='bbox 903 384 1061 410; x_wconf 89' lang='lat' dir='ltr'>rursum</span> <span class='ocrx_word' id='word_1_35' title='bbox 1082 368 1224 409; x_wconf 79' lang='lat' dir='ltr'>titubas</span> <span class='ocrx_word' id='word_1_36' title='bbox 1245 374 1285 406; x_wconf 88' lang='lat' dir='ltr'>et</span> <span class='ocrx_word' id='word_1_37' title='bbox 1302 365 1490 406; x_wconf 78' lang='lat' dir='ltr'>vacillas?</span> <span class='ocrx_word' id='word_1_38' title='bbox 1515 370 1554 403; x_wconf 86' lang='lat' dir='ltr'>et</span> <span class='ocrx_word' id='word_1_39' title='bbox 1574 370 1706 417; x_wconf 86' lang='lat' dir='ltr'>putres</span> <span class='ocrx_word' id='word_1_40' title='bbox 1726 363 1792 402; x_wconf 90' lang='lat' dir='ltr'>isti</span> <span class='ocrx_word' id='word_1_41' title='bbox 1815 361 1871 401; x_wconf 82' lang='lat' dir='ltr'>tui</span> 
     </span>
     <span class='ocr_line' id='line_1_8' title="bbox 81 418 1870 483; baseline -0.007 -15"><span class='ocrx_word' id='word_1_42' title='bbox 81 429 196 483; x_wconf 87' lang='lat' dir='ltr'>pedes</span> <span class='ocrx_word' id='word_1_43' title='bbox 223 429 359 481; x_wconf 79' lang='lat' dir='ltr'>fugere</span> <span class='ocrx_word' id='word_1_44' title='bbox 386 435 575 481; x_wconf 79' lang='lat' dir='ltr'>possunt,</span> <span class='ocrx_word' id='word_1_45' title='bbox 603 427 802 467; x_wconf 85' lang='lat' dir='ltr'>ambulare</span> <span class='ocrx_word' id='word_1_46' title='bbox 828 428 1032 466; x_wconf 79' lang='lat' dir='ltr'>nesciunt?</span> <span class='ocrx_word' id='word_1_47' title='bbox 1056 426 1112 466; x_wconf 85' lang='lat' dir='ltr'>At</span> <span class='ocrx_word' id='word_1_48' title='bbox 1136 423 1264 479; x_wconf 89' lang='lat' dir='ltr'>paullo</span> <span class='ocrx_word' id='word_1_49' title='bbox 1289 429 1380 462; x_wconf 85' lang='lat' dir='ltr'>ante</span> <span class='ocrx_word' id='word_1_50' title='bbox 1400 420 1599 474; x_wconf 80' lang='lat' dir='ltr'>pinnatam</span> <span class='ocrx_word' id='word_1_51' title='bbox 1620 418 1765 471; x_wconf 82' lang='lat' dir='ltr'>Pegasi</span> <span class='ocrx_word' id='word_1_52' title='bbox 1784 418 1870 458; x_wconf 90' lang='lat' dir='ltr'>vin-</span> 
     </span>
     <span class='ocr_line' id='line_1_9' title="bbox 81 477 1869 535; baseline -0.006 -11"><span class='ocrx_word' id='word_1_53' title='bbox 81 485 196 524; x_wconf 86' lang='lat' dir='ltr'>cebas</span> <span class='ocrx_word' id='word_1_54' title='bbox 223 485 480 524; x_wconf 72' lang='lat' dir='ltr'>celeritatem.</span> <span class='ocrx_word' id='word_1_55' title='bbox 530 482 633 523; x_wconf 88' lang='lat' dir='ltr'>Dum</span> <span class='ocrx_word' id='word_1_56' title='bbox 666 484 720 522; x_wconf 81' lang='lat' dir='ltr'>sic</span> <span class='ocrx_word' id='word_1_57' title='bbox 753 497 902 523; x_wconf 81' lang='lat' dir='ltr'>merum</span> <span class='ocrx_word' id='word_1_58' title='bbox 937 484 1078 522; x_wconf 85' lang='lat' dir='ltr'>fustem</span> <span class='ocrx_word' id='word_1_59' title='bbox 1111 480 1290 535; x_wconf 77' lang='lat' dir='ltr'>quatiens</span> <span class='ocrx_word' id='word_1_60' title='bbox 1320 477 1514 531; x_wconf 83' lang='lat' dir='ltr'>benignus</span> <span class='ocrx_word' id='word_1_61' title='bbox 1547 477 1699 514; x_wconf 84' lang='lat' dir='ltr'>iocatur</span> <span class='ocrx_word' id='word_1_62' title='bbox 1723 488 1869 524; x_wconf 74' lang='lat' dir='ltr'>comcS,</span> 
     </span>
    </p>
   </div>
   <div class='ocr_carea' id='block_1_7' title="bbox 82 587 811 669">
    <p class='ocr_par' dir='ltr' id='par_1_7' title="bbox 82 587 811 669">
     <span class='ocr_line' id='line_1_10' title="bbox 82 587 811 628; baseline -0.001 -11"><span class='ocrx_word' id='word_1_63' title='bbox 82 588 170 628; x_wconf 76' lang='lat' dir='ltr'>qnod</span> <span class='ocrx_word' id='word_1_64' title='bbox 178 590 317 627; x_wconf 77' lang='lat' dir='ltr'>gerebat</span> <span class='ocrx_word' id='word_1_65' title='bbox 331 591 365 618; x_wconf 88' lang='lat' dir='ltr'>F.</span> <span class='ocrx_word' id='word_1_66' title='bbox 381 591 410 618; x_wconf 84' lang='lat'>3.</span> <span class='ocrx_word' id='word_1_67' title='bbox 424 591 459 618; x_wconf 87' lang='lat' dir='ltr'>G.</span> <span class='ocrx_word' id='word_1_68' title='bbox 475 591 504 617; x_wconf 70' lang='grc' dir='ltr'><strong>ἱ).</strong></span> <span class='ocrx_word' id='word_1_69' title='bbox 519 590 556 617; x_wconf 85' lang='grc' dir='ltr'><strong>Ι).</strong></span> <span class='ocrx_word' id='word_1_70' title='bbox 586 587 609 624; x_wconf 59' lang='grc' dir='ltr'>ζ]</span> <span class='ocrx_word' id='word_1_71' title='bbox 621 587 760 625; x_wconf 73' lang='lat' dir='ltr'>gerebat</span> <span class='ocrx_word' id='word_1_72' title='bbox 776 590 811 616; x_wconf 87' lang='lat' dir='ltr'>P.</span> 
     </span>
     <span class='ocr_line' id='line_1_11' title="bbox 82 636 368 669; baseline -0.003 -5"><span class='ocrx_word' id='word_1_73' title='bbox 82 636 207 664; x_wconf 83' lang='lat' dir='ltr'>dinosci</span> <span class='ocrx_word' id='word_1_74' title='bbox 220 639 368 669; x_wconf 76' lang='lat' dir='ltr'>nequeat.</span> 
     </span>
    </p>
   </div>
   <div class='ocr_carea' id='block_1_8' title="bbox 416 579 1873 666">
    <p class='ocr_par' dir='ltr' id='par_1_8' title="bbox 416 579 1873 666">
     <span class='ocr_line' id='line_1_12' title="bbox 860 579 1872 625; baseline -0.01 -9"><span class='ocrx_word' id='word_1_75' title='bbox 860 586 987 625; x_wconf 71' lang='lat' dir='ltr'>quidem</span> <span class='ocrx_word' id='word_1_76' title='bbox 1000 586 1142 624; x_wconf 76' lang='lat' dir='ltr'>gerebat</span> <span class='ocrx_word' id='word_1_77' title='bbox 1155 586 1175 615; x_wconf 82' lang='lat' dir='ltr'>f.</span> <span class='ocrx_word' id='word_1_78' title='bbox 1191 588 1226 614; x_wconf 87' lang='lat' dir='ltr'>G.</span> <span class='ocrx_word' id='word_1_79' title='bbox 1242 586 1270 613; x_wconf 82' lang='lat'>1.</span> <span class='ocrx_word' id='word_1_80' title='bbox 1286 591 1305 613; x_wconf 84' lang='lat' dir='ltr'>a</span> <span class='ocrx_word' id='word_1_81' title='bbox 1317 591 1357 613; x_wconf 89' lang='lat' dir='ltr'>m.</span> <span class='ocrx_word' id='word_1_82' title='bbox 1372 591 1398 612; x_wconf 72' lang='lat' dir='ltr'>S.</span> <span class='ocrx_word' id='word_1_83' title='bbox 1424 590 1536 620; x_wconf 82' lang='lat' dir='ltr'>quem,</span> <span class='ocrx_word' id='word_1_84' title='bbox 1563 581 1619 609; x_wconf 85' lang='lat' dir='ltr'>sed</span> <span class='ocrx_word' id='word_1_85' title='bbox 1633 584 1664 608; x_wconf 74' lang='lat' dir='ltr'>u!</span> <span class='ocrx_word' id='word_1_86' title='bbox 1681 580 1766 615; x_wconf 77' lang='lat' dir='ltr'>prior</span> <span class='ocrx_word' id='word_1_87' title='bbox 1777 579 1872 608; x_wconf 71' lang='lat' dir='ltr'>lectio</span> 
     </span>
     <span class='ocr_line' id='line_1_13' title="bbox 416 626 1873 666; baseline -0.007 -4"><span class='ocrx_word' id='word_1_88' title='bbox 416 634 526 662; x_wconf 75' lang='lat' dir='ltr'>saem&#39;s</span> <span class='ocrx_word' id='word_1_89' title='bbox 540 633 662 661; x_wconf 69' lang='lat' dir='ltr'>ictibus</span> <span class='ocrx_word' id='word_1_90' title='bbox 675 635 770 662; x_wconf 83' lang='lat' dir='ltr'>Vulc.</span> <span class='ocrx_word' id='word_1_91' title='bbox 785 635 814 662; x_wconf 81' lang='lat'>2.</span> <span class='ocrx_word' id='word_1_92' title='bbox 828 635 910 661; x_wconf 77' lang='lat' dir='ltr'>Elin.</span> <span class='ocrx_word' id='word_1_93' title='bbox 925 634 1028 662; x_wconf 81' lang='lat' dir='ltr'>scriv.</span> <span class='ocrx_word' id='word_1_94' title='bbox 1042 633 1162 661; x_wconf 78' lang='lat' dir='ltr'>Florid.</span> <span class='ocrx_word' id='word_1_95' title='bbox 1189 630 1242 666; x_wconf 76' lang='lat' dir='ltr'>[Et</span> <span class='ocrx_word' id='word_1_96' title='bbox 1258 631 1304 658; x_wconf 78' lang='lat' dir='ltr'>ila</span> <span class='ocrx_word' id='word_1_97' title='bbox 1317 630 1352 658; x_wconf 82' lang='lat' dir='ltr'>F.</span> <span class='ocrx_word' id='word_1_98' title='bbox 1369 630 1395 656; x_wconf 88' lang='lat' dir='ltr'>l.</span> <span class='ocrx_word' id='word_1_99' title='bbox 1411 630 1504 656; x_wconf 76' lang='lat' dir='ltr'>nabet</span> <span class='ocrx_word' id='word_1_100' title='bbox 1516 648 1523 661; x_wconf 89' lang='lat'>,</span> <span class='ocrx_word' id='word_1_101' title='bbox 1549 633 1645 660; x_wconf 77' lang='lat' dir='ltr'>quum</span> <span class='ocrx_word' id='word_1_102' title='bbox 1658 626 1873 657; x_wconf 72' lang='lat' dir='ltr'>Lindenbrog.</span> 
     </span>
    </p>
   </div>
   <div class='ocr_carea' id='block_1_9' title="bbox 83 670 1875 713">
    <p class='ocr_par' dir='ltr' id='par_1_9' title="bbox 83 670 1875 713">
     <span class='ocr_line' id='line_1_14' title="bbox 83 670 1875 713; baseline -0.007 -5"><span class='ocrx_word' id='word_1_103' title='bbox 83 681 161 708; x_wconf 76' lang='lat' dir='ltr'>ninii</span> <span class='ocrx_word' id='word_1_104' title='bbox 176 681 405 709; x_wconf 77' lang='lat' dir='ltr'>emendaverit.</span> <span class='ocrx_word' id='word_1_105' title='bbox 431 681 491 707; x_wconf 75' lang='lat' dir='ltr'>Sed</span> <span class='ocrx_word' id='word_1_106' title='bbox 513 680 583 707; x_wconf 79' lang='lat' dir='ltr'>eins</span> <span class='ocrx_word' id='word_1_107' title='bbox 604 679 824 713; x_wconf 63' lang='lat' dir='ltr'>negligentiae</span> <span class='ocrx_word' id='word_1_108' title='bbox 843 679 874 706; x_wconf 87' lang='lat' dir='ltr'>id</span> <span class='ocrx_word' id='word_1_109' title='bbox 895 679 1000 712; x_wconf 72' lang='lat' dir='ltr'>potius</span> <span class='ocrx_word' id='word_1_110' title='bbox 1020 677 1201 710; x_wconf 71' lang='lat' dir='ltr'>tribuerim.</span> <span class='ocrx_word' id='word_1_111' title='bbox 1229 682 1324 710; x_wconf 81' lang='lat' dir='ltr'>quum</span> <span class='ocrx_word' id='word_1_112' title='bbox 1345 675 1456 702; x_wconf 73' lang='lat' dir='ltr'>nullus</span> <span class='ocrx_word' id='word_1_113' title='bbox 1474 676 1546 700; x_wconf 74' lang='lat' dir='ltr'>cett.</span> <span class='ocrx_word' id='word_1_114' title='bbox 1567 671 1729 699; x_wconf 60' lang='lat' dir='ltr'>eodum-ec</span> <span class='ocrx_word' id='word_1_115' title='bbox 1743 671 1813 698; x_wconf 85' lang='lat' dir='ltr'>ulla</span> <span class='ocrx_word' id='word_1_116' title='bbox 1826 670 1875 696; x_wconf 71' lang='lat' dir='ltr'>ed.</span> 
     </span>
    </p>
   </div>
   <div class='ocr_carea' id='block_1_10' title="bbox 83 726 599 852">
    <p class='ocr_par' dir='ltr' id='par_1_10' title="bbox 83 726 599 852">
     <span class='ocr_line' id='line_1_15' title="bbox 84 726 344 757; baseline -0.004 -3"><span class='ocrx_word' id='word_1_117' title='bbox 84 731 176 754; x_wconf 70' lang='lat' dir='ltr'>vetus</span> <span class='ocrx_word' id='word_1_118' title='bbox 190 726 236 753; x_wconf 76' lang='lat' dir='ltr'>ita</span> <span class='ocrx_word' id='word_1_119' title='bbox 249 727 344 757; x_wconf 64' lang='lat' dir='ltr'>legat.</span> 
     </span>
     <span class='ocr_line' id='line_1_16' title="bbox 83 770 548 804; baseline -0.004 -5"><span class='ocrx_word' id='word_1_120' title='bbox 83 772 191 799; x_wconf 70' lang='lat' dir='ltr'>mitur.</span> <span class='ocrx_word' id='word_1_121' title='bbox 216 770 256 798; x_wconf 82' lang='lat' dir='ltr'>cf.</span> <span class='ocrx_word' id='word_1_122' title='bbox 272 771 313 798; x_wconf 80' lang='lat' dir='ltr'>ad</span> <span class='ocrx_word' id='word_1_123' title='bbox 326 772 438 798; x_wconf 78' lang='lat' dir='ltr'>Me1.1.</span> <span class='ocrx_word' id='word_1_124' title='bbox 453 778 480 804; x_wconf 80' lang='lat' dir='ltr'>n.</span> <span class='ocrx_word' id='word_1_125' title='bbox 495 772 548 797; x_wconf 86' lang='lat'>80.</span> 
     </span>
     <span class='ocr_line' id='line_1_17' title="bbox 84 814 599 852; baseline 0 -9"><span class='ocrx_word' id='word_1_126' title='bbox 84 824 139 850; x_wconf 84' lang='lat' dir='ltr'>pro</span> <span class='ocrx_word' id='word_1_127' title='bbox 161 814 305 852; x_wconf 80' lang='lat' dir='ltr'>ungulae</span> <span class='ocrx_word' id='word_1_128' title='bbox 325 815 347 843; x_wconf 79' lang='lat' dir='ltr'>s.</span> <span class='ocrx_word' id='word_1_129' title='bbox 395 814 549 850; x_wconf 68' lang='lat' dir='ltr'>occipitio</span> <span class='ocrx_word' id='word_1_130' title='bbox 571 823 599 849; x_wconf 77' lang='lat' dir='ltr'>n.</span> 
     </span>
    </p>
   </div>
   <div class='ocr_carea' id='block_1_11' title="bbox 596 762 1878 842">
    <p class='ocr_par' dir='ltr' id='par_1_11' title="bbox 596 762 1878 842">
     <span class='ocr_line' id='line_1_18' title="bbox 596 762 1716 804; baseline -0.008 -8"><span class='ocrx_word' id='word_1_131' title='bbox 596 767 642 796; x_wconf 83' lang='lat' dir='ltr'>ad</span> <span class='ocrx_word' id='word_1_132' title='bbox 654 772 729 797; x_wconf 81' lang='lat' dir='ltr'>ante</span> <span class='ocrx_word' id='word_1_133' title='bbox 738 770 929 804; x_wconf 74' lang='lat' dir='ltr'>promptum</span> <span class='ocrx_word' id='word_1_134' title='bbox 944 768 1147 796; x_wconf 79' lang='lat' dir='ltr'>desideratur</span> <span class='ocrx_word' id='word_1_135' title='bbox 1160 767 1194 794; x_wconf 88' lang='lat' dir='ltr'>in</span> <span class='ocrx_word' id='word_1_136' title='bbox 1208 767 1242 794; x_wconf 87' lang='lat' dir='ltr'>B.</span> <span class='ocrx_word' id='word_1_137' title='bbox 1263 762 1411 801; x_wconf 75' lang='lat' dir='ltr'>promtis</span> <span class='ocrx_word' id='word_1_138' title='bbox 1424 764 1462 791; x_wconf 92' lang='lat' dir='ltr'>D.</span> <span class='ocrx_word' id='word_1_139' title='bbox 1509 768 1666 789; x_wconf 75' lang='lat' dir='ltr'>recurres</span> <span class='ocrx_word' id='word_1_140' title='bbox 1687 768 1716 795; x_wconf 78' lang='lat' dir='ltr'>p.</span> 
     </span>
     <span class='ocr_line' id='line_1_19' title="bbox 649 803 1878 842; baseline -0.008 -1"><span class='ocrx_word' id='word_1_141' title='bbox 649 816 792 841; x_wconf 80' lang='lat' dir='ltr'>nutante</span> <span class='ocrx_word' id='word_1_142' title='bbox 807 815 842 842; x_wconf 88' lang='lat' dir='ltr'>G.</span> <span class='ocrx_word' id='word_1_143' title='bbox 860 815 887 841; x_wconf 89' lang='lat' dir='ltr'>l.</span> <span class='ocrx_word' id='word_1_144' title='bbox 902 815 931 842; x_wconf 80' lang='lat'>2.</span> <span class='ocrx_word' id='word_1_145' title='bbox 947 814 981 841; x_wconf 86' lang='lat'>0.</span> <span class='ocrx_word' id='word_1_146' title='bbox 996 810 1025 840; x_wconf 78' lang='grc' dir='ltr'>δ’.</span> <span class='ocrx_word' id='word_1_147' title='bbox 1041 812 1062 841; x_wconf 87' lang='lat' dir='ltr'>f.</span> <span class='ocrx_word' id='word_1_148' title='bbox 1097 814 1252 839; x_wconf 73' lang='lat' dir='ltr'>tmclanle</span> <span class='ocrx_word' id='word_1_149' title='bbox 1266 811 1302 838; x_wconf 78' lang='lat'>1).</span> <span class='ocrx_word' id='word_1_150' title='bbox 1350 805 1513 836; x_wconf 74' lang='lat' dir='ltr'>baccillus</span> <span class='ocrx_word' id='word_1_151' title='bbox 1525 807 1561 835; x_wconf 81' lang='lat' dir='ltr'>F.</span> <span class='ocrx_word' id='word_1_152' title='bbox 1575 807 1606 835; x_wconf 85' lang='lat'>3.</span> <span class='ocrx_word' id='word_1_153' title='bbox 1621 807 1656 834; x_wconf 87' lang='lat' dir='ltr'>G.</span> <span class='ocrx_word' id='word_1_154' title='bbox 1675 803 1701 834; x_wconf 85' lang='lat' dir='ltr'>l.</span> <span class='ocrx_word' id='word_1_155' title='bbox 1715 807 1745 834; x_wconf 82' lang='lat'>2.</span> <span class='ocrx_word' id='word_1_156' title='bbox 1760 806 1797 833; x_wconf 81' lang='lat' dir='ltr'>l).</span> <span class='ocrx_word' id='word_1_157' title='bbox 1845 806 1878 830; x_wconf 74' lang='lat' dir='ltr'>et</span> 
     </span>
    </p>
   </div>
   <div class='ocr_carea' id='block_1_12' title="bbox 392 715 1875 761">
    <p class='ocr_par' dir='ltr' id='par_1_12' title="bbox 392 715 1875 761">
     <span class='ocr_line' id='line_1_20' title="bbox 392 715 1875 761; baseline -0.007 -9"><span class='ocrx_word' id='word_1_158' title='bbox 392 725 549 761; x_wconf 66' lang='lat' dir='ltr'>ingratus</span> <span class='ocrx_word' id='word_1_159' title='bbox 564 726 638 753; x_wconf 78' lang='lat' dir='ltr'>Bas.</span> <span class='ocrx_word' id='word_1_160' title='bbox 657 726 702 759; x_wconf 77' lang='lat'>1.‚</span> <span class='ocrx_word' id='word_1_161' title='bbox 721 724 804 757; x_wconf 83' lang='lat' dir='ltr'>qnod</span> <span class='ocrx_word' id='word_1_162' title='bbox 819 731 872 757; x_wconf 83' lang='lat' dir='ltr'>pro</span> <span class='ocrx_word' id='word_1_163' title='bbox 887 722 1046 759; x_wconf 73' lang='lat' dir='ltr'>ingratiis</span> <span class='ocrx_word' id='word_1_164' title='bbox 1061 722 1216 756; x_wconf 75' lang='lat' dir='ltr'>scriptum</span> <span class='ocrx_word' id='word_1_165' title='bbox 1230 724 1278 748; x_wconf 78' lang='lat' dir='ltr'>est</span> <span class='ocrx_word' id='word_1_166' title='bbox 1289 742 1296 756; x_wconf 64' lang='lat'>.</span> <span class='ocrx_word' id='word_1_167' title='bbox 1324 722 1354 747; x_wconf 82' lang='lat' dir='ltr'>ut</span> <span class='ocrx_word' id='word_1_168' title='bbox 1370 718 1490 746; x_wconf 76' lang='lat' dir='ltr'>diserte</span> <span class='ocrx_word' id='word_1_169' title='bbox 1504 718 1537 745; x_wconf 90' lang='lat' dir='ltr'>in</span> <span class='ocrx_word' id='word_1_170' title='bbox 1551 717 1609 745; x_wconf 81' lang='lat' dir='ltr'>Ed.</span> <span class='ocrx_word' id='word_1_171' title='bbox 1622 717 1705 743; x_wconf 75' lang='lat' dir='ltr'>lunt.</span> <span class='ocrx_word' id='word_1_172' title='bbox 1719 717 1750 743; x_wconf 77' lang='lat'>2.</span> <span class='ocrx_word' id='word_1_173' title='bbox 1763 715 1875 749; x_wconf 81' lang='lat' dir='ltr'>expri-</span> 
     </span>
    </p>
   </div>
   <div class='ocr_carea' id='block_1_13' title="bbox 1766 758 1878 795">
    <p class='ocr_par' dir='ltr' id='par_1_13' title="bbox 1766 758 1878 795">
     <span class='ocr_line' id='line_1_21' title="bbox 1766 758 1878 795; baseline -0.018 -9"><span class='ocrx_word' id='word_1_174' title='bbox 1766 768 1783 786; x_wconf 76' lang='lat'>1·</span> <span class='ocrx_word' id='word_1_175' title='bbox 1788 758 1878 795; x_wconf 69' lang='lat' dir='ltr'>t&#39;gr&#39;lie</span> 
     </span>
    </p>
   </div>
   <div class='ocr_carea' id='block_1_14' title="bbox 84 850 1878 897">
    <p class='ocr_par' dir='ltr' id='par_1_14' title="bbox 84 850 1878 897">
     <span class='ocr_line' id='line_1_22' title="bbox 84 850 1878 897; baseline -0.007 -9"><span class='ocrx_word' id='word_1_176' title='bbox 84 863 288 897; x_wconf 73' lang='lat' dir='ltr'>antepntres</span> <span class='ocrx_word' id='word_1_177' title='bbox 303 868 366 887; x_wconf 89' lang='lat' dir='ltr'>non</span> <span class='ocrx_word' id='word_1_178' title='bbox 381 860 579 894; x_wconf 71' lang='lat' dir='ltr'>conspicitur</span> <span class='ocrx_word' id='word_1_179' title='bbox 592 860 624 887; x_wconf 92' lang='lat' dir='ltr'>in</span> <span class='ocrx_word' id='word_1_180' title='bbox 639 861 675 887; x_wconf 84' lang='lat' dir='ltr'>G.</span> <span class='ocrx_word' id='word_1_181' title='bbox 692 858 720 887; x_wconf 84' lang='lat'>1.</span> <span class='ocrx_word' id='word_1_182' title='bbox 736 860 764 886; x_wconf 73' lang='grc' dir='ltr'>ἱ).</span> <span class='ocrx_word' id='word_1_183' title='bbox 780 859 815 887; x_wconf 89' lang='grc' dir='ltr'>Ρ.</span> <span class='ocrx_word' id='word_1_184' title='bbox 830 859 867 886; x_wconf 91' lang='lat' dir='ltr'>D.</span> <span class='ocrx_word' id='word_1_185' title='bbox 883 859 918 887; x_wconf 92' lang='lat' dir='ltr'>O.</span> <span class='ocrx_word' id='word_1_186' title='bbox 960 859 1146 894; x_wconf 81' lang='lat' dir='ltr'>pennatam</span> <span class='ocrx_word' id='word_1_187' title='bbox 1162 857 1195 885; x_wconf 92' lang='grc' dir='ltr'><strong>Ο.</strong></span> <span class='ocrx_word' id='word_1_188' title='bbox 1236 854 1373 894; x_wconf 80' lang='lat' dir='ltr'>fustem</span> <span class='ocrx_word' id='word_1_189' title='bbox 1393 855 1429 882; x_wconf 82' lang='lat' dir='ltr'>G.</span> <span class='ocrx_word' id='word_1_190' title='bbox 1450 854 1480 881; x_wconf 75' lang='lat'>2.</span> <span class='ocrx_word' id='word_1_191' title='bbox 1500 853 1537 881; x_wconf 86' lang='grc' dir='ltr'><strong>Ι).</strong></span> <span class='ocrx_word' id='word_1_192' title='bbox 1585 853 1732 878; x_wconf 76' lang='lat' dir='ltr'>vocatur</span> <span class='ocrx_word' id='word_1_193' title='bbox 1749 850 1878 879; x_wconf 67' lang='lat' dir='ltr'>Vicent.</span> 
     </span>
    </p>
   </div>
   <div class='ocr_carea' id='block_1_15' title="bbox 84 906 495 939">
    <p class='ocr_par' dir='ltr' id='par_1_15' title="bbox 84 906 495 939">
     <span class='ocr_line' id='line_1_23' title="bbox 84 906 495 939; baseline -0.002 -5"><span class='ocrx_word' id='word_1_194' title='bbox 84 906 197 935; x_wconf 55' lang='lat' dir='ltr'>vene«.</span> <span class='ocrx_word' id='word_1_195' title='bbox 212 907 240 934; x_wconf 75' lang='lat'>2.</span> <span class='ocrx_word' id='word_1_196' title='bbox 257 908 358 939; x_wconf 78' lang='lat' dir='ltr'>Marg.</span> <span class='ocrx_word' id='word_1_197' title='bbox 374 907 451 933; x_wconf 81' lang='lat' dir='ltr'>Bas.</span> <span class='ocrx_word' id='word_1_198' title='bbox 468 906 495 933; x_wconf 91' lang='lat' dir='ltr'>l.</span> 
     </span>
    </p>
   </div>
   <div class='ocr_carea' id='block_1_16' title="bbox 86 990 970 3176">
    <p class='ocr_par' dir='ltr' id='par_1_16' title="bbox 86 990 970 3176">
     <span class='ocr_line' id='line_1_24' title="bbox 87 990 956 1043; baseline -0.003 -12"><span class='ocrx_word' id='word_1_199' title='bbox 87 997 213 1031; x_wconf 70' lang='lat' dir='ltr'>cutus.</span> <span class='ocrx_word' id='word_1_200' title='bbox 239 995 278 1029; x_wconf 82' lang='lat' dir='ltr'>et</span> <span class='ocrx_word' id='word_1_201' title='bbox 301 990 350 1030; x_wconf 93' lang='lat' dir='ltr'>X.</span> <span class='ocrx_word' id='word_1_202' title='bbox 377 1004 414 1042; x_wconf 90' lang='lat' dir='ltr'>p.</span> <span class='ocrx_word' id='word_1_203' title='bbox 437 994 528 1030; x_wconf 83' lang='lat'>728.</span> <span class='ocrx_word' id='word_1_204' title='bbox 557 1005 696 1043; x_wconf 81' lang='lat' dir='ltr'>quam</span> <span class='ocrx_word' id='word_1_205' title='bbox 718 990 873 1042; x_wconf 79' lang='lat' dir='ltr'>fidem</span> <span class='ocrx_word' id='word_1_206' title='bbox 898 991 956 1028; x_wconf 79' lang='lat' dir='ltr'>iu-</span> 
     </span>
     <span class='ocr_line' id='line_1_25' title="bbox 86 1046 957 1087; baseline -0.005 -1"><span class='ocrx_word' id='word_1_207' title='bbox 86 1049 192 1086; x_wconf 71' lang='lat' dir='ltr'>venis</span> <span class='ocrx_word' id='word_1_208' title='bbox 220 1052 386 1087; x_wconf 76' lang='lat' dir='ltr'>secutus.</span> <span class='ocrx_word' id='word_1_209' title='bbox 432 1047 601 1086; x_wconf 80' lang='lat' dir='ltr'>Verbum</span> <span class='ocrx_word' id='word_1_210' title='bbox 624 1060 716 1084; x_wconf 79' lang='lat' dir='ltr'>vero</span> <span class='ocrx_word' id='word_1_211' title='bbox 741 1046 805 1083; x_wconf 80' lang='lat' dir='ltr'>vel</span> <span class='ocrx_word' id='word_1_212' title='bbox 829 1046 957 1084; x_wconf 89' lang='lat' dir='ltr'>simile</span> 
     </span>
     <span class='ocr_line' id='line_1_26' title="bbox 88 1102 956 1155; baseline -0.002 -14"><span class='ocrx_word' id='word_1_213' title='bbox 88 1104 180 1155; x_wconf 84' lang='lat' dir='ltr'>qnid</span> <span class='ocrx_word' id='word_1_214' title='bbox 194 1104 424 1155; x_wconf 77' lang='lat' dir='ltr'>cogitatione</span> <span class='ocrx_word' id='word_1_215' title='bbox 439 1102 528 1141; x_wconf 83' lang='lat' dir='ltr'>addi</span> <span class='ocrx_word' id='word_1_216' title='bbox 543 1107 712 1154; x_wconf 84' lang='lat' dir='ltr'>poterat,</span> <span class='ocrx_word' id='word_1_217' title='bbox 740 1102 829 1152; x_wconf 83' lang='lat' dir='ltr'>quia</span> <span class='ocrx_word' id='word_1_218' title='bbox 849 1116 956 1154; x_wconf 88' lang='lat' dir='ltr'>prae-</span> 
     </span>
     <span class='ocr_line' id='line_1_27' title="bbox 88 1158 957 1209; baseline -0.001 -12"><span class='ocrx_word' id='word_1_219' title='bbox 88 1160 189 1198; x_wconf 86' lang='lat' dir='ltr'>cedit</span> <span class='ocrx_word' id='word_1_220' title='bbox 203 1160 362 1199; x_wconf 86' lang='lat' dir='ltr'>latronis</span> <span class='ocrx_word' id='word_1_221' title='bbox 376 1160 514 1203; x_wconf 84' lang='lat' dir='ltr'>oratio,</span> <span class='ocrx_word' id='word_1_222' title='bbox 540 1173 654 1209; x_wconf 86' lang='lat' dir='ltr'>quam</span> <span class='ocrx_word' id='word_1_223' title='bbox 667 1159 798 1196; x_wconf 87' lang='lat' dir='ltr'>statim</span> <span class='ocrx_word' id='word_1_224' title='bbox 815 1158 957 1196; x_wconf 80' lang='lat' dir='ltr'>sactum</span> 
     </span>
     <span class='ocr_line' id='line_1_28' title="bbox 87 1214 958 1266; baseline -0.005 -12"><span class='ocrx_word' id='word_1_225' title='bbox 87 1217 271 1266; x_wconf 87' lang='lat' dir='ltr'>sequitur.</span> <span class='ocrx_word' id='word_1_226' title='bbox 316 1216 427 1255; x_wconf 79' lang='lat' dir='ltr'>Unus</span> <span class='ocrx_word' id='word_1_227' title='bbox 453 1228 542 1252; x_wconf 84' lang='lat' dir='ltr'>vero</span> <span class='ocrx_word' id='word_1_228' title='bbox 568 1214 762 1265; x_wconf 86' lang='lat' dir='ltr'>superflue</span> <span class='ocrx_word' id='word_1_229' title='bbox 787 1215 958 1264; x_wconf 88' lang='lat' dir='ltr'>positum</span> 
     </span>
     <span class='ocr_line' id='line_1_29' title="bbox 88 1270 958 1322; baseline -0.005 -12"><span class='ocrx_word' id='word_1_230' title='bbox 88 1276 166 1317; x_wconf 79' lang='lat' dir='ltr'>est,</span> <span class='ocrx_word' id='word_1_231' title='bbox 198 1270 289 1322; x_wconf 89' lang='lat' dir='ltr'>quia</span> <span class='ocrx_word' id='word_1_232' title='bbox 319 1270 513 1321; x_wconf 84' lang='lat' dir='ltr'>Apuleius</span> <span class='ocrx_word' id='word_1_233' title='bbox 543 1283 589 1307; x_wconf 89' lang='lat' dir='ltr'>se</span> <span class='ocrx_word' id='word_1_234' title='bbox 614 1272 688 1308; x_wconf 89' lang='lat' dir='ltr'>iam</span> <span class='ocrx_word' id='word_1_235' title='bbox 719 1270 821 1307; x_wconf 90' lang='lat' dir='ltr'>idem</span> <span class='ocrx_word' id='word_1_236' title='bbox 850 1270 958 1320; x_wconf 87' lang='lat' dir='ltr'>prius</span> 
     </span>
     <span class='ocr_line' id='line_1_30' title="bbox 88 1325 957 1376; baseline -0.005 -10"><span class='ocrx_word' id='word_1_237' title='bbox 88 1328 238 1366; x_wconf 78' lang='lat' dir='ltr'>dixisse</span> <span class='ocrx_word' id='word_1_238' title='bbox 265 1327 409 1365; x_wconf 87' lang='lat' dir='ltr'>oblitus</span> <span class='ocrx_word' id='word_1_239' title='bbox 435 1330 526 1364; x_wconf 86' lang='lat' dir='ltr'>erat.</span> <span class='ocrx_word' id='word_1_240' title='bbox 568 1325 680 1364; x_wconf 85' lang='lat' dir='ltr'>Haec</span> <span class='ocrx_word' id='word_1_241' title='bbox 703 1326 880 1376; x_wconf 86' lang='lat' dir='ltr'>repetitio</span> <span class='ocrx_word' id='word_1_242' title='bbox 906 1326 957 1363; x_wconf 90' lang='lat' dir='ltr'>in-</span> 
     </span>
     <span class='ocr_line' id='line_1_31' title="bbox 88 1380 956 1432; baseline -0.003 -10"><span class='ocrx_word' id='word_1_243' title='bbox 88 1384 277 1422; x_wconf 86' lang='lat' dir='ltr'>solentior</span> <span class='ocrx_word' id='word_1_244' title='bbox 296 1387 358 1420; x_wconf 89' lang='lat' dir='ltr'>est</span> <span class='ocrx_word' id='word_1_245' title='bbox 377 1386 415 1420; x_wconf 90' lang='lat' dir='ltr'>et</span> <span class='ocrx_word' id='word_1_246' title='bbox 435 1383 600 1420; x_wconf 83' lang='lat' dir='ltr'>animum</span> <span class='ocrx_word' id='word_1_247' title='bbox 615 1382 769 1432; x_wconf 89' lang='lat' dir='ltr'>quidem</span> <span class='ocrx_word' id='word_1_248' title='bbox 785 1380 956 1426; x_wconf 81' lang='lat' dir='ltr'>offendit,</span> 
     </span>
     <span class='ocr_line' id='line_1_32' title="bbox 88 1437 958 1488; baseline -0.005 -10"><span class='ocrx_word' id='word_1_249' title='bbox 88 1440 161 1478; x_wconf 87' lang='lat' dir='ltr'>sed</span> <span class='ocrx_word' id='word_1_250' title='bbox 186 1439 274 1478; x_wconf 88' lang='lat' dir='ltr'>hinc</span> <span class='ocrx_word' id='word_1_251' title='bbox 299 1439 401 1477; x_wconf 86' lang='lat' dir='ltr'>reiici</span> <span class='ocrx_word' id='word_1_252' title='bbox 428 1452 500 1475; x_wconf 88' lang='lat' dir='ltr'>non</span> <span class='ocrx_word' id='word_1_253' title='bbox 527 1438 659 1476; x_wconf 85' lang='lat' dir='ltr'>debet.</span> <span class='ocrx_word' id='word_1_254' title='bbox 718 1437 821 1475; x_wconf 81' lang='lat' dir='ltr'>Nam</span> <span class='ocrx_word' id='word_1_255' title='bbox 853 1437 958 1488; x_wconf 89' lang='lat' dir='ltr'>quod</span> 
     </span>
     <span class='ocr_line' id='line_1_33' title="bbox 89 1494 957 1545; baseline -0.005 -10"><span class='ocrx_word' id='word_1_256' title='bbox 89 1495 190 1534; x_wconf 87' lang='lat' dir='ltr'>Oud.</span> <span class='ocrx_word' id='word_1_257' title='bbox 216 1496 323 1541; x_wconf 84' lang='lat' dir='ltr'>dicit,</span> <span class='ocrx_word' id='word_1_258' title='bbox 350 1509 372 1532; x_wconf 90' lang='lat' dir='ltr'>e</span> <span class='ocrx_word' id='word_1_259' title='bbox 397 1494 721 1545; x_wconf 81' lang='lat' dir='ltr'>praecedentibus</span> <span class='ocrx_word' id='word_1_260' title='bbox 745 1507 957 1545; x_wconf 82' lang='lat' dir='ltr'>pronomen</span> 
     </span>
     <span class='ocr_line' id='line_1_34' title="bbox 89 1550 957 1601; baseline -0.003 -11"><span class='ocrx_word' id='word_1_261' title='bbox 89 1566 113 1590; x_wconf 86' lang='lat' dir='ltr'>a</span> <span class='ocrx_word' id='word_1_262' title='bbox 137 1552 299 1591; x_wconf 86' lang='lat' dir='ltr'>librariis</span> <span class='ocrx_word' id='word_1_263' title='bbox 326 1564 418 1589; x_wconf 84' lang='lat' dir='ltr'>esse</span> <span class='ocrx_word' id='word_1_264' title='bbox 443 1551 660 1601; x_wconf 85' lang='lat' dir='ltr'>repetitum,</span> <span class='ocrx_word' id='word_1_265' title='bbox 685 1552 749 1588; x_wconf 82' lang='lat' dir='ltr'>vix</span> <span class='ocrx_word' id='word_1_266' title='bbox 773 1550 957 1588; x_wconf 83' lang='lat' dir='ltr'>credibile</span> 
     </span>
     <span class='ocr_line' id='line_1_35' title="bbox 91 1606 943 1655; baseline -0.004 -8"><span class='ocrx_word' id='word_1_267' title='bbox 91 1613 168 1655; x_wconf 69' lang='lat' dir='ltr'>est:</span> <span class='ocrx_word' id='word_1_268' title='bbox 183 1608 324 1647; x_wconf 77' lang='lat' dir='ltr'>etenim</span> <span class='ocrx_word' id='word_1_269' title='bbox 339 1612 416 1647; x_wconf 86' lang='lat' dir='ltr'>tam</span> <span class='ocrx_word' id='word_1_270' title='bbox 431 1607 586 1645; x_wconf 84' lang='lat' dir='ltr'>insolita</span> <span class='ocrx_word' id='word_1_271' title='bbox 602 1606 740 1645; x_wconf 83' lang='lat' dir='ltr'>librarii</span> <span class='ocrx_word' id='word_1_272' title='bbox 755 1621 829 1645; x_wconf 92' lang='lat' dir='ltr'>non</span> <span class='ocrx_word' id='word_1_273' title='bbox 845 1607 943 1644; x_wconf 88' lang='lat' dir='ltr'>intru</span> 
     </span>
     <span class='ocr_line' id='line_1_36' title="bbox 90 1664 958 1715; baseline -0.003 -13"><span class='ocrx_word' id='word_1_274' title='bbox 90 1664 200 1711; x_wconf 78' lang='lat' dir='ltr'>dunt,</span> <span class='ocrx_word' id='word_1_275' title='bbox 227 1678 386 1715; x_wconf 85' lang='lat' dir='ltr'>quorum</span> <span class='ocrx_word' id='word_1_276' title='bbox 413 1665 541 1714; x_wconf 81' lang='lat' dir='ltr'>potius</span> <span class='ocrx_word' id='word_1_277' title='bbox 567 1667 665 1709; x_wconf 79' lang='lat' dir='ltr'>erat,</span> <span class='ocrx_word' id='word_1_278' title='bbox 690 1678 792 1702; x_wconf 81' lang='lat' dir='ltr'>unus</span> <span class='ocrx_word' id='word_1_279' title='bbox 816 1664 958 1700; x_wconf 87' lang='lat' dir='ltr'>eiicere</span> 
     </span>
     <span class='ocr_line' id='line_1_37' title="bbox 92 1719 960 1771; baseline -0.002 -13"><span class='ocrx_word' id='word_1_280' title='bbox 92 1725 130 1759; x_wconf 85' lang='lat' dir='ltr'>et</span> <span class='ocrx_word' id='word_1_281' title='bbox 165 1720 270 1759; x_wconf 90' lang='lat' dir='ltr'>aliud</span> <span class='ocrx_word' id='word_1_282' title='bbox 307 1721 398 1771; x_wconf 91' lang='lat' dir='ltr'>quid</span> <span class='ocrx_word' id='word_1_283' title='bbox 433 1720 685 1759; x_wconf 81' lang='lat' dir='ltr'>substituere.</span> <span class='ocrx_word' id='word_1_284' title='bbox 726 1719 818 1758; x_wconf 78' lang='lat' dir='ltr'>Erat</span> <span class='ocrx_word' id='word_1_285' title='bbox 843 1732 960 1770; x_wconf 90' lang='lat' dir='ltr'>quum</span> 
     </span>
     <span class='ocr_line' id='line_1_38' title="bbox 92 1776 960 1828; baseline -0.001 -13"><span class='ocrx_word' id='word_1_286' title='bbox 92 1777 272 1828; x_wconf 85' lang='lat' dir='ltr'>equidem</span> <span class='ocrx_word' id='word_1_287' title='bbox 297 1776 487 1827; x_wconf 80' lang='lat' dir='ltr'>legerem:</span> <span class='ocrx_word' id='word_1_288' title='bbox 514 1776 580 1814; x_wconf 88' lang='lat' dir='ltr'>Ea</span> <span class='ocrx_word' id='word_1_289' title='bbox 601 1789 702 1815; x_wconf 72' lang='lat' dir='ltr'>amus</span> <span class='ocrx_word' id='word_1_290' title='bbox 721 1790 840 1814; x_wconf 79' lang='lat' dir='ltr'>manu</span> <span class='ocrx_word' id='word_1_291' title='bbox 852 1789 960 1814; x_wconf 81' lang='lat' dir='ltr'>secu-</span> 
     </span>
     <span class='ocr_line' id='line_1_39' title="bbox 92 1831 961 1881; baseline -0.003 -10"><span class='ocrx_word' id='word_1_292' title='bbox 92 1838 165 1873; x_wconf 76' lang='lat' dir='ltr'>tus.</span> <span class='ocrx_word' id='word_1_293' title='bbox 203 1834 227 1871; x_wconf 89' lang='lat' dir='ltr'>i.</span> <span class='ocrx_word' id='word_1_294' title='bbox 254 1846 286 1870; x_wconf 89' lang='lat' dir='ltr'>e.</span> <span class='ocrx_word' id='word_1_295' title='bbox 324 1832 508 1871; x_wconf 84' lang='lat' dir='ltr'>Latronis</span> <span class='ocrx_word' id='word_1_296' title='bbox 540 1832 642 1869; x_wconf 89' lang='lat' dir='ltr'>dicta</span> <span class='ocrx_word' id='word_1_297' title='bbox 672 1832 772 1870; x_wconf 80' lang='lat' dir='ltr'>alius</span> <span class='ocrx_word' id='word_1_298' title='bbox 804 1831 961 1881; x_wconf 85' lang='lat' dir='ltr'>quidam</span> 
     </span>
     <span class='ocr_line' id='line_1_40' title="bbox 93 1887 962 1938; baseline -0.003 -11"><span class='ocrx_word' id='word_1_299' title='bbox 93 1902 209 1928; x_wconf 89' lang='lat' dir='ltr'>manu</span> <span class='ocrx_word' id='word_1_300' title='bbox 221 1893 400 1933; x_wconf 85' lang='lat' dir='ltr'>secutus,</span> <span class='ocrx_word' id='word_1_301' title='bbox 425 1892 465 1926; x_wconf 90' lang='lat' dir='ltr'>ut</span> <span class='ocrx_word' id='word_1_302' title='bbox 479 1888 658 1926; x_wconf 83' lang='lat' dir='ltr'>diversae</span> <span class='ocrx_word' id='word_1_303' title='bbox 672 1888 749 1926; x_wconf 85' lang='lat' dir='ltr'>sint</span> <span class='ocrx_word' id='word_1_304' title='bbox 768 1887 962 1938; x_wconf 85' lang='lat' dir='ltr'>loquentis</span> 
     </span>
     <span class='ocr_line' id='line_1_41' title="bbox 94 1945 963 1996; baseline -0.003 -13"><span class='ocrx_word' id='word_1_305' title='bbox 94 1950 134 1984; x_wconf 87' lang='lat' dir='ltr'>et</span> <span class='ocrx_word' id='word_1_306' title='bbox 145 1945 298 1996; x_wconf 80' lang='lat' dir='ltr'>agentis</span> <span class='ocrx_word' id='word_1_307' title='bbox 318 1957 532 1995; x_wconf 77' lang='lat' dir='ltr'>personae,</span> <span class='ocrx_word' id='word_1_308' title='bbox 558 1957 790 1994; x_wconf 87' lang='lat' dir='ltr'>quamquam</span> <span class='ocrx_word' id='word_1_309' title='bbox 806 1945 857 1981; x_wconf 90' lang='lat' dir='ltr'>ita</span> <span class='ocrx_word' id='word_1_310' title='bbox 871 1957 963 1994; x_wconf 93' lang='lat' dir='ltr'>quo-</span> 
     </span>
     <span class='ocr_line' id='line_1_42' title="bbox 94 1999 963 2052; baseline -0.003 -13"><span class='ocrx_word' id='word_1_311' title='bbox 94 2014 170 2052; x_wconf 90' lang='lat' dir='ltr'>que</span> <span class='ocrx_word' id='word_1_312' title='bbox 195 2015 297 2040; x_wconf 62' lang='lat' dir='ltr'>zenas</span> <span class='ocrx_word' id='word_1_313' title='bbox 322 2000 523 2038; x_wconf 83' lang='lat' dir='ltr'>offensioni</span> <span class='ocrx_word' id='word_1_314' title='bbox 550 2004 622 2037; x_wconf 85' lang='lat' dir='ltr'>est.</span> <span class='ocrx_word' id='word_1_315' title='bbox 672 1999 735 2037; x_wconf 91' lang='lat' dir='ltr'>De</span> <span class='ocrx_word' id='word_1_316' title='bbox 761 1999 963 2037; x_wconf 84' lang='lat' dir='ltr'>locutionis</span> 
     </span>
     <span class='ocr_line' id='line_1_43' title="bbox 94 2054 875 2107; baseline -0.003 -13"><span class='ocrx_word' id='word_1_317' title='bbox 94 2056 375 2107; x_wconf 78' lang='lat' dir='ltr'>significatione</span> <span class='ocrx_word' id='word_1_318' title='bbox 401 2056 449 2094; x_wconf 84' lang='lat' dir='ltr'>cf.</span> <span class='ocrx_word' id='word_1_319' title='bbox 477 2056 527 2094; x_wconf 88' lang='lat' dir='ltr'>ad</span> <span class='ocrx_word' id='word_1_320' title='bbox 552 2055 648 2094; x_wconf 80' lang='lat' dir='ltr'>Met.</span> <span class='ocrx_word' id='word_1_321' title='bbox 675 2054 702 2092; x_wconf 91' lang='lat' dir='ltr'>l.</span> <span class='ocrx_word' id='word_1_322' title='bbox 728 2069 765 2106; x_wconf 88' lang='lat' dir='ltr'>p.</span> <span class='ocrx_word' id='word_1_323' title='bbox 792 2055 875 2106; x_wconf 87' lang='lat'>80.]</span> 
     </span>
     <span class='ocr_line' id='line_1_44' title="bbox 152 2110 964 2163; baseline -0.004 -12"><span class='ocrx_word' id='word_1_324' title='bbox 152 2112 288 2151; x_wconf 78' lang='lat' dir='ltr'>baculi</span> <span class='ocrx_word' id='word_1_325' title='bbox 302 2112 469 2155; x_wconf 77' lang='lat' dir='ltr'>nodosi,</span> <span class='ocrx_word' id='word_1_326' title='bbox 497 2112 612 2163; x_wconf 80' lang='lat' dir='ltr'>quod</span> <span class='ocrx_word' id='word_1_327' title='bbox 628 2112 809 2163; x_wconf 64' lang='lat' dir='ltr'>(serebat.</span> <span class='ocrx_word' id='word_1_328' title='bbox 837 2110 964 2162; x_wconf 84' lang='lat' dir='ltr'>[Opti-</span> 
     </span>
     <span class='ocr_line' id='line_1_45' title="bbox 96 2168 964 2211; baseline -0.002 -5"><span class='ocrx_word' id='word_1_329' title='bbox 96 2181 243 2207; x_wconf 87' lang='lat' dir='ltr'>morum</span> <span class='ocrx_word' id='word_1_330' title='bbox 257 2168 370 2207; x_wconf 90' lang='lat' dir='ltr'>codd.</span> <span class='ocrx_word' id='word_1_331' title='bbox 391 2169 658 2206; x_wconf 85' lang='lat' dir='ltr'>auctoritatem</span> <span class='ocrx_word' id='word_1_332' title='bbox 670 2171 849 2211; x_wconf 88' lang='lat' dir='ltr'>secutus,</span> <span class='ocrx_word' id='word_1_333' title='bbox 875 2180 964 2205; x_wconf 88' lang='lat' dir='ltr'>neu-</span> 
     </span>
     <span class='ocr_line' id='line_1_46' title="bbox 95 2222 964 2275; baseline -0.003 -12"><span class='ocrx_word' id='word_1_334' title='bbox 95 2229 191 2263; x_wconf 84' lang='lat' dir='ltr'>trum</span> <span class='ocrx_word' id='word_1_335' title='bbox 206 2224 442 2275; x_wconf 83' lang='lat' dir='ltr'>pronominis</span> <span class='ocrx_word' id='word_1_336' title='bbox 456 2224 633 2274; x_wconf 80' lang='lat' dir='ltr'>reposui,</span> <span class='ocrx_word' id='word_1_337' title='bbox 648 2223 753 2273; x_wconf 89' lang='lat' dir='ltr'>quod</span> <span class='ocrx_word' id='word_1_338' title='bbox 766 2222 862 2261; x_wconf 85' lang='lat' dir='ltr'>Fux.</span> <span class='ocrx_word' id='word_1_339' title='bbox 878 2222 964 2261; x_wconf 88' lang='lat' dir='ltr'>cod.</span> 
     </span>
     <span class='ocr_line' id='line_1_47' title="bbox 95 2280 966 2332; baseline -0.002 -14"><span class='ocrx_word' id='word_1_340' title='bbox 95 2280 199 2319; x_wconf 90' lang='lat' dir='ltr'>male</span> <span class='ocrx_word' id='word_1_341' title='bbox 230 2281 265 2318; x_wconf 93' lang='lat' dir='ltr'>in</span> <span class='ocrx_word' id='word_1_342' title='bbox 299 2280 460 2332; x_wconf 78' lang='lat' dir='ltr'>quidem</span> <span class='ocrx_word' id='word_1_343' title='bbox 492 2281 657 2329; x_wconf 84' lang='lat' dir='ltr'>eorrupit</span> <span class='ocrx_word' id='word_1_344' title='bbox 680 2283 837 2330; x_wconf 87' lang='lat' dir='ltr'>propter</span> <span class='ocrx_word' id='word_1_345' title='bbox 862 2292 966 2318; x_wconf 87' lang='lat' dir='ltr'>com-</span> 
     </span>
     <span class='ocr_line' id='line_1_48' title="bbox 94 2335 969 2389; baseline 0 -15"><span class='ocrx_word' id='word_1_346' title='bbox 94 2335 321 2388; x_wconf 88' lang='lat' dir='ltr'>pendiorum</span> <span class='ocrx_word' id='word_1_347' title='bbox 345 2335 648 2373; x_wconf 88' lang='lat' dir='ltr'>similitudinem:</span> <span class='ocrx_word' id='word_1_348' title='bbox 677 2350 714 2389; x_wconf 61' lang='lat' dir='ltr'>gs,</span> <span class='ocrx_word' id='word_1_349' title='bbox 741 2339 779 2373; x_wconf 86' lang='lat' dir='ltr'>et</span> <span class='ocrx_word' id='word_1_350' title='bbox 804 2347 853 2387; x_wconf 70' lang='lat'>(15</span> <span class='ocrx_word' id='word_1_351' title='bbox 885 2337 909 2374; x_wconf 91' lang='lat' dir='ltr'>i.</span> <span class='ocrx_word' id='word_1_352' title='bbox 933 2348 969 2374; x_wconf 88' lang='lat' dir='ltr'>e.</span> 
     </span>
     <span class='ocr_line' id='line_1_49' title="bbox 99 2391 970 2445; baseline -0.005 -13"><span class='ocrx_word' id='word_1_353' title='bbox 99 2393 212 2445; x_wconf 79' lang='lat' dir='ltr'>quod</span> <span class='ocrx_word' id='word_1_354' title='bbox 259 2391 307 2430; x_wconf 85' lang='lat' dir='ltr'>cf.</span> <span class='ocrx_word' id='word_1_355' title='bbox 332 2391 400 2430; x_wconf 91' lang='lat' dir='ltr'>Dr.</span> <span class='ocrx_word' id='word_1_356' title='bbox 426 2392 476 2430; x_wconf 87' lang='lat' dir='ltr'>ad</span> <span class='ocrx_word' id='word_1_357' title='bbox 502 2391 588 2430; x_wconf 80' lang='lat' dir='ltr'>Liv.</span> <span class='ocrx_word' id='word_1_358' title='bbox 613 2391 681 2430; x_wconf 83' lang='lat' dir='ltr'>lv.</span> <span class='ocrx_word' id='word_1_359' title='bbox 709 2396 773 2432; x_wconf 82' lang='lat'>21.</span> <span class='ocrx_word' id='word_1_360' title='bbox 804 2391 835 2440; x_wconf 62' lang='grc' dir='ltr'><strong>ξ.</strong></span> <span class='ocrx_word' id='word_1_361' title='bbox 862 2396 898 2431; x_wconf 88' lang='lat'>5.</span> <span class='ocrx_word' id='word_1_362' title='bbox 930 2395 970 2429; x_wconf 88' lang='lat' dir='ltr'>et</span> 
     </span>
     <span class='ocr_line' id='line_1_50' title="bbox 98 2446 967 2501; baseline -0.002 -14"><span class='ocrx_word' id='word_1_363' title='bbox 98 2449 162 2501; x_wconf 73' lang='lat' dir='ltr'>,qd</span> <span class='ocrx_word' id='word_1_364' title='bbox 185 2449 207 2488; x_wconf 90' lang='lat' dir='ltr'>i.</span> <span class='ocrx_word' id='word_1_365' title='bbox 234 2462 267 2488; x_wconf 90' lang='lat' dir='ltr'>e.</span> <span class='ocrx_word' id='word_1_366' title='bbox 301 2449 462 2501; x_wconf 78' lang='lat' dir='ltr'>quidem</span> <span class='ocrx_word' id='word_1_367' title='bbox 495 2447 541 2485; x_wconf 90' lang='lat' dir='ltr'>cf.</span> <span class='ocrx_word' id='word_1_368' title='bbox 567 2448 634 2485; x_wconf 91' lang='lat' dir='ltr'>Dr.</span> <span class='ocrx_word' id='word_1_369' title='bbox 660 2448 709 2486; x_wconf 90' lang='lat' dir='ltr'>ad</span> <span class='ocrx_word' id='word_1_370' title='bbox 734 2446 878 2486; x_wconf 84' lang='lat' dir='ltr'>Liv.ll.</span> <span class='ocrx_word' id='word_1_371' title='bbox 904 2451 967 2488; x_wconf 85' lang='lat'>29.</span> 
     </span>
     <span class='ocr_line' id='line_1_51' title="bbox 95 2504 968 2556; baseline -0.006 -11"><span class='ocrx_word' id='word_1_372' title='bbox 95 2506 126 2556; x_wconf 65' lang='grc' dir='ltr'>ξ.</span> <span class='ocrx_word' id='word_1_373' title='bbox 154 2509 189 2545; x_wconf 89' lang='grc'>7.</span> <span class='ocrx_word' id='word_1_374' title='bbox 221 2509 260 2543; x_wconf 90' lang='lat' dir='ltr'>et</span> <span class='ocrx_word' id='word_1_375' title='bbox 284 2505 373 2555; x_wconf 90' lang='lat' dir='ltr'>quia</span> <span class='ocrx_word' id='word_1_376' title='bbox 403 2517 527 2553; x_wconf 72' lang='lat' dir='ltr'>genus</span> <span class='ocrx_word' id='word_1_377' title='bbox 557 2504 786 2542; x_wconf 84' lang='lat' dir='ltr'>substantivi</span> <span class='ocrx_word' id='word_1_378' title='bbox 816 2504 968 2542; x_wconf 85' lang='lat' dir='ltr'>librario</span> 
     </span>
     <span class='ocr_line' id='line_1_52' title="bbox 96 2559 966 2611; baseline 0 -12"><span class='ocrx_word' id='word_1_379' title='bbox 96 2562 268 2611; x_wconf 86' lang='lat' dir='ltr'>ignotum</span> <span class='ocrx_word' id='word_1_380' title='bbox 293 2565 388 2599; x_wconf 85' lang='lat' dir='ltr'>erat.</span> <span class='ocrx_word' id='word_1_381' title='bbox 414 2559 532 2598; x_wconf 85' lang='lat' dir='ltr'>Plura</span> <span class='ocrx_word' id='word_1_382' title='bbox 546 2560 624 2597; x_wconf 86' lang='lat' dir='ltr'>dixi</span> <span class='ocrx_word' id='word_1_383' title='bbox 639 2560 689 2598; x_wconf 90' lang='lat' dir='ltr'>ad</span> <span class='ocrx_word' id='word_1_384' title='bbox 702 2560 798 2598; x_wconf 81' lang='lat' dir='ltr'>Met.</span> <span class='ocrx_word' id='word_1_385' title='bbox 813 2559 841 2599; x_wconf 93' lang='lat' dir='ltr'>l.</span> <span class='ocrx_word' id='word_1_386' title='bbox 856 2574 891 2611; x_wconf 92' lang='lat' dir='ltr'>p.</span> <span class='ocrx_word' id='word_1_387' title='bbox 902 2564 966 2601; x_wconf 82' lang='lat'>22.</span> 
     </span>
     <span class='ocr_line' id='line_1_53' title="bbox 96 2617 969 2668; baseline -0.001 -12"><span class='ocrx_word' id='word_1_388' title='bbox 96 2617 244 2656; x_wconf 80' lang='lat' dir='ltr'>medici</span> <span class='ocrx_word' id='word_1_389' title='bbox 260 2617 421 2662; x_wconf 83' lang='lat' dir='ltr'>baculo,</span> <span class='ocrx_word' id='word_1_390' title='bbox 449 2617 581 2668; x_wconf 78' lang='lat' dir='ltr'>quod</span> <span class='ocrx_word' id='word_1_391' title='bbox 604 2617 772 2655; x_wconf 76' lang='lat' dir='ltr'>ramulis</span> <span class='ocrx_word' id='word_1_392' title='bbox 793 2617 969 2655; x_wconf 82' lang='lat' dir='ltr'>semiam-</span> 
     </span>
     <span class='ocr_line' id='line_1_54' title="bbox 90 2672 967 2726; baseline -0.002 -14"><span class='ocrx_word' id='word_1_393' title='bbox 90 2674 252 2726; x_wconf 78' lang='lat' dir='ltr'>putatis</span> <span class='ocrx_word' id='word_1_394' title='bbox 285 2674 486 2712; x_wconf 72' lang='lat' dir='ltr'>notlosnm</span> <span class='ocrx_word' id='word_1_395' title='bbox 521 2678 659 2725; x_wconf 60' lang='grc' dir='ltr'><em>θωπί,</em></span> <span class='ocrx_word' id='word_1_396' title='bbox 695 2673 759 2711; x_wconf 85' lang='lat' dir='ltr'>ubi</span> <span class='ocrx_word' id='word_1_397' title='bbox 796 2672 967 2710; x_wconf 89' lang='lat' dir='ltr'>nonnulli</span> 
     </span>
     <span class='ocr_line' id='line_1_55' title="bbox 96 2728 968 2781; baseline -0.001 -14"><span class='ocrx_word' id='word_1_398' title='bbox 96 2728 211 2769; x_wconf 87' lang='lat' dir='ltr'>codd.</span> <span class='ocrx_word' id='word_1_399' title='bbox 224 2729 460 2781; x_wconf 85' lang='lat' dir='ltr'>discrepant.</span> <span class='ocrx_word' id='word_1_400' title='bbox 475 2729 681 2768; x_wconf 79' lang='lat' dir='ltr'>Baculum</span> <span class='ocrx_word' id='word_1_401' title='bbox 693 2729 844 2767; x_wconf 80' lang='lat' dir='ltr'>videtur</span> <span class='ocrx_word' id='word_1_402' title='bbox 856 2730 968 2767; x_wconf 87' lang='lat' dir='ltr'>unica</span> 
     </span>
     <span class='ocr_line' id='line_1_56' title="bbox 98 2784 965 2837; baseline 0 -15"><span class='ocrx_word' id='word_1_403' title='bbox 98 2784 219 2823; x_wconf 76' lang='lat' dir='ltr'>forma</span> <span class='ocrx_word' id='word_1_404' title='bbox 243 2799 354 2831; x_wconf 89' lang='lat' dir='ltr'>esse,</span> <span class='ocrx_word' id='word_1_405' title='bbox 386 2798 500 2837; x_wconf 87' lang='lat' dir='ltr'>quam</span> <span class='ocrx_word' id='word_1_406' title='bbox 526 2785 722 2835; x_wconf 84' lang='lat' dir='ltr'>Apuleius</span> <span class='ocrx_word' id='word_1_407' title='bbox 754 2786 965 2835; x_wconf 79' lang='lat' dir='ltr'>usurpavit,</span> 
     </span>
     <span class='ocr_line' id='line_1_57' title="bbox 99 2841 964 2891; baseline 0.001 -13"><span class='ocrx_word' id='word_1_408' title='bbox 99 2842 235 2880; x_wconf 89' lang='lat' dir='ltr'>namin</span> <span class='ocrx_word' id='word_1_409' title='bbox 250 2843 428 2880; x_wconf 85' lang='lat' dir='ltr'>omnibus</span> <span class='ocrx_word' id='word_1_410' title='bbox 442 2841 552 2887; x_wconf 83' lang='lat' dir='ltr'>locis,</span> <span class='ocrx_word' id='word_1_411' title='bbox 572 2841 637 2878; x_wconf 85' lang='lat' dir='ltr'>ubi</span> <span class='ocrx_word' id='word_1_412' title='bbox 650 2854 776 2891; x_wconf 82' lang='lat' dir='ltr'>genus</span> <span class='ocrx_word' id='word_1_413' title='bbox 791 2841 964 2889; x_wconf 73' lang='lat' dir='ltr'>dignosci</span> 
     </span>
     <span class='ocr_line' id='line_1_58' title="bbox 98 2896 966 2949; baseline 0.002 -15"><span class='ocrx_word' id='word_1_414' title='bbox 98 2900 246 2947; x_wconf 87' lang='lat' dir='ltr'>potest,</span> <span class='ocrx_word' id='word_1_415' title='bbox 271 2899 404 2949; x_wconf 87' lang='lat' dir='ltr'>optimi</span> <span class='ocrx_word' id='word_1_416' title='bbox 418 2897 531 2936; x_wconf 88' lang='lat' dir='ltr'>codd.</span> <span class='ocrx_word' id='word_1_417' title='bbox 546 2902 719 2936; x_wconf 89' lang='lat' dir='ltr'>neutrum</span> <span class='ocrx_word' id='word_1_418' title='bbox 732 2896 966 2948; x_wconf 86' lang='lat' dir='ltr'>praeferunt.</span> 
     </span>
     <span class='ocr_line' id='line_1_59' title="bbox 100 2950 966 3005; baseline 0.002 -15"><span class='ocrx_word' id='word_1_419' title='bbox 100 2950 149 2990; x_wconf 88' lang='lat' dir='ltr'>cs.</span> <span class='ocrx_word' id='word_1_420' title='bbox 168 2951 264 2993; x_wconf 86' lang='lat' dir='ltr'>Met.</span> <span class='ocrx_word' id='word_1_421' title='bbox 279 2952 363 2994; x_wconf 86' lang='lat' dir='ltr'>Vll.</span> <span class='ocrx_word' id='word_1_422' title='bbox 379 2968 416 3005; x_wconf 85' lang='lat' dir='ltr'>p.</span> <span class='ocrx_word' id='word_1_423' title='bbox 437 2955 530 2994; x_wconf 88' lang='grc'><strong>493.</strong></span> <span class='ocrx_word' id='word_1_424' title='bbox 560 2955 782 2993; x_wconf 76' lang='lat' dir='ltr'>inscensum</span> <span class='ocrx_word' id='word_1_425' title='bbox 801 2954 966 2998; x_wconf 79' lang='lat' dir='ltr'>baculo,</span> 
     </span>
     <span class='ocr_line' id='line_1_60' title="bbox 102 3009 967 3062; baseline -0.001 -14"><span class='ocrx_word' id='word_1_426' title='bbox 102 3009 231 3059; x_wconf 77' lang='lat' dir='ltr'>quod</span> <span class='ocrx_word' id='word_1_427' title='bbox 252 3011 437 3062; x_wconf 70' lang='lat' dir='ltr'>yerebat,</span> <span class='ocrx_word' id='word_1_428' title='bbox 463 3011 526 3049; x_wconf 90' lang='lat' dir='ltr'>ubi</span> <span class='ocrx_word' id='word_1_429' title='bbox 544 3009 693 3061; x_wconf 83' lang='lat' dir='ltr'>aliquot</span> <span class='ocrx_word' id='word_1_430' title='bbox 712 3009 824 3048; x_wconf 88' lang='lat' dir='ltr'>codd.</span> <span class='ocrx_word' id='word_1_431' title='bbox 852 3023 967 3062; x_wconf 80' lang='lat' dir='ltr'>quem</span> 
     </span>
     <span class='ocr_line' id='line_1_61' title="bbox 100 3066 968 3118; baseline 0.003 -17"><span class='ocrx_word' id='word_1_432' title='bbox 100 3070 343 3116; x_wconf 84' lang='lat' dir='ltr'>corrumpunt</span> <span class='ocrx_word' id='word_1_433' title='bbox 378 3071 416 3106; x_wconf 90' lang='lat' dir='ltr'>et</span> <span class='ocrx_word' id='word_1_434' title='bbox 445 3066 566 3117; x_wconf 86' lang='lat' dir='ltr'>Apol.</span> <span class='ocrx_word' id='word_1_435' title='bbox 596 3080 633 3117; x_wconf 89' lang='lat' dir='ltr'>p.</span> <span class='ocrx_word' id='word_1_436' title='bbox 664 3069 758 3106; x_wconf 83' lang='lat'>442.</span> <span class='ocrx_word' id='word_1_437' title='bbox 792 3080 897 3118; x_wconf 82' lang='lat' dir='ltr'>pera</span> <span class='ocrx_word' id='word_1_438' title='bbox 929 3070 968 3104; x_wconf 81' lang='lat' dir='ltr'>et</span> 
     </span>
     <span class='ocr_line' id='line_1_62' title="bbox 103 3119 965 3176; baseline 0.001 -17"><span class='ocrx_word' id='word_1_439' title='bbox 103 3119 288 3160; x_wconf 77' lang='lat' dir='ltr'>baculum</span> <span class='ocrx_word' id='word_1_440' title='bbox 303 3122 386 3162; x_wconf 91' lang='lat' dir='ltr'>cod.</span> <span class='ocrx_word' id='word_1_441' title='bbox 407 3124 574 3176; x_wconf 84' lang='lat' dir='ltr'>optimus</span> <span class='ocrx_word' id='word_1_442' title='bbox 590 3122 762 3162; x_wconf 80' lang='lat' dir='ltr'>Florent.</span> <span class='ocrx_word' id='word_1_443' title='bbox 777 3126 813 3163; x_wconf 87' lang='grc'>3.</span> <span class='ocrx_word' id='word_1_444' title='bbox 835 3122 965 3171; x_wconf 82' lang='lat' dir='ltr'>babet,</span> 
     </span>
    </p>
   </div>
   <div class='ocr_carea' id='block_1_17' title="bbox 1014 980 1896 3174">
    <p class='ocr_par' dir='ltr' id='par_1_17' title="bbox 1016 980 1882 1150">
     <span class='ocr_line' id='line_1_63' title="bbox 1016 980 1882 1040; baseline -0.008 -14"><span class='ocrx_word' id='word_1_445' title='bbox 1016 1002 1092 1040; x_wconf 89' lang='lat' dir='ltr'>quo</span> <span class='ocrx_word' id='word_1_446' title='bbox 1126 989 1214 1027; x_wconf 88' lang='lat' dir='ltr'>loco</span> <span class='ocrx_word' id='word_1_447' title='bbox 1246 986 1365 1025; x_wconf 85' lang='lat' dir='ltr'>ceteri</span> <span class='ocrx_word' id='word_1_448' title='bbox 1396 984 1506 1023; x_wconf 84' lang='lat' dir='ltr'>codd.</span> <span class='ocrx_word' id='word_1_449' title='bbox 1540 996 1676 1022; x_wconf 88' lang='lat' dir='ltr'>omnes</span> <span class='ocrx_word' id='word_1_450' title='bbox 1715 980 1882 1022; x_wconf 72' lang='lat' dir='ltr'>baculas</span> 
     </span>
     <span class='ocr_line' id='line_1_64' title="bbox 1017 1038 1881 1094; baseline -0.009 -11"><span class='ocrx_word' id='word_1_451' title='bbox 1017 1045 1160 1094; x_wconf 75' lang='lat' dir='ltr'>legunt.</span> <span class='ocrx_word' id='word_1_452' title='bbox 1178 1043 1276 1081; x_wconf 89' lang='lat' dir='ltr'>Hinc</span> <span class='ocrx_word' id='word_1_453' title='bbox 1288 1041 1518 1081; x_wconf 79' lang='lat' dir='ltr'>vocabulum</span> <span class='ocrx_word' id='word_1_454' title='bbox 1535 1039 1703 1080; x_wconf 77' lang='lat' dir='ltr'>baculus</span> <span class='ocrx_word' id='word_1_455' title='bbox 1718 1038 1881 1090; x_wconf 79' lang='lat' dir='ltr'>exApu-</span> 
     </span>
     <span class='ocr_line' id='line_1_65' title="bbox 1017 1095 1735 1150; baseline -0.008 -11"><span class='ocrx_word' id='word_1_456' title='bbox 1017 1101 1079 1139; x_wconf 86' lang='lat' dir='ltr'>leii</span> <span class='ocrx_word' id='word_1_457' title='bbox 1113 1101 1257 1150; x_wconf 89' lang='lat' dir='ltr'>scripto</span> <span class='ocrx_word' id='word_1_458' title='bbox 1284 1097 1614 1136; x_wconf 84' lang='lat' dir='ltr'>exterminandum</span> <span class='ocrx_word' id='word_1_459' title='bbox 1639 1095 1735 1148; x_wconf 89' lang='lat' dir='ltr'>est.]</span> 
     </span>
    </p>

    <p class='ocr_par' dir='ltr' id='par_1_18' title="bbox 1014 1150 1892 2048">
     <span class='ocr_line' id='line_1_66' title="bbox 1072 1150 1883 1207; baseline -0.01 -11"><span class='ocrx_word' id='word_1_460' title='bbox 1072 1156 1255 1196; x_wconf 72' lang='lat' dir='ltr'>vacillas.</span> <span class='ocrx_word' id='word_1_461' title='bbox 1322 1153 1433 1207; x_wconf 84' lang='lat' dir='ltr'>[Hoc</span> <span class='ocrx_word' id='word_1_462' title='bbox 1469 1153 1556 1191; x_wconf 90' lang='lat' dir='ltr'>loco</span> <span class='ocrx_word' id='word_1_463' title='bbox 1595 1153 1729 1203; x_wconf 83' lang='lat' dir='ltr'>optimi</span> <span class='ocrx_word' id='word_1_464' title='bbox 1770 1150 1883 1189; x_wconf 90' lang='lat' dir='ltr'>codd.</span> 
     </span>
     <span class='ocr_line' id='line_1_67' title="bbox 1016 1208 1884 1265; baseline -0.005 -15"><span class='ocrx_word' id='word_1_465' title='bbox 1016 1213 1207 1265; x_wconf 81' lang='lat' dir='ltr'>praebent</span> <span class='ocrx_word' id='word_1_466' title='bbox 1230 1212 1458 1262; x_wconf 85' lang='lat' dir='ltr'>scripturam</span> <span class='ocrx_word' id='word_1_467' title='bbox 1485 1208 1766 1248; x_wconf 58' lang='lat' dir='ltr'>bacvdlashe.</span> <span class='ocrx_word' id='word_1_468' title='bbox 1793 1221 1884 1246; x_wconf 75' lang='lat' dir='ltr'>vac-</span> 
     </span>
     <span class='ocr_line' id='line_1_68' title="bbox 1019 1263 1883 1318; baseline -0.007 -10"><span class='ocrx_word' id='word_1_469' title='bbox 1019 1268 1154 1314; x_wconf 70' lang='lat' dir='ltr'>cillas,</span> <span class='ocrx_word' id='word_1_470' title='bbox 1181 1280 1295 1318; x_wconf 87' lang='lat' dir='ltr'>quam</span> <span class='ocrx_word' id='word_1_471' title='bbox 1320 1266 1416 1304; x_wconf 82' lang='lat' dir='ltr'>Met.</span> <span class='ocrx_word' id='word_1_472' title='bbox 1433 1265 1481 1303; x_wconf 91' lang='lat' dir='ltr'>V.</span> <span class='ocrx_word' id='word_1_473' title='bbox 1508 1278 1544 1315; x_wconf 87' lang='lat' dir='ltr'>p.</span> <span class='ocrx_word' id='word_1_474' title='bbox 1571 1268 1662 1305; x_wconf 82' lang='lat'>362.</span> <span class='ocrx_word' id='word_1_475' title='bbox 1689 1263 1819 1302; x_wconf 81' lang='lat' dir='ltr'>Guelf.</span> <span class='ocrx_word' id='word_1_476' title='bbox 1847 1268 1883 1303; x_wconf 82' lang='lat'>2.</span> 
     </span>
     <span class='ocr_line' id='line_1_69' title="bbox 1016 1319 1885 1372; baseline -0.007 -10"><span class='ocrx_word' id='word_1_477' title='bbox 1016 1324 1142 1363; x_wconf 84' lang='lat' dir='ltr'>Palat.</span> <span class='ocrx_word' id='word_1_478' title='bbox 1158 1323 1255 1362; x_wconf 83' lang='lat' dir='ltr'>Fux.</span> <span class='ocrx_word' id='word_1_479' title='bbox 1271 1326 1310 1360; x_wconf 86' lang='lat' dir='ltr'>et</span> <span class='ocrx_word' id='word_1_480' title='bbox 1323 1322 1466 1360; x_wconf 88' lang='lat' dir='ltr'>Dresd.</span> <span class='ocrx_word' id='word_1_481' title='bbox 1491 1322 1677 1372; x_wconf 86' lang='lat' dir='ltr'>probant,</span> <span class='ocrx_word' id='word_1_482' title='bbox 1701 1320 1776 1358; x_wconf 84' lang='lat' dir='ltr'>sed</span> <span class='ocrx_word' id='word_1_483' title='bbox 1789 1319 1885 1358; x_wconf 78' lang='lat' dir='ltr'>Met.</span> 
     </span>
     <span class='ocr_line' id='line_1_70' title="bbox 1016 1375 1888 1432; baseline -0.005 -15"><span class='ocrx_word' id='word_1_484' title='bbox 1016 1381 1064 1419; x_wconf 69' lang='lat' dir='ltr'>V.</span> <span class='ocrx_word' id='word_1_485' title='bbox 1080 1394 1116 1432; x_wconf 90' lang='lat' dir='ltr'>p.</span> <span class='ocrx_word' id='word_1_486' title='bbox 1132 1384 1225 1420; x_wconf 87' lang='grc'><strong>367.</strong></span> <span class='ocrx_word' id='word_1_487' title='bbox 1240 1393 1314 1417; x_wconf 90' lang='lat' dir='ltr'>non</span> <span class='ocrx_word' id='word_1_488' title='bbox 1329 1381 1555 1427; x_wconf 80' lang='lat' dir='ltr'>agnoscunt.</span> <span class='ocrx_word' id='word_1_489' title='bbox 1581 1375 1658 1422; x_wconf 79' lang='lat' dir='ltr'>Qui</span> <span class='ocrx_word' id='word_1_490' title='bbox 1671 1376 1787 1416; x_wconf 84' lang='lat' dir='ltr'>codd.</span> <span class='ocrx_word' id='word_1_491' title='bbox 1800 1389 1888 1414; x_wconf 89' lang='lat' dir='ltr'>cum</span> 
     </span>
     <span class='ocr_line' id='line_1_71' title="bbox 1018 1433 1887 1482; baseline -0.008 -7"><span class='ocrx_word' id='word_1_492' title='bbox 1018 1436 1188 1474; x_wconf 87' lang='lat' dir='ltr'>Florent.</span> <span class='ocrx_word' id='word_1_493' title='bbox 1209 1439 1246 1475; x_wconf 84' lang='lat'>3.</span> <span class='ocrx_word' id='word_1_494' title='bbox 1266 1436 1301 1473; x_wconf 84' lang='lat' dir='ltr'>si</span> <span class='ocrx_word' id='word_1_495' title='bbox 1317 1435 1389 1472; x_wconf 86' lang='lat' dir='ltr'>sibi</span> <span class='ocrx_word' id='word_1_496' title='bbox 1416 1433 1700 1479; x_wconf 74' lang='lat' dir='ltr'>constitissent.</span> <span class='ocrx_word' id='word_1_497' title='bbox 1725 1434 1887 1482; x_wconf 88' lang='lat' dir='ltr'>scriptu·</span> 
     </span>
     <span class='ocr_line' id='line_1_72' title="bbox 1015 1489 1887 1541; baseline -0.006 -11"><span class='ocrx_word' id='word_1_498' title='bbox 1015 1506 1096 1532; x_wconf 84' lang='lat' dir='ltr'>ram</span> <span class='ocrx_word' id='word_1_499' title='bbox 1121 1492 1337 1531; x_wconf 74' lang='lat' dir='ltr'>vaccillart&#39;</span> <span class='ocrx_word' id='word_1_500' title='bbox 1363 1490 1656 1541; x_wconf 84' lang='lat' dir='ltr'>praetulissem,</span> <span class='ocrx_word' id='word_1_501' title='bbox 1683 1502 1760 1539; x_wconf 89' lang='lat' dir='ltr'>qua</span> <span class='ocrx_word' id='word_1_502' title='bbox 1783 1489 1819 1526; x_wconf 88' lang='lat' dir='ltr'>in</span> <span class='ocrx_word' id='word_1_503' title='bbox 1845 1501 1887 1525; x_wconf 87' lang='lat' dir='ltr'>re</span> 
     </span>
     <span class='ocr_line' id='line_1_73' title="bbox 1015 1544 1887 1594; baseline -0.007 -7"><span class='ocrx_word' id='word_1_504' title='bbox 1015 1563 1078 1587; x_wconf 92' lang='lat' dir='ltr'>me</span> <span class='ocrx_word' id='word_1_505' title='bbox 1103 1549 1260 1587; x_wconf 84' lang='lat' dir='ltr'>adiuvat</span> <span class='ocrx_word' id='word_1_506' title='bbox 1285 1547 1394 1586; x_wconf 91' lang='lat' dir='ltr'>locus</span> <span class='ocrx_word' id='word_1_507' title='bbox 1419 1546 1576 1585; x_wconf 87' lang='lat' dir='ltr'>Lucret.</span> <span class='ocrx_word' id='word_1_508' title='bbox 1592 1544 1655 1583; x_wconf 89' lang='lat' dir='ltr'>Ill.</span> <span class='ocrx_word' id='word_1_509' title='bbox 1682 1548 1796 1590; x_wconf 67' lang='lat'>503„</span> <span class='ocrx_word' id='word_1_510' title='bbox 1823 1545 1887 1594; x_wconf 87' lang='lat' dir='ltr'>qui</span> 
     </span>
     <span class='ocr_line' id='line_1_74' title="bbox 1014 1600 1889 1657; baseline -0.006 -14"><span class='ocrx_word' id='word_1_511' title='bbox 1014 1606 1176 1657; x_wconf 88' lang='lat' dir='ltr'>primam</span> <span class='ocrx_word' id='word_1_512' title='bbox 1184 1603 1362 1643; x_wconf 82' lang='lat' dir='ltr'>vocabuli</span> <span class='ocrx_word' id='word_1_513' title='bbox 1377 1602 1575 1654; x_wconf 84' lang='lat' dir='ltr'>syllabam</span> <span class='ocrx_word' id='word_1_514' title='bbox 1588 1601 1776 1653; x_wconf 86' lang='lat' dir='ltr'>producit,</span> <span class='ocrx_word' id='word_1_515' title='bbox 1785 1600 1889 1638; x_wconf 87' lang='lat' dir='ltr'>unde</span> 
     </span>
     <span class='ocr_line' id='line_1_75' title="bbox 1017 1658 1888 1714; baseline -0.005 -15"><span class='ocrx_word' id='word_1_516' title='bbox 1017 1662 1053 1700; x_wconf 91' lang='lat' dir='ltr'>h.</span> <span class='ocrx_word' id='word_1_517' title='bbox 1081 1661 1105 1701; x_wconf 84' lang='lat' dir='ltr'>l.</span> <span class='ocrx_word' id='word_1_518' title='bbox 1131 1661 1270 1714; x_wconf 90' lang='lat' dir='ltr'>duplici</span> <span class='ocrx_word' id='word_1_519' title='bbox 1303 1674 1325 1699; x_wconf 92' lang='lat' dir='ltr'>c</span> <span class='ocrx_word' id='word_1_520' title='bbox 1358 1660 1484 1698; x_wconf 87' lang='lat' dir='ltr'>littera</span> <span class='ocrx_word' id='word_1_521' title='bbox 1509 1658 1756 1696; x_wconf 88' lang='lat' dir='ltr'>scribendum</span> <span class='ocrx_word' id='word_1_522' title='bbox 1793 1670 1888 1695; x_wconf 84' lang='lat' dir='ltr'>esse</span> 
     </span>
     <span class='ocr_line' id='line_1_76' title="bbox 1019 1714 1890 1765; baseline -0.006 -9"><span class='ocrx_word' id='word_1_523' title='bbox 1019 1718 1210 1757; x_wconf 83' lang='lat' dir='ltr'>existimo.</span> <span class='ocrx_word' id='word_1_524' title='bbox 1252 1716 1443 1755; x_wconf 85' lang='lat' dir='ltr'>Fortasse</span> <span class='ocrx_word' id='word_1_525' title='bbox 1467 1715 1659 1765; x_wconf 87' lang='lat' dir='ltr'>antiquior</span> <span class='ocrx_word' id='word_1_526' title='bbox 1683 1714 1782 1752; x_wconf 85' lang='lat' dir='ltr'>haec</span> <span class='ocrx_word' id='word_1_527' title='bbox 1807 1717 1890 1752; x_wconf 85' lang='lat' dir='ltr'>erat</span> 
     </span>
     <span class='ocr_line' id='line_1_77' title="bbox 1018 1771 1889 1825; baseline -0.007 -12"><span class='ocrx_word' id='word_1_528' title='bbox 1018 1774 1226 1825; x_wconf 87' lang='lat' dir='ltr'>scriptura,</span> <span class='ocrx_word' id='word_1_529' title='bbox 1242 1786 1343 1823; x_wconf 85' lang='lat' dir='ltr'>quae</span> <span class='ocrx_word' id='word_1_530' title='bbox 1356 1771 1559 1823; x_wconf 84' lang='lat' dir='ltr'>posteriori</span> <span class='ocrx_word' id='word_1_531' title='bbox 1574 1774 1705 1809; x_wconf 84' lang='lat' dir='ltr'>aetate</span> <span class='ocrx_word' id='word_1_532' title='bbox 1722 1783 1889 1808; x_wconf 89' lang='lat' dir='ltr'>commu-</span> 
     </span>
     <span class='ocr_line' id='line_1_78' title="bbox 1019 1826 1892 1879; baseline -0.008 -9"><span class='ocrx_word' id='word_1_533' title='bbox 1019 1832 1171 1870; x_wconf 86' lang='lat' dir='ltr'>tabatur</span> <span class='ocrx_word' id='word_1_534' title='bbox 1190 1834 1228 1868; x_wconf 87' lang='lat' dir='ltr'>et</span> <span class='ocrx_word' id='word_1_535' title='bbox 1247 1828 1524 1879; x_wconf 77' lang='lat' dir='ltr'>infrequentior</span> <span class='ocrx_word' id='word_1_536' title='bbox 1544 1831 1635 1865; x_wconf 82' lang='lat' dir='ltr'>erat.</span> <span class='ocrx_word' id='word_1_537' title='bbox 1667 1826 1725 1865; x_wconf 85' lang='lat' dir='ltr'>lta</span> <span class='ocrx_word' id='word_1_538' title='bbox 1743 1826 1892 1876; x_wconf 85' lang='lat' dir='ltr'>aliquot</span> 
     </span>
     <span class='ocr_line' id='line_1_79' title="bbox 1022 1882 1890 1935; baseline -0.003 -11"><span class='ocrx_word' id='word_1_539' title='bbox 1022 1886 1134 1925; x_wconf 89' lang='lat' dir='ltr'>codd.</span> <span class='ocrx_word' id='word_1_540' title='bbox 1165 1886 1337 1924; x_wconf 84' lang='lat' dir='ltr'>scribunt</span> <span class='ocrx_word' id='word_1_541' title='bbox 1361 1884 1465 1935; x_wconf 85' lang='lat' dir='ltr'>apud</span> <span class='ocrx_word' id='word_1_542' title='bbox 1490 1882 1599 1921; x_wconf 73' lang='lat' dir='ltr'>Fest.</span> <span class='ocrx_word' id='word_1_543' title='bbox 1625 1897 1657 1922; x_wconf 91' lang='lat' dir='ltr'>s.</span> <span class='ocrx_word' id='word_1_544' title='bbox 1679 1896 1715 1922; x_wconf 83' lang='lat' dir='ltr'>v.</span> <span class='ocrx_word' id='word_1_545' title='bbox 1746 1882 1890 1934; x_wconf 72' lang='lat' dir='ltr'>talipe-</span> 
     </span>
     <span class='ocr_line' id='line_1_80' title="bbox 1022 1939 1892 1982; baseline -0.007 -1"><span class='ocrx_word' id='word_1_546' title='bbox 1022 1944 1134 1982; x_wconf 82' lang='lat' dir='ltr'>dare.</span> <span class='ocrx_word' id='word_1_547' title='bbox 1161 1941 1243 1979; x_wconf 89' lang='lat' dir='ltr'>Sed</span> <span class='ocrx_word' id='word_1_548' title='bbox 1266 1945 1307 1979; x_wconf 89' lang='lat' dir='ltr'>ut</span> <span class='ocrx_word' id='word_1_549' title='bbox 1331 1954 1396 1978; x_wconf 89' lang='lat' dir='ltr'>res</span> <span class='ocrx_word' id='word_1_550' title='bbox 1422 1953 1521 1978; x_wconf 89' lang='lat' dir='ltr'>nunc</span> <span class='ocrx_word' id='word_1_551' title='bbox 1540 1943 1602 1978; x_wconf 87' lang='lat' dir='ltr'>est</span> <span class='ocrx_word' id='word_1_552' title='bbox 1619 1939 1781 1978; x_wconf 86' lang='lat' dir='ltr'>alteram</span> <span class='ocrx_word' id='word_1_553' title='bbox 1800 1939 1892 1976; x_wconf 90' lang='lat' dir='ltr'>scri-</span> 
     </span>
     <span class='ocr_line' id='line_1_81' title="bbox 1021 1995 1552 2048; baseline -0.004 -12"><span class='ocrx_word' id='word_1_554' title='bbox 1021 1998 1138 2037; x_wconf 87' lang='lat' dir='ltr'>bendi</span> <span class='ocrx_word' id='word_1_555' title='bbox 1162 1999 1347 2036; x_wconf 86' lang='lat' dir='ltr'>rationem</span> <span class='ocrx_word' id='word_1_556' title='bbox 1374 1995 1552 2048; x_wconf 68' lang='lat' dir='ltr'>retineo]</span> 
     </span>
    </p>

    <p class='ocr_par' dir='ltr' id='par_1_19' title="bbox 1021 2050 1896 2499">
     <span class='ocr_line' id='line_1_82' title="bbox 1078 2050 1892 2105; baseline -0.006 -12"><span class='ocrx_word' id='word_1_557' title='bbox 1078 2055 1233 2105; x_wconf 70' lang='lat' dir='ltr'>Peqasz&#39;</span> <span class='ocrx_word' id='word_1_558' title='bbox 1245 2053 1447 2092; x_wconf 81' lang='lat' dir='ltr'>vincebas.</span> <span class='ocrx_word' id='word_1_559' title='bbox 1471 2050 1776 2091; x_wconf 86' lang='lat' dir='ltr'>Lucian.Lucid.</span> <span class='ocrx_word' id='word_1_560' title='bbox 1787 2064 1818 2089; x_wconf 94' lang='lat' dir='ltr'>c.</span> <span class='ocrx_word' id='word_1_561' title='bbox 1828 2054 1892 2093; x_wconf 81' lang='grc'><strong>24.</strong></span> 
     </span>
     <span class='ocr_line' id='line_1_83' title="bbox 1022 2105 1893 2162; baseline -0.006 -11"><span class='ocrx_word' id='word_1_562' title='bbox 1022 2124 1060 2162; x_wconf 83' lang='lat' dir='ltr'>p.</span> <span class='ocrx_word' id='word_1_563' title='bbox 1095 2114 1188 2151; x_wconf 88' lang='lat'>593.</span> <span class='ocrx_word' id='word_1_564' title='bbox 1224 2107 1328 2161; x_wconf 77' lang='grc' dir='ltr'><strong><em>καγὼ</em></strong></span> <span class='ocrx_word' id='word_1_565' title='bbox 1363 2110 1448 2161; x_wconf 78' lang='grc' dir='ltr'><em>περὶ</em></span> <span class='ocrx_word' id='word_1_566' title='bbox 1481 2108 1549 2147; x_wconf 78' lang='grc' dir='ltr'>τοῦ</span> <span class='ocrx_word' id='word_1_567' title='bbox 1583 2105 1702 2154; x_wconf 77' lang='grc' dir='ltr'><strong><em>ποδὸς</em></strong></span> <span class='ocrx_word' id='word_1_568' title='bbox 1732 2109 1796 2146; x_wconf 83' lang='grc' dir='ltr'>καὶ</span> <span class='ocrx_word' id='word_1_569' title='bbox 1824 2111 1893 2147; x_wconf 82' lang='grc' dir='ltr'>τοῦ</span> 
     </span>
     <span class='ocr_line' id='line_1_84' title="bbox 1021 2160 1893 2219; baseline -0.003 -14"><span class='ocrx_word' id='word_1_570' title='bbox 1021 2163 1237 2219; x_wconf 74' lang='grc' dir='ltr'><em>τραύματος</em></span> <span class='ocrx_word' id='word_1_571' title='bbox 1259 2164 1533 2217; x_wconf 72' lang='grc' dir='ltr'>ἀναμνησθεὶς,</span> <span class='ocrx_word' id='word_1_572' title='bbox 1559 2160 1755 2217; x_wconf 76' lang='grc' dir='ltr'><strong><em>ἐχώλευον,</em></strong></span> <span class='ocrx_word' id='word_1_573' title='bbox 1781 2166 1819 2203; x_wconf 86' lang='grc' dir='ltr'>οἱ</span> <span class='ocrx_word' id='word_1_574' title='bbox 1841 2164 1893 2209; x_wconf 76' lang='grc' dir='ltr'>δὲ,</span> 
     </span>
     <span class='ocr_line' id='line_1_85' title="bbox 1024 2216 1895 2274; baseline -0.005 -11"><span class='ocrx_word' id='word_1_575' title='bbox 1024 2225 1126 2270; x_wconf 78' lang='grc' dir='ltr'><em>Νῦν,</em></span> <span class='ocrx_word' id='word_1_576' title='bbox 1158 2221 1321 2273; x_wconf 76' lang='grc' dir='ltr'><em>ἔφασαν,</em></span> <span class='ocrx_word' id='word_1_577' title='bbox 1347 2217 1479 2274; x_wconf 78' lang='grc' dir='ltr'><em>χωλὸς,</em></span> <span class='ocrx_word' id='word_1_578' title='bbox 1510 2216 1573 2261; x_wconf 77' lang='grc' dir='ltr'>ὅτε</span> <span class='ocrx_word' id='word_1_579' title='bbox 1603 2216 1895 2273; x_wconf 78' lang='grc' dir='ltr'><em>ἀποδιδράσκων</em></span> 
     </span>
     <span class='ocr_line' id='line_1_86' title="bbox 1026 2273 1894 2329; baseline -0.003 -11"><span class='ocrx_word' id='word_1_580' title='bbox 1026 2276 1196 2326; x_wconf 76' lang='grc' dir='ltr'><strong><em>ἑάλωκας</em></strong></span> <span class='ocrx_word' id='word_1_581' title='bbox 1205 2294 1212 2302; x_wconf 87' lang='grc'><em>·</em></span> <span class='ocrx_word' id='word_1_582' title='bbox 1228 2277 1313 2318; x_wconf 77' lang='grc' dir='ltr'>ἀλλ’</span> <span class='ocrx_word' id='word_1_583' title='bbox 1326 2274 1388 2318; x_wconf 80' lang='grc' dir='ltr'>ὅτε</span> <span class='ocrx_word' id='word_1_584' title='bbox 1402 2277 1551 2329; x_wconf 77' lang='grc' dir='ltr'><em>φεύγειν</em></span> <span class='ocrx_word' id='word_1_585' title='bbox 1560 2273 1686 2316; x_wconf 72' lang='grc' dir='ltr'><em>ἐδόκει</em></span> <span class='ocrx_word' id='word_1_586' title='bbox 1699 2292 1771 2324; x_wconf 86' lang='grc' dir='ltr'><em>σοι,</em></span> <span class='ocrx_word' id='word_1_587' title='bbox 1780 2276 1894 2328; x_wconf 73' lang='grc' dir='ltr'><em>ὑγιαί-</em></span> 
     </span>
     <span class='ocr_line' id='line_1_87' title="bbox 1024 2328 1894 2386; baseline -0.005 -11"><span class='ocrx_word' id='word_1_588' title='bbox 1024 2351 1111 2383; x_wconf 72' lang='grc' dir='ltr'>νων,</span> <span class='ocrx_word' id='word_1_589' title='bbox 1141 2334 1258 2375; x_wconf 77' lang='grc' dir='ltr'><em>ἵππου</em></span> <span class='ocrx_word' id='word_1_590' title='bbox 1284 2332 1485 2386; x_wconf 77' lang='grc' dir='ltr'><strong><em>ὠκύτερος,</em></strong></span> <span class='ocrx_word' id='word_1_591' title='bbox 1515 2335 1579 2373; x_wconf 80' lang='grc' dir='ltr'>καὶ</span> <span class='ocrx_word' id='word_1_592' title='bbox 1608 2332 1746 2384; x_wconf 77' lang='grc' dir='ltr'><strong><em>πτηνὸς</em></strong></span> <span class='ocrx_word' id='word_1_593' title='bbox 1772 2328 1894 2384; x_wconf 76' lang='grc' dir='ltr'><strong>ἦσθα.</strong></span> 
     </span>
     <span class='ocr_line' id='line_1_88' title="bbox 1024 2386 1896 2442; baseline -0.003 -11"><span class='ocrx_word' id='word_1_594' title='bbox 1024 2400 1101 2439; x_wconf 78' lang='grc' dir='ltr'><em>τοῖς</em></span> <span class='ocrx_word' id='word_1_595' title='bbox 1135 2392 1176 2431; x_wconf 79' lang='grc' dir='ltr'>δὲ</span> <span class='ocrx_word' id='word_1_596' title='bbox 1212 2389 1337 2442; x_wconf 79' lang='grc' dir='ltr'><strong><em>λόγοις</em></strong></span> <span class='ocrx_word' id='word_1_597' title='bbox 1369 2388 1517 2437; x_wconf 79' lang='grc' dir='ltr'><strong><em>τούτοις</em></strong></span> <span class='ocrx_word' id='word_1_598' title='bbox 1551 2387 1594 2429; x_wconf 85' lang='grc' dir='ltr'>τὸ</span> <span class='ocrx_word' id='word_1_599' title='bbox 1630 2386 1742 2438; x_wconf 79' lang='grc' dir='ltr'><em>ξύλον</em></span> <span class='ocrx_word' id='word_1_600' title='bbox 1770 2388 1896 2428; x_wconf 72' lang='grc' dir='ltr'><em>εἵπετο</em></span> 
     </span>
     <span class='ocr_line' id='line_1_89' title="bbox 1026 2448 1591 2499; baseline -0.002 -13"><span class='ocrx_word' id='word_1_601' title='bbox 1026 2449 1163 2498; x_wconf 84' lang='lat' dir='ltr'>(verba</span> <span class='ocrx_word' id='word_1_602' title='bbox 1185 2448 1301 2487; x_wconf 79' lang='lat' dir='ltr'>fustis</span> <span class='ocrx_word' id='word_1_603' title='bbox 1323 2448 1591 2499; x_wconf 85' lang='lat' dir='ltr'>sequebatur.)</span> 
     </span>
    </p>

    <p class='ocr_par' dir='ltr' id='par_1_20' title="bbox 1021 2501 1896 3174">
     <span class='ocr_line' id='line_1_90' title="bbox 1067 2501 1895 2557; baseline -0.005 -13"><span class='ocrx_word' id='word_1_604' title='bbox 1067 2507 1214 2557; x_wconf 74' lang='lat' dir='ltr'>fustem</span> <span class='ocrx_word' id='word_1_605' title='bbox 1230 2506 1425 2557; x_wconf 78' lang='lat' dir='ltr'>quatt&#39;ens.</span> <span class='ocrx_word' id='word_1_606' title='bbox 1439 2503 1575 2555; x_wconf 87' lang='lat' dir='ltr'>Inepte</span> <span class='ocrx_word' id='word_1_607' title='bbox 1593 2503 1787 2553; x_wconf 86' lang='lat' dir='ltr'>quondam</span> <span class='ocrx_word' id='word_1_608' title='bbox 1801 2501 1895 2541; x_wconf 85' lang='lat' dir='ltr'>allu-</span> 
     </span>
     <span class='ocr_line' id='line_1_91' title="bbox 1026 2559 1894 2611; baseline -0.005 -11"><span class='ocrx_word' id='word_1_609' title='bbox 1026 2562 1174 2601; x_wconf 84' lang='lat' dir='ltr'>cinatus</span> <span class='ocrx_word' id='word_1_610' title='bbox 1199 2564 1282 2599; x_wconf 88' lang='lat' dir='ltr'>erat</span> <span class='ocrx_word' id='word_1_611' title='bbox 1305 2559 1425 2599; x_wconf 85' lang='lat' dir='ltr'>Elm.:</span> <span class='ocrx_word' id='word_1_612' title='bbox 1449 2562 1508 2599; x_wconf 82' lang='lat' dir='ltr'>sic</span> <span class='ocrx_word' id='word_1_613' title='bbox 1531 2573 1591 2599; x_wconf 86' lang='lat' dir='ltr'>me</span> <span class='ocrx_word' id='word_1_614' title='bbox 1615 2562 1826 2611; x_wconf 73' lang='lat' dir='ltr'>confuslat</span> <span class='ocrx_word' id='word_1_615' title='bbox 1838 2564 1894 2597; x_wconf 85' lang='lat' dir='ltr'>to-</span> 
     </span>
     <span class='ocr_line' id='line_1_92' title="bbox 1027 2615 1896 2669; baseline -0.006 -12"><span class='ocrx_word' id='word_1_616' title='bbox 1027 2619 1126 2657; x_wconf 76' lang='lat' dir='ltr'>tiens</span> <span class='ocrx_word' id='word_1_617' title='bbox 1151 2630 1201 2656; x_wconf 83' lang='lat' dir='ltr'>ex</span> <span class='ocrx_word' id='word_1_618' title='bbox 1225 2617 1376 2668; x_wconf 84' lang='lat' dir='ltr'>glossis</span> <span class='ocrx_word' id='word_1_619' title='bbox 1401 2618 1588 2669; x_wconf 75' lang='lat' dir='ltr'>defustat</span> <span class='ocrx_word' id='word_1_620' title='bbox 1609 2615 1813 2662; x_wconf 77' lang='grc' dir='ltr'><em>ξυλοποιεῑ,</em></span> <span class='ocrx_word' id='word_1_621' title='bbox 1847 2627 1896 2652; x_wconf 84' lang='lat' dir='ltr'>ex</span> 
     </span>
     <span class='ocr_line' id='line_1_93' title="bbox 1026 2673 1895 2724; baseline -0.003 -12"><span class='ocrx_word' id='word_1_622' title='bbox 1026 2675 1135 2713; x_wconf 89' lang='lat' dir='ltr'>cuius</span> <span class='ocrx_word' id='word_1_623' title='bbox 1169 2673 1350 2724; x_wconf 82' lang='lat' dir='ltr'>analogia</span> <span class='ocrx_word' id='word_1_624' title='bbox 1380 2673 1523 2711; x_wconf 89' lang='lat' dir='ltr'>dictum</span> <span class='ocrx_word' id='word_1_625' title='bbox 1548 2685 1642 2710; x_wconf 86' lang='lat' dir='ltr'>esse</span> <span class='ocrx_word' id='word_1_626' title='bbox 1667 2675 1776 2722; x_wconf 82' lang='lat' dir='ltr'>putat</span> <span class='ocrx_word' id='word_1_627' title='bbox 1801 2684 1895 2710; x_wconf 84' lang='lat' dir='ltr'>con-</span> 
     </span>
     <span class='ocr_line' id='line_1_94' title="bbox 1021 2727 1894 2782; baseline -0.005 -12"><span class='ocrx_word' id='word_1_628' title='bbox 1021 2733 1164 2782; x_wconf 78' lang='lat' dir='ltr'>fustat.</span> <span class='ocrx_word' id='word_1_629' title='bbox 1190 2729 1272 2768; x_wconf 89' lang='lat' dir='ltr'>Sed</span> <span class='ocrx_word' id='word_1_630' title='bbox 1287 2730 1544 2767; x_wconf 88' lang='lat' dir='ltr'>coniecturam</span> <span class='ocrx_word' id='word_1_631' title='bbox 1556 2727 1698 2767; x_wconf 88' lang='lat' dir='ltr'>deinde</span> <span class='ocrx_word' id='word_1_632' title='bbox 1710 2727 1894 2766; x_wconf 85' lang='lat' dir='ltr'>deseruit.</span> 
     </span>
     <span class='ocr_line' id='line_1_95' title="bbox 1025 2783 1896 2834; baseline -0.005 -10"><span class='ocrx_word' id='word_1_633' title='bbox 1025 2786 1124 2832; x_wconf 82' lang='lat' dir='ltr'>Quis</span> <span class='ocrx_word' id='word_1_634' title='bbox 1161 2786 1264 2824; x_wconf 87' lang='lat' dir='ltr'>enim</span> <span class='ocrx_word' id='word_1_635' title='bbox 1300 2799 1375 2824; x_wconf 88' lang='lat' dir='ltr'>non</span> <span class='ocrx_word' id='word_1_636' title='bbox 1414 2785 1536 2829; x_wconf 83' lang='lat' dir='ltr'>videt,</span> <span class='ocrx_word' id='word_1_637' title='bbox 1572 2783 1765 2834; x_wconf 83' lang='lat' dir='ltr'>iungenda</span> <span class='ocrx_word' id='word_1_638' title='bbox 1800 2796 1896 2821; x_wconf 85' lang='lat' dir='ltr'>esse</span> 
     </span>
     <span class='ocr_line' id='line_1_96' title="bbox 1023 2839 1896 2892; baseline -0.002 -12"><span class='ocrx_word' id='word_1_639' title='bbox 1023 2855 1176 2883; x_wconf 85' lang='lat' dir='ltr'>mecum</span> <span class='ocrx_word' id='word_1_640' title='bbox 1189 2841 1377 2882; x_wconf 66' lang='lat' dir='ltr'>iocatur?</span> <span class='ocrx_word' id='word_1_641' title='bbox 1409 2842 1587 2887; x_wconf 80' lang='lat' dir='ltr'>Quatere</span> <span class='ocrx_word' id='word_1_642' title='bbox 1595 2843 1747 2892; x_wconf 76' lang='lat' dir='ltr'>fustem</span> <span class='ocrx_word' id='word_1_643' title='bbox 1759 2839 1896 2878; x_wconf 87' lang='lat' dir='ltr'>dicitur</span> 
     </span>
     <span class='ocr_line' id='line_1_97' title="bbox 1026 2897 1894 2949; baseline -0.003 -12"><span class='ocrx_word' id='word_1_644' title='bbox 1026 2911 1096 2949; x_wconf 86' lang='lat' dir='ltr'>pro</span> <span class='ocrx_word' id='word_1_645' title='bbox 1133 2902 1341 2937; x_wconf 89' lang='lat' dir='ltr'>concutere</span> <span class='ocrx_word' id='word_1_646' title='bbox 1376 2901 1417 2936; x_wconf 90' lang='lat' dir='ltr'>et</span> <span class='ocrx_word' id='word_1_647' title='bbox 1451 2897 1600 2935; x_wconf 86' lang='lat' dir='ltr'>vibrare</span> <span class='ocrx_word' id='word_1_648' title='bbox 1635 2909 1722 2934; x_wconf 90' lang='lat' dir='ltr'>eum</span> <span class='ocrx_word' id='word_1_649' title='bbox 1759 2897 1894 2934; x_wconf 88' lang='lat' dir='ltr'>crebro</span> 
     </span>
     <span class='ocr_line' id='line_1_98' title="bbox 1023 2951 1895 3005; baseline 0 -13"><span class='ocrx_word' id='word_1_650' title='bbox 1023 2954 1282 2999; x_wconf 81' lang='lat' dir='ltr'>verberando,</span> <span class='ocrx_word' id='word_1_651' title='bbox 1307 2958 1348 2992; x_wconf 93' lang='lat' dir='ltr'>ut</span> <span class='ocrx_word' id='word_1_652' title='bbox 1372 2954 1521 3004; x_wconf 77' lang='lat' dir='ltr'>passim</span> <span class='ocrx_word' id='word_1_653' title='bbox 1541 2957 1709 3005; x_wconf 73' lang='lat' dir='ltr'>quatere</span> <span class='ocrx_word' id='word_1_654' title='bbox 1727 2951 1895 2999; x_wconf 72' lang='lat' dir='ltr'>kastam,</span> 
     </span>
     <span class='ocr_line' id='line_1_99' title="bbox 1024 3008 1894 3063; baseline -0.001 -14"><span class='ocrx_word' id='word_1_655' title='bbox 1024 3011 1123 3057; x_wconf 78' lang='lat' dir='ltr'>tela,</span> <span class='ocrx_word' id='word_1_656' title='bbox 1146 3014 1281 3063; x_wconf 83' lang='lat' dir='ltr'>faces,</span> <span class='ocrx_word' id='word_1_657' title='bbox 1305 3012 1518 3063; x_wconf 79' lang='lat' dir='ltr'>flammam,</span> <span class='ocrx_word' id='word_1_658' title='bbox 1540 3009 1698 3060; x_wconf 80' lang='lat' dir='ltr'>fulmen</span> <span class='ocrx_word' id='word_1_659' title='bbox 1722 3008 1894 3057; x_wconf 68' lang='lat' dir='ltr'>eflvirg.</span> 
     </span>
     <span class='ocr_line' id='line_1_100' title="bbox 1025 3066 1894 3118; baseline -0.001 -13"><span class='ocrx_word' id='word_1_660' title='bbox 1025 3066 1108 3106; x_wconf 93' lang='lat' dir='ltr'>Cul.</span> <span class='ocrx_word' id='word_1_661' title='bbox 1129 3071 1221 3108; x_wconf 83' lang='lat'>218.</span> <span class='ocrx_word' id='word_1_662' title='bbox 1249 3072 1287 3105; x_wconf 86' lang='lat' dir='ltr'>et</span> <span class='ocrx_word' id='word_1_663' title='bbox 1307 3066 1534 3117; x_wconf 81' lang='lat' dir='ltr'>flammas</span> <span class='ocrx_word' id='word_1_664' title='bbox 1563 3069 1609 3104; x_wconf 84' lang='lat' dir='ltr'>et.</span> <span class='ocrx_word' id='word_1_665' title='bbox 1630 3079 1750 3105; x_wconf 78' lang='lat' dir='ltr'>saeva</span> <span class='ocrx_word' id='word_1_666' title='bbox 1783 3079 1894 3118; x_wconf 79' lang='lat' dir='ltr'>qua-</span> 
     </span>
     <span class='ocr_line' id='line_1_101' title="bbox 1025 3122 1621 3174; baseline 0 -12"><span class='ocrx_word' id='word_1_667' title='bbox 1025 3124 1085 3162; x_wconf 75' lang='lat' dir='ltr'>tit</span> <span class='ocrx_word' id='word_1_668' title='bbox 1108 3124 1205 3163; x_wconf 67' lang='lat' dir='ltr'>mila·</span> <span class='ocrx_word' id='word_1_669' title='bbox 1231 3122 1428 3162; x_wconf 73' lang='lat' dir='ltr'>verbera</span> <span class='ocrx_word' id='word_1_670' title='bbox 1449 3135 1621 3174; x_wconf 79' lang='lat' dir='ltr'>poenae.</span> 
     </span>
    </p>
   </div>
  </div>
 </body>
</html>
