2155 3590
679 162 867 203 LIBER
896 162 971 204 XI.

1029 161 1156 204 CAP.
1188 162 1329 202 XVII.
1787 160 1891 203 1051

114 274 314 315 renuntiat
337 288 518 316 sermone
543 276 696 329 rituque
728 274 983 327 Graeciensi,
1011 276 1089 325 ita:
1123 278 1298 317 ΟΛΟῙΣ
1320 275 1544 316 ΕΥΕΣΙΑ.
1606 273 1733 328 Quam
1759 288 1894 316 vocem

109 379 290 417 graec-anst*
301 381 336 409 G.
351 381 386 409 Ρ.
399 382 440 409 D.
463 381 634 418 gratr'ensv‘
646 382 715 411 vic.
728 383 841 411 venei.
856 384 885 411 2.
908 382 1124 419 graec-ansila
1137 383 1174 410 D.
1200 381 1241 410 cs.
1256 382 1295 410 ad
1309 384 1383 409 Met.
1397 382 1452 409 111.
1466 389 1496 415 p.
1513 382 1585 409 188.
1611 388 1684 408 cum
1696 380 1768 407 ritu
1778 387 1896 417 grae—

112 436 253 465 ciense'.

300 438 425 466 Graeca
448 440 567 467 absunt
588 439 622 468 in
643 441 677 467 G.
690 439 726 467 P.
752 439 791 466 D.
804 439 885 467 Coll.
900 440 992 467 voss.
1015 438 1139 473 DOJD
1160 437 1340 473 ΕΦΕΟΙΞ
1361 438 1396 467 F.
1411 440 1441 468 3.
1479 437 1566 472 DOI
1589 435 1794 471 DEOEESID
1813 437 1850 466 F.
1866 438 1895 465 1.

112 493 164 520 ita
176 490 402 527 λοΖα-εφεθια.
418 494 440 522 f.
454 495 490 522 R.
516 492 709 527 aotkemww
721 503 753 528 p.
777 494 831 521 ita
847 492 883 524 Ο.
896 504 920 521 ι.
932 492 966 523 h.
980 493 1013 522 S.
1026 495 1079 521 cia
1098 492 1127 522 δ’.
1151 496 1186 523 In
1206 494 1284 523 aliis
1302 494 1470 523 itam'stm.
1516 491 1612 526 λαοῖς
1631 490 1748 527 ἄφεσις
1762 491 1897 530 papulis

112 537 224 566 missio
242 539 279 567 L.
298 539 412 567 Venet.
438 540 463 567 ί.
482 539 587 568 Paris.
611 541 694 568 lunt.
710 541 740 568 2.
782 537 879 571 λαῐος
898 534 1013 574 ἄφεσις
1029 538 1161 576 populr's
1180 538 1290 566 missis
1309 539 1356 567 ed.
1378 546 1425 572 pr.
1445 539 1570 568 Vicent.
1591 540 1702 568 Venet.
1722 540 1755 568 2.

1802 536 1897 570 λαοῖς

111 578 228 618 ἄφεσις
242 581 280 610 de
288 582 408 619 populi
418 583 530 611 missio
544 585 627 613 Iuni.
643 587 672 613 1.
696 586 732 613 In
746 588 818 613 cett.
832 586 902 613 edd.
922 588 1042 613 tantum
1063 591 1181 619 graeca
1194 581 1289 616 λαοῖς
1302 578 1419 616 ἄφεσις
1432 588 1599 618 apparent.
1635 592 1702 621 qua
1715 591 1794 611 voce
1807 585 1844 612 G.
1858 585 1895 612 D.

113 629 133 657 s.
149 627 182 657 ¹..
198 629 288 658 Colv.
302 629 397 657 Vulc.
411 630 520 657 xvim:
536 629 619 659 Prie.
634 633 663 657 et
677 631 817 658 Salmas.
831 630 863 658 in
878 631 961 658 Plin.
977 638 1005 663 ρ.
1021 630 1072 658 77.
1087 630 1165 658 oud.
1181 630 1307 658 Ruhnk.
1331 629 1366 656 In
1381 631 1453 656 ceu.
1475 636 1573 665 quam
1596 636 1715 658 vocem.

113 740 231 778 queo,
262 728 486 772 statuentis,
519 741 701 781 quaeque
731 728 778 766 ad
809 728 975 767 naz-ibus

112 796 206 821 esse
231 782 472 821 referendum
506 783 555 821 de
580 785 646 834 iis,
678 797 778 834 quae
807 785 880 822 sub
905 785 973 821 im-

111 841 216 891 perio
237 841 312 878 sint
330 837 462 891 populi
476 840 652 878 Romani.
683 839 754 879 Ille
768 841 868 878 enim
883 840 973 891 quid

104 899 215 935 totus
247 896 356 934 locus
388 897 461 934 sibi
495 896 586 934 velit
617 896 861 934 intellexisse
886 895 973 934 mihi

113 967 186 991 non
206 952 363 991 videtur.
406 951 534 991 Primo
557 953 641 990 loco
656 953 783 991 omnia
797 965 973 1003 quaeque

112 1009 242 1047 fausta
265 1013 381 1060 atque
400 1009 584 1048 salutaria
604 1009 831 1060 adprecatur
850 1022 976 1047 sacer·

112 1067 184 1104 dos
211 1078 295 1103 cum
319 1065 465 1117 populo
487 1065 668 1103 Romano
695 1067 856 1116 eiusque
882 1067 977 1116 prin-

111 1122 262 1173 cipibus
282 1135 327 1160 ac
342 1122 487 1159 civibus
508 1122 728 1173 generosis,
754 1125 831 1160 tum
853 1123 975 1160 nautis

111 1182 150 1217 et
179 1178 360 1223 navibus,
391 1191 490 1230 quae
520 1190 610 1228 prae
641 1179 781 1216 ceteris
812 1191 976 1216 comme-

110 1238 320 1279 morantur,
363 1234 465 1285 quod
508 1234 647 1285 navigii
682 1233 796 1272 Isidis
833 1234 974 1273 festum

111 1295 207 1336 erat,
235 1303 281 1328 ac
301 1290 584 1341 navigationem
599 1291 896 1340 auspicabantur
908 1304 973 1340 po-

107 1347 243 1399 pitius,
270 1347 435 1396 denique
449 1346 574 1383 omnia
589 1346 975 1397 comprehenduntur,

101 1416 211 1455 *quae
235 1406 438 1454 praeterea
461 1402 498 1438 in
519 1405 716 1452 potestate
733 1406 824 1440 sunt
842 1403 974 1453 populi

109 1459 288 1504 Romani,
312 1462 353 1496 ut
376 1458 463 1496 anni
479 1457 635 1502 fructus,
661 1458 804 1496 messis
823 1458 975 1496 similia.

109 1515 210 1554 Hinc
233 1516 363 1565 potius
382 1514 432 1552 ad
447 1514 649 1552 lectionem
672 1528 881 1567 quaequae
905 1515 976 1554 sub

110 1572 282 1623 imperio
306 1571 448 1610 mundi
477 1572 672 1609 nostratis
700 1576 900 1623 rcyumm·
925 1571 975 1609 in-

111 1628 230 1672 clino,
254 1626 432 1678 asyndeti
457 1628 532 1664 vim
559 1628 658 1665 bene
688 1627 947 1680 intelligens]

167 1681 270 1728 ὅλοις
294 1681 432 1722 εὗεσία.
467 1681 700 1734 Priusquam
724 1683 827 1721 hanc
850 1696 976 1721 meam

111 1740 418 1792 qualemcunque
438 1739 747 1777 emendationem
769 1739 978 1778 lectoribus

110 1797 340 1848 comprobo,
366 1796 629 1834 necessarium
655 1799 734 1841 est,
759 1800 800 1834 ut
822 1799 976 1834 senten-

108 1855 184 1891 tias
208 1853 372 1890 virorum
399 1851 597 1890 doctorum
636 1858 875 1898 enumerem,
914 1853 975 1903 qui

111 1910 378 1948 diversissima
391 1910 536 1946 ratione
550 1908 599 1946 (le
613 1909 686 1946 hoc
701 1908 787 1946 loco
798 1908 976 1947 iudicant.

110 1965 278 2004 Primum
296 1964 516 2015 intelligitur
524 1966 642 2003 verba
647 1965 819 2016 populls
831 1966 977 2010 missio,

112 2036 213 2074 quae
237 2023 273 2060 in
299 2021 386 2059 edd.
413 2020 612 2072 permultis
637 2021 769 2059 addita
788 2021 975 2072 leguntur,

105 2078 361 2130 ‘exstirpanda
385 2091 496 2121 esse,
528 2081 661 2128 utpote
693 2090 792 2128 quae
822 2078 975 2115 nimium

110 2134 467 2187 sapiantindoetam
483 2134 620 2172 librarii
640 2146 811 2179 manum,
837 2147 975 2185 graeca

111 2192 229 2230 verba
253 2191 371 2229 latine
395 2190 635 2241 explicantis.
684 2188 844 2228 Colvius
869 2194 978 2242 putat

110 2248 173 2286 hic
197 2248 247 2286 de
271 2249 342 2285 ritu
367 2247 447 2297 agi,
482 2247 518 2284 in
552 2247 721 2285 ecclesia
751 2248 871 2284 veteri
901 2247 976 2284 usi-

109 2305 315 2349 tatissim0‚
339 2304 391 2341 ita
415 2303 464 2340 ad
489 2303 673 2354 populum
693 2303 975 2353 pronuntiandi.

112 2362 290 2399 excitans
322 2359 486 2398 Tertull.
517 2359 568 2397 de
599 2360 726 2397 Anim.
751 2372 781 2397 c.
810 2362 851 2400 9:
880 2364 976 2411 posl

113 2421 320 2456 transacta
355 2416 548 2454 solemnia
586 2416 785 2454 dimissa
815 2415 975 2467 plebe,

115 2487 191 2524 qua
208 2473 243 2510 in
263 2473 457 2510 sententia
477 2472 638 2522 praeivit
651 2470 870 2510 Beroaldus
891 2485 976 2510 cum

112 2530 200 2567 aliis
225 2533 342 2579 atque
361 2527 515 2566 Alciato
541 2526 889 2578 Pare1·g.VlI.10.,
915 2529 976 2578 qui

111 2584 232 2624 multa
244 2584 442 2636 proferunt
454 2583 503 2621 de
517 2584 683 2622 solemni
697 2582 877 2629 formula,
903 2597 979 2635 qua

115 2645 205 2695 post
229 2654 341 2679 sacra
365 2644 522 2692 peraeta
547 2639 785 2678 indicabatur
809 2639 976 2679 abeundi

113 2702 307 2750 potestas,
316 2710 480 2748 eamque
493 2696 629 2735 firmari
644 2696 773 2735 dicunt
786 2709 835 2735 ex
847 2709 978 2748 seqq.:

117 2756 250 2801 Quam
273 2767 409 2792 vocem
430 2753 613 2803 feliciter
638 2753 794 2792 cunctis
823 2755 980 2792 evenire

112 2812 292 2863 signavit
310 2809 465 2862 populi
495 2809 661 2848 clamor.
719 2807 827 2846 Idem
858 2809 979 2847 voluit

114 2867 235 2905 Voss.
260 2879 296 2918 p.
313 2870 405 2907 250.
431 2867 465 2903 in
491 2864 593 2903 Bibl.
608 2864 735 2916 Lugd.
750 2864 824 2905 Ed.
839 2879 893 2917 pr.
914 2867 977 2917 qui

114 2923 272 2974 legebat
293 2921 694 2963 ΛΑΟΙΕΕΞΕΣΙΑ
715 2922 738 2959 i.
754 2935 787 2961 e.
809 2923 979 2974 populis

117 2979 354 3025 dimissio,
394 2980 484 3029 quia
512 2982 758 3029 sequeretur:
795 2979 854 3017 acl
888 2991 980 3017 suos

119 3037 288 3088 quisque
312 3036 528 3075 discedunt
555 3035 670 3073 lares.
720 3033 801 3086 [De
813 3034 889 3073 hac
902 3033 978 3071 for-

155 3091 220 3130 ula
232 3091 346 3132 ilicet
356 3095 395 3130 et
406 3091 598 3130 similibus
612 3094 652 3128 ut
671 3088 760 3135 ἑκὰς
779 3087 866 3135 ἑκὰς
880 3085 981 3136 ὅστις

109 3105 282 3200 §hida
305 3147 354 3187 cf.
381 3147 526 3199 Spanh.
552 3147 599 3185 ad
628 3146 775 3186 sallim.
802 3145 917 3198 Hym.
943 3147 978 3184 in

1032 727 1166 778 Apoll.
1182 731 1216 767 2.
1243 728 1277 764 in
1305 725 1430 764 Cerer.
1457 729 1493 766 3.
1520 726 1627 765 Suet.
1652 726 1746 766 Ner.
1766 730 1829 767 34.
1855 731 1897 765 et

1032 783 1216 822 Michael.
1262 782 1403 820 Ritium
1452 783 1501 820 de
1546 796 1625 833 reg.
1662 781 1898 821 Francorum

1032 840 1118 878 Lib.
1133 834 1177 877 11.
1193 853 1229 890 p.
1245 842 1338 879 539.
1355 852 1466 889 quem
1483 838 1582 877 Elm.
1598 840 1756 878 excitat:
1784 839 1895 878 Anti-

1034 897 1167 949 quitas
1197 897 1240 934 in
1271 895 1346 934 illa
1376 909 1479 934 vana
1511 896 1679 934 deorum
1702 896 1894 947 supersti-

1032 954 1141 991 tione.
1161 957 1340 1003 peracta
1364 965 1410 990 re
1434 951 1577 991 divina
1603 965 1814 991 conversus
1839 952 1896 990 ad

1030 1009 1233 1060 populum
1253 1008 1445 1047 sacerdos
1464 1008 1626 1046 dicebat
1645 1010 1748 1054 λαοῖς
1765 1001 1897 1058 ἄφεσις

1035 1066 1057 1104 i.
1072 1078 1105 1103 e.
1127 1064 1298 1116 populis
1321 1065 1470 1109 missio,
1495 1069 1539 1103 ut
1564 1068 1622 1102 est
1642 1064 1760 1117 apud
1784 1063 1895 1115 Apu-

1036 1122 1173 1166 leium,
1201 1134 1282 1172 quo
1306 1120 1427 1158 verbo
1447 1125 1688 1172 potestatem
1709 1120 1897 1170 faciebat

1034 1177 1211 1216 abeundi
1238 1177 1469 1215 volentibus.
1544 1177 1597 1214 At
1626 1177 1701 1215 iam
1728 1175 1896 1214 Salmas.

1033 1237 1137 1272 recte
1167 1232 1372 1278 intellexit,
1415 1231 1513 1271 haec
1537 1233 1713 1284 pessima
1743 1232 1792 1269 de
1823 1233 1898 1271 ista

1034 1289 1195 1327 formula
1220 1288 1293 1326 (liei
1316 1289 1576 1333 sacerdotum,
1601 1289 1809 1327 decessum
1828 1301 1896 1339 po-

1035 1345 1125 1396 pulo
1152 1346 1426 1395 imperantium.
1475 1344 1615 1383 Omnia
1646 1346 1764 1391 enim,
1795 1357 1898 1396 quae

1034 1401 1278 1446 antecedunt,
1303 1404 1435 1452 aperte
1449 1402 1638 1447 evincunt,
1663 1401 1712 1439 de
1731 1402 1803 1439 ritu
1821 1414 1899 1439 ser-

1034 1470 1186 1495 monem
1223 1470 1318 1494 esse
1353 1461 1469 1507 atque
1500 1458 1549 1494 de
1582 1457 1760 1501 formula,
1798 1471 1899 1508 quae

1035 1514 1105 1551 toti
1140 1513 1286 1564 populo
1323 1512 1502 1551 Romano
1540 1514 1767 1565 cunctisque
1799 1526 1899 1563 quae

1034 1583 1166 1607 eorum
1198 1570 1357 1620 imperio
1389 1571 1644 1616 continentur.
1671 1569 1899 1621 praesertim

1036 1626 1263 1676 navigationi
1298 1626 1437 1664 bonum
1464 1639 1693 1664 ¹successum
1717 1626 1899 1678 auspice-

1036 1687 1106 1727 tur,
1132 1697 1202 1720 non
1230 1682 1279 1719 de
1303 1681 1434 1732 populi
1460 1683 1659 1725 missione,
1686 1696 1800 1733 quam
1825 1682 1899 1720 sibi

1038 1739 1199 1776 feliciter
1230 1739 1383 1775 evenire
1413 1752 1485 1776 suo
1511 1739 1680 1776 clamore
1706 1739 1900 1777 indicasse

1033 1795 1099 1833 ille
1113 1795 1243 1846 inepte
1258 1798 1400 1832 tantum
1417 1795 1488 1832 dici
1507 1795 1657 1846 poterit.
1693 1794 1792 1833 Hinc
1808 1795 1901 1845 legit

1035 1852 1166 1889 deleta
1195 1864 1291 1889 voce
1326 1852 1385 1889 ita
1423 1852 1649 1890 HAOIOY
1679 1852 1904 1889 ΑΨΕΣΙΣ

1035 1909 1056 1946 i.
1101 1921 1132 1945 e.
1170 1908 1282 1946 navis
1328 1909 1543 1946 onerariae
1591 1908 1789 1954 dimissio,
1837 1907 1899 1945 vel

1036 1967 1119 2003 ΠΛ
1125 1965 1157 2001 O
1168 1965 1201 2002 Υ
1209 1964 1559 2015 ArhEsswz-*mu-iy
1565 1965 1713 2003 ntimtis
1727 1965 1884 2003 initium
1888 1977 1901 2009 ;

1035 2021 1082 2059 cl'.
1121 2020 1241 2058 Salm.
1280 2020 1328 2057 (le
1363 2020 1488 2058 Annis
1525 2019 1696 2059 Climact.
1732 2034 1769 2071 p.
1807 2024 1900 2061 268.

1035 2076 1230 2115 lablonsk.
1258 2077 1292 2114 d.
1309 2077 1333 2116 l.
1357 2091 1394 2128 p.
1419 2080 1512 2116 442.
1538 2076 1760 2127 Aliquando
1786 2079 1899 2115 etiam

1036 2134 1203 2172 Salmas.
1220 2132 1316 2176 Plin.
1333 2133 1514 2172 Exercitt.
1535 2146 1572 2184 p.
1591 2137 1680 2173 177.
1695 2132 1901 2183 ingeniose

1034 2190 1212 2228 coniecit:
1251 2190 1303 2227 ita
1338 2189 1524 2228 ΛΑΟΙΣ
1558 2189 1770 2229 ΕΥΕΤΙΛ.
1818 2189 1901 2228 Sed

1033 2247 1175 2284 rectius
1189 2250 1297 2296 putat
1311 2246 1386 2296 legi
1401 2244 1502 2285 Oud.
1518 2246 1903 2285 ΠΛΟΤΕΥΕΤΙΑ

1034 2304 1182 2340 omissa
1211 2303 1268 2341 ita.
1300 2302 1490 2340 vocabulo
1516 2304 1537 2340 i.
1559 2316 1592 2341 e.
1624 2303 1901 2355 war-iyatiom's

1034 2360 1161 2397 bonus
1185 2373 1314 2398 (nevus
1337 2373 1383 2397 ac
1408 2358 1497 2396 felix
1517 2362 1729 2410 proventus
1748 2359 1796 2396 ab
1821 2356 1903 2404 ἔτος

1035 2419 1093 2464 (ut
1123 2413 1245 2453 εὐετιά
1276 2415 1338 2453 hic
1368 2415 1510 2453 dictum
1534 2416 1586 2453 sit
1609 2419 1649 2453 ut
1674 2429 1804 2457 annus
1830 2428 1898 2466 pro

1035 2472 1122 2510 anni
1136 2476 1322 2522 proventu
1350 2471 1397 2510 cf.
1414 2470 1514 2509 Cori.
1530 2471 1577 2510 ad
1593 2471 1739 2510 Lucan.
1756 2469 1817 2508 lll.
1834 2475 1900 2511 70.

1036 2527 1120 2567 lntt.
1137 2527 1185 2565 ad
1199 2526 1298 2565 Plin.
1312 2526 1506 2579 Panegyr.
1524 2532 1586 2568 31.
1602 2528 1631 2578 δ.
1648 2530 1683 2567 6.
1702 2532 1900 2578 p.147sq.

1037 2584 1188 2635 Arntz.)
1241 2584 1342 2622 Hinc
1366 2585 1443 2623 dea
1470 2583 1736 2623 Abumlcm'tia
1761 2597 1900 2634 graece

1036 2639 1222 2692 Εὗετηρία
1247 2641 1282 2678 in
1307 2640 1497 2691 lnscriptt.
1529 2639 1607 2678 ltin.
1636 2640 1755 2692 Spon.
1783 2639 1828 2678 T.
1854 2639 1900 2679 Il.

1036 2711 1073 2749 p.
1088 2701 1181 2737 487.
1202 2701 1241 2734 et
1258 2696 1362 2735 Mus.
1388 2696 1530 2736 Veron.
1545 2709 1582 2747 p.
1598 2700 1663 2737 39.
1691 2696 1766 2734 Vel
1788 2697 1900 2735 etiam

1037 2755 1203 2793 ΠΛΟΤ
1223 2753 1435 2792 ΕΥΕΣΙΛ
1454 2753 1502 2791 ab
1522 2749 1562 2792 εὖ
1581 2752 1690 2800 εἶναι,
1716 2765 1817 2802 quae
1837 2766 1901 2790 ea-

1036 2809 1125 2847 dem
1166 2808 1318 2848 misteria
1353 2814 1529 2856 vocetur,
1567 2808 1667 2848 conf.
1696 2807 1821 2847 Periz.
1852 2808 1902 2846 ad

1039 2866 1124 2904 Aet.
1140 2865 1231 2904 Var.
1246 2865 1348 2904 Hist.
1363 2864 1468 2903 Xlll.
1487 2870 1520 2905 1.
1544 2869 1584 2904 et
1598 2864 1682 2904 lntt.
1697 2865 1747 2903 ad
1762 2863 1903 2904 Thom.

1035 2922 1144 2972 Mag.
1158 2935 1192 2959 v.
1207 2920 1385 2961 εὐθενεῖν.
1406 2920 1516 2960 Haec
1530 2925 1634 2960 certe
1646 2921 1901 2971 sequentibus

1038 2979 1181 3029 optime
1217 2979 1420 3016 convenire
1460 2982 1498 3016 et
1532 2979 1632 3016 votis
1668 2977 1902 3028 navigationi

1037 3034 1296 3080 solemnibus,
1343 3047 1367 3071 a
1413 3046 1490 3084 qua
1534 3034 1726 3072 maximus
1773 3032 1903 3072 soleat

1036 3089 1163 3128 redire
1174 3093 1398 3141 proventu-3,
1423 3089 1658 3129 abundantia
1670 3093 1709 3128 et
1722 3088 1902 3136 felicitas,

1038 3146 1140 3184 unde
1186 3146 1221 3184 in
1270 3159 1424 3185 nummo
1461 3144 1662 3184 Commodi
1692 3145 1742 3184 de
1772 3145 1904 3185 classe
