2221 3667
217 291 315 331 [111]

331 145 388 189 58
586 144 633 184 L.
663 144 885 185 APULEII
915 144 1315 185 MADAURENSIS
1345 142 1889 184 METAMORPHOSEON

329 259 464 313 optimi
489 258 595 300 casei
622 258 765 299 bonam
790 266 939 312 partem
965 258 1078 299 avide
1104 259 1381 307 devoraverat,
1409 264 1448 297 et
1466 257 1568 296 haud
1586 256 1642 296 ita
1660 256 1777 309 longe
1803 256 1956 297 radices
1982 257 2127 312 platani

328 315 428 356 lenis
448 313 620 412 &fluvius
634 315 673 355 in
694 315 860 370 speciem
883 314 1056 369 placidae
1076 314 1224 368 paludis
1245 311 1435 367 ignalvus
1456 312 1537 354 ibat
1554 318 1721 366 argento
1746 311 1810 354 vel
1827 311 1932 352 vitro
1952 313 2127 354 aemulus

328 372 369 412 in
401 386 446 412 co
465 385 588 412 orem.
650 369 736 422 En,
769 372 949 425 inquam,
984 370 1144 424 explere
1175 368 1290 409 latice
1318 368 1437 408 fontis
1462 368 1604 408 lact-eo.
1665 368 1858 422 Assurgit
1881 375 1919 408 et
1944 377 2127 424 oppertus

327 428 525 482 paululum
540 427 756 482 planiorem
771 427 878 482 ripae
894 427 1113 480 marginem
1128 424 1369 479 complicitus
1390 424 1431 464 in
1445 437 1575 478 genua
1596 431 1788 478 appronat
1806 438 1864 474 se,
1883 425 2020 465 avidus
2035 425 2127 466 affe-

326 491 440 525 ctans
459 484 654 539 poculum.
687 483 774 526 Nec
796 485 884 524 dum
903 483 1000 523 satis
1020 481 1212 521 extremis
1227 480 1340 521 labiis
1362 494 1554 521 summum
1570 493 1696 533 aquae
1715 494 1846 521 rorem
1867 481 2068 535 attigerat,
2091 488 2131 522 et.

325 541 460 595 iugulo
484 541 570 582 eius
595 541 737 582 vulnus
764 539 928 580 dehiscit
950 538 990 577 in
1016 536 1250 592 profundum
1276 544 1467 591 patorem,
1496 543 1535 576 et
1558 536 1627 576 illa
1649 536 1815 590 spongia
1835 537 1880 579 de
1901 550 1948 577 eo
1966 545 2128 592 repente

327 597 564 649 devolvitur,
593 611 755 651 eamque
778 609 922 649 parvus
938 594 1142 633 admodum
1159 594 1368 633 comitatur
1383 607 1515 633 cruor.
1553 590 1736 646 Denique
1761 607 1902 647 corpus
1924 593 2127 634 exanima-

324 726 399 756 m'de
411 725 524 756 dovor.
536 728 650 756 Venet.
664 728 694 754 2.
739 725 773 752 in
793 731 847 758 pro
860 723 912 750 ita
926 724 961 751 P.
977 723 1009 751 in
1029 722 1193 757 excerptis
1208 724 1340 751 Pursen.
1388 721 1491 749 ‹let-nr
1503 725 1575 749 aut.
1590 721 1642 750 ila
1655 720 1760 759 louge.
1774 723 1812 750 D.
1860 720 1943 750 levis
1955 730 1986 757 p.
2000 722 2126 752 Vicenl.

324 776 408 804 lunt.
423 775 452 802 1.
472 774 548 802 Am.
563 773 676 801 venet.
693 772 722 798 2.
770 769 804 796 in
823 768 931 804 speeie
949 769 987 796 R.
1009 768 1030 796 f.
1077 768 1220 804 ingacus
1234 770 1268 796 G.
1318 769 1425 796 Verba
1445 768 1478 794 iu
1497 767 1605 803 specie
1624 776 1727 801 usque
1746 769 1786 796 ad
1806 767 1949 804 ignavus
1962 775 2026 796 non
2040 775 2130 796 com-

325 822 438 855 parent
459 820 491 847 in
511 825 546 845 π,
595 815 750 853 ignat-ius
770 816 805 842 B.
827 822 856 848 p.
879 815 927 842 ed.
943 821 988 847 pr.
1004 813 1131 841 Vicent.
1146 814 1259 841 Vener.
1274 814 1303 840 4.
1319 814 1395 841 Bas.
1413 814 1440 842 1.
1457 813 1583 840 eminus
1603 821 1660 847 pro
1678 811 1828 840 aemulus
1843 813 1864 841 f.
1912 810 1990 840 Ilen
2009 814 2050 841 1).
2095 813 2130 840 in

324 863 436 891 colore
445 865 480 892 B.
498 862 518 890 f.
533 866 560 889 el
575 862 612 889 Ι).
628 868 645 888 a
660 869 699 888 in.
715 869 741 887 s.
756 857 890 895 explete
900 860 934 887 G.
949 857 1133 894 eximplere
1145 859 1182 885 1).
1197 866 1226 885 a.
1242 866 1280 885 m.
1296 866 1324 891 p.
1339 856 1438 893 exple
1453 860 1484 884 te
1498 859 1533 886 P.
1581 857 1700 894 laquea
1710 860 1746 886 L.
1762 858 1782 885 f.
1797 858 1855 885 alii
1871 856 1992 884 laceto.
2041 859 2128 887 Grut.

324 910 488 944 Suswnss
510 909 539 935 ρ,
554 907 718 934 emendat:
735 903 852 943 fantis
874 903 979 931 tacito
1005 901 1161 939 adsurgit
1181 907 1209 931 et
1230 903 1374 936 S‹·iopp.:
1399 901 1456 929 ille
1475 905 1580 939 atque
1599 904 1761 940 assurgit.
1780 903 1917 931 Ponlan.
1931 904 1970 931 ad
1985 905 2129 931 Macron.

324 963 354 989 p.
370 953 443 982 434.
464 952 602 979 bractea
617 951 748 985 Soping.
762 948 852 976 illico
866 948 1029 985 assurgit.
1056 948 1185 976 Modius
1201 949 1232 976 in
1246 954 1346 982 marg.
1361 950 1480 976 haecce
1493 948 1686 982 adscripsit:
1715 946 1830 975 ,ueras
1845 947 1964 976 turbas
1977 945 2033 975 hic
2044 946 2128 975 dan!

321 999 525 1034 interpretes
539 1003 637 1033 quum
652 996 686 1023 in
700 994 779 1023 Mss.
794 1002 882 1022 nnnc
901 993 1066 1022 lacerto
1079 1002 1167 1021 nuuc
1184 992 1358 1030 laqneo;
1383 992 1476 1020 alter
1487 993 1573 1020 euim
1587 992 1667 1029 legit
1686 991 1821 1020 latice
1832 993 1882 1031 fo
1891 1002 1910 1020 η
1922 992 1976 1021 tis
1995 992 2131 1020 tacito

323 1042 542 1079 adsurgit:
567 1040 678 1068 alter:
702 1041 754 1080 fo
763 1049 783 1068 ll
794 1040 849 1067 tis
874 1038 948 1066 ille
971 1041 1098 1076 atque
1123 1037 1224 1067 ads-u
1234 1038 1330 1076 rgit.
1378 1036 1449 1075 Ego
1474 1046 1553 1066 ‘cero
1579 1036 1686 1065 Iocum
1713 1038 1878 1065 sint-erum
1898 1041 1994 1074 pulo.
2042 1036 2130 1065 Nam

323 1087 412 1127 quod
433 1086 519 1115 illud
536 1086 678 1114 lacteo
709 1094 781 1113 eam
802 1088 944 1122 argento
966 1083 1019 1111 cel
1035 1084 1124 1111 vitro
1144 1083 1277 1111 minime
1297 1083 1474 1111 convenire
1489 1086 1628 1119 putant,
1642 1092 1740 1120 quum
1761 1091 1848 1120 quae
1866 1081 2066 1120 differentia
2086 1083 2131 1111 sit

322 1135 414 1162 inter
425 1132 570 1160 lacteum
584 1135 616 1159 et
631 1134 826 1169 argenteum
842 1129 985 1157 colorem
995 1138 1006 1156 :
1021 1136 1103 1157 saue
1117 1132 1259 1166 uterque
1272 1127 1426 1156 albicans
1439 1132 1501 1157 est.
1549 1131 1685 1165 opertus
1693 1127 1837 1165 palliolo
1846 1130 1940 1158 Vulc.
1950 1131 1980 1157 2.
1994 1129 2130 1163 primum

322 1179 456 1208 intrudit
476 1178 626 1212 sequenti
646 1179 728 1205 Elm.
749 1177 782 1204 in
794 1174 982 1212 planiorem
997 1175 1060 1211 rip.
1075 1183 1182 1210 marg.
1197 1183 1232 1202 π.
1243 1172 1420 1210 paululum
1431 1173 1619 1210 planiorem
1634 1174 1698 1210 rip.
1712 1182 1819 1211 marg.
1833 1177 1949 1202 nabent
1962 1175 1998 1203 F.
2009 1176 2078 1202 ’1.3.
2094 1175 2130 1202 R.

319 1227 359 1254 l).
372 1227 409 1253 G.
422 1226 458 1252 Β.
473 1225 507 1252 0.
528 1227 558 1251 et
571 1225 643 1251 edd.
670 1227 746 1251 velt.

319 1272 411 1300 Colv.
424 1268 602 1306 derepente
615 1266 792 1296 admodum
809 1267 828 1295 f.

319 1385 383 1420 est
407 1380 457 1420 cf.
482 1379 578 1418 Met.
604 1377 651 1416 ll.
685 1393 719 1429 p.
736 1382 800 1419 94.
828 1377 892 1415 lv,
920 1391 955 1429 p.
973 1381 1065 1417 243.
1093 1376 1194 1414 Oud.

320 1438 370 1476 ad
395 1437 511 1475 Caes.
538 1436 584 1475 Β.
611 1435 658 1474 Gr.
687 1434 712 1473 1.
743 1440 807 1475 12.

378 1495 503 1547 louye
538 1494 703 1532 radices
746 1491 818 1542 [cf.
857 1489 984 1528 Hand.
1023 1487 1192 1527 Turseli.

322 1551 385 1590 lll.
412 1564 448 1602 p.
476 1550 568 1591 549.
595 1563 654 1599 sq.
687 1547 783 1586 Met.
811 1547 859 1586 V.
887 1560 923 1597 p.
950 1550 1044 1587 337.
1071 1546 1194 1598 lonye

316 1612 535 1661 parentum
560 1606 610 1644 de
635 1619 711 1656 quo
738 1603 786 1643 ef.
813 1603 994 1642 Ruddim.
1020 1602 1129 1640 lnstt.
1152 1601 1194 1640 11.

321 1678 346 1716 p
377 1664 551 1773 iynaitus
599 1718 773 1758 defendit
820 1716 922 1756 Oud.
971 1730 1020 1755 ex
1068 1715 1195 1754 studio

321 1777 480 1830 Apuleii
507 1778 611 1815 varia
641 1775 822 1825 iungendi
854 1774 1045 1812 adieetiva
1070 1786 1195 1823 eaque

320 1849 388 1886 pro
416 1833 608 1873 adverbiis
635 1831 844 1883 usurpandi
872 1830 938 1882 [cs.
955 1829 1193 1868 Taeit.Ann.

319 1891 365 1931 ll.
394 1896 429 1933 6.
457 1891 582 1930 latior
614 1890 785 1942 affluens
815 1888 922 1938 Virg.
956 1886 1099 1936 Georg.
1127 1885 1193 1923 IV.

320 1952 415 1989 373.
458 1945 615 1986 Walch.
659 1945 709 1983 ad
753 1943 875 1983 Tacit.
919 1945 1012 1994 Agr.
1051 1947 1115 1983 24.
1157 1956 1194 1993 p.

318 2009 413 2046 303.
448 2005 628 2057 Iynarus
660 2002 709 2040 de
740 2001 935 2051 stagnanti
963 2002 1074 2050 quasi
1095 2012 1195 2049 aqua

320 2067 358 2100 et
383 2060 586 2100 lenissime
610 2059 742 2098 fluenti
776 2058 823 2096 cs.
847 2058 946 2096 Cort.
973 2057 1023 2095 ad
1047 2056 1194 2094 Lucan.

320 2118 367 2158 v,
395 2117 508 2169 4432]

377 2176 520 2213 lat-teo.
569 2173 644 2211 Hie
676 2172 804 2217 locus,
843 2172 905 2222 qui
937 2172 986 2209 ab
1019 2170 1195 2208 omnibus

321 2231 633 2271 sereMss.be11e
659 2229 873 2273 exhibetur,
899 2232 1056 2279 propter
1081 2240 1195 2265 unum

320 2293 358 2328 et
409 2287 570 2326 alterum
619 2286 730 2325 codd.
774 2287 1015 2324 coniecturas
1058 2287 1193 2323 inanes

320 2347 566 2396 interpretum
598 2343 788 2382 excitavit.
850 2342 1029 2382 Lacteus
1053 2342 1103 2380 de
1128 2354 1195 2391 pu-

318 2417 359 2442 ro
395 2406 436 2440 et
474 2399 670 2452 pellucido
713 2399 868 2437 flumine
912 2398 1044 2437 dicitur
1080 2399 1194 2436 etiam

318 2459 423 2510 apud
471 2456 586 2496 Mart.
637 2455 785 2507 Capell.
824 2455 850 2493 l.
901 2456 931 2506 ξ.
972 2459 1034 2494 14.
1079 2454 1192 2507 [ibiq.

317 2515 451 2566 Kopp.
484 2527 522 2565 p.
547 2517 613 2555 46.
674 2512 716 2550 Si
755 2513 845 2563 quid
876 2511 1098 2550 mutandum
1129 2515 1192 2548 est

318 2572 484 2624 liquido
520 2571 653 2621 potius
691 2568 867 2619 legerim,
912 2568 1017 2619 quod
1053 2568 1190 2606 adiect.

319 2629 369 2667 de
400 2641 496 2680 pura
526 2627 617 2665 limo
651 2629 690 2663 et
719 2625 901 2663 sordibus
938 2639 1012 2662 non
1049 2624 1193 2662 infecta

319 2699 423 2737 aqua
458 2684 590 2722 dicitur
627 2682 675 2722 cl.
708 2680 789 2721 Cat.
819 2681 868 2720 R.
901 2680 948 2720 R.
988 2684 1052 2721 73.
1084 2681 1189 2731 Virg.

319 2741 403 2780 Ecl.
428 2740 476 2779 Π.
502 2740 585 2792 59]

375 2800 492 2837 vitro.
551 2796 741 2849 [Saepius
786 2796 880 2833 vitro
924 2798 1193 2845 comparantur

319 2855 420 2893 fluvii
458 2853 661 2907 pellucid13
710 2852 758 2891 cs.
795 2850 952 2890 Ruhnk.
998 2850 1099 2889 Dict.
1143 2851 1193 2888 ad

322 2911 437 2949 Ovid.
475 2910 631 2949 Heroid.
657 2909 747 2948 XV.
789 2913 879 2949 157.
912 2922 948 2959 p.
970 2911 1037 2948 90.
1062 2906 1190 2945 Fried.

321 2967 458 3006 Tross.
491 2967 541 3005 ad
569 2967 666 3005 Aus.
691 2965 854 3004 Mosen.
881 2968 946 3006 28.
979 2977 1014 3015 p.
1044 2968 1105 3004 11.
1132 2965 1196 3014 qui

321 3025 426 3063 idem
446 3037 479 3062 v,
500 3027 589 3064 180.
604 3023 713 3062 dicit:
740 3022 953 3075 ssssrstnpleas
967 3022 1195 3072 vitreasque

320 3094 484 3120 sorores
505 3085 711 3119 transm-{es
729 3079 936 3118 celebrare
951 3077 1110 3117 choros.
1131 3077 1193 3114 uhi

320 3136 620 3176 emendandum:
664 3136 890 3175 concordes
932 3136 952 3173 i.
992 3148 1027 3174 e.
1063 3146 1191 3171 nume-

799 1223 970 1258 appronat
985 1228 1020 1248 sc
1034 1219 1165 1255 acidas,
1184 1218 1257 1259 mlf.
1275 1222 1356 1247 [unt.
1372 1221 1402 1247 2.
1420 1218 1459 1246 de
1479 1227 1516 1246 eo
1538 1222 1673 1256 repente
1692 1220 1727 1248 F.
1742 1221 1773 1248 3.
1793 1221 1877 1248 G.D.
1894 1221 1931 1248 Ι..
1950 1220 1989 1249 P.
2011 1219 2031 1248 s.
2045 1221 2130 1248 unde

1256 1389 1367 1413 rosas
1412 1380 1450 1413 et
1494 1389 1626 1426 pares:
1670 1375 1718 1414 cs.
1761 1375 1830 1414 Sil.
1862 1374 1929 1413 XI.
1968 1379 2050 1417 439
2094 1380 2131 1413 et

1253 1431 1432 1470 Bonnell.
1472 1431 1604 1470 Lexic.
1645 1431 1772 1478 Quint.
1812 1449 1843 1470 s.
1881 1445 1916 1470 v.
1961 1446 2127 1471 concor-

1255 1489 1356 1541 clim]

1311 1550 1518 1598 oppertus.
1568 1542 1671 1583 Oud.
1721 1546 1890 1598 explicat
1931 1546 2048 1584 tacite
2091 1550 2130 1584 et

1255 1616 1339 1640 eum
1364 1616 1471 1640 mora
1494 1602 1744 1652 conspicatus
1769 1605 1979 1654 postquam
2004 1603 2128 1642 oculis

1255 1662 1453 1697 notaverat
1472 1657 1685 1709 planiorem
1703 1660 1925 1710 marginem,
1953 1672 2028 1712 quo
2047 1659 2130 1699 scil.

1256 1715 1406 1754 facilius
1449 1716 1484 1752 in
1527 1715 1682 1754 flumine
1724 1716 1858 1754 bibere
1888 1720 2039 1768 posset.
2081 1716 2128 1755 cl'.

1254 1772 1350 1811 Met.
1382 1771 1409 1810 Ι.
1449 1786 1485 1823 p.
1525 1775 1560 1811 9.
1598 1770 1644 1810 ΙΙ.
1684 1787 1721 1824 p.
1755 1771 1923 1813 950X1.
1962 1787 1998 1825 p.
2033 1776 2126 1815 765.

1255 1829 1344 1867 val.
1388 1828 1517 1867 Flaec.
1550 1828 1597 1866 V.
1644 1832 1736 1869 393.
1788 1828 1873 1880 [De
1917 1828 2038 1869 forma
2080 1830 2128 1869 cl.

1255 1884 1390 1925 Eckst.
1416 1885 1465 1924 ad
1486 1884 1594 1922 Voss
1620 1886 1735 1924 Arist.
1764 1879 1935 1924 T'01n.11.
1961 1899 1999 1938 p.
2015 1886 2128 1939 867]

1314 1957 1446 1981 rorem
1490 1941 1576 1993 [ros
1602 1942 1651 1979 de
1683 1956 1799 1993 aquag
1838 1942 1884 1981 cs.
1916 1941 2071 1982 Lucret.
2099 1937 2128 1982 Ι.

1256 2003 1349 2041 497.
1375 1998 1517 2037 Petron
1546 1998 1627 2037 Sat.
1658 2003 1748 2052 131.
1774 1998 1946 2038 Broukh.
1972 2000 2022 2038 ad
2042 1998 2127 2039 Tib.

1256 2056 1299 2095 ll.
1339 2060 1403 2095 20.
1443 2060 1478 2096 2.
1515 2054 1671 2106 Forbig.
1709 2055 1760 2093 ad
1789 2054 1942 2094 Luci-et.
1968 2055 1996 2094 Ι.
2035 2061 2126 2097 771.

1255 2112 1308 2152 Ut
1339 2127 1473 2165 aquae
1501 2125 1646 2157 rorem,
1672 2112 1777 2163 Virg.
1806 2111 1948 2163 Georg.
1974 2111 2001 2151 Ι.
2034 2116 2129 2154 295.

1257 2170 1350 2208 ‹lixit
1376 2169 1580 2209 humorem
1604 2169 1722 2207 musti
1729 2183 1738 2206 ε
1766 2167 1938 2208 cfiBach
1962 2169 2013 2208 ad
2030 2168 2128 2208 Met.

1256 2226 1283 2265 1.
1315 2230 1409 2267 267.
1447 2224 1582 2264 Munk.
1622 2225 1672 2264 ad
1702 2224 1880 2275 Fulgent.
1912 2225 2128 2276 Myth.111.

1254 2298 1289 2335 p.
1336 2286 1427 2323 705.
1475 2282 1584 2320 Stav.
1623 2280 1725 2320 Cort.
1769 2281 1817 2320 ad
1861 2281 2009 2322 Lucan.
2041 2281 2126 2321 Vll.

1253 2339 1367 2392 837]

1311 2397 1363 2436 cle
1387 2410 1432 2435 eo
1458 2400 1632 2447 repente.
1677 2395 2016 2447 Derepentevult
2042 2393 2127 2434 Col-

1254 2455 1357 2492 vius.
1402 2452 1451 2490 de
1495 2465 1570 2502 quo
1613 2465 1697 2490 roc.
1741 2450 1843 2490 Oud.
1886 2465 1960 2491 sua
1995 2451 2127 2492 laudat

1251 2510 1299 2548 ad
1327 2510 1435 2548 Suet.
1463 2507 1546 2547 Tib.
1581 2509 1646 2550 23.
1677 2507 1764 2546 Liv.
1790 2506 1899 2546 XXI.
1931 2513 1998 2554 41,
2030 2509 2060 2560 §.
2087 2512 2124 2550 6.

1251 2566 1333 2619 [ubi
1357 2565 1477 2605 Drak.
1503 2578 1550 2603 se
1581 2578 1770 2616 nusquam
1801 2565 1999 2604 invenisse
2027 2564 2127 2604 hanc

1251 2624 1456 2662 dictionem
1493 2623 1528 2661 in
1564 2621 1651 2660 Liv.
1694 2621 1869 2669 adnotat3
1907 2621 1954 2660 cf.
1997 2621 2125 2661 Hand.

1252 2678 1481 2718 Tursell.ll.
1507 2693 1543 2730 p.
1559 2682 1651 2719 226.
1701 2677 1767 2717 De.
1791 2679 2027 2730 praepositio
2060 2692 2110 2730 po

1253 2738 1327 2775 sita
1351 2741 1392 2775 ut
1417 2737 1592 2775 deiicere
1616 2735 1668 2773 cle
1693 2734 1855 2774 hammo
1882 2735 1990 2773 Suet.
2011 2734 2125 2774 Caes.

1253 2808 1284 2832 c.
1300 2797 1337 2834 9.
1364 2793 1492 2831 Burm.
1519 2791 1569 2830 ad
1599 2790 1707 2830 Suet.
1747 2790 1891 2829 Domit.
1921 2794 1982 2832 1⁶0.
2010 2790 2124 2830 Ovid.

1250 2850 1382 2888 Amor.
1419 2847 1481 2887 111.
1525 2852 1561 2889 2.
1609 2852 1670 2888 14.
1713 2846 1839 2886 Hand.
1879 2845 2048 2888 Turseli.
2078 2846 2123 2887 ll.

1250 2921 1287 2959 p.
1318 2906 1427 2959 193]

1307 2977 1462 3016 parcus
1484 2962 1539 3014 [id
1554 2962 1657 3013 quod
1665 2975 1836 3014 paruum
1850 2960 1895 2999 cs.
1906 2960 2122 3001 LucanJV.

1255 3024 1347 3061 239.
1374 3018 1419 3058 ΙΙ.
1455 3023 1545 3060 128.
1578 3019 1631 3057 ita
1655 3017 1760 3070 apud
1792 3017 1967 3057 Graecos
2000 3016 2124 3070 ὀλίγος

1254 3081 1292 3114 et
1316 3075 1448 3127 μικρὸς
1473 3076 1692 3126 promiscue
1724 3073 1913 3123 dicuntur3
1946 3074 1994 3114 cf.
2021 3073 2121 3114 Cort.

1252 3133 1302 3171 ad
1326 3132 1473 3171 Lucan.
1500 3130 1542 3169 11.
1572 3130 1679 3182 128]
