2221 3667
337 130 418 171 746

599 129 644 167 1..
675 126 893 168 APULEH
923 126 1323 167 MADAURENSIS
1353 127 1893 171 METAMORPHOSEON

864 332 1299 380 CAPUT
1388 301 1619 381 XXXI.

449 441 525 483 llic
550 456 625 496 ego
650 456 711 483 mc
736 441 997 506 potissimum
1008 441 1145 506 capitis
1172 441 1434 497 periclitatum
1459 443 1633 484 memini.
1659 440 1763 484 Nam
1791 444 1944 498 quidam
1970 446 2131 487 colonus

337 513 406 554 pu
410 506 486 539 tem
510 499 755 550 venationis,
783 498 964 539 immanis
990 497 1098 539 cervi
1123 498 1421 553 pinguissimum
1445 501 1594 550 femus,
1621 500 1777 546 domino
1804 501 1860 541 illi
1884 516 1954 542 suo
1979 504 2129 546 muncii

336 556 521 608 1uiserat3
560 557 661 610 quod
696 555 895 596 incuriose
931 569 1030 608 pone
1061 556 1213 597 culinae
1245 557 1352 596 fores
1385 570 1463 596 non
1494 556 1699 597 altiuscule
1730 571 1983 611 suspensum,
2024 560 2133 599 canis

325 613 512 666 ν,ιιιίιιεῑιμιε
547 612 753 653 vacniticus
789 612 960 652 latenter
994 611 1218 663 immiserat
1256 613 1461 667 laetusque
1497 614 1641 667 praeda
1678 628 1843 668 propere
1869 615 2133 655 custodientes

332 669 473 709 oculos
504 676 703 710 evaserat.
753 667 842 721 Quo
874 668 1016 708 damno
1048 668 1206 721 cognito
1236 682 1386 733 suaque
1414 669 1656 724 reprehensa
1686 670 1951 724 neo-ligantia,
1986 685 2134 724 coquus

338 726 403 766 diu
439 726 675 766 lamentatus
712 723 886 765 lacrimis
922 724 1208 777 inefficacibus,
1248 725 1324 765 iam
1355 724 1512 779 iamque
1543 727 1699 766 domino
1725 740 1885 767 coenam
1910 727 2132 781 flagitante,

337 796 519 823 moerens
546 789 584 822 et
608 789 806 835 utcunque
829 788 1009 822 metuens
1041 781 1180 833 altius,
1214 782 1293 822 filio
1323 796 1395 822 suo
1426 782 1591 835 parvulo
1622 783 1869 824 consalutato
1898 791 2135 838 arreptoque

338 839 533 889 funiculo,
561 845 727 878 mortem
747 837 822 878 sibi
841 851 955 879 nexu
968 838 1098 892 laquei
1118 835 1385 892 comparabat.
1423 837 1511 880 Nec
1536 846 1666 880 tamen
1692 840 1805 880 latuit
1828 840 1943 881 lidani
1969 854 2136 881 uxorem

337 896 422 936 eius
452 908 568 935 casus
599 901 803 936 extremus
833 894 987 946 mariti,
1023 895 1091 935 sed
1122 896 1319 936 funestum
1351 895 1493 935 nodum
1519 895 1749 937 v‘iolcnter
1738 911 1807 937 mx
1810 897 1930 937 adens
1955 897 2137 937 manibus

338 952 546 992 ambabus.
585 950 773 1002 Adeone,
811 951 959 1005 inquit,
999 951 1198 1005 praesenti
1241 952 1343 992 malo
1386 952 1620 1006 perterritus
1656 959 1789 994 mente
1825 953 2009 994 excidisti
2043 955 2138 993 tua?

339 1022 411 1048 nc(
436 1008 641 1048 fortuitum
666 1007 770 1048 istud
795 1007 1033 1059 remedium,
1066 1009 1168 1063 qumi
1193 1008 1305 1049 deum
1338 1008 1584 1064 providentia
1615 1009 1910 1061 subministrat,
1945 1009 2138 1052 intueris?

250 1065 310 1097 501
337 1063 443 1105 ‘Nam
474 1064 511 1106 si
541 1064 667 1119 quid
656 1079 698 1105 ιιι
729 1064 866 1106 ultimo
889 1065 1076 1106 fortunae
1101 1061 1259 1107 turbine
1282 1065 1505 1131 resipiscis,
1533 1065 1764 1123 experlnite
1787 1067 1840 1108 mi
1865 1067 2065 1116 ιιιι5υιιΙῐι,ι
2098 1073 2139 1107 et

427 1181 564 1210 memim
574 1184 685 1211 exulat
699 1189 719 1211 a
730 1183 769 1212 D.
805 1180 1039 1211 venerationis
1051 1190 1108 1218 pro
1121 1182 1314 1211 renaezom's
1326 1184 1363 1212 L.
1401 1183 1499 1211 corvi
1509 1184 1545 1212 Ρ.
1559 1183 1707 1213 ridicule.
1734 1184 1852 1224 scmus
1864 1185 1901 1213 F.
1915 1185 1945 1212 2.
1960 1185 1990 1212 3.
2005 1185 2042 1213 G.
2057 1185 2071 1212 1
2081 1205 2088 1213 .
2101 1184 2138 1213 0.

329 1227 440 1268 senus
453 1230 489 1257 G.
504 1230 535 1257 2.
549 1229 585 1257 Ρ.
600 1229 638 1257 D.
662 1229 698 1256 In
713 1228 922 1268 cett.femur.
971 1227 1030 1255 illo
1050 1236 1109 1256 suo
1130 1231 1166 1258 G.
1181 1227 1212 1256 1.
1247 1227 1304 1255 ille
1316 1235 1376 1256 suo
1390 1230 1425 1258 0.
1469 1236 1554 1265 pene
1576 1231 1612 1258 G.
1628 1231 1659 1259 2.
1673 1231 1712 1259 D.
1760 1228 1866 1257 calme
1878 1231 1914 1258 G.
1928 1231 1960 1258 2.
1974 1230 2014 1258 D.
2027 1233 2139 1264 aperte

337 1274 496 1303 scribunt.
543 1272 702 1301 aleiscule
716 1275 752 1302 G.
770 1276 798 1303 1.
812 1275 847 1303 Ο.
873 1269 942 1301 a'lti
953 1273 1047 1302 scale
1060 1275 1096 1303 G.
1111 1276 1141 1303 2.
1155 1275 1195 1304 D.
1222 1273 1330 1302 alcius
1344 1273 1443 1302 calae
1456 1275 1493 1303 P.
1541 1281 1738 1311 suspensam
1757 1277 1793 1304 G.
1808 1277 1845 1304 ›1.
1892 1273 2042 1312 adeoque
2055 1276 2091 1303 G.
2108 1276 2137 1303 1.

338 1322 444 1356 alque
458 1321 493 1348 0.
508 1327 563 1355 pro
577 1317 743 1356 adaeque.
769 1319 810 1348 cf.
825 1320 866 1348 ad
880 1321 957 1348 Met.
970 1320 1026 1349 IV.
1040 1328 1071 1355 p.
1085 1321 1163 1349 251.
1211 1318 1383 1347 lacteneer
1395 1322 1432 1348 G.
1446 1321 1474 1349 1.
1523 1318 1732 1356 deprehensa
1745 1322 1780 1349 B.
1830 1327 1956 1357 coquus
1975 1328 2039 1348 non
2051 1327 2139 1349 com-

339 1368 431 1399 paret
446 1365 479 1393 in
495 1364 516 1393 f.
564 1362 688 1392 choen&
702 1366 738 1393 G.
754 1366 784 1394 1.
822 1362 1035 1402 flagitantes
1049 1362 1078 1394 δ.
1126 1364 1288 1402 ultraque
1301 1366 1355 1403 1...
1383 1365 1468 1393 unde
1486 1365 1643 1394 Brantius
1662 1367 1810 1395 emendat
1830 1365 1927 1393 ultra
1945 1373 2046 1403 qnam
2064 1372 2137 1399 per-

339 1417 436 1438 verso
457 1410 578 1438 iudicio
598 1413 628 1438 et
647 1413 760 1439 contra
776 1410 912 1445 Apuleii
931 1411 1072 1444 genium.
1097 1411 1191 1439 Alibi
1207 1418 1335 1448 pavens
1354 1413 1387 1438 et
1413 1413 1621 1448 utcunque
1645 1414 1840 1440 metuens.
1864 1411 1905 1440 cs.
1925 1413 1966 1440 ad
1986 1413 2062 1439 Met.
2081 1411 2138 1440 lv.

338 1463 371 1489 p.
394 1456 472 1484 259.
519 1455 633 1483 artius
656 1456 740 1484 Elm.
765 1456 876 1484 U‘ow.
903 1459 932 1484 et
957 1456 1042 1485 Prie.
1067 1456 1184 1485 citavit
1207 1456 1248 1485 ad
1274 1458 1350 1485 Met.
1374 1457 1412 1484 X.
1439 1464 1470 1490 p.
1495 1457 1570 1485 738.
1594 1458 1631 1485 In
1650 1460 1723 1485 cett.
1747 1455 1864 1486 altius.
1899 1454 2060 1485 Meemns
2085 1455 2139 1483 ul-

341 1500 428 1537 tius,
464 1500 511 1529 ita
540 1501 740 1535 distinguere
770 1501 840 1530 cod.
870 1501 1013 1529 Florent.
1040 1502 1069 1530 1.
1102 1504 1264 1529 testantur
1295 1505 1450 1536 excerpta
1480 1502 1521 1530 ad
1552 1509 1653 1535 marg.
1685 1503 1734 1530 cd.
1765 1502 1853 1531 Colv.
1900 1509 2069 1540 arrepque
2099 1502 2139 1530 D.

335 1544 462 1583 laqueo
488 1547 523 1574 G.
550 1546 581 1574 1.
606 1553 627 1574 a
650 1553 692 1575 m.
721 1554 750 1580 ρ.
785 1545 908 1583 inquot>
930 1546 1059 1575 vicent.
1083 1546 1164 1574 vitio
1190 1553 1369 1580 operarum.
1407 1544 1515 1581 fidem
1534 1543 1563 1575 ὃ.
1618 1545 1762 1574 νιἹειιιιΤ
1785 1548 1824 1576 l).
1872 1545 2020 1574 addcone
2045 1549 2082 1575 G.
2110 1548 2139 1575 1.

340 1591 401 1620 Yir
425 1592 538 1619 doctus
562 1593 622 1619 sub
648 1592 777 1620 nomine
801 1590 847 1620 M.
871 1592 912 1620 ad
937 1598 1038 1625 marg.
1064 1592 1113 1621 ed.
1137 1593 1221 1620 lunt.
1247 1593 1280 1620 2.
1309 1591 1504 1628 adscripsit,
1535 1591 1639 1620 videri
1672 1594 1730 1620 lios
1755 1592 1900 1621 alicuius
1924 1592 2039 1621 comici
2067 1600 2140 1621 ver-

341 1644 416 1665 sus:
453 1634 585 1663 Adeone
599 1636 781 1672 praesenti
803 1635 892 1664 mulo
917 1637 1111 1664 esterrims
1130 1634 1243 1664 Mente
1263 1635 1426 1664 arc-idisti
1445 1639 1517 1664 lua.
1553 1637 1678 1671 Quibus
1703 1639 1891 1674 respondet,
1915 1639 1999 1672 quod
2029 1638 2140 1666 statim

340 1681 435 1710 initio
449 1682 524 1710 libri
538 1690 605 1715 seq.
620 1682 673 1710 hic
687 1686 813 1711 noster:
838 1680 1116 1718 Praeeaepitame,
1142 1681 1263 1717 inquit.
1290 1680 1466 1709 consilium
1476 1680 1624 1718 periculi
1637 1682 1949 1718 tantipraesentiu.
1974 1683 2037 1711 Sed
2056 1684 2142 1711 male

341 1730 371 1755 ct
389 1727 525 1755 insulse.
567 1729 753 1763 praesente
767 1736 796 1761 p.
843 1725 879 1755 id
892 1729 1015 1754 temere
1028 1736 1083 1762 pro
1098 1724 1192 1754 istud
1203 1725 1382 1754 remedium
1395 1728 1431 1756 L.
1478 1725 1604 1755 danaim·
1619 1729 1689 1756 edd.
1703 1731 1780 1757 vett.
1802 1735 1905 1762 usque
1923 1729 1963 1757 ad
1979 1728 2140 1763 Colviam,

340 1774 427 1800 {inde
439 1773 597 1800 Pricaeus
610 1772 750 1800 coniecit
762 1773 865 1801 denuo
879 1770 1025 1801 divinae.
1072 1771 1243 1808 resipiscis
1256 1773 1292 1801 F.
1308 1774 1338 1801 3.
1354 1774 1390 1801 G.
1407 1774 1435 1802 1.
1448 1774 1486 1802 B.
1503 1774 1572 1802 edd.
1586 1777 1662 1801 vett.
1680 1774 1764 1802 Elm.
1784 1774 1926 1802 Seriver.
1951 1772 2141 1809 reseipz'sco's

341 1819 377 1845 0.
402 1817 557 1853 resipice's
577 1818 651 1846 Cod.
666 1818 722 1846 Al.
744 1820 824 1846 teste
839 1819 930 1847 Colv.
955 1817 1134 1854 recepistis
1149 1817 1169 1846 f.
1195 1817 1336 1854 respicis
1349 1818 1386 1847 F.
1402 1819 1430 1847 1.
1446 1820 1481 1847 G.
1497 1820 1527 1847 2.
1542 1819 1578 1847 Ρ.
1592 1819 1631 1847 D.
1643 1820 1681 1848 R.
1698 1820 1788 1848 Coiv.
1802 1819 1897 1847 Vuic.
1913 1821 2013 1847 Merc.
2026 1819 2139 1847 u'ow.

339 1862 460 1891 florid.
509 1861 556 1889 mz’
566 1861 738 1891 ausculta.
761 1864 799 1892 In
814 1863 964 1892 omnibus
983 1863 1097 1892 inveni
1116 1864 1204 1893 codd.
1225 1866 1255 1892 et
1275 1864 1363 1900 edd.‚
1389 1871 1449 1892 nec
1462 1865 1542 1893 Oud.
1557 1864 1589 1892 in
1603 1864 1811 1892 adnotatione
1823 1871 1885 1892 sua
1899 1864 2142 1898 discrepantiae

338 1907 492 1936 lectionis
510 1908 586 1941 quid
611 1909 736 1944 attulit,
763 1911 795 1937 ut
814 1910 867 1937 vel
888 1908 1019 1943 ingenio
1038 1908 1225 1947 Rtlliilkellii
1245 1910 1298 1937 vel
1312 1916 1419 1937 errore
1437 1911 1676 1943 typothetarum
1691 1909 1884 1944 scripturam
1898 1912 2054 1938 mutatam
2068 1917 2142 1937 esso:

338 1950 472 1992 insufla*
483 1954 752 1984 existimaverim.
762 1954 862 1983 Vulc.
875 1956 907 1982 2.
923 1954 1017 1992 edit.,
1042 1961 1139 1989 quam
1151 1953 1290 1988 pressim
1304 1953 1372 1983 fere
1385 1954 1506 1989 ubique
1518 1955 1651 1984 Ruhnk.
1665 1949 1800 1983 Secutus
1813 1957 1874 1992 est,
1888 1955 1965 1983 item
1977 1953 2024 1982 mi
2033 1956 2142 1984 habet.

397 2051 487 2090 CAr.
511 2050 661 2091 XXXI.
705 2054 852 2103 femus.
894 2052 955 2091 Ex
981 2053 1209 2105 optimorum

340 2108 525 2147 librorum
551 2122 748 2148 consensu
772 2113 938 2161 utroque
971 2109 1057 2149 loco
1078 2111 1212 2161 femus

341 2179 430 2204 cum
454 2163 556 2203 Oud.
590 2165 711 2212 edidi,
743 2167 884 2205 citante
915 2166 1050 2206 Gloss.
1078 2164 1210 2218 Cyrill.

341 2236 380 2274 p.
407 2225 501 2262 541.
531 2221 649 2275 μηρὸς
676 2225 809 2275 femus
840 2227 879 2262 et
908 2236 945 2274 p.
978 2227 1072 2264 537.
1102 2237 1211 2275 μεσο-

341 2276 473 2330 μηρίον
485 2279 720 2331 interfemus
734 2279 837 2329 quod
851 2279 986 2318 Munk.
1002 2280 1051 2319 ad
1065 2279 1209 2319 Anton.

343 2336 473 2374 Liber.
499 2333 604 2373 XLI.
630 2348 667 2386 p.
692 2339 786 2376 332.
816 2336 921 2375 male
952 2337 1115 2389 corrigit.
1165 2336 1215 2376 cs.

342 2390 518 2432 Miscell.
541 2390 709 2431 observ.
735 2391 827 2432 Vol.
850 2392 896 2432 ΙΙ.
922 2392 967 2432 Τ.
982 2393 1043 2431 111.
1069 2407 1105 2445 p.
1120 2396 1214 2434 395.

400 2453 576 2489 metuens
606 2449 741 2488 allius.
792 2448 867 2495 Qui
897 2449 1002 2488 male
1032 2450 1214 2488 distinxe-

344 2508 430 2543 nmt
453 2505 703 2556 interpretes.
728 2505 852 2545 altius
877 2511 1096 2558 corruptum
1120 2520 1214 2545 esse

342 2565 542 2613 putarunt,
562 2563 691 2601 artius
705 2562 962 2601 emendantes
988 2563 1035 2602 cf.
1049 2562 1147 2603 Met.
1160 2562 1212 2602 X.

343 2632 381 2670 p.
409 2621 500 2661 699.
529 2618 769 2657 Creberrinie
793 2620 894 2658 enim
924 2621 977 2658 ita
999 2633 1078 2658 vox
1102 2625 1216 2660 artus

344 2678 409 2712 est
433 2674 655 2726 depravata.
681 2675 728 2714 cf.
756 2674 970 2715 Comment.
993 2676 1045 2715 ad
1067 2676 1214 2716 Lucan.

343 2729 409 2771 ΙΙΙ.
437 2735 531 2772 664.
562 2730 630 2770 lX.
659 2736 750 2773 111.
797 2731 899 2772 Plin.
930 2731 1059 2784 Epist.
1083 2732 1151 2773 Vl.
1177 2737 1213 2774 8.

345 2787 431 2826 Sed
465 2788 606 2839 iungas
635 2788 751 2827 modo
787 2794 962 2830 metuens
997 2790 1138 2836 altius,
1175 2794 1216 2828 ut

344 2850 451 2882 recte
473 2844 514 2882 fit
537 2846 571 2882 in
598 2845 686 2884 edd.
705 2845 838 2896 primis
858 2850 897 2884 et
916 2845 1107 2885 nonnullis
1127 2845 1214 2884 aliis

345 2900 370 2939 i.
383 2913 417 2938 e.
432 2900 720 2946 vehementius,
746 2902 793 2941 cf.
807 2902 858 2940 ad
871 2902 966 2941 Met.
981 2902 1051 2942 IV.
1064 2916 1100 2954 p.
1116 2906 1216 2951 2903

345 2958 508 3008 saepius
517 2956 671 2998 Plin.V.
688 2962 751 2999 15.
767 2958 929 2997 Frustra
941 2963 1071 2997 autem
1084 2973 1108 2998 a
1119 2959 1215 2998 Wo-

347 3014 462 3051 werio
487 3014 694 3057 divinatum
719 3028 814 3054 esse
839 3017 1076 3055 consaviato
1101 3017 1215 3055 docet

348 3082 421 3107 ιιο5
445 3068 649 3116 Pricaeus,
680 3071 743 3122 qui
775 3075 903 3110 tamen
928 3073 1015 3123 ipse
1047 3087 1071 3111 a
1100 3074 1215 3112 nimia

349 3126 515 3164 novandi
535 3128 661 3179 prurio
657 3129 726 3166 ine
745 3142 819 3168 non
839 3133 900 3168 est
912 3128 1078 3174 alienus,
1098 3143 1214 3182 quum

1268 2052 1321 2090 ad
1344 2052 1442 2092 Met.
1468 2052 1537 2093 IX.
1562 2067 1599 2104 p.
1627 2057 1719 2094 626.
1747 2053 1841 2092 eitra
1863 2052 1982 2091 ullam
2007 2067 2142 2092 neces-

1268 2109 1423 2149 sitatem
1436 2114 1560 2148 tentet
1574 2110 1767 2148 inculcare
1781 2111 1834 2149 de
1847 2124 1957 2149 nexu
1971 2110 2118 2163 laquei.

1312 2172 1441 2206 mente
1454 2168 1659 2206 excidisti.
1693 2167 1700 2218 Ι
1713 2165 1828 2204 Plura
1842 2167 2024 2218 exempla
2037 2167 2143 2205 dabit

1268 2222 1413 2262 Deder.
1425 2223 1474 2261 ad
1483 2223 1583 2263 Diet.
1595 2223 1694 2262 Cret.
1704 2222 1730 2262 Ι.
1740 2228 1777 2263 4.
1787 2223 1921 2261 Gloss.
1930 2228 2053 2275 p.24.4
2062 2223 2140 2275 Sq.]

1325 2281 1546 2332 resipiscis.
1581 2280 1724 2319 Mirum
1739 2283 1813 2325 est,
1829 2280 2023 2330 quomodo
2039 2280 2143 2319 Oud.

1272 2336 1373 2375 hanc
1398 2339 1582 2388 optimam
1603 2336 1806 2374 lectionem
1821 2341 2060 2389 postponere
2074 2350 2141 2388 po-

1272 2391 1388 2432 tnerit
1423 2393 1654 2444 glossemati
1686 2393 1921 2431 librariorum
1957 2394 2141 2445 respicis,

1273 2450 1419 2502 quippe
1461 2463 1630 2501 negans,
1671 2450 1779 2487 verbi
1821 2449 2139 2502 significationem

1267 2507 1347 2545 'huc
1372 2507 1597 2552 convenire,
1622 2520 1707 2545 cum
1730 2507 1781 2544 sit
1806 2508 2047 2546 aberrantem
2066 2507 2142 2544 ani-

1271 2576 1373 2602 ιιιιιιιι
1388 2564 1449 2601 vel
1465 2563 1718 2602 dormientem
1730 2576 1926 2603 revocare.
1953 2563 2144 2614 Respicis

1274 2634 1366 2658 vero
1386 2620 1575 2672 explicat:
1599 2620 1632 2658 si
1654 2633 1765 2658 curas
1785 2619 1875 2671 quid
1896 2624 1936 2658 et
1953 2620 2140 2659 rationein

1271 2677 1399 2716 habes
1430 2677 1466 2715 in
1497 2676 1633 2716 ultimo
1665 2675 1842 2715 fortunae
1872 2677 2021 2715 turbine
2052 2676 2141 2715 coll.

1272 2732 1443 2773 Phaedr.
1468 2732 1514 2772 ΙΙ.
1540 2737 1601 2774 10.
1622 2736 1687 2773 23.
1713 2732 1836 2772 Nihil
1856 2733 2141 2785 respiciens,

1273 2791 1370 2830 dum
1400 2791 1583 2830 dolorem
1614 2789 1802 2830 vindicet.
1859 2786 2143 2841 [Vehementer

1272 2847 1422 2886 erravit.
1472 2846 1734 2885 Emendarunt
1748 2847 1846 2884 enim
1864 2845 2003 2885 librarii
2018 2847 2141 2897 respi-

1275 2904 1342 2950 cis,
1369 2904 1432 2954 qui
1448 2917 1523 2942 non
1537 2902 1754 2955 capiebant,
1779 2902 1881 2940 unde
1896 2903 2142 2941 accusativus

1273 2959 1481 3011 penderet,
1519 2973 1592 2998 non
1631 2958 1945 3004 considerantes,
1979 2959 2141 3010 saepius

1274 3017 1326 3055 ita
1350 3017 1479 3055 verbis
1505 3016 1650 3055 neutris
1675 3018 1849 3053 neutrum
1873 3016 2140 3066 pronominum

1272 3073 1378 3118 addi,
1402 3077 1443 3112 ut
1467 3073 1562 3112 ratio
1589 3071 1780 3123 quaedam
1804 3071 2001 3111 indicetur.
2027 3072 2139 3111 Resi-

1268 3131 1430 3181 piscere
1442 3143 1532 3169 vero
1547 3133 1606 3167 est
1622 3128 1671 3168 ad
1685 3128 1825 3167 bonam
1841 3128 1989 3180 frugem
2004 3127 2140 3167 redire.
