2221 3667
293 176 375 219 382

294 288 523 340 succubam,
556 291 631 332 mei
663 293 829 334 nominis
861 294 1051 334 aemulam
1081 306 1174 333 vere
1206 292 1340 346 diligit..

526 178 575 218 L.
603 180 822 221 APULEH
851 180 1247 221 MADACRENSIS
1277 180 1818 222 METAMORPHOSEON

1392 291 1588 334 Nimirum
1621 294 1761 351 istud¹
1793 295 2073 335 incrementum

205 354 270 387 374
294 344 420 385 lenam
447 359 507 386 me
531 349 701 401 putatit,
730 351 838 390 cuius
864 356 1082 389 monstratu
1107 349 1270 402 puellam
1275 325 1400 389 offlam
1427 358 1698 404 cognosceret.

292 459 423 492 tlludF.
438 464 467 492 1.
481 465 517 492 G.
532 465 702 494 2.1unl.2.
717 468 764 495 ed.
780 475 824 500 pr.
839 466 964 494 Viccnt.
1000 463 1036 491 id
1048 467 1083 493 G.
1100 467 1127 494 1.
1142 473 1161 494 a
1176 473 1215 494 m.
1230 474 1259 500 p.
1296 465 1380 494 illud
1391 469 1487 501 plane
1500 470 1591 496 abest
1611 476 1630 497 a
1644 470 1680 497 Π.
1696 468 1716 496 f.
1741 470 1777 496 ln
1791 471 1861 497 ceu.
1876 472 1961 497 extat
1975 466 2076 497 istud.

292 507 524 535 retrimentum
536 511 685 539 nonnulli
700 511 772 539 libri
787 513 900 538 liabent
917 513 997 537 leste
1010 512 1155 539 NVower.
1180 510 1216 538 ni
1227 513 1258 538 et
1274 519 1394 538 aarum
1408 511 1492 539 illud
1502 513 1742 540 incrementum
1762 522 1779 541 e
1798 514 1865 541 cod.
1880 515 1914 541 B.
1933 513 2075 542 enotavit

291 552 371 580 Oud.
385 554 421 581 ln
431 556 502 582 coll.
513 555 613 583 modii
628 556 744 589 legitur
757 555 793 581 ιιι·
803 558 835 581 et
849 553 967 581 mirum
978 554 1168 593 veljnurum,
1183 558 1265 590 quod
1279 560 1388 590 aperte
1400 559 1552 593 cognosci
1565 566 1627 586 non
1642 561 1754 593 potest.
1779 556 1856 585 Iena
1869 559 2077 588 meVenet.2.

285 599 389 633 putat
405 599 453 626 ed.
467 599 607 628 Scriver.
653 602 821 627 moso-atu
836 601 871 628 G.
887 601 915 628 1.
929 600 967 627 D.

291 683 329 721 id
355 684 524 736 recipere
552 700 623 723 non
650 686 872 723 dubitarem.
922 685 1036 724 Nunc
1060 701 1150 725 vero

291 744 402 791 puto,
429 741 603 779 librarios
629 741 841 779 offendisse
866 743 900 780 in
933 743 1062 781 verbis
1094 745 1156 783 vel

291 799 482 841 maxime,
509 810 606 847 quae
624 801 664 834 ut
677 797 935 849 explicarent,
956 813 1035 851 per
1060 814 1155 839 mar-

293 854 368 903 gini
405 855 523 891 instar
559 858 839 904 apposuerunt,
878 856 980 893 unde
1009 860 1155 894 textum

293 910 505 961 occupavit.
556 908 663 947 Unus
695 911 812 955 enim,
850 912 913 962 qui
938 912 1064 951 afferri
1090 926 1157 964 po-

291 969 369 1003 test
394 964 525 1003 Caton.
557 965 606 1002 de
630 965 678 1003 R.
703 966 751 1004 R..
777 967 886 1005 locus
912 982 945 1007 e.
969 972 1033 1009 38.
1060 969 1089 1019 ᾧ.
1116 974 1153 1009 4.

291 1022 398 1059 Inibi
411 1026 589 1060 anstrum
606 1028 744 1061 caveto
765 1027 1034 1074 permaxz'm
1046 1040 1077 1070 e,
1104 1026 1154 1064 ad

290 1077 514 1127 scripturam
536 1080 612 1115 tam
632 1079 799 1117 incertus
819 1083 896 1125 est,
932 1085 974 1118 ut
998 1081 1047 1119 ad
1067 1095 1154 1120 eum

289 1146 501 1184 provocare
526 1134 636 1172 nobis
668 1148 744 1174 non
776 1136 900 1174 liceat.
948 1136 1001 1176 lbi
1039 1138 1153 1176 velim

289 1189 475 1227 emendes
500 1191 562 1229 vel
583 1193 765 1231 maxime.
815 1193 897 1231 Sed
927 1207 947 1231 a
979 1195 1154 1244 partibus

289 1259 420 1283 eorum
433 1249 535 1285 stare
550 1260 700 1313 nequeo
711 1279 720 1293 ‚
746 1250 808 1299 qui
818 1263 896 1300 per
908 1251 1154 1301 superlativis

289 1301 458 1341 additum
499 1305 648 1342 omnino
680 1305 866 1350 reiiciunt,
904 1320 1020 1356 quum
1046 1322 1154 1359 prae

288 1359 449 1409 saepius
475 1359 610 1398 1tadici
626 1374 755 1411 nefrat
770 1367 947 1413 nequeat
994 1363 1153 1415 ltaipse

287 1414 480 1466 Apuleius
496 1416 588 1454 dixit
601 1416 695 1455 Met
712 1417 810 1456 Vlll.
828 1433 862 1469 p.
874 1423 963 1459 .›65.
981 1421 1151 1471 inprae-

289 1472 520 1511 altissimam
528 1478 712 1524 pateam,
739 1486 969 1525 quamquam
984 1475 1044 1513 hic
1059 1491 1151 1527 quo-

289 1540 364 1577 que
388 1528 497 1566 codd.
524 1543 759 1580 magnopere
784 1534 930 1569 variant
953 1531 1000 1570 cf.
1016 1532 1081 1571 Dr.
1102 1533 1150 1571 ad

287 1583 371 1622 Liv.
388 1583 475 1622 Xl..
500 1589 562 1625 21.
589 1585 670 1635 ῥ..4
696 1586 847 1625 Etenim
874 1588 976 1639 apud
1003 1588 1148 1626 Colum.

287 1639 351 1678 lll.
378 1644 442 1681 20.
468 1642 497 1692 ἕ.
525 1647 559 1683 6.
586 1643 671 1680 sine
696 1643 790 1690 ulla,
818 1648 998 1695 quantum
1025 1646 1149 1691 video,

289 1697 465 1735 librorum
504 1698 762 1750 discrepantia
811 1701 962 1750 legitur:
1012 1702 1150 1740 adhue

284 1767 408 1805 perp
419 1756 693 1794 trucissimis
719 1757 918 1808 ayre'eolc's
933 1759 1150 1809 contiyerit

289 1813 326 1847 et
350 1810 452 1860 apud
472 1811 584 1849 Auct.
611 1812 660 1850 ad
685 1812 850 1851 Herenn.
867 1812 930 1851 lv.
947 1817 1012 1853 32.
1038 1814 1067 1864 ξ.
1083 1814 1148 1854 44.

282 1869 471 1918 perfecte
485 1872 522 1905 et
537 1882 663 1919 perp
674 1882 696 1906 0
706 1869 899 1908 litissim
907 1883 936 1908 e.
969 1869 1019 1907 Et
1033 1883 1149 1920 quum

280 1935 494 1975 perquam,
520 1925 638 1963 valde
651 1925 895 1975 superlativis
910 1926 999 1964 addi
1021 1926 1147 1971 liceat,

286 1992 359 2016 non
388 1979 516 2025 video,
543 1994 607 2019 cur
631 1981 732 2019 idem
759 1983 792 2019 in
816 1996 894 2033 per
914 1982 1054 2021 eadere
1074 1997 1146 2021 uon

286 2037 421 2086 possit.
439 2036 485 2074 cl.
496 2037 613 2076 voss.
623 2038 831 2076 Aristar-‚ch
848 2038 891 2076 ’1.
901 2038 964 2077 111.
978 2052 1016 2090 p.
1029 2043 1145 2080 1090.

285 2096 324 2129 et
354 2096 468 2133 1091.
496 2092 629 2132 Eckst.
656 2094 718 2132 De
733 2095 993 2146 zelpaiticul‘l
1013 2110 1147 2147 super-

285 2146 412 2186 lativis
437 2149 484 2186 ·ιι1
511 2151 583 2188 vim
609 2152 825 2201 augendam
851 2152 981 2190 addita
1006 2153 1052 2191 cs.
1079 2153 1145 2191 Di.

284 2204 332 2242 ad
358 2204 442 2244 Liv.
466 2203 657 2245 Xxxxl.
686 2212 747 2247 41.
785 2208 814 2258 ὃ.
841 2213 878 2248 2.
915 2208 1024 2247 Lact.
1056 2209 1081 2248 1.

285 2260 315 2310 ᾧ.
343 2265 406 2302 26.
435 2262 623 2302 Annaeus
648 2264 820 2310 Seneca.
848 2268 983 2317 quiex
998 2267 1145 2306 Roma-

283 2319 346 2357 πίε
370 2318 444 2357 vel
466 2321 684 2360 (acerrimus
700 2322 966 2373 Stoieusfm't.
995 2322 1058 2360 Vl.
1080 2327 1145 2363 20.

284 2373 317 2423 ᾧ.
346 2378 406 2414 18.
446 2374 507 2413 ΙΙΙ.
535 2380 599 2416 21.
631 2377 661 2427 ξ.
691 2382 752 2417 12.
791 2382 854 2418 22.
887 2380 916 2427 ᾖ.
947 2383 979 2418 1.
1029 2378 1146 2425 Quod

282 2435 408 2469 tamen
446 2431 564 2470 Kritz.
602 2433 649 2471 ad
689 2434 783 2472 sall.
822 2433 898 2485 lug.
925 2434 1009 2473 Vll.
1047 2438 1076 2485 §-
1110 2441 1144 2476 7.

281 2489 458 2539 proponit
482 2489 703 2531 discrimen.
729 2492 853 2530 mullo
875 2505 920 2528 ac
940 2492 1064 2544 lon-qe
1081 2507 1145 2531 su-

282 2544 479 2595 perlativis
506 2546 686 2596 apposita
709 2547 935 2597 significare,
961 2555 1144 2598 quantum

281 2600 336 2648 id,
363 2601 465 2652 quod
490 2616 681 2641 summum
707 2604 774 2649 sit,
800 2618 823 2642 a
840 2605 998 2654 reliquis
1013 2606 1142 2651 rebus,

283 2671 304 2694 e
330 2658 467 2708 quibus
494 2660 659 2697 eminere
673 2659 834 2703 dicatur,
861 2661 996 2707 distet,
1025 2677 1145 2714 quam

280 2726 371 2751 vero
397 2719 435 2752 et
458 2716 521 2754 vel
543 2716 772 2755 eminentiae
793 2718 986 2756 notionem
1007 2733 1075 2770 per
1098 2733 1145 2756 se

281 2784 354 2809 non
381 2785 541 2822 augere,
571 2773 643 2811 sed
674 2773 722 2811 ad
755 2775 940 2824 cuiusque
966 2775 1143 2813 iudicium

281 2831 320 2865 et
340 2829 556 2878 opinionem
577 2829 735 2875 referre,
761 2831 871 2869 nimis
892 2831 981 2869 mihi
996 2832 1145 2870 videtur

280 2896 372 2922 esse
397 2886 671 2939 temerarium]

336 2998 629 3039 incrementum.
658 2999 877 3051 Suspectus
903 3014 1017 3052 quum
1033 3006 1143 3041 esset

279 3052 388 3091 locus
402 3054 554 3094 Roaldo
570 3061 607 3094 et
621 3056 920 3102 Elmenhorstio,
934 3059 1035 3109 prior
1051 3058 1143 3109 legit

278 3117 588 3157 excrementum,
615 3126 690 3163 quo
717 3116 869 3152 nomine
894 3114 1140 3166 appellasset

277 3165 313 3202 Χ
318 3178 413 3205 enus
429 3165 651 3218 Cupidinem
669 3183 781 3209 suum
801 3184 895 3221 prae
914 3173 968 3210 ira
987 3175 1026 3209 et
1045 3172 1137 3209 indi-

1212 688 1510 739 gnatione‚Elm.
1520 703 1634 740 quem
1644 690 1855 729 Scriverius
1871 693 1923 729 ita
1935 703 2076 741 sequu-
2217 699 2221 738 l

1211 749 1274 783 tus
1290 750 1361 791 est.
1376 747 1462 793 utin
1478 750 1622 784 textum
1636 748 1835 798 reciperet,
1861 748 2022 786 coniecit
2034 748 2076 785 ni

1214 806 1252 840 et
1264 816 1425 840 aureum
1441 803 1548 842 illac]
1564 804 1856 842 incrementum.
1873 804 1953 842 Sed
1969 817 2076 854 prae·
2219 835 2221 849 ,

1214 862 1387 908 terquam
1404 859 1507 908 quod
1528 873 1602 896 vox
1623 860 1738 898 aurei
1763 873 1837 897 non
1863 861 2075 902 conveniat,

1216 918 1350 965 utpote
1376 915 1447 952 nisi
1479 916 1603 953 laudis
1635 929 1726 965 ergo
1751 917 1924 966 usurpari
1948 917 2077 960 solita,

1212 984 1285 1008 non
1313 970 1510 1009 dubitabat
1535 972 1584 1009 de
1603 985 1661 1016 re,
1687 985 1801 1022 quam
1822 972 1912 1010 dicit
1926 972 2078 1017 Venus,

1211 1027 1284 1065 sed
1305 1031 1409 1065 certo
1431 1028 1542 1077 quasi
1557 1029 1630 1065 sibi
1653 1028 1932 1078 persuadebat,
1958 1043 1982 1067 a
1999 1028 2076 1066 filio

1211 1096 1258 1121 se
1288 1083 1414 1122 lenam
1444 1085 1666 1122 existimari.
1718 1082 1887 1122 Primum
1917 1086 2077 1136 saepius

1211 1141 1397 1179 nimirum
1421 1141 1604 1178 adverbio
1629 1140 1840 1191 Apuleius,
1871 1145 1911 1179 ut
1933 1141 2077 1192 ⁴reliqui

1212 1197 1442 1247 scriptores.
1474 1198 1508 1235 in
1536 1197 1859 1245 indignationibus
1884 1197 1945 1235 vel
1972 1197 2078 1249 gravi

1214 1252 1357 1290 affectu
1381 1254 1510 1297 utitur,
1537 1254 1584 1292 cl'.
1609 1253 1707 1292 Met.
1732 1253 1797 1291 [V.
1824 1267 1859 1304 p.
1882 1257 1973 1295 292.
2000 1253 2077 1292 Ni-

1212 1310 1377 1348 mirum
1403 1314 1517 1348 tanto
1548 1310 1792 1362 compendio
1824 1311 2079 1362 defraudare

1212 1366 1369 1404 invenes
1392 1380 1497 1405 meos
1523 1367 1726 1405 destinas?
1750 1366 1885 1404 Yenus
1906 1368 1992 1418 ipsa
2013 1380 2078 1404 eo-

1212 1421 1298 1459 dem
1326 1422 1421 1460 libro
1448 1436 1482 1473 p.
1499 1426 1590 1463 303.
1618 1423 1850 1462 Nimirum
1875 1423 2077 1463 communi

1210 1480 1380 1517 numinis
1395 1480 1602 1531 piamento
1625 1480 1800 1518 vicariae
1814 1480 2077 1518 venerationis

1210 1536 1405 1573 incertam.
1430 1536 1640 1574 sustinebo.
1668 1534 1734 1573 Xl.
1761 1537 1903 1587 pall..
1931 1536 2075 1574 Nimi-

1210 1605 1263 1630 ru
1274 1606 1307 1628 m
1334 1605 1556 1642 perperam
1589 1591 1649 1630 rel
1675 1593 1805 1631 minas
1830 1592 1954 1642 plene
1985 1606 2076 1631 eon-

1209 1647 1420 1685 suluerwnt
1432 1649 1471 1685 in
1488 1661 1544 1686 me
1558 1648 1750 1686 sacerdos
1764 1653 1940 1700 uterque.
1962 1647 2013 1700 [T
2017 1662 2036 1685 a
2043 1661 2074 1686 c.

1209 1703 1309 1740 Ann.
1337 1707 1402 1743 82.
1432 1704 1531 1742 Idea
1563 1705 1705 1742 nimir
1714 1719 1784 1743 um
1808 1705 1851 1742 in
1876 1709 2075 1744 eaetremas

1210 1764 1338 1798 terras
1351 1760 1586 1812 releqatam.
1615 1760 1677 1798 Π.
1695 1764 1729 1800 2.
1752 1761 1989 1800 crediderat
2010 1762 2074 1800 ιιί-

1208 1817 1372 1854 mt‘rum
1395 1816 1493 1854 Hist.
1511 1816 1536 1854 1.
1552 1820 1615 1857 33.
1643 1816 1704 1855 Ill.
1726 1821 1785 1857 12.
1806 1815 1960 1855 Terent.
1976 1816 2074 1856 Eun.

1208 1870 1251 1909 11.
1273 1875 1337 1911 37.
1364 1874 1583 1912 nimirum
1609 1873 1687 1913 Ιιιιε
1707 1873 1884 1912 homines
1898 1875 2072 1926 friqeat.

1208 1927 1440 1980 ct'.Rupe1·t.
1472 1929 1521 1967 ad
1554 1929 1684 1968 luven.
1716 1929 1760 1968 11.
1792 1934 1881 1970 104.
1929 1930 2072 1970 Heind.

1207 1984 1256 2023 ad
1281 1984 1416 2024 Horat.
1443 1986 1527 2024 Sat.
1552 1984 1596 2024 ll.
1624 1990 1666 2026 2..
1696 1990 1784 2027 106.
1832 1986 1932 2024 Dein
1969 1986 2072 2025 male

1207 2054 1361 2092 quoque
1386 2042 1598 2093 Sopingius
1630 2043 1812 2081 divinavit
1843 2057 2071 2082 excremen-

1208 2102 1300 2136 tum.
1347 2097 1449 2136 Nam
1475 2100 1765 2143 retrimentu‘nz,
1792 2099 1896 2151 quod
1922 2101 1956 2137 in
1982 2113 2071 2138 non-

1207 2154 1320 2192 nullis
1347 2155 1452 2193 libris
1478 2169 1571 2193 esse
1596 2156 1725 2194 scribit
1739 2156 1974 2200 Wowerius‚
2000 2169 2073 2194 nec

1205 2209 1306 2248 Oud.
1321 2225 1391 2249 nec
1406 2225 1479 2263 ego
1492 2225 1657 2262 usquam
1671 2214 1895 2263 reperimus.
1919 2212 2073 2251 Deinde

1204 2268 1337 2305 mirum
1365 2272 1438 2314 est,
1465 2269 1658 2319 quomodo
1683 2269 1879 2320 plebeium
1904 2269 2007 2308 istud
2033 2272 2072 2307 ct

1206 2324 1372 2362 aedilem
1388 2326 1497 2374 quasi
1518 2329 1696 2364 metuens
1710 2326 1938 2364 vocabulum
1958 2326 2070 2364 inter-

1204 2384 1335 2431 pretes
1361 2383 1552 2433 potuerint
1575 2394 1721 2434 ponere
1741 2383 1788 2421 ab
1807 2381 1977 2433 Apuleio
1991 2382 2069 2420 Ve-

1204 2439 1305 2475 neris
1321 2439 1478 2476 orationi
1493 2452 1585 2478 esse
1601 2441 1781 2478 insertum
1792 2469 1802 2484 ,
1823 2452 1924 2489 quae
1939 2451 2069 2489 quam-

1203 2508 1317 2544 quam
1355 2496 1559 2534 iratissima
1595 2502 1676 2542 est,
1718 2495 1766 2533 ad
1802 2496 1903 2534 tales
1939 2500 2067 2534 tamen

1203 2551 1493 2589 obscoenitates
1530 2551 1649 2603 abripi
1681 2566 1753 2591 non
1779 2550 1933 2604 potuit]
1982 2551 2070 2590 Nec

1202 2608 1409 2658 quidquam
1441 2612 1503 2647 est
1532 2609 1764 2647 mutandum.
1813 2607 1981 2659 Egregie
2013 2610 2067 2647 in.-

1203 2669 1441 2704 eremenlum
1489 2665 1641 2703 Graece
1689 2668 1816 2704 vertas
1862 2669 1975 2704 τοῦτο
2021 2662 2064 2703 τὸ

1202 2724 1375 2773 θρέμμα,
1407 2728 1448 2759 ut
1478 2721 1644 2761 Turneb.
1670 2722 1833 2760 Advers.
1864 2719 1972 2759 XVI.
2003 2724 2062 2761 13.

1203 2790 1252 2815 ex
1278 2778 1382 2828 Virg.
1410 2777 1493 2816 Ecl.
1519 2778 1584 2817 IV.
1612 2782 1674 2819 49.
1701 2778 1831 2823 docet,
1861 2777 1926 2815 ubi
1952 2777 2063 2815 Salo-

1203 2834 1314 2872 ninus
1329 2834 1463 2872 dicitur
1476 2849 1665 2887 maynmn
1677 2835 1783 2874 Iovis
1806 2835 1853 2872 in
1864 2847 2062 2873 cremea-

1204 2896 1308 2929 tum.
1335 2890 1449 2929 Ovid.
1464 2891 1559 2930 Met.
1576 2890 1637 2930 Ill.
1657 2894 1744 2931 103.
1762 2891 1900 2930 dentes
1910 2890 2063 2941 populi

1203 2948 1492 2986 incrementa
1508 2949 1644 3000 saturi
1660 2947 1725 2999 [es.
1742 2947 1844 2997 Virg.
1861 2946 1954 2985 Ciris
1969 2950 2062 2987 397.

1202 3018 1302 3043 cara
1327 3004 1432 3043 loz-is
1455 3005 1628 3051 soboles,
1653 3017 1843 3055 maynmn
1869 3002 1975 3042 Iovis
1998 3004 2062 3042 ia-

1201 3065 1495 3099 crementum.
1512 3059 1681 3111 Inscript.
1695 3059 1799 3110 apud
1812 3058 1950 3097 Murat.
1966 3063 2061 3105 981,

1199 3120 1236 3156 9.
1265 3118 1305 3155 C.
1327 3117 1511 3156 Valerius
1611 3118 1952 3155 incrementum
1980 3130 2059 3155 ma-

1195 3174 1347 3214 ximam
1372 3172 1604 3224 annorum]
