2155 3590
560 128 748 168 LIBER
779 128 902 171 vm.

113 241 388 296 comprimere,
427 241 526 282 alius
565 241 738 282 fasciolis
769 241 924 283 hiantes
954 241 1106 284 vincire
1137 240 1288 296 plagas.

111 312 205 339 suae
230 297 392 352 quisque
419 298 662 339 consulebat.

960 128 1087 169 CAP.
1111 127 1274 168 XVIII.
1305 125 1427 166 XIX.

1827 122 1908 165 705

1351 239 1414 281 Ad
1445 237 1562 279 istum
1602 236 1756 276 modum
1789 235 1907 276 saluti

646 517 1088 565 CAPUT
1198 516 1358 564 XIX.

215 648 374 690 Interea
405 649 559 703 quidam
591 664 718 691 senex
750 651 796 691 de
827 665 978 691 summo
1010 651 1108 690 colle
1134 655 1383 705 prospectat,
1417 661 1532 702 quem
1557 647 1705 687 circum
1731 645 1906 700 capellae

102 713 309 760 pascentes
342 706 550 761 opilionem
582 721 670 748 esse
701 708 878 761 profecto
909 706 1170 762 clamalbant.

91 845 253 885 sustiole‘s
268 848 303 875 G.
320 846 524 886 2.fusceol1's
539 849 574 876 G.
592 848 619 876 1.
633 848 669 876 L.
686 846 839 885 fasc-ioli
849 848 961 876 Venet.
976 849 1008 875 2.

1057 846 1192 874 vincere
1206 847 1240 874 G.
1257 847 1287 874 1.
1301 847 1333 874 2.
1345 847 1383 874 D.
1398 845 1549 874 Beroald.
1596 842 1723 872 salutis
1736 849 1763 871 ε.
1779 842 1813 871 in
1826 842 1861 871 0.
1875 845 1907 871 et

100 893 135 920 G.
154 893 181 920 1.
196 893 260 928 legi
275 892 321 921 ait
334 893 430 928 Oud.,
457 892 584 920 scilicet
600 900 654 926 pro
667 900 754 921 more
766 901 825 921 suo
841 893 1021 927 eprIcans.
1047 889 1088 920 At
1102 892 1136 920 in
1149 893 1218 920 cod.
1234 893 1270 921 G.
1286 893 1316 920 1.
1330 891 1457 926 quidem
1470 890 1591 926 legitur
1609 888 1735 918 salutis
1755 895 1839 916 suae
1858 895 1903 925 s.,

99 938 157 965 sed
168 939 230 965 hac
245 935 359 966 ultima
369 939 467 967 litera
478 938 600 966 lineola
613 938 762 967 obducta.
809 935 946 976 quilibet
962 937 983 966 f.

188 1012 282 1032 senes
302 1007 338 1034 G.
356 1007 383 1034 1.
426 1007 627 1042 perspectae
641 1007 676 1034 G.
693 1007 722 1034 1.
736 1007 767 1035 2.
782 1007 818 1033 D.
832 1007 868 1034 P.
884 1013 913 1039 p.
929 1004 950 1033 f.
965 1005 1035 1033 edd.
1049 1008 1125 1033 ante
1139 1005 1228 1033 Colv.
1254 1004 1296 1033 cf.
1310 1005 1351 1033 ad
1363 1005 1435 1033 VH.
1461 1011 1489 1037 p,
1505 1005 1581 1031 493.
1608 1004 1692 1032 cort.
1713 1003 1755 1031 ad
1775 1003 1901 1032 Lucan.

96 1050 150 1077 111.
166 1052 219 1078 88.
267 1059 330 1087 que
342 1050 468 1078 circum
483 1053 518 1080 G.
532 1047 559 1079 1.

608 1049 768 1087 opiliones
782 1051 928 1079 noaldus
942 1051 1076 1078 notulae
1090 1058 1171 1078 suae
1186 1050 1351 1085 praefixit,
1377 1049 1475 1083 quasi
1493 1049 1540 1077 ila
1561 1049 1593 1076 in
1608 1050 1678 1077 cod.
1692 1050 1746 1077 vel
1760 1048 1902 1077 editione

94 1096 266 1130 legeretur.
291 1096 449 1129 Equidem
463 1096 495 1124 iu
509 1098 601 1125 nullo
613 1097 696 1124 libro
710 1103 769 1124 nec
782 1096 902 1130 scripto
917 1102 975 1123 uec
991 1095 1076 1123 edito
1090 1095 1212 1123 inveni.
1253 1092 1438 1130 Opilionem
1453 1094 1642 1122 maiuscula
1653 1094 1764 1122 littera
1779 1093 1901 1122 initiali

94 1140 251 1174 scriptum
265 1144 312 1169 est
328 1141 361 1169 in
373 1142 500 1169 vicent.
516 1145 546 1169 ut
562 1149 676 1170 nomen
690 1141 865 1175 proprium.
913 1137 1112 1175 oppilionem
1127 1141 1162 1168 G.
1182 1142 1209 1169 1.
1252 1138 1408 1175 proiecto
1422 1140 1458 1167 Β.
1473 1142 1555 1167 teste
1567 1140 1669 1175 Elm.,
1696 1139 1753 1167 sed
1767 1146 1809 1167 ex
1822 1140 1898 1167 coll.

93 1185 356 1224 Mochprofecte.
376 1185 535 1225 perfecto
550 1186 571 1214 f.
586 1187 752 1214 u'asseus
766 1185 904 1214 coniecit
914 1184 1094 1220 perspicue
1108 1183 1319 1221 velprnlaetre.
1346 1186 1381 1213 N.
1396 1184 1509 1212 Heius.
1524 1185 1564 1212 ad
1578 1184 1692 1213 Claud.
1707 1184 1740 1212 in
1754 1184 1858 1213 Rufin.
1873 1185 1897 1212 1.

95 1231 169 1259 151.
205 1237 250 1258 ez·
266 1230 424 1268 professo
444 1233 497 1259 vel
506 1230 722 1268 professione
735 1234 832 1264 atque
850 1231 896 1258 ita
909 1231 946 1258 1..
960 1229 1138 1258 D‘orleans
1153 1231 1194 1258 ad
1208 1231 1285 1257 Tac.
1300 1231 1386 1258 Ann.
1405 1231 1429 1258 Ι.
1450 1237 1478 1263 p.
1495 1230 1547 1257 17.
1572 1229 1694 1257 Verum
1708 1232 1773 1257 tam
1787 1231 1898 1258 crebro

92 1280 206 1303 auctor
225 1276 338 1304 inserit
358 1283 468 1304 vocem
483 1275 661 1314 profecto,
689 1279 721 1304 ut
742 1282 813 1304 eam
831 1277 891 1303 hoc
911 1282 1037 1309 quoque
1049 1276 1120 1303 loco
1134 1283 1199 1303 non
1213 1275 1320 1303 ausim
1335 1276 1506 1311 damnare,
1534 1281 1616 1308 quae
1629 1275 1741 1303 eadem
1755 1278 1802 1303 est
1817 1275 1896 1303 oud.

91 1321 264 1348 sententia.
290 1320 332 1349 cf.
352 1323 429 1350 Met.
449 1322 489 1349 11.
510 1329 539 1356 p.
554 1323 607 1350 85.
633 1328 756 1348 aurum
771 1342 778 1349 .
788 1342 794 1349 .
804 1341 812 1350 .
825 1321 1020 1347 matronam
1036 1319 1190 1359 profec
1201 1322 1239 1346 to
1259 1316 1499 1355 confitebatur.
1551 1318 1632 1346 Cum
1646 1319 1784 1358 rogavit
1797 1327 1897 1347 unum

89 1367 124 1394 G.
142 1366 169 1395 1.
216 1364 365 1402 rogabat
382 1362 413 1395 δ.

89 1487 194 1525 bavit
207 1485 326 1533 Prie,
353 1488 416 1538 qui
437 1486 510 1525 hac
535 1487 585 1525 de
611 1501 650 1525 re
678 1486 895 1526 conferatur
921 1490 959 1524 et
1020 1486 1115 1537 Syn.
1144 1485 1188 1524 T.
1202 1485 1266 1525 Vl.
1295 1490 1388 1526 208.
1421 1486 1658 1525 ᾹῙαιῖἱιῐαῖίς
1681 1486 1772 1525 mihi
1798 1500 1893 1540 prae

89 1542 172 1581 lntt.
210 1543 260 1581 ad
300 1542 458 1582 Petron.
503 1557 533 1582 c.
576 1548 688 1589 136.,
739 1542 830 1581 licet
871 1544 958 1595 ipse
1018 1543 1158 1581 ceteris
1186 1542 1487 1581 lectionibus'se
1514 1543 1688 1596 probat.]

88 1599 290 1638 lectionem
338 1600 562 1640 madidatis
603 1600 819 1652 praeferat,
869 1601 958 1652 quia

86 1670 160 1695 non
198 1656 399 1696 videantur
436 1657 508 1703 illi,
552 1670 712 1708 quorum
748 1656 842 1708 fuga
877 1661 955 1696 tam

21 1709 30 1718 ⁶
86 1726 278 1765 praeceps
316 1713 451 1759 fuerit,
496 1719 649 1752 acetum
687 1713 749 1751 hic
778 1717 954 1765 paratum

84 1769 288 1816 habuisse,
320 1769 410 1808 (lum
446 1783 590 1820 aquae,
627 1770 677 1808 ad
714 1783 829 1820 quam
866 1784 951 1821 pro-

83 1827 192 1864 strati
218 1827 422 1873 iacuerint,
459 1827 572 1878 copia
595 1826 809 1866 abundarit.
870 1825 951 1864 Ad-

83 1882 138 1920 dit
168 1882 290 1928 Oud.‚
328 1882 434 1934 quod
462 1897 535 1921 non
569 1884 628 1922 usi
654 1884 732 1921 sint
765 1882 802 1920 hi
835 1896 950 1934 spon-

83 1939 155 1989 giis
187 1939 234 1977 ad
267 1939 427 1978 vulnera
457 1944 608 1990 aperta,
645 1939 719 1978 sed
749 1939 866 1977 modo
899 1939 949 1977 ad

81 2000 254 2034 tumores
273 1996 610 2047 comprimendos,
637 1995 739 2047 quod
766 2009 789 2034 a
814 2009 947 2033 cruore

81 2055 122 2088 et
144 2051 368 2090 vulneribus
394 2056 524 2090 auctor
549 2050 775 2090 distinxerit.
803 2050 946 2098 Quam-

80 2120 196 2158 quam
221 2111 260 2146 et
284 2108 358 2147 hoc
382 2108 479 2146 alias
496 2109 559 2146 fiat
577 2112 707 2154 aceto,
733 2108 823 2145 oleo
844 2108 945 2147 aliis-

79 2177 174 2214 que,
201 2177 302 2214 quae
327 2168 459 2216 parata
483 2164 711 2204 habeamus
739 2164 800 2202 De
824 2166 943 2204 verbo

78 2220 296 2260 madidam
320 2225 519 2272 comparat
543 2221 679 2261 Gloss.
694 2221 806 2260 Vulc.
825 2235 859 2272 p.
876 2226 940 2262 84.

77 2277 258 2315 madido.
291 2274 454 2330 ὑγραίνω
483 2277 616 2316 Barth.
648 2278 697 2317 ad
730 2277 865 2316 Claud.
891 2279 941 2316 de

76 2332 126 2371 R.
151 2331 264 2373 Pros.
290 2333 337 2374 11.
363 2338 426 2374 88.
453 2333 594 2386 [Oi-en.
613 2334 662 2372 ad
677 2334 824 2373 Arnol).
840 2334 888 2373 V.
906 2336 939 2376 1.

78 2388 189 2427 Tom.
223 2388 267 2428 ll.
298 2404 336 2441 p.
369 2394 460 2431 265.
509 2391 655 2430 Arnob.
688 2390 715 2429 I.
749 2395 784 2431 2.
811 2405 940 2444 neque

76 2446 231 2486 coelum
257 2452 471 2486 coactatur
495 2449 536 2486 in
557 2448 699 2486 nubila
718 2461 791 2487 net:
811 2449 938 2487 madi·

75 2502 173 2541 data
189 2516 241 2541 ea:
255 2503 446 2543 imbribus
464 2518 561 2543 arca
587 2504 846 2543 subsidunt
869 2507 937 2553 (ita

74 2559 173 2596 enim
201 2557 408 2610 legendum
424 2564 486 2598 est
501 2574 568 2611 pro
582 2560 855 2612 succeduntfl
882 2562 936 2600 At

74 2615 250 2653 omnibus
274 2615 384 2655 hisce
410 2618 596 2655 veriorem
611 2631 703 2655 esse
720 2617 806 2656 cod.
827 2617 934 2656 ‹l‘Or-

73 2671 149 2710 vill.
165 2670 370 2711 lectionem
386 2675 640 2720 nzarcizlatis,
667 2675 861 2713 sententia
874 2678 934 2713 est

73 2726 194 2775 Oud.‚
221 2729 323 2779 quod
343 2742 427 2769 voc.
447 2744 515 2782 per
533 2730 717 2769 emollitis
737 2731 822 2768 sive
847 2744 932 2769 suc-

73 2783 170 2822 cidis
195 2786 380 2837 explicat,
407 2800 523 2838 quum
549 2786 646 2825 alias
679 2788 931 2838 comprimere

72 2846 241 2879 tumores
255 2842 352 2882 lana
370 2845 542 2884 succida
558 2847 711 2882 veteres
731 2843 835 2882 soliti
853 2845 930 2882 sint

73 2899 174 2934 teste
189 2896 306 2937 Celso
321 2899 370 2938 de
382 2899 431 2939 R..
445 2898 689 2940 Medxllfc.
707 2904 743 2940 1.
756 2899 819 2938 De
833 2914 931 2940 voce

71 2958 268 3005 comparat
308 2955 442 2995 Gloss.
478 2957 685 2997 marc-[dat
706 2954 826 3008 τήκει,
869 2954 931 3010 τή-

68 3024 183 3049 κεται.
229 3010 343 3050 Neve
367 3013 458 3065 quid
482 3015 705 3053 intentatum
729 3013 930 3066 relinquat,

69 3066 250 3106 emendat
278 3066 397 3108 etiam
422 3071 644 3110 malascatc‘s
668 3083 718 3108 ex
742 3069 828 3109 loeo
854 3070 931 3110 La-

67 3122 160 3161 berii
196 3124 299 3178 apud
335 3125 438 3168 Gell.
472 3126 580 3167 XVI.
619 3132 654 3168 7.
704 3126 768 3181 [cf.
800 3127 928 3167 Doed.

1076 1599 1163 1637 CAP.
1179 1598 1290 1638 XIX.
1338 1601 1456 1640 vermi
1471 1599 1587 1640 lacte.
1637 1599 1748 1639 Haec
1773 1600 1887 1641 lectio

1015 1660 1089 1702 est,
1116 1670 1231 1708 quam
1258 1657 1390 1708 optimi
1416 1655 1528 1695 codd.
1554 1669 1649 1708 prae
1674 1670 1720 1695 se
1746 1657 1886 1698 serunt.

1013 1713 1102 1751 Nec
1126 1717 1254 1752 tamen
1279 1712 1544 1764 spei-neudum
1559 1718 1622 1752 est
1633 1728 1752 1760 vemt,
1779 1715 1884 1766 quod

1010 1771 1045 1808 in
1061 1769 1232 1808 Florent.
1246 1775 1278 1810 1.
1293 1770 1449 1821 legitur,
1475 1769 1522 1808 cf.
1537 1770 1587 1809 ad
1601 1771 1698 1809 Met.
1712 1770 1738 1810 1.
1754 1785 1791 1823 p.
1803 1775 1882 1818 23„

1011 1839 1244 1878 quamquam
1269 1827 1362 1865 alibi
1378 1827 1496 1866 venui
1509 1826 1669 1866 formam
1684 1828 1880 1879 Apuleius

1008 1882 1217 1933 praeferat,
1234 1884 1287 1922 ait
1301 1883 1398 1922 infra
1411 1887 1553 1934 p.570.
1566 1885 1879 1935 venuifrustra

1007 1939 1271 1980 subiiciem-m.
1317 1939 1383 1978 lx.
1410 1953 1447 1991 p.
1475 1943 1570 1980 613.
1595 1941 1734 1981 venui
1757 1941 1877 1981 subii-

1008 1997 1133 2035 ciunt.
1183 1995 1264 2048 [De
1300 1995 1375 2035 hoc
1414 1997 1548 2035 vocab.
1576 1996 1637 2036 cs.
1663 1995 1798 2036 Eckst.
1825 1998 1876 2037 ad

1007 2052 1128 2092 Voss
1161 2053 1282 2092 Arist.
1317 2052 1362 2091 T.
1394 2052 1439 2092 ΙΙ.
1471 2067 1509 2105 p.
1536 2057 1629 2094 865.
1662 2053 1795 2093 Arntz.
1822 2055 1873 2094 ad

1002 2107 1102 2147 Pliu.
1120 2108 1312 2161 panegyr.
1327 2109 1477 2151 XXIX.
1491 2110 1522 2161 ᾗ
1539 2115 1594 2156 4.,
1620 2110 1684 2150 ubi
1711 2110 1873 2151 forsitan

1001 2179 1051 2203 ex
1065 2165 1491 2217 cod.Voss.legendun1
1505 2171 1568 2206 est
1579 2181 1680 2207 vemt
1693 2167 1871 2222 habent]

1001 2222 1132 2262 Lacte
1156 2223 1368 2262 accusativi
1395 2223 1557 2262 sormam
1577 2222 1681 2263 Oud.
1695 2223 1872 2264 defendit

1000 2278 1089 2318 coll.
1114 2278 1201 2319 lntt.
1225 2280 1276 2319 ad
1301 2279 1452 2320 Auson.
1478 2279 1678 2332 Technop.
1711 2294 1749 2331 p.
1774 2285 1867 2322 496.

1000 2335 1171 2375 Gronov.
1186 2336 1236 2375 ad
1251 2336 1353 2375 Gen.
1366 2335 1478 2376 XIX.
1503 2341 1540 2377 8.
1568 2337 1686 2377 Hard.
1702 2337 1752 2376 ad
1769 2336 1866 2377 Plin.

996 2390 1086 2430 XV.
1106 2397 1168 2434 16.
1194 2391 1286 2432 XX.
1303 2398 1366 2434 71.
1393 2393 1558 2433 eandem
1572 2392 1729 2432 Pctron.
1752 2408 1783 2433 c.
1800 2398 1864 2435 38.

996 2448 1138 2500 Hygin.
1153 2449 1311 2490 Astron.
1327 2449 1373 2489 Π.
1387 2454 1453 2491 43.
1469 2454 1507 2489 et
1515 2451 1650 2490 Seren.
1667 2450 1864 2490 sammon.

997 2507 1116 2547 1079.
1150 2507 1370 2554 vindicans3
1407 2507 1457 2546 de
1489 2507 1724 2547 nominativo
1757 2507 1864 2547 lacte

992 2563 1087 2601 adiri
1113 2563 1194 2602 vult
1219 2563 1519 2610 Grammaticos,
1547 2578 1647 2616 quos
1672 2564 1803 2602 citavit
1815 2563 1860 2603 P.

992 2618 1181 2659 Bondam.
1208 2620 1243 2658 in
1270 2620 1320 2659 V.
1346 2619 1457 2660 Lect.
1483 2634 1520 2672 p.
1535 2626 1558 2661 v1
1571 2625 1606 2660 7.
1625 2620 1679 2658 At
1698 2621 1784 2672 ipse
1805 2634 1860 2659 re-

991 2678 1098 2727 ponit
1111 2677 1274 2723 stantem,
1300 2676 1349 2715 de
1375 2691 1452 2728 qua
1476 2677 1743 2716 terminatione
1769 2677 1859 2716 citat

990 2732 1113 2772 Voss.
1139 2733 1188 2772 ad
1216 2733 1358 2773 Catuli.
1396 2737 1460 2774 63.
1498 2737 1591 2774 393.
1619 2732 1782 2772 Taubm.
1807 2734 1859 2772 ad

989 2788 1132 2828 Bacch.
1147 2789 1196 2828 V.
1217 2794 1254 2831 2.
1272 2793 1353 2836 16.,
1379 2787 1606 2841 praesertim
1633 2789 1736 2841 quod
1750 2789 1858 2842 Apu-⁴

989 2845 1087 2884 leius
1108 2845 1204 2884 infra
1223 2860 1260 2898 p.
1281 2851 1372 2887 585.
1400 2851 1439 2885 ct
1463 2846 1635 2886 lactem
1660 2851 1698 2885 et
1717 2859 1856 2886 caseos

989 2906 1076 2953 etp.
1093 2906 1185 2943 584.
1201 2903 1405 2943 hominum
1426 2903 1470 2942 la
1481 2907 1598 2942 ctem
1615 2902 1853 2954 praetulerit.

988 2957 1193 3011 [Attamen
1217 2959 1317 2998 haec
1338 2971 1401 2997 me
1426 2973 1500 2997 non
1525 2962 1788 3005 commovent,
1813 2963 1856 2998 ut

987 3014 1050 3053 hic
1091 3020 1224 3054 contra
1269 3017 1498 3068 optimorum
1537 3014 1643 3055 Mss.
1690 3029 1836 3055 consen

986 3085 1074 3110 sum
1111 3072 1204 3123 quid
1234 3076 1465 3111 commutem
1519 3071 1566 3111 cs.
1591 3071 1770 3111 Fortsch.
1801 3072 1849 3112 ad

987 3128 1110 3167 Voss.
1137 3129 1256 3169 Arist.
1283 3127 1327 3172 T.
1354 3127 1381 3169 I.
1410 3142 1447 3182 p.
1476 3131 1588 3176 353.‚
1611 3128 1690 3180 qui
1715 3128 1765 3167 de
1789 3129 1851 3169 tri-

1474 3196 1527 3239 45

1232 705 1336 747 Eum
1365 703 1525 760 rogavit
1554 717 1656 744 unus
1691 715 1712 743 e
1738 701 1902 752 nostris,
1932 714 1997 748 550
