2155 3590
635 165 825 204 LIBER
856 165 955 205 VII.

73 276 249 327 Plotina,
276 276 464 329 quaedam
488 289 605 316 rarae
629 276 719 315 fidei
745 283 861 330 atque
886 276 1100 330 singularis
1125 275 1333 330 pudicitiae
1358 275 1522 325 femina,
1556 288 1655 328 quac
1680 274 1688 330 1
1715 273 1864 314 decimo
1889 280 1951 312 457

1009 165 1134 206 CAP.
1163 164 1236 204 v1.
1783 162 1863 205 535

73 339 205 387 partus
241 331 433 386 stipendio
468 332 546 372 ‘viri
582 332 770 372 familiam
807 333 1064 383 fundaverat,
1103 331 1247 386 spretis
1283 337 1400 384 atque
1437 331 1669 384 contemptis
1705 330 1864 371 urbicae

72 446 236 485 quaedam
253 449 368 477 exulat
391 455 412 476 a.
430 449 511 476 G.2.
529 448 566 477 P.
586 449 642 485 0.,
666 449 752 477 unde
775 448 871 477 uncis
896 450 1093 478 vocabulum
1117 449 1281 477 inclusum
1305 449 1354 476 est
1378 454 1436 481 per
1460 447 1565 475 scriv.
1590 450 1621 474 et
1644 447 1730 474 Prie.
1765 449 1801 475 1n
1825 449 1864 475 D.

71 491 235 530 quaedam
254 493 331 521 item
349 499 411 521 non
429 497 609 529 comparet,
635 496 666 521 et
686 501 730 519 ra
748 501 855 520 rarae
874 495 1031 528 scriplum
1050 497 1110 523 est.
1146 495 1249 520 ratae
1264 488 1356 527 fidei
1372 494 1408 520 G.
1437 493 1464 520 1.
1490 499 1509 519 a
1533 500 1573 519 m.
1599 500 1629 525 p.
1656 499 1728 519 cum
1752 493 1866 526 glossa

69 537 273 566 interlineari
288 534 419 573 firmae
449 535 538 567 fidei.

597 538 738 573 sumptis
761 544 817 572 pro
843 539 966 573 spretis
992 540 1028 566 Ρ.
1054 542 1084 566 et
1114 545 1224 566 omnes
1244 538 1314 566 edd.
1345 540 1421 564 vett.
1454 540 1581 571 praeter
1605 537 1688 563 Iuni.
1708 538 1739 564 2.
1761 537 1864 563 Basil.

69 581 196 610 vivitne
209 581 371 610 luxuriae
385 578 430 618 δῖ,
446 583 529 616 quod
544 586 728 616 corruptum
741 586 833 616 putat
848 584 927 611 Oud.
943 591 983 610 ex
997 583 1179 618 scripturae
1192 590 1279 611 more
1292 580 1447 620 urvicae,
1472 581 1539 609 nisi
1551 581 1626 609 inde
1641 579 1767 607 cit-scae
1780 580 1865 610 velis

68 627 253 657 reformare.
277 628 341 655 Sed
353 635 395 655 ex
406 635 471 656 uno
485 627 595 656 codice
608 627 691 656 nihil
702 629 892 656 mutandum
905 628 975 657 erit.

66 725 172 762 tione
201 724 360 764 ablativi
389 725 588 764 secundae
618 729 658 763 et
687 729 847 776 quartae
872 725 936 763 de-

65 779 283 819 clinationis
300 782 477 827 variatio,
503 785 638 820 contra
654 786 807 820 ceteros
822 795 936 832 quos-

65 849 144 887 que
162 839 329 888 optimos
344 838 455 876 codd.
475 842 623 876 mutare
637 839 840 888 quicquam
859 852 935 876 non

65 905 188 931 ausus
213 907 312 940 sum,
339 907 572 944 quamquam
595 907 659 932 res
683 894 935 932 memoranda

65 961 160 987 esse
185 949 419 1001 videbatur.]

115 1028 308 1079 proiecit.
356 1028 590 1080 [Proiicere
602 1031 763 1081 saepius
777 1029 827 1066 de
842 1042 930 1067 exu-

62 1082 165 1121 libus
179 1083 313 1122 dicitur
337 1084 385 1122 ct.
402 1084 537 1123 Gloss.
552 1083 653 1124 Phil.
668 1099 703 1136 p.
723 1089 812 1124 172.
831 1099 931 1136 pro-

60 1140 188 1178 iectus
211 1138 363 1192 ἔκβολος
386 1137 563 1192 ἐκβλητός
670 1140 933 1193 ἐκβεβλημείυς

59 1194 324 1247 εξεῤῥιμμέιός.
349 1194 469 1234 Plura
481 1196 664 1247 exempla
677 1197 783 1235 dabit
796 1196 932 1234 Heius.

60 1254 101 1289 et
123 1250 255 1290 Burm.
281 1251 332 1290 ad
356 1251 470 1290 Ovid.
496 1251 593 1290 Met.
612 1252 704 1291 XV.
726 1257 819 1292 504.
846 1251 931 1290 lutt.

57 1306 109 1344 ad
119 1305 240 1345 Tacit.
250 1308 353 1346 Anu.
361 1307 388 1346 1.
398 1311 434 1347 3.
446 1307 482 1346 A
483 1309 554 1360 yri
552 1322 684 1360 ppam
697 1308 932 1347 Postumum

57 1363 102 1401 in
142 1363 313 1402 insulam
355 1363 597 1402 Planasiam
634 1365 929 1415 proiiceret.

55 1417 127 1458 IV.
158 1423 224 1459 71.
261 1424 418 1470 neptem
457 1419 667 1471 Aayastas
704 1420 931 1459 com-ictam

56 1475 258 1514 adulterii
272 1476 539 1514 damnat-erat
551 1489 584 1526 p
594 1490 613 1513 r
624 1490 646 1512 o
657 1476 728 1514 icc
738 1480 931 1528 eratque

56 1532 99 1569 in
125 1531 297 1570 insulam
323 1531 583 1584 Trimerum]

112 1599 325 1650 quaedam.
351 1597 563 1650 Perperam
578 1599 677 1636 llaec
690 1612 769 1636 vox
782 1600 818 1637 in
833 1612 924 1637 nou-

56 1655 172 1692 nullis
202 1654 314 1693 codd.
346 1655 471 1693 abest.
520 1654 677 1694 Passim
716 1656 817 1694 enim
852 1655 929 1693 hoc

53 1724 264 1762 pronomen
290 1712 453 1762 propriis
479 1711 609 1749 verbis
640 1711 811 1756 additur,
843 1725 930 1749 cum

54 1781 224 1818 persona
234 1796 244 1812 ,
270 1767 320 1805 de
335 1781 410 1818 qua
423 1769 564 1818 agitur,
591 1769 654 1805 vix
667 1767 824 1806 aliunde
837 1772 931 1805 nota

53 1828 127 1868 est,
153 1823 365 1874 pluresque
391 1837 438 1862 eo
464 1824 633 1875 insigniti
658 1828 748 1862 sunt
773 1824 928 1862 nomine

53 1879 102 1918 cs.
128 1879 178 1918 ad
202 1878 359 1918 Metu.
385 1894 424 1931 p.
444 1884 532 1920 120.
564 1881 702 1919 Cerdo
727 1881 927 1931 quidam

55 1937 226 1974 nomine.
252 1935 388 1973 Heius.
415 1936 466 1974 ad
491 1936 594 1973 vell.
622 1935 668 1974 ll.
696 1939 760 1976 64.
786 1936 837 1974 ln
856 1936 925 1974 Ιιο-

53 1993 172 2043 spitis
197 1992 452 2030 ‹tzcinsdam
478 1992 625 2030 nobilis
650 1993 744 2037 riri,
774 1992 926 2031 Cameli

53 2049 227 2086 nomine.
274 2047 379 2085 Oud.
410 2048 460 2085 ad
485 2048 592 2085 Suet.
619 2047 712 2085 Ner.
744 2061 776 2086 0.
803 2051 868 2087 33.
899 2063 926 2086 a,

53 2103 184 2154 quad
191 2118 214 2141 a
225 2117 261 2140 m.
286 2102 479 2142 Locusta.
507 2102 582 2142 Cic.
609 2102 737 2154 Epist.
764 2103 815 2141 ad
839 2103 924 2141 Att.

51 2158 155 2197 Xlll.
171 2162 235 2199 50.
262 2159 480 2210 illancipio
505 2160 601 2198 dari
619 2173 732 2197 sert-o
750 2173 825 2198 suo
838 2173 924 2211 pro

47 2220 171 2266 parte
204 2215 396 2253 Hetereio
433 2216 637 2254 cuidam.
684 2214 773 2253 Nee
803 2228 922 2253 secus

50 2271 203 2323 aliquis
223 2274 261 2308 et
277 2272 366 2323 quIs
385 2271 527 2309 nomini
540 2271 693 2321 proprio
707 2272 922 2322 iunguntur.

53 2327 101 2365 cs.
128 2327 236 2378 Virg.
260 2327 361 2365 Aen.
386 2326 433 2365 ll.
459 2331 525 2367 81.
551 2328 681 2378 ibique
705 2326 836 2366 Burm.

105 2408 229 2433 rarae
249 2395 360 2446 fidei.
411 2392 561 2446 [Quum
575 2393 763 2432 Pricaeus
783 2394 833 2433 ad
854 2409 923 2433 no-

47 2454 170 2489 strum
200 2450 326 2488 locum
358 2450 645 2500 inscriptionem
676 2452 821 2488 veteris
844 2450 922 2489 La-

48 2507 169 2558 pidis:
195 2507 413 2545 Foeminae
431 2507 674 2552 rarissimae,
699 2508 926 2559 sinyularis

46 2563 225 2614 exempli
250 2564 423 2608 citasset,
450 2561 580 2600 Burm.
595 2562 645 2600 ad
659 2562 819 2601 Anthol.
833 2563 923 2602 Lat.

47 2618 94 2657 Τ.
118 2617 166 2657 Π.
190 2633 228 2670 p.
253 2620 343 2661 122.
370 2619 557 2657 memoria
584 2619 724 2668 lapsus
748 2623 925 2657 nostrum

47 2675 174 2713 locum
227 2675 280 2713 ita
333 2674 513 2726 protulit:
568 2688 678 2714 azor
726 2677 924 2714 rarissimi

47 2730 261 2783 exempli]

102 2799 252 2850 spretis
266 2803 391 2851 atque
405 2800 661 2850 contemptis.
693 2798 822 2836 Recte
846 2799 923 2837 iam

46 2852 267 2893 Beroaldus
282 2855 488 2893 lectionem
503 2859 676 2893 veterum
691 2855 800 2900 edd.,
821 2868 923 2905 quae

45 2911 184 2949 sumtis
208 2922 259 2948 ex
283 2911 529 2962 glossemate
552 2912 760 2962 praebent,
793 2924 921 2949 emen-

45 2964 162 3011 davit,
175 2978 379 3018 perperam
393 2968 632 3018 vituperatus
642 2967 844 3012 aRoaldo,
859 2969 923 3018 qui

45 3023 222 3067 semotis,
247 3026 286 3061 et
296 3022 474 3067 Brantio‚
502 3023 567 3074 qui
591 3025 796 3063 summotis
808 3024 922 3061 conii-

45 3076 184 3116 ciebat.
211 3078 362 3119 Sumtis
380 3093 473 3117 vero
489 3093 513 3117 a
527 3080 690 3118 librariis
705 3079 922 3131 profectum

45 3136 122 3179 est,
130 3134 194 3184 qui
206 3133 308 3174 hanc
316 3149 431 3187 quam
438 3137 630 3188 putabant
641 3136 821 3174 eiusdem
835 3149 923 3174 sen-

994 727 1140 765 tentiae
1158 726 1425 776 repetitionem
1444 724 1671 774 ignorabant
1690 736 1761 760 nou
1777 735 1865 759 cou-

994 782 1234 827 siderantes,
1261 782 1415 833 quoties
1428 779 1622 831 Apuleius
1643 791 1865 829 synonyma

994 838 1152 889 iungere
1165 842 1278 876 amet.
1299 837 1447 875 Eadem
1460 836 1605 874 ratione
1620 835 1711 873 dicit
1725 834 1865 872 eodem

994 892 1090 932 libro
1104 895 1245 945 11:499.
1258 894 1608 946 infirmitatemque
1622 904 1746 930 meam
1760 905 1782 929 c
1793 904 1864 928 on-

991 952 1161 989 temnit
1181 965 1232 989 ac
1257 950 1481 1000 despicit.
1509 947 1667 986 Terent.
1692 946 1814 984 Andr.
1836 945 1862 983 l.

991 1009 1028 1046 5.
1047 1010 1109 1045 13.
1139 1007 1252 1051 Quot
1273 1006 1404 1043 modis
1428 1009 1711 1049 contemtus,
1737 1015 1863 1053 spre-

991 1064 1090 1100 tus?
1113 1061 1211 1099 Eun.
1232 1061 1259 1099 I.
1282 1065 1318 1101 2.
1346 1065 1410 1101 90.
1437 1065 1708 1100 contemtus
1732 1059 1804 1097 abs
1827 1062 1865 1097 te

991 1131 1210 1168 spernor.
1250 1117 1322 1168 [cf.
1350 1116 1426 1155 Cic.
1452 1116 1502 1154 de
1527 1115 1604 1153 Ofl'.
1632 1114 1678 1153 ll.
1708 1118 1771 1154 10.
1798 1117 1862 1154 36.

994 1174 1279 1224 despiciunt
1296 1185 1367 1210 eos
1381 1176 1420 1210 et
1435 1176 1756 1211 contemnant.
1784 1170 1861 1208 fic.

991 1243 1062 1280 pro
1090 1226 1239 1267 Muren.
1266 1232 1331 1268 37.
1357 1228 1388 1277 ξ.
1416 1232 1482 1267 78.
1507 1241 1589 1266 rem
1609 1227 1864 1279 publicam

993 1286 1228 1336 despeoeit
1251 1289 1376 1336 atque
1400 1285 1667 1322 contemsit.
1698 1282 1810 1320 verr.
1836 1281 1862 1319 l.

993 1345 1028 1381 3.
1057 1344 1095 1380 9.
1132 1341 1415 1391 despiceret
1449 1343 1864 1389 contemneretque

991 1397 1082 1435 ibid.
1108 1396 1135 1434 I.
1166 1400 1229 1436 15.
1256 1399 1321 1435 43.
1352 1394 1463 1433 Male
1487 1399 1614 1433 tamen
1642 1394 1744 1432 Oud.
1770 1393 1860 1431 mihi

989 1452 1203 1503 Apuleium
1218 1452 1435 1503 vituperare
1450 1451 1612 1495 videtur,
1623 1450 1727 1500 quod
1743 1462 1862 1499 pravo

990 1509 1124 1547 ordine
1147 1508 1247 1546 haec
1270 1520 1492 1559 synonyma
1521 1507 1713 1558 posuerit,
1746 1518 1863 1555 quum

989 1578 1179 1617 spernere
1203 1564 1294 1615 plus
1308 1564 1371 1609 sit,
1398 1577 1513 1614 quam
1533 1563 1758 1615 despicere,
1773 1560 1861 1598 coll.

991 1621 1164 1660 sicel-on.
1192 1620 1374 1671 exemplo
1400 1620 1547 1670 spretis
1564 1632 1610 1657 ac
1625 1632 1711 1670 pro
1733 1617 1863 1655 nihilo

986 1679 1166 1729 putatis,
1193 1677 1376 1728 quo-sine
1395 1676 1512 1714 dubio
1527 1674 1656 1713 locum
1670 1673 1862 1724 signitica—

991 1735 1043 1771 vit
1068 1733 1239 1784 Philipp.
1264 1731 1370 1771 Xlll.
1386 1735 1422 1773 9.
1448 1731 1560 1781 §.21.
1586 1744 1665 1769 mm
1690 1730 1861 1774 crudivit,

988 1804 1070 1828 non
1095 1789 1323 1841 respondit,
1348 1802 1480 1840 neque
1505 1801 1571 1827 eos
1589 1787 1718 1826 solum
1738 1799 1860 1837 prae-

987 1851 1126 1890 sentes,
1150 1846 1222 1885 sed
1245 1845 1373 1884 musto
1398 1845 1530 1896 rtzayis
1553 1857 1627 1881 nos
1647 1843 1800 1894 sprevit
1824 1846 1863 1879 et

981 1916 1068 1954 pro
1099 1902 1231 1940 nihilo
1263 1901 1442 1952 putavit.
1495 1899 1525 1937 li
1555 1899 1675 1943 enim,
1715 1897 1779 1947 qui
1811 1909 1860 1933 ex

987 1958 1266 2007 significatione
1297 1956 1434 1994 horum
1465 1966 1772 2006 synonymorum
1804 1966 1860 1990 or-

987 2014 1117 2052 dinem
1151 2012 1346 2064 quendam
1379 2013 1615 2050 constituere
1644 2009 1781 2054 velint,
1818 2012 1861 2046 ut

986 2083 1103 2109 unum
1139 2069 1231 2120 plus
1269 2069 1392 2107 altero
1430 2068 1576 2114 valeat,
1615 2079 1742 2105 errare
1766 2064 1859 2102 1111111

985 2126 1179 2171 videntur,
1206 2126 1313 2176 quia,
1339 2125 1374 2162 si
1391 2124 1468 2163 hoc
1487 2137 1619 2162 verum
1639 2125 1762 2166 esset,
1786 2133 1858 2172 pro

983 2182 1138 2220 arbitrio
1164 2183 1375 2232 scriptores
1399 2182 1503 2231 iique
1527 2180 1660 2231 optimi
1686 2178 1859 2216 ordinem

983 2240 1143 2277 istorum
1155 2238 1319 2289 {vertere
1342 2251 1417 2275 non
1442 2243 1621 2289 possent.
1669 2234 1773 2272 Nam
1799 2231 1857 2270 Ci-

983 2308 1092 2340 cero,
1117 2294 1156 2332 id
1177 2293 1283 2344 quod
1302 2293 1472 2332 excitata
1490 2292 1674 2343 exempla
1694 2290 1858 2341 probant

983 2355 1023 2389 et
1038 2351 1251 2402 despicere
1264 2354 1303 2388 et
1317 2355 1570 2389 contemnere
1583 2351 1666 2386 vice
1676 2345 1856 2384 101511111-

983 2408 1098 2445 cebat
1111 2405 1158 2445 cf.
1172 2408 1207 2445 in
1217 2406 1326 2444 Verr.
1340 2406 1430 2444 Act.
1444 2404 1488 2444 ll.
1502 2405 1588 2444 Lib.
1604 2404 1630 2443 1.
1646 2402 1855 2459 47.§.123.

985 2464 1351 2514 contempserit,
1387 2461 1675 2513 despexerit
1709 2459 1759 2496 de
1785 2458 1856 2494 Se-

983 2523 1083 2557 nect.
1108 2523 1171 2559 18.
1197 2519 1227 2570 §.
1255 2523 1320 2559 65.
1346 2518 1587 2558 contemni
1617 2530 1657 2556 se
1684 2517 1854 2567 putant,

985 2576 1194 2627 despici,
1218 2575 1376 2614 illudi
1401 2574 1451 2611 ‹le
1465 2575 1574 2612 Orat.
1588 2570 1853 2620 111.21.§.79.

983 2631 1086 2670 Hinc
1104 2632 1228 2683 probo
1241 2630 1420 2669 Lambini
1442 2631 1667 2674 discrimen,
1693 2625 1797 2676 quod
1817 2625 1853 2662 111

983 2687 1109 2739 Epist.
1123 2688 1174 2726 ad
1188 2687 1328 2726 Muret.
1344 2686 1516 2737 V01.l.p.
1526 2688 1619 2726 399.
1629 2680 1853 2722 edRuhnk.

982 2745 1206 2796 proposuit:
1256 2744 1496 2796 Spernimus
1531 2739 1756 2782 reiicienda,
1799 2736 1855 2773 fu-

983 2800 1144 2851 gienda,
1179 2803 1221 2838 ut
1254 2799 1519 2850 voluptatem,
1560 2794 1855 2836 Contemnimus

981 2870 1143 2907 magna,
1167 2855 1388 2901 metuenda,
1412 2858 1454 2892 ut
1466 2853 1651 2906 pericula,
1676 2853 1853 2892 mortem,

981 2912 1241 2964 Despicimus
1265 2911 1365 2949 infra
1388 2924 1461 2948 nos
1492 2910 1637 2960 posita,
1675 2910 1717 2945 ut
1747 2903 1854 2955 vulgi

983 2969 1198 3019 opiniones.
1230 2967 1304 3005 Hic
1314 2980 1407 3004 vero
1420 2970 1624 3016 utrumque
1638 2964 1687 3002 de
1701 2974 1853 3000 summo

982 3024 1125 3063 dictum
1151 3027 1213 3062 est
1232 3026 1443 3067 contemtu,
1470 3035 1545 3072 quo
1563 3020 1718 3059 Plotina
1737 3016 1855 3056 omui-

981 3081 1057 3119 bus
1084 3081 1185 3118 vitae
1211 3083 1250 3118 et
1273 3079 1380 3117 urbis
1400 3078 1560 3116 luxuriis
1580 3076 1787 3117 abdicabat
1804 3073 1854 3111 ob

983 3136 1211 3175 matrimonii
1246 3135 1378 3181 fidemg
1405 3134 1455 3173 cf.
1481 3134 1609 3173 Doed.
1636 3133 1851 3184 Synouym.
