2155 3590
674 133 858 173 LIBER
884 134 957 174 lx.
1007 134 1130 173 CAP.
1165 134 1258 175 xl..
1784 134 1865 178 863

75 244 235 295 cubitis,
263 257 339 297 qua
356 244 566 294 morsibus,
596 245 711 285 etiam
732 246 778 286 de
799 247 862 287 via
888 246 1014 300 lapide
1039 253 1220 300 correpto
1246 253 1365 286 totam
1387 246 1526 287 faciem
1547 259 1762 300 manusque
1780 247 1865 287 eius

73 309 113 341 et
136 301 262 341 latera
286 300 561 341 converberat.
609 301 696 341 Nec
721 302 785 342 ille
805 302 812 357 Ι
833 309 877 343 ut
900 303 1064 356 primum
1091 302 1196 343 humi
1219 304 1424 356 supinatus
1448 310 1528 353 est,
1555 303 1619 343 vel
1641 316 1864 357 repugnare
1890 308 1953 341 671

73 357 137 398 vel
155 356 314 397 omnino
332 356 487 397 munire
506 371 548 397 se
567 359 706 411 potuit,
734 359 800 398 sed
821 359 933 413 plane
952 359 1173 399 idemtidem
1193 359 1519 410 comminabatur,
1546 359 1581 400 si
1600 359 1861 410 surrexisset,

73 427 161 454 sese
186 412 436 453 concisurum
462 427 548 453 eum
580 414 789 455 machaera
821 428 892 455 sua
926 415 1136 455 frustatim.
1195 413 1284 467 Quo
1315 428 1498 456 sermone
1529 415 1612 455 eius
1644 429 1866 456 commone-

74 470 201 510 factus
225 469 457 510 hortulanus
482 469 598 523 eripit
622 472 657 510 ei
683 471 881 525 spatham,
915 484 1039 525 eaque
1063 471 1293 525 longissime
1317 470 1471 511 abiecta
1494 485 1648 512 rursum
1674 471 1866 513 saeviori-

72 596 176 624 etiam
188 595 228 624 de
241 596 314 624 vico
327 597 365 626 F.
380 598 411 625 1.
431 597 465 625 in
484 597 646 633 excerptis
666 598 908 634 Lindenbrogii.
957 596 1001 626 tn't
1012 598 1146 638 faciem
1158 600 1195 628 P.
1233 598 1412 638 hisae-iem
1432 599 1468 627 G.
1483 600 1512 628 1.
1526 599 1558 627 2.
1577 599 1616 626 D.
1652 601 1721 626 tum
1732 599 1865 638 faeiem

71 643 143 670 eius
154 649 274 670 manns
287 643 358 672 eius
370 643 406 670 Ο.
442 650 647 680 magnusque
659 644 698 673 Ι).
733 646 765 670 et
779 648 854 673 ante
867 642 983 671 latera
997 652 1059 672 non
1073 647 1191 674 nabent
1202 646 1287 673 Iunt.
1306 646 1332 673 Ι.
1347 645 1378 672 2.
1388 644 1463 672 Ald.
1509 642 1665 680 gloterat
1676 647 1711 671 et
1723 653 1865 673 concru-

74 690 166 715 terat
179 690 212 714 et
226 686 362 714 lacerat
372 695 414 716 ex
425 689 462 716 P.
476 689 545 716 cod.
558 689 720 723 excerptis
733 689 773 717 ad
787 697 886 722 marg.
902 690 977 717 edit.
993 689 1086 717 Colv.
1102 697 1190 718 erun.
1213 691 1275 718 Sed
1290 689 1426 724 primum
1439 692 1469 717 et
1485 689 1632 718 ultimum
1650 692 1865 718 tantummodo

71 734 265 761 vocabulum
283 736 394 767 aperte
412 740 431 761 a
452 741 502 761 me
515 733 581 767 legi
594 738 738 767 poterant
750 755 758 767 ,
785 735 963 762 secundum
977 738 1040 762 tam
1054 737 1192 763 obscure
1205 738 1252 763 est
1268 734 1501 768 perscriptum,
1528 736 1561 761 ut
1576 741 1616 761 ex
1629 734 1780 766 vestigiis
1794 738 1865 763 tau-

71 782 136 806 tum
151 779 266 806 ductus
280 778 400 806 calami
413 778 459 806 ita
473 782 604 806 enotare
617 779 738 807 liceret.
763 782 882 806 Manus
896 782 943 807 cst
958 780 1117 808 Putschii.
1142 781 1211 807 Non
1231 778 1366 806 luter-at
1377 781 1412 806 et
1428 777 1652 806 converberat
1670 782 1717 807 est
1735 779 1769 807 in
1783 781 1820 807 G.
1837 782 1866 807 ¹2.

70 823 128 851 sed
142 825 177 849 et
188 821 320 850 lacerat
334 821 572 856 conrerbemt,
597 824 682 851 unde
694 824 875 852 verisimile
888 828 953 853 est.
981 831 1044 852 non
1058 825 1148 859 prius
1163 828 1193 852 at
1208 825 1370 859 posterius
1384 824 1417 852 in
1430 825 1467 852 P.
1486 824 1597 852 scribi.
1623 825 1747 852 Gruter.
1765 831 1865 857 marg.

69 868 192 896 adlevit
205 866 341 896 lacerat
353 870 388 895 et
399 867 631 897 converberat.
666 871 706 895 ut
713 869 822 904 primo
837 871 911 896 coll.
924 870 1022 897 Voss.
1058 870 1309 897 resurrexisset
1322 870 1357 898 F.
1368 870 1396 898 1.
1409 869 1444 897 in
1457 871 1531 897 coll.
1544 868 1639 899 Lind.
1654 870 1690 897 G.
1699 870 1728 897 2.
1739 869 1774 897 P.
1788 870 1827 897 D.
1836 877 1866 903 p.

69 915 152 941 Elm.
175 914 281 942 Scriv.
303 913 423 942 Florid.
448 915 486 941 In
509 916 580 942 cett.
600 913 828 949 surrexisset,
852 915 934 947 quod
952 921 1050 947 quum
1070 917 1238 948 probasset
1252 916 1349 946 Oud.,
1374 915 1506 943 Ruhnk.
1519 917 1704 943 tamennon
1717 914 1866 942 correxit.

70 958 272 986 suren-xire!
292 959 329 986 G.
352 960 365 986 1
373 979 380 986 .

427 964 492 985 sna
510 965 573 986 non
591 960 709 987 habent
728 960 765 987 B.
787 966 815 993 p.
831 962 859 987 et
879 959 948 987 edd.
968 962 1044 987 ante
1062 960 1169 992 Coun,
1195 959 1251 993 qui
1275 960 1371 988 tacite
1395 959 1519 988 addidit
1544 968 1562 988 e
1579 960 1616 988 L.
1655 958 1866 997 frustratim

71 1005 108 1032 G.
134 1005 166 1031 2.
191 1005 227 1032 Ρ.
254 1004 292 1032 D.
321 1002 542 1042 frustratum
562 1000 592 1032 δ.
640 1011 776 1031 comune
786 1003 913 1042 factus
934 1005 969 1032 G.
993 1005 1020 1032 1.

1071 1011 1278 1032 commovens
1292 1006 1331 1033 D.
1378 1003 1509 1040 arripit
1521 1005 1557 1033 G.
1574 1005 1602 1032 1.
1616 1011 1636 1033 a
1648 1012 1691 1034 m..
1703 1005 1815 1034 eadem
1834 1005 1866 1034 in

67 1047 172 1084 eripit
191 1052 379 1077 correctum.
426 1050 562 1084 spatam
583 1056 643 1076 nec
662 1046 840 1084 spumam.
865 1049 1021 1082 scriptum
1042 1049 1154 1078 inveni
1174 1050 1208 1078 in
1227 1051 1263 1078 G.
1288 1051 1313 1078 1.
1332 1051 1365 1078 2.
1383 1051 1422 1078 D.
1442 1046 1471 1078 δ.
1490 1049 1616 1079 Yieem.
1630 1050 1744 1078 Venet.
1757 1050 1807 1081 2..
1833 1055 1867 1078 ιιι

71 1101 199 1128 semper
212 1094 245 1122 in
258 1094 301 1122 iis
314 1094 420 1122 libris.
467 1092 585 1121 abicta
603 1095 717 1122 Vener.
733 1095 762 1121 4.

73 1202 254 1242 Andnv.
276 1206 312 1243 3.
343 1205 403 1243 19.
430 1202 674 1242 sublimem
699 1203 808 1242 laune
832 1204 941 1242 intro

71 1273 185 1310 cape.
222 1257 380 1310 Optime
402 1271 490 1296 vero
510 1259 544 1296 in
566 1258 650 1297 cod.
664 1258 840 1298 d'Orvill.
865 1260 939 1302 lessi

69 1315 252 1361 sublime,
295 1315 423 1366 opinio
461 1319 524 1352 est
558 1314 682 1360 Oud.,
723 1328 840 1365 quam
877 1315 940 1352 his

69 1371 262 1422 exemplis
292 1371 428 1408 munit:
478 1370 585 1421 Vir-g.
617 1370 758 1419 Georg.
786 1370 812 1410 Ι.
845 1375 938 1412 320.

72 1425 135 1466 ΙΙΙ.
169 1431 259 1468 108.
297 1426 385 1465 val.
411 1425 519 1465 Max.
541 1425 608 1466 Vl.
644 1427 680 1465 in
718 1427 797 1474 fin„
840 1426 942 1466 cons.

69 1496 142 1522 sua
166 1483 257 1523 dict.
281 1482 330 1521 ad
357 1481 424 1521 Iul.
450 1481 602 1533 Obseq.
628 1496 660 1522 c.
685 1487 775 1524 101.
801 1484 851 1522 ad
871 1483 941 1522 Sil.

69 1539 153 1578 Ital.
177 1538 246 1578 1V.
274 1543 383 1585 144„
406 1539 525 1590 idque
547 1540 708 1591 saepius
731 1541 768 1578 in
782 1539 941 1592 Apuieii

68 1595 176 1634 libris
201 1599 420 1647 corruptum
445 1608 538 1634 esse
557 1596 630 1634 sibi
654 1597 864 1648 persuasit,
890 1596 941 1634 de

70 1652 211 1703 quibus
236 1651 333 1690 locis
356 1652 620 1697 monebimus,
644 1653 768 1691 sicubi
793 1653 842 1691 ad
866 1666 939 1691 eos

69 1712 297 1760 perventum
323 1707 450 1747 suerit.
510 1707 618 1760 [Sed
647 1709 761 1747 male.
811 1708 940 1755 Quum

69 1765 171 1803 enim
205 1768 407 1815 utrumque
444 1763 530 1802 ferri
567 1769 702 1816 queat,
740 1778 789 1803 ex
825 1765 940 1804 codd.

70 1822 299 1860 auctoritate
322 1822 375 1858 de
399 1820 582 1859 alterutra
607 1820 774 1859 lectione
803 1821 939 1860 diiudi-

71 1876 236 1917 candum
273 1881 356 1921 est,
399 1877 504 1927 quod
545 1877 716 1916 confiteri
750 1877 942 1916 debemus

70 1947 119 1972 eo
144 1932 338 1972 difficilius
364 1947 471 1979 esse,
497 1946 613 1983 quum
637 1933 854 1972 omissione
878 1934 942 1972 vel

68 1989 264 2028 additione
276 1989 462 2041 virgulae,
482 2002 558 2040 qua
569 2004 606 2028 m
619 1990 733 2028 finale
745 1990 943 2035 indicatur,

70 2045 163 2084 nihil
176 2047 228 2084 sit
241 2045 492 2096 frequentius.
525 2045 706 2085 sublime
722 2046 824 2084 idem
838 2046 941 2085 oud.

72 2102 291 2141 coniecerat
303 2101 398 2140 Met.
413 2101 476 2140 111.
490 2115 526 2152 p.
544 2105 637 2142 176.
650 2115 718 2153 pro
743 2117 794 2142 su
804 2103 827 2142 b
837 2103 937 2141 limi

70 2163 290 2266 resfa..
331 2157 573 2198 ’ψ
608 2158 938 2255 ἓε.“.,.εᾱ..ῖῑ;3ῑ

71 2270 99 2309 1.
124 2274 191 2311 43.
216 2283 252 2322 p.
279 2274 371 2312 439.
403 2269 451 2310 ll.
477 2274 540 2312 10.
572 2284 610 2322 p.
642 2275 737 2312 478.
771 2270 814 2310 ln
845 2275 936 2311 cett.

69 2327 249 2366 omnibus
273 2327 430 2378 Apuleii
458 2326 571 2373 locis,
609 2333 794 2378 quantum
821 2328 938 2367 video

69 2387 112 2422 et
152 2395 202 2422 ex
236 2383 352 2422 codd.
388 2387 523 2435 potest
557 2384 736 2435 intelligi,
776 2384 941 2424 sublime

71 2443 247 2478 neutrum
276 2438 433 2491 legitur,
462 2453 567 2490 quae
598 2453 741 2479 caussa
763 2444 845 2487 est,
875 2454 941 2479 cur

70 2495 276 2536 subbimem
306 2495 368 2535 hie
395 2509 446 2534 eo
469 2497 594 2548 magis
618 2498 821 2542 retineam,
851 2510 941 2535 nam

71 2551 260 2591 diffieilior
279 2553 394 2591 lectio
410 2556 477 2592 est
493 2556 612 2604 atque
630 2553 861 2601 inusitatior3
891 2552 940 2592 cf.

71 2608 124 2647 de
151 2608 294 2659 Dogm.
324 2607 428 2648 Piae
454 2608 480 2647 1.
504 2622 542 2660 p.
569 2612 682 2655 208..
713 2609 764 2647 de
793 2609 942 2648 Mundo

69 2677 109 2715 p.
121 2667 226 2710 143„
237 2667 305 2716 qui
318 2672 458 2704 versus
472 2678 522 2703 ex
528 2664 711 2704 Lucretio
725 2665 943 2718 deprompti

71 2725 180 2766 sunt,
202 2721 402 2761 etFlorid.
421 2735 458 2773 p.
477 2724 569 2762 109.
594 2720 769 2760 Eandem
795 2722 846 2761 de
867 2722 945 2761 hoc

71 2775 162 2815 loco
198 2780 430 2818 sententiam
453 2778 560 2816 Oud.
590 2778 667 2816 iam
702 2779 739 2816 in
769 2778 943 2817 Miscell.

74 2831 242 2873 observ.
257 2833 417 2874 Vollu.
428 2834 472 2873 T.
481 2834 508 2873 Ι.
522 2848 560 2886 p.
572 2840 590 2874 1
599 2837 663 2876 39.
676 2835 943 2887 exposuerat]

132 2902 226 2941 qua.
272 2889 391 2943 [Elin.
429 2892 465 2930 in
501 2890 630 2929 indice
661 2891 831 2942 explicat
863 2905 945 2943 qma

78 2966 123 2972 -
154 2949 238 2984 tam
266 2945 362 2986 coll.
402 2945 566 2986 Tei-tull.
604 2947 654 2985 de
688 2948 817 2987 Anim.
850 2961 883 2986 c.
908 2950 944 2987 9.

79 3013 172 3051 qua
195 3002 463 3043 immortalem
480 3008 520 3043 et
532 3004 825 3056 ineffifflatam,
853 3017 946 3056 qua

74 3056 405 3105 imlissohtbilem,
426 3061 482 3099 ita
500 3060 600 3098 enim
614 3059 825 3110 legendum
839 3072 946 3106 esse,

74 3124 205 3163 neque
219 3127 352 3166 quam,
365 3129 482 3166 quarn
499 3116 703 3155 lectionem
718 3116 754 3154 in
768 3117 945 3155 omnibus

810 1100 945 1121 rursum
968 1095 1003 1122 F.
1022 1095 1052 1122 3.
1074 1098 1108 1123 G.
1127 1096 1197 1123 1.2.
1209 1096 1249 1124 1).
1263 1093 1283 1123 f.
1308 1096 1345 1124 Iu
1364 1098 1437 1123 cett.
1451 1100 1582 1123 rursus.
1629 1094 1815 1123 senioribus
1828 1096 1866 1125 D.

999 1203 1088 1243 edd.
1104 1217 1335 1255 expressam
1350 1204 1436 1242 vidi.
1488 1205 1540 1242 At
1558 1205 1687 1255 potius
1709 1218 1797 1243 cum
1814 1228 1866 1231 —

998 1265 1080 1300 tum
1104 1261 1294 1309 significat
1317 1260 1543 1299 adverbium
1567 1264 1607 1298 et
1635 1260 1741 1312 apud
1771 1262 1867 1311 opti-

998 1329 1084 1354 mos
1132 1329 1313 1366 quosque
1359 1317 1568 1366 scriptores
1606 1317 1642 1354 in
1678 1330 1752 1354 usu
1789 1321 1866 1354 est.

997 1370 1126 1410 Plaut.
1146 1372 1230 1411 Mil.
1244 1372 1308 1410 (il.
1323 1370 1389 1410 IV.
1405 1375 1442 1412 3.
1465 1376 1528 1412 20.
1551 1373 1622 1425 qui
1636 1378 1868 1411 consectare

1003 1442 1096 1481 qua
1127 1442 1273 1474 mares,
1306 1442 1399 1481 qua
1420 1429 1615 1478 fenzt'rzas;
1645 1427 1712 1466 IV.
1739 1431 1775 1469 9.
1805 1433 1865 1469 15.

1001 1498 1087 1524 eum
1120 1485 1244 1523 odere
1275 1498 1372 1536 qua
1404 1485 1498 1530 viri,
1536 1498 1628 1536 qua
1662 1484 1867 1529 mulierem

1001 1539 1184 1579 TrinJV.
1201 1544 1237 1581 3.
1264 1544 1327 1581 37.
1357 1554 1448 1592 qua
1472 1554 1649 1586 sacrum,
1678 1554 1771 1593 qua
1792 1553 1867 1592 pu·

999 1596 1168 1642 blicum;
1197 1596 1341 1635 Fronto
1372 1596 1422 1636 ad
1447 1596 1580 1635 Aurel.
1607 1596 1732 1650 Epist.
1758 1595 1803 1635 ΙΙ.
1832 1601 1867 1637 1.

997 1666 1034 1704 p.
1061 1657 1127 1694 37.
1152 1653 1213 1692 ed.
1238 1653 1338 1692 Mai:
1375 1654 1464 1692 vale
1499 1658 1540 1692 et
1572 1667 1649 1700 me,
1688 1653 1867 1699 obsecro,

998 1709 1230 1749 omnimodo
1255 1723 1360 1749 ames
1385 1723 1476 1761 qua
1502 1710 1595 1749 ioco
1622 1724 1715 1762 qua
1737 1711 1867 1750 serio:

998 1766 1166 1804 Gronov.
1192 1764 1362 1804 Observ.
1388 1779 1427 1817 p.
1452 1765 1573 1818 535.]

1055 1855 1307 1895 surrexisset.
1330 1854 1574 1894 Auctoritate
1587 1853 1734 1906 aliquot
1755 1855 1867 1894 codd.

1002 1924 1213 1962 eorumque
1247 1912 1435 1950 bonorum
1476 1910 1578 1950 Elm.
1609 1925 1697 1950 cum
1722 1911 1866 1950 Florid.

1000 1972 1040 2007 et
1065 1967 1184 2006 Scriv.
1210 1969 1410 2020 rescripsit
1434 1969 1736 2014 resurrexisset,
1763 1967 1868 2020 quod

999 2023 1131 2062 multis
1147 2024 1303 2075 Apuleii
1323 2023 1420 2063 locis
1439 2023 1598 2062 defendi
1621 2028 1771 2076 potest,
1795 2038 1868 2062 ncc

1001 2093 1071 2133 pcr
1083 2093 1130 2118 se
1143 2080 1380 2119 difficultatis
1395 2080 1487 2132 quid
1501 2080 1631 2120 habet.
1670 2080 1752 2119 Sed
1766 2081 1868 2120 benc

995 2135 1870 2188 admonetOud„inhocquidemsententiarum

995 2206 1096 2232 nexu
1119 2192 1236 2245 plane
1261 2193 1400 2232 eadem
1425 2206 1532 2238 esse,
1557 2195 1732 2232 excitans
1759 2193 1867 2232 Suet.

995 2250 1220 2302 exemplum
1245 2249 1420 2301 VespaS.
1446 2263 1477 2289 e.
1504 2253 1540 2290 5.
1572 2254 1611 2289 et
1634 2249 1781 2290 Domit.
1812 2255 1868 2295 1.,

998 2319 1159 2356 quorum
1189 2307 1265 2344 uno
1299 2306 1385 2344 loco
1416 2305 1556 2344 eadem
1586 2307 1701 2346 arbor
1729 2319 1871 2344 eversa

998 2362 1146 2401 dicatur
1169 2363 1410 2409 surrexisse,
1441 2361 1565 2401 altero
1589 2363 1869 2403 resurrexisse.

999 2417 1104 2471 [Ego
1139 2417 1256 2458 fidem
1292 2419 1519 2470 optimorum
1557 2419 1669 2458 codd.
1707 2422 1870 2457 secutus

996 2475 1147 2514 restitui
1160 2475 1363 2526 genuinam
1379 2474 1602 2522 lectionem,
1627 2475 1787 2515 alteram
1799 2488 1869 2526 pro

998 2530 1296 2584 interpolatione
1314 2531 1550 2570 librariorum
1570 2531 1730 2570 habens.
1756 2529 1870 2569 Hunc

999 2591 1122 2627 totum
1148 2588 1275 2626 locum
1300 2589 1616 2627 commemoravit
1634 2587 1869 2627 Heins.A‹1-

995 2657 1102 2684 ,vers
1127 2642 1190 2683 Ill.
1221 2649 1255 2684 1.
1281 2657 1319 2696 p.
1346 2643 1462 2698 398]

1056 2722 1277 2762 machaera
1299 2736 1385 2763 sua.
1447 2721 1535 2775 [De
1557 2723 1776 2764 machaera
1822 2721 1871 2760 cf.

1002 2779 1146 2818 Donat.
1171 2778 1222 2817 ad
1245 2777 1432 2818 Liv.V11.
1458 2783 1524 2820 24.
1549 2778 1580 2829 ὅ.
1607 2783 1651 2822 3:
1676 2780 1745 2829 qui
1771 2778 1872 2816 hunc

1005 2835 1131 2874 locum
1156 2836 1351 2874 excitavit.
1400 2835 1487 2876 Sua
1512 2848 1563 2873 ex
1586 2835 1742 2887 optimis
1765 2834 1870 2873 Mss.

998 2891 1226 2930 *addendum
1255 2895 1336 2936 est,
1368 2904 1419 2930 ex
1447 2904 1556 2930 more
1579 2889 1756 2943 Apuleii,
1781 2904 1805 2930 a
1829 2889 1871 2928 li-

1003 2948 1136 2986 brariis
1170 2960 1360 2998 perquam
1399 2947 1598 2998 neglecto,
1645 2947 1873 2998 pronomina

1003 3003 1225 3056 apponendi
1253 3004 1489 3054 possessiva
1520 3017 1572 3042 eo
1608 3016 1734 3043 rerum
1758 3016 1873 3048 nexu,

1004 3074 1081 3112 quo
1101 3060 1253 3099 abesse
1277 3072 1327 3099 ea
1337 3059 1484 3099 malunt
1497 3059 1580 3107 alii3
1603 3059 1652 3099 cf.
1671 3060 1722 3099 ad
1735 3059 1830 3099 Met.
1844 3058 1871 3098 1.

1003 3130 1041 3167 p.
1071 3119 1133 3157 ¹9.
1164 3130 1260 3156 mea
1283 3116 1421 3168 qula]
