2155 3590
671 95 858 141 LIBER
887 95 942 137 X.
995 94 1121 137 CAP.
1150 95 1225 136 111.
1784 93 1864 137 881

72 204 289 262 prorumpit
311 205 350 246 in
382 204 604 258 audaciam,
639 213 677 248 et
707 207 872 248 ubertim
905 207 1166 248 adlacrimans
1186 206 1194 262 Ι
1214 206 1434 261 laciniaque
1464 214 1680 261 contegens
1707 208 1862 257 taciem,
1894 214 1959 247 684

71 276 168 303 voce
193 262 343 317 trepida
367 262 424 302 sic
450 277 536 303 eum
562 264 737 305 breviter
761 265 921 305 affatur:
949 263 1103 305 Caussa
1128 263 1254 304 omnis
1280 270 1319 303 et
1343 263 1456 317 origo
1477 262 1697 317 praesentis
1719 263 1864 303 doloris

71 326 111 359 et
122 318 237 359 etiam
256 319 407 359 medela
420 319 502 373 ipsa
518 327 557 360 et
574 321 680 361 salus
701 321 814 362 unica
834 321 926 361 mihi
952 328 1033 361 tute
1052 321 1135 375 ipse
1155 333 1212 360 es.
1257 318 1325 359 tsti
1345 320 1447 359 enim
1471 320 1522 359 tui
1545 319 1647 360 oculi
1668 333 1739 374 per
1756 333 1865 360 meos

70 375 203 415 oculos
234 375 282 415 ad
313 375 450 415 intima
481 376 625 430 delapsi
657 377 885 431 praecordia
919 378 1015 417 meis
1049 376 1227 417 medullis
1259 375 1492 416 acerrimum
1526 383 1774 416 commovent
1805 375 1865 416 iu·

69 431 262 472 cendium.
323 429 433 485 Ergo
466 432 654 473 miserere
687 441 752 473 tua
785 447 925 473 caussa
950 433 1172 488 pereuntiS,
1201 445 1272 472 nec
1305 439 1341 471 te
1372 431 1512 485 religio
1544 432 1666 487 patris
1704 432 1863 472 omniuo

60 547 220 585 prorupit
235 549 271 577 G.
290 550 316 577 1.
331 549 366 578 0.
380 551 416 579 L.
453 548 654 578 allacrfmas
670 552 704 579 Ο.
718 551 865 579 Beroald.
881 550 983 579 Cotin.
999 551 1073 579 Bas.
1089 547 1328 585 (allacrimas)
1343 546 1570 575 delam-imaus
1585 545 1614 576 δ.
1651 545 1864 586 Ιασνιίηαᾳησ

65 600 122 628 pro
141 591 335 630 laciniaque
354 595 390 623 G.
408 596 435 623 1.
450 597 480 625 2.
495 597 530 623 0.
546 596 580 623 P.
594 597 633 624 D.
646 597 683 624 L.
698 603 734 623 π.
783 595 978 632 contingens
998 597 1032 624 G.
1052 597 1078 623 1.
1094 597 1128 624 Ο.
1143 599 1171 622 et
1193 598 1268 622 ante
1286 593 1390 620 etiam
1411 593 1614 621 desideratur
1631 593 1665 621 in
1687 595 1722 623 G.
1739 595 1768 622 1.
1781 595 1813 622 2.
1827 595 1862 622 0.

63 639 103 668 D.
130 639 167 668 L.
214 639 291 675 ipsa
309 639 412 667 etiam
432 638 560 667 medela
584 639 660 676 ipsa
680 642 716 669 G.
735 642 766 669 2.
797 641 902 674 priore
926 640 1029 667 eliam
1055 640 1154 669 minio
1181 640 1328 667 obducto.
1374 636 1463 665 m‘la‘l
1485 637 1552 665 vite
1577 641 1649 666 tute
1672 637 1743 674 ipse
1768 645 1802 666 es
1826 640 1862 667 1..

64 682 156 710 vitae
181 685 263 718 quod
294 684 328 712 in
352 686 474 719 aliquot
507 687 595 714 codd.
625 689 655 714 et
685 686 756 714 edd.
783 690 858 714 ante
892 688 962 712 tute
992 685 1126 720 tegitur.
1152 692 1215 712 non
1239 688 1285 712 est
1313 684 1347 712 in
1372 684 1408 712 F.
1434 684 1464 712 1.
1492 685 1522 711 3.
1553 685 1589 712 G.
1618 685 1645 711 1.
1673 684 1709 712 B.
1736 688 1765 712 et
1791 685 1862 712 edd.

63 736 166 762 usque
184 730 224 757 ad
246 728 411 764 coti-ium,
437 731 493 764 qui
518 731 643 764 primus
670 730 849 759 substituit.
876 731 954 758 Oud.
980 731 1126 758 emendat
1150 727 1274 756 salutis
1294 728 1361 756 via.
1409 726 1536 764 dilapsi
1552 728 1574 757 t'.
1622 727 1809 755 nn'serrae‘me
1830 737 1859 763 p.

63 773 177 802 misit.
210 774 293 802 uude
311 774 418 810 effingi
445 783 540 809 posse
567 779 655 810 putat
681 776 760 804 Oud.
809 775 968 802 miserere
994 774 1070 803 mei.
1118 777 1178 801 tua
1205 780 1312 801 causa
1333 774 1493 810 parentis
1518 770 1547 802 δ’.
1572 775 1610 802 R.
1636 773 1658 802 f.
1683 775 1720 802 L.
1782 776 1861 800 tune

61 825 167 845 carae
182 819 340 854 ptlrenlv's
360 820 451 849 cotv.
471 822 566 849 Vutc.
594 822 624 849 2.
674 823 735 847 tua
759 827 885 847 caussa
903 820 1080 856 pereuntis
1104 819 1138 847 iu
1163 820 1200 848 B.
1225 820 1260 847 P.
1281 822 1311 846 et
1330 819 1366 847 F.
1389 820 1418 847 1.
1438 818 1504 853 tegi
1530 820 1686 847 aduotaut
1706 823 1861 852 excerpta

59 863 101 892 ad
126 870 226 896 marg.
251 865 298 892 ed.
323 865 414 894 Cotv.
436 865 596 901 parentis
623 873 678 899 pro
698 865 816 902 patris
836 865 857 894 f.
891 866 1017 893 vitiose
1036 865 1084 893 ed.
1104 865 1207 897 Lugd.
1228 864 1344 892 Roaldi
1366 868 1474 892 notam
1498 865 1561 892 buc
1579 864 1732 901 detrusit,
1759 864 1860 898 perti-

58 913 186 937 nentem
198 910 239 937 ad
252 909 460 944 participium
469 910 657 947 pereuntis.
705 908 881 937 deterreas
896 911 1024 939 vicent.

116 995 407 1035 atllacrimans.
443 996 557 1036 Hanc
580 998 809 1048 scripturam
824 996 925 1035 Oud.

57 1051 227 1103 praefert
267 1052 377 1090 alteri
421 1054 695 1092 ‹le-lacrimans
743 1053 924 1103 exemplo

57 1108 166 1159 Virg.
190 1108 290 1146 Aen.
309 1107 361 1147 X.
383 1112 474 1150 628.
503 1109 558 1148 Et
583 1110 684 1148 Iuno
710 1110 924 1148 cullas-ri-

56 1178 204 1209 mans,
230 1169 271 1203 ut
291 1167 455 1203 correxit
474 1165 621 1211 Heius..
649 1179 762 1216 quem
784 1165 922 1203 ibidem

56 1220 146 1258 vide
170 1221 284 1259 etiam
311 1221 360 1258 de
385 1221 669 1260 delam-[mans.
713 1221 922 1272 [Adlacri-

54 1291 184 1323 trians,
211 1277 350 1327 quoda
364 1277 526 1327 Virgilio
546 1277 751 1315 formatum
773 1277 922 1314 ridetur

55 1346 162 1378 esse,
186 1332 405 1371 defenditur
429 1332 608 1383 analogia
632 1333 793 1371 aliorum
820 1346 920 1370 com-

51 1389 285 1440 positorum,
322 1401 423 1439 quae
460 1389 599 1427 eadem
634 1390 781 1427 ratione
817 1386 921 1436 ἅπαξ

52 1441 236 1497 λεγόμενα
269 1448 362 1483 sunt
396 1445 500 1497 apud
534 1445 661 1496 Virg„
704 1449 744 1483 ut
780 1447 918 1485 adim·-

53 1515 193 1555 quere,
223 1500 434 1546 αᾱυεΙανε,
483 1501 530 1540 cs.
556 1501 697 1552 ss'agn.
729 1501 780 1540 ad
812 1502 918 1552 Yirg.

49 1559 154 1598 Aen.
185 1556 253 1596 lx.
290 1562 355 1598 52.
411 1557 590 1596 Ceterum
645 1558 919 1597 delam-imaus

50 1627 120 1667 per
145 1615 377 1653 sententiam
404 1614 465 1653 hic
485 1615 585 1652 bene
605 1615 841 1665 probaretur,
868 1614 917 1651 de

50 1671 192 1723 quibus
216 1672 442 1721 compositis
490 1670 538 1709 cf.
564 1670 701 1709 Loers.
726 1671 776 1709 ad
801 1670 916 1709 ovid.

50 1726 229 1766 Trist.V.
255 1732 293 1768 4.
319 1731 385 1767 40.
411 1726 477 1766 lv,
505 1730 540 1768 6.
567 1726 656 1779 30.]

106 1784 341 1837 laciniaque
367 1788 595 1836 couteqens.
622 1783 672 1822 cl'.
698 1783 747 1822 ad
772 1783 868 1822 Met.
890 1782 916 1822 I.

46 1852 85 1894 p.
109 1843 177 1881 30.

104 1901 143 1936 et
171 1897 302 1936 etiam.
351 1895 445 1948 [Qui
482 1901 520 1935 el
555 1897 671 1935 ctiam
707 1895 917 1948 particulas

48 1953 273 1991 coniunctas
296 1952 404 2006 :serre
431 1967 504 1991 non
531 1957 711 2005 poterant
736 1954 916 2004 interpre-

47 2013 129 2055 tes,
165 2008 387 2047 alterutram
425 2009 651 2047 eiiciendam
683 2022 778 2047 esse
808 2014 917 2061 puta-

45 2065 158 2111 bant,
181 2065 283 2104 unde
309 2070 351 2104 et
374 2078 396 2103 e
415 2065 544 2103 medio
564 2065 627 2103 isti
645 2065 784 2103 tollere
803 2078 915 2104 cona-

45 2121 197 2161 bantur.
227 2120 330 2160 Oud.
363 2123 427 2173 qui
452 2122 553 2160 hunc
571 2135 683 2159 usum
710 2125 911 2171 agnoscat,

46 2178 108 2218 cit.
139 2181 216 2216 not.
247 2177 297 2216 ad
328 2177 436 2216 Suet.
470 2177 584 2217 Caes.
611 2182 674 2219 76.
705 2178 799 2216 Ner.
825 2183 910 2225 45„

45 2237 174 2273 tamen
199 2234 276 2273 secl
299 2233 361 2271 vel
388 2239 432 2273 (ιί
455 2236 574 2274 ctiam
599 2235 803 2272 temerarie
825 2248 912 2273 con-

44 2291 130 2329 iicit.
163 2289 322 2343 Optime
342 2290 391 2328 de
405 2290 539 2329 barum
553 2291 822 2342 particularum
838 2306 911 2330 usu

44 2348 204 2398 exponit
228 2346 356 2385 Hand.
383 2346 550 2385 Turseli.
584 2346 629 2385 T.
656 2346 702 2386 11.
732 2362 770 2399 p.
797 2351 910 2394 521„

44 2415 160 2454 quem
196 2403 384 2454 triplicem
422 2416 516 2442 esse
552 2404 695 2442 statuit.
773 2405 909 2443 Ett'mn

44 2460 146 2498 enim
169 2464 235 2498 aut
258 2459 423 2511 simplici
449 2459 615 2511 copulae
639 2459 742 2504 addi,
767 2465 807 2499 ut
830 2474 912 2499 rem

41 2520 196 2569 praeter
209 2520 360 2555 ceteras
374 2516 562 2555 accedere
577 2515 821 2566 significetur,
845 2520 911 2555 aut

43 2571 188 2625 duplex
212 2572 452 2626 praecedere
477 2578 516 2613 et
539 2573 576 2610 in
604 2571 779 2611 formulis
799 2578 838 2612 et
857 2596 907 2603 —-

43 2633 84 2668 ct
95 2643 271 2682 quoque,
290 2634 326 2668 et
339 2630 470 2674 etiam,
491 2629 658 2679 denique
672 2633 711 2668 et
726 2653 772 2658 —
789 2630 910 2668 etiam

42 2683 125 2723 sere
148 2699 263 2724 unam
288 2685 434 2724 habere
459 2685 774 2737 significationem
801 2686 906 2725 αιιοΙι

42 2741 155 2781 noch
178 2742 304 2787 (Ιακας
340 2741 388 2779 cs.
415 2741 610 2793 Lamprid.
644 2741 842 2781 Commod.
873 2747 907 2782 1.

45 2796 306 2838 Commodum
324 2798 493 2838 Marcus
512 2803 551 2837 et
573 2798 652 2838 suis
672 2800 909 2850 praeceptis

42 2858 80 2892 et
103 2854 223 2892 etiam
245 2868 487 2907 *ma-qnorum
517 2859 641 2907 atque
666 2856 909 2906 optimorum

2 2949 11 2956 ,
44 2910 221 2950 virorum
250 2913 416 2952 erudire
446 2915 616 2950 conatus
647 2916 713 2949 est.
761 2910 910 2949 Noster

41 2964 154 3005 locus
190 2971 391 3019 praeterea
431 2966 794 3006 commemorandus
835 2971 910 3014 cst,

44 3023 146 3073 quod
172 3028 263 3074 post
286 3024 495 3075 particulas
520 3029 558 3063 et
581 3026 701 3064 ettam
732 3024 908 3074 sequitur

43 3079 165 3122 altera
189 3081 399 3121 enuntiatio
424 3086 464 3122 et
486 3080 594 3121 salus
618 3082 760 3130 unica,
792 3093 907 3134 quem

1071 909 1183 936 animo
1198 916 1254 943 pro
1273 909 1404 935 munitm
1427 917 1456 943 p.

986 1009 1098 1034 usum
1121 996 1154 1033 in
1178 996 1318 1033 ceteris
1339 995 1532 1046 exemplis
1547 1010 1620 1033 non
1638 996 1857 1041 observavi,

986 1054 1021 1090 in
1054 1052 1194 1102 quibus
1226 1056 1317 1103 post
1349 1059 1387 1090 et
1415 1053 1535 1091 etiam
1566 1052 1656 1090 nibil
1689 1052 1858 1104 amplius

985 1109 1171 1147 adiicitur.
1221 1106 1298 1154 Qui
1330 1107 1380 1145 (le
1411 1122 1483 1146 usu
1515 1108 1787 1158 particularum
1820 1113 1858 1147 et

985 1166 1103 1204 etiam
1119 1164 1340 1202 disseruere
1355 1164 1457 1202 viros
1477 1165 1615 1203 doctos
1636 1164 1857 1216 largissima

983 1234 1096 1258 manu
1125 1225 1324 1258 enumerat
1350 1220 1482 1258 Eckst.
1509 1221 1557 1259 ad
1586 1221 1707 1259 Voss.
1734 1221 1856 1259 Arist.

984 1275 1027 1313 T.
1056 1275 1116 1314 lll.
1143 1289 1181 1327 p.
1209 1280 1327 1316 1009.
1355 1276 1402 1315 cf.
1426 1276 1527 1316 Met.
1550 1275 1605 1315 X.
1629 1290 1666 1329 p.
1694 1279 1788 1318 709.
1813 1282 1859 1317 ee

982 1333 1126 1371 ctiam
1149 1332 1369 1384 salt-ara]

1037 1393 1106 1427 tna
1145 1402 1287 1427 caussa
1319 1389 1542 1439 pcremzta's.
1615 1387 1776 1427 Colvius
1807 1401 1856 1427 ex

981 1444 1060 1482 Ms.
1086 1443 1277 1494 Lipsiano
1304 1445 1476 1494 ponebat
1507 1449 1602 1484 tuae
1633 1458 1756 1483 carae
1776 1459 1853 1496 pa-

979 1501 1123 1545 reims,
1151 1513 1264 1551 quem
1293 1499 1476 1538 Floridus
1509 1499 1571 1539 his
1597 1501 1728 1538 verbis
1754 1502 1855 1539 bene

980 1557 1136 1594 refutat:
1175 1555 1384 1602 Quomodo
1417 1557 1536 1601 eniiu‘,
1579 1569 1680 1607 quae
1711 1570 1853 1596 nomen

983 1613 1045 1651 titii
1085 1614 1119 1650 iu
1156 1613 1331 1664 privigno
1370 1613 1534 1651 libenter
1571 1613 1766 1660 eraderet,
1804 1628 1853 1653 no

978 1670 1072 1708 illud
1099 1671 1349 1721 pronuntians
1374 1669 1535 1720 pudoris
1568 1669 1851 1717 admoneretur,

980 1730 1020 1764 ut
1044 1739 1162 1776 supra
1189 1725 1283 1763 dixit
1307 1726 1522 1778 Apuleius,
1550 1726 1766 1777 quomodo,
1798 1727 1851 1765 in-

980 1795 1114 1832 quam,
1147 1781 1212 1819 illa
1245 1795 1332 1820 eum
1363 1782 1413 1820 ad
1439 1783 1629 1820 incestam
1656 1782 1849 1822 Venerem

977 1838 1189 1876 exhortans
1205 1852 1342 1877 nomen
1356 1838 1489 1876 matris
1503 1837 1719 1884 adhiberet,
1745 1839 1849 1890 quod

976 1894 1113 1945 procul
1137 1894 1253 1932 dubio
1269 1896 1362 1933 tanti
1382 1894 1512 1945 flagitii
1528 1894 1725 1933 horrorem
1744 1897 1779 1934 in
1800 1909 1847 1934 eo

978 1951 1139 1989 deberet
1158 1964 1316 2001 augere.
1363 1951 1427 1989 De
1447 1950 1725 2001 significatione
1738 1953 1848 1992 vocis

972 2009 1114 2059 pere're
1139 2006 1186 2046 cf.
1206 2007 1338 2046 Burm.
1359 2008 1409 2047 ad
1430 2006 1561 2054 Quint.
1574 2007 1688 2047 Decl.
1702 2007 1794 2047 XV.
1810 2012 1847 2048 8.

976 2068 1016 2102 et
1050 2063 1172 2108 Prie„
1219 2065 1283 2115 qui
1326 2063 1426 2103 haec
1462 2063 1646 2115 exempla
1682 2065 1846 2117 profert:

973 2120 1072 2159 Met.
1097 2119 1142 2158 11.
1169 2133 1205 2171 p.
1238 2125 1329 2160 114.
1350 2134 1522 2172 pereo,
1547 2122 1733 2173 inquam,
1765 2122 1847 2160 iam

973 2177 1129 2217 dudum
1148 2178 1300 2228 perii,
1326 2177 1390 2214 ubi
1405 2190 1467 2215 me
1482 2176 1641 2227 chVirg.
1655 2176 1845 2216 Eetvltt.

975 2238 1041 2273 41.
1066 2238 1112 2272 ut
1135 2234 1230 2278 vidi,
1257 2238 1302 2272 uc
1320 2233 1465 2284 perii
1488 2237 1528 2271 et
1553 2232 1688 2284 fragm.
1703 2235 1845 2272 veteris

972 2296 1134 2343 poetae:
1170 2303 1291 2328 saeva
1325 2303 1408 2328 mm
1445 2291 1578 2329 cernis
1615 2291 1731 2343 quod
1766 2303 1844 2343 eyo

973 2348 1165 2400 Imzyueo.
1190 2346 1262 2385 Sic
1275 2359 1337 2385 me
1353 2347 1538 2385 destituis
1554 2347 1631 2385 iam
1645 2348 1843 2385 senu‘mor-

970 2408 1100 2449 ἰηιιιιι,
1135 2403 1199 2441 ubi
1230 2402 1334 2440 male
1360 2401 1459 2441 Prie.
1486 2403 1686 2442 emendat:
1725 2416 1845 2442 saeva

972 2461 1027 2500 αΙι
1052 2474 1133 2498 mm
1159 2460 1291 2498 cernis
1323 2464 1517 2511 quantum
1543 2473 1622 2511 eyo
1649 2459 1843 2511 lcmyueO.

1028 2517 1180 2568 religio
1202 2516 1346 2567 patris.
1379 2514 1845 2567 J·'elt‘91‘onemhicvere-

971 2573 1163 2614 cundiam
1177 2575 1290 2610 vocat
1303 2584 1337 2610 s.
1352 2571 1589 2623 rcliyiosnm
1603 2576 1842 2623 respectum,

970 2634 1012 2668 ut
1037 2629 1137 2668 Prie.
1173 2629 1273 2666 bene
1310 2628 1427 2665 docet
1456 2641 1505 2666 ex
1537 2626 1674 2666 Gloss.
1707 2626 1842 2677 Cyritt.

970 2701 1008 2738 p.
1024 2690 1117 2726 478.
1131 2682 1307 2736 εὐλάβεια
1321 2684 1562 2730 reverentia,
1581 2683 1841 2729 verecundia,

971 2743 1132 2795 relt'yio.
1159 2741 1294 2779 Gloss.
1322 2739 1476 2778 Phitox.
1503 2754 1540 2791 p.
1570 2743 1663 2780 184.
1688 2740 1841 2791 relt'yio

971 2795 1169 2850 θρησκεία,
1201 2795 1389 2848 εὐσέβεια,
1426 2793 1602 2840 διάθεσις
1644 2793 1708 2834 καὶ
1744 2792 1838 2834 catech

973 2855 1195 2908 [ι’θῖἰῃίοηε
1218 2850 1406 2906 ἀκριβείας
1436 2849 1457 2902 ἢ
1490 2854 1630 2895 αἰδοῦς.
1681 2851 1728 2889 cs.
1762 2849 1838 2890 Cic.

971 2925 1040 2962 pro
1078 2910 1196 2948 Rosc.
1234 2909 1365 2948 Amer.
1403 2912 1470 2949 24.
1501 2908 1531 2959 ὅ.
1559 2909 1623 2948 66.
1650 2921 1841 2959 maynam

970 2969 1066 3013 vim,
1098 2979 1286 3018 nmquam
1322 2964 1611 3008 necessitatem,
1648 2977 1841 3015 umquam

966 3023 1155 3076 possidet
1179 3021 1472 3074 v·cliyv'onem
1486 3024 1687 3072 paternus
1699 3023 1840 3063 mater·

970 3092 1126 3134 reusque
1148 3076 1352 3133 sanquis]
1465 3130 1518 3175 τῦ

1464 3146 1487 3174 a
