2155 3590
692 159 880 200 LIBER
903 158 979 200 Xl.
1026 157 1154 199 CAP.
1179 159 1230 200 ΙΙ.
1773 154 1855 197 985

73 285 176 312 nuuc
200 271 442 311 Eleusiniam
474 272 625 326 glebam
656 273 843 326 percolis3
878 287 948 313 seu
978 279 1021 312 tu
1045 271 1228 312 coelestis
1257 270 1412 321 Venus,
1440 283 1539 324 quae
1564 268 1698 323 primis
1723 282 1855 308 rerum

72 328 248 368 exordiis
266 342 432 368 sexuum
454 329 718 370 diversitatem
739 336 927 382 generato
948 342 1080 369 amore
1099 328 1280 378 sociasti,
1308 334 1346 367 et
1360 334 1519 367 aeterna
1540 325 1673 366 sobole
1688 325 1856 365 humano

73 397 219 438 genere
250 392 484 438 propagato,
518 400 621 426 nunc
653 385 877 426 circumfluo
906 384 1030 439 Paphi
1060 384 1235 425 sacrario
1261 383 1423 434 coleris3
1457 396 1524 423 seu
1550 380 1699 422 Phoebi
1722 394 1853 429 soror,

74 453 172 493 quae
197 447 310 495 partu
335 441 502 481 fetarum
527 442 685 482 medelis
710 441 947 482 lenientibus
971 447 1150 482 recreato
1175 440 1334 494 populos
1359 446 1489 479 tantos
1516 437 1711 489 educasti,
1743 451 1857 491 prae-

73 496 266 550 clarisque
298 510 402 537 nunc
431 499 635 538 veneraris
667 498 836 538 delubris
867 497 1034 552 Ephesi,
1083 510 1152 536 seu
1183 495 1385 536 nocturnis
1415 495 1625 535 ululatibus
1663 493 1859 534 horrenda

72 551 330 607 Proserpina,
361 553 527 594 triformi
552 554 652 594 facie
676 554 846 594 larvales
870 554 1034 608 impetus
1065 552 1323 606 comprimens
1353 558 1560 603 terraeque
1591 551 1764 591 claustra
1793 563 1858 589 co-

74 608 233 660 hibens,
260 609 369 649 lucos
395 610 572 650 diversos
597 613 777 651 inerrans
803 610 913 650 vario
939 610 1045 650 cultu
1070 609 1310 662 propitiaris,
1348 607 1425 646 ista
1462 607 1548 646 luce
1580 607 1748 646 feminea
1780 605 1860 646 col-

74 664 246 706 lustrans
282 673 424 706 cuncta
459 666 636 718 moenia,
681 674 721 707 et
755 666 893 707 uvidis
928 664 1311 722 ignibuslnutriens
1347 663 1450 703 laeta
1475 662 1646 713 semina,
1691 669 1730 702 et
1764 661 1858 703 solis
1883 665 1947 699 755

74 814 282 844 Eleusiniam
295 820 375 846 Mss.
389 818 550 855 plerique,
575 821 606 846 ut
622 819 657 847 F.
672 819 702 848 3.
722 819 758 847 G.
772 819 802 847 2.
816 819 854 846 D.
869 819 906 846 B.
926 818 974 846 ed.
989 825 1036 852 pr.
1049 817 1176 846 Vicent.
1190 816 1303 845 Venet.
1318 816 1348 842 2.
1369 818 1397 843 et
1417 815 1506 843 Colv.
1521 822 1593 842 cum
1607 821 1695 848 seqq.
1721 813 1762 841 cf.
1777 815 1858 843 Oud.

75 863 116 890 ad
130 863 215 890 Suet.
232 862 344 891 Claud.
359 870 387 891 c.
401 864 454 890 25.
481 861 650 891 Eleusinis
663 860 692 892 δ.
707 871 727 892 a
740 871 779 892 m.
793 872 824 898 p.
855 861 1050 890 Eleusinum
1069 869 1090 890 a
1102 870 1143 889 m.
1158 870 1184 890 s.
1217 859 1411 888 Eleusinum
1426 862 1509 889 Iunt.
1526 861 1553 887 1.
1567 861 1597 887 2.
1612 860 1686 888 Ald.
1700 860 1814 887 Venet.
1828 860 1859 887 4.

74 907 177 935 coiin.
190 907 294 936 Basil.
319 905 489 935 Eleusiam
505 909 538 936 in
553 910 588 937 G.
606 910 635 937 1.
650 915 669 936 a
683 917 723 937 m.
738 917 764 937 s.
779 915 852 936 esse
866 908 951 936 falso
964 907 1147 942 pronuntiat
1162 907 1241 934 oud.
1264 905 1312 934 Ibi
1325 905 1409 934 enim
1424 905 1457 933 in
1471 907 1621 933 contextu
1635 903 1775 931 elissam
1795 904 1816 931 i.
1832 912 1859 932 e.

74 950 234 979 eleusium
246 952 402 987 scriptum
415 957 480 989 est;
504 960 524 982 a
542 961 639 982 manu
653 961 730 982 vero
749 954 852 987 prima
869 953 903 981 in
914 960 1014 986 marg.
1028 952 1113 981 idem
1131 951 1278 980 extitisse
1297 951 1440 985 videtur,
1463 951 1520 978 sed
1541 957 1627 978 nunc
1647 952 1861 978 atramentum

75 1000 237 1026 vetustate
251 997 439 1035 extinctum,
453 1000 507 1026 vel
522 999 649 1027 litterae
668 1006 688 1027 a
707 1005 805 1027 manu
829 999 974 1026 secunda
991 998 1093 1026 obiter
1113 1000 1252 1025 abrasae
1271 999 1364 1032 sunt,
1389 998 1423 1023 ut
1442 999 1594 1024 accurate
1608 995 1703 1023 lectio
1717 994 1863 1029 genuina

74 1042 231 1078 distingui
248 1046 395 1076 nequeat.
432 1042 664 1071 clemissiumm
683 1046 778 1072 hahet
797 1051 832 1071 n.
880 1041 938 1070 sed
952 1045 987 1070 tu
1002 1041 1159 1070 caelestis
1177 1042 1303 1070 Vicent.
1316 1042 1430 1070 Venet.
1445 1042 1475 1067 2.
1518 1038 1594 1076 p'us
1611 1047 1723 1067 rerum
1742 1040 1779 1068 L.
1803 1040 1864 1067 Est

75 1087 130 1121 qui
143 1087 324 1124 liineprt'us
338 1088 520 1124 velparm's
534 1089 685 1124 coniecit;
709 1090 766 1117 sed
780 1088 820 1117 cf.
835 1089 874 1117 ad
887 1091 963 1117 Met.
977 1089 1016 1116 Π.
1031 1095 1059 1121 p.
1070 1089 1144 1115 117.
1165 1086 1314 1123 primis
1339 1085 1589 1121 experimentis.
1627 1084 1772 1112 satiasti
1783 1086 1819 1112 G.
1832 1086 1861 1113 1.

73 1133 191 1169 generi
202 1134 238 1161 G.
252 1134 283 1162 2.
296 1134 332 1161 P.
347 1134 384 1162 D.
431 1133 637 1172 circumfuso
657 1132 780 1161 culleus
799 1135 835 1162 G.
851 1135 880 1162 1.
894 1141 931 1161 π.
969 1133 1132 1171 ferarum
1151 1134 1187 1160 G.
1202 1133 1232 1161 1.
1246 1133 1276 1160 2.
1291 1133 1326 1160 Ο.
1339 1132 1373 1160 Ρ.
1388 1132 1424 1160 L.
1445 1139 1475 1166 p.
1497 1138 1534 1159 π.
1554 1131 1588 1159 Β.
1609 1138 1680 1159 cum
1700 1131 1770 1159 edd.
1788 1133 1864 1158 ante

75 1179 170 1206 Vulc.
186 1179 215 1206 2.
239 1179 276 1206 In
288 1175 318 1206 ὃ.
333 1178 389 1206 vix
403 1179 543 1207 discerni
560 1182 678 1214 potest,
696 1178 859 1216 ferarum
873 1178 1082 1217 anfetarum
1094 1177 1265 1206 scribatur.
1290 1179 1327 1205 In
1341 1180 1414 1205 cett.
1434 1177 1524 1204 codd.
1544 1176 1690 1209 equidem
1706 1175 1864 1214 fetarum

74 1223 199 1253 inveni.
233 1221 367 1251 medelis
380 1221 538 1252 lem'cibus
550 1225 586 1252 B.
617 1222 741 1260 populo
756 1225 792 1252 G.
805 1226 836 1252 2.
851 1226 889 1252 D.
908 1222 1027 1260 populi
1038 1224 1074 1252 P.
1110 1221 1252 1249 annales
1266 1223 1302 1251 G.
1318 1224 1347 1250 1.
1362 1229 1381 1250 a
1393 1229 1433 1249 m.
1448 1229 1474 1249 s.
1491 1221 1521 1249 in
1536 1224 1697 1249 contextu.
1722 1222 1753 1248 A
1767 1228 1866 1249 manu

76 1275 124 1302 pr.
144 1268 176 1296 in
190 1275 290 1303 marg.
304 1270 497 1298 vocabulum
513 1269 666 1302 scriptum
679 1272 744 1305 est,
769 1269 862 1297 cuius
876 1269 978 1302 prima
990 1267 1004 1294 l
1014 1269 1122 1296 littera
1135 1271 1245 1301 aperte
1259 1267 1407 1301 dignosci
1422 1269 1539 1303 potest,
1565 1274 1588 1292 a
1601 1266 1700 1294 obiter
1711 1267 1865 1294 abrasum

77 1316 220 1349 apparet,
245 1316 354 1341 cetera
365 1314 431 1348 legi
443 1314 571 1342 omniuo
585 1317 757 1347 nequeunt.
783 1313 865 1341 Hinc
879 1313 1017 1341 coniicio
1032 1313 1169 1346 priorem
1182 1312 1353 1340 lectionem
1368 1312 1470 1340 fuisse
1485 1310 1635 1338 larvales
1645 1333 1653 1347 ,
1679 1311 1762 1344 quod
1781 1311 1866 1338 unde

76 1365 139 1385 non
158 1358 191 1386 in
206 1361 293 1386 textu
306 1358 362 1386 sed
382 1358 415 1386 in
434 1359 580 1392 margine
601 1358 741 1392 posuerit
755 1358 921 1394 librarius,
937 1365 1058 1386 caussa
1072 1357 1212 1391 intelligi
1225 1365 1286 1385 non
1302 1360 1414 1391 polest.
1462 1354 1632 1383 celtiberis
1646 1364 1681 1384 π.
1729 1355 1866 1383 ιἠενναε

77 1403 112 1430 G.
130 1403 157 1432 1.
173 1404 202 1431 2.
216 1404 254 1430 D.
268 1409 304 1430 π.
338 1402 533 1439 propinaris
547 1404 582 1431 G.
599 1404 627 1431 1.
641 1411 676 1431 π.
713 1401 809 1430 nudis
825 1404 859 1430 F.
874 1404 903 1431 1.
918 1404 954 1431 R.
970 1403 990 1430 f.
1006 1410 1035 1436 p.
1052 1400 1081 1430 ὃ.
1097 1403 1131 1430 Ο.
1146 1403 1181 1429 P.
1197 1404 1232 1429 G.
1247 1403 1336 1430 codd.
1350 1405 1425 1430 vett.
1441 1409 1544 1435 usque
1558 1403 1596 1429 ad
1611 1402 1704 1430 Vulc.
1720 1403 1750 1428 2.
1774 1401 1816 1429 At
1832 1401 1866 1428 in

76 1447 112 1476 F.
125 1448 154 1476 3.
171 1448 208 1476 G.
224 1448 252 1475 1.
267 1448 297 1476 2.
311 1448 349 1475 D.
364 1448 509 1482 equidem
522 1447 633 1476 inveni
647 1446 753 1477 undis.
779 1446 852 1476 ndis
867 1451 914 1476 est
928 1448 961 1476 in
975 1449 1011 1476 B.
1026 1449 1062 1476 L.
1078 1456 1111 1480 φ·
1127 1450 1155 1475 et
1170 1449 1243 1475 cett.
1258 1448 1327 1475 edd.
1342 1448 1421 1476 Oud.
1438 1447 1622 1475 emendavit
1635 1444 1668 1473 in
1684 1444 1768 1483 udis,
1783 1447 1865 1481 quod

76 1493 204 1521 Rulink.
218 1491 252 1521 in
266 1494 388 1521 textum
401 1500 465 1521 non
478 1493 616 1531 recepit,
641 1494 697 1522 sed
712 1501 728 1522 e
742 1494 836 1522 Vulc.
849 1495 881 1522 2.
906 1491 978 1521 udis
992 1492 1139 1521 retinuit.

79 1625 354 1677 alimentaque
371 1625 509 1665 mitia
528 1626 664 1672 terris3
690 1625 941 1672 Quint.Decl.

79 1679 164 1719 Xll.
190 1694 222 1719 c.
243 1685 281 1721 5.
313 1681 476 1721 Utinam
499 1682 640 1720 saltem
663 1682 779 1721 nobis
801 1684 945 1722 rudem

82 1737 226 1776 ciclum
243 1737 368 1777 silvae
391 1738 693 1785 ministrassent,
720 1744 758 1777 et
775 1751 946 1790 carpere

80 1793 270 1839 arbusta,
318 1798 532 1833 concutere
575 1808 768 1845 quercus,
812 1794 946 1846 leyere

77 1852 211 1901 froya
237 1849 428 1895 licuisset,
466 1855 505 1888 ct
535 1864 800 1903 quaecunque
819 1850 947 1902 primi

81 1906 271 1945 mortales
300 1910 394 1945 anie
428 1906 604 1945 traditos
639 1907 832 1946 (Iit-initus
866 1907 947 1945 mi-

82 1963 234 2002 tiores
253 1963 364 2001 cibos
377 1967 522 2001 contra
533 1963 683 2012 famem
698 1963 928 2002 obiecerunt
935 1976 948 2007 3

80 2017 212 2057 lustin.
244 2017 389 2057 XLIV.
423 2023 458 2058 4.
490 2018 519 2068 §.
548 2024 609 2058 11.
647 2024 685 2057 et
715 2033 767 2058 ex
796 2020 950 2071 ayresti

83 2074 174 2113 cibo
198 2076 400 2114 mitiora
424 2076 540 2114 vesci.
573 2074 637 2126 [cf.
658 2074 743 2114 Intt.
763 2074 813 2114 ad
832 2074 948 2114 Ovid.

81 2130 177 2169 Met.
202 2129 292 2169 XV.
321 2131 430 2184 478]

140 2188 392 2240 circumflua.

84 2257 122 2296 p.
147 2248 212 2284 44.
238 2247 277 2281 et
301 2258 336 2295 p.
357 2244 439 2296 46.]

143 2314 246 2352 quae
268 2305 395 2352 partu
415 2303 595 2353 fetarum
619 2300 782 2340 medelis
802 2301 946 2339 lenien-

85 2356 201 2395 tibus.
258 2356 394 2395 Variat
423 2357 611 2407 scriptura
641 2357 737 2394 inter
763 2359 948 2409 ferarmn

84 2417 124 2451 et
133 2414 325 2464 fetarum,
345 2426 503 2463 quarum
521 2414 709 2464 posterior
726 2414 838 2451 unice
856 2426 949 2451 vera

84 2472 157 2508 est.
209 2469 307 2507 Feta
336 2470 437 2507 enim
468 2470 663 2520 explicant
694 2468 827 2507 Gloss.
858 2467 947 2507 Phi-

87 2525 166 2564 lox.
200 2539 236 2574 p.
263 2528 328 2565 96.
365 2522 553 2577 ἐγκύμων,
590 2523 741 2576 πλήρης.
790 2525 950 2577 [Gloss.

85 2581 200 2620 Yuic.
225 2595 262 2633 p.
282 2585 347 2622 55.
369 2583 635 2632 fetus‚a‚u1n‚
661 2579 799 2633 ἔγκυος.
824 2581 949 2619 Varro

86 2637 189 2688 apud
208 2636 308 2676 Non.
328 2651 364 2688 p.
380 2641 472 2678 312.
492 2651 526 2676 v,
544 2639 701 2683 κέἰιιηις
731 2638 837 2689 Virg.
851 2638 949 2676 Aen.

85 2692 188 2732 wll.
204 2697 297 2735 630.
322 2694 385 2732 De
404 2707 445 2732 re
470 2694 517 2732 cf.
543 2693 627 2732 Intt.
652 2694 701 2732 ad
727 2693 857 2733 Horat.
873 2693 950 2734 Od.

86 2749 148 2788 111.
174 2754 239 2791 22.
276 2750 327 2788 de
361 2751 550 2802 scriptura
586 2750 633 2789 cs.
671 2750 825 2802 Forbig.
872 2749 949 2789 Pro

87 2806 324 2846 lenientibus
352 2820 402 2844 ex
431 2819 616 2858 perversa
645 2807 834 2857 scriptura
863 2807 948 2846 cod.

87 2861 192 2900 Bert.
219 2863 426 2902 lenicibus.
479 2862 644 2901 Pontan.
671 2862 785 2901 Anal.
811 2861 856 2900 11.
886 2867 947 2903 15.

88 2918 308 2958 emendavit
331 2919 500 2959 elic-ibus
540 2918 642 2957 oud.
677 2932 746 2970 pro
768 2920 948 2970 fetarum

90 2975 256 3014 correxit
276 2977 520 3028 feminarum
545 2976 593 3013 ob
613 2974 770 3014 solitam
791 2976 889 3026 fera
913 2979 954 3014 et

84 3032 330 3081 feminarum
352 3032 514 3071 vocabb.
539 3031 803 3070 confusionem
829 3030 876 3070 cf.
901 3032 951 3071 ad

89 3086 202 3126 Caes.
228 3086 276 3127 B.
300 3086 380 3128 civ.
403 3087 430 3127 1.
457 3092 522 3129 84.
548 3088 617 3126 Sil.
643 3086 726 3126 Ital.
750 3087 776 3126 l.
803 3087 921 3140 569]

146 3145 355 3184 veneraris.
416 3144 497 3197 [De
521 3144 680 3195 passivo
706 3157 873 3184 veneror
902 3143 950 3184 cf.

451 2186 522 2239 [cs.
542 2186 691 2227 Meurs.
707 2186 824 2239 Cypr.
840 2186 865 2225 1.
884 2191 945 2228 14.

999 1625 1122 1663 Voss.
1154 1623 1367 1664 Aristarch.
1397 1622 1442 1663 T.
1476 1623 1521 1663 11.
1545 1632 1589 1675 Jp.
1616 1628 1706 1665 760.
1740 1624 1870 1675 ibique

1003 1680 1162 1733 Eckst.]

1058 1738 1291 1777 ululatibzw.
1353 1736 1425 1789 [cf.
1451 1735 1535 1775 lntt.
1561 1737 1609 1775 ad
1636 1737 1742 1785 Virg.
1767 1736 1868 1775 Aen.

1003 1793 1070 1832 IV.
1099 1797 1192 1834 609.
1229 1794 1536 1846 Nocturnisque
1562 1794 1717 1832 Hecate
1742 1795 1869 1831 triviis

1005 1850 1200 1890 ululata
1221 1864 1300 1901 per
1325 1850 1446 1895 urbis,
1472 1851 1534 1887 ubi
1562 1850 1635 1888 vid.
1663 1849 1775 1888 Serv.
1805 1848 1869 1887 De

1006 1919 1088 1944 voc.
1116 1907 1296 1958 triformi
1317 1907 1432 1957 facie
1456 1905 1503 1944 cs.
1529 1905 1659 1957 Kopp.
1685 1905 1735 1943 ad
1755 1905 1868 1944 Mart.

1008 1959 1162 2013 Capell.
1199 1961 1245 2001 ll.
1283 1964 1318 2010 ξ.
1349 1966 1438 2002 170.
1476 1975 1513 2013 p.
1540 1966 1634 2003 225.
1683 1961 1792 2001 Serv.
1818 1962 1869 2000 ad

1006 2018 1112 2069 Virg.
1138 2018 1238 2057 Aen.
1264 2018 1332 2058 IV.
1358 2018 1474 2071 511.]

1062 2075 1328 2127 Proserpina.
1388 2074 1556 2128 [Isidem
1585 2075 1750 2114 eandem
1776 2088 1870 2113 esse

1005 2130 1268 2184 Proserpinae
1299 2131 1538 2170 demonstrat
1574 2131 1698 2170 fusius
1731 2131 1870 2183 cuper.

1005 2187 1233 2239 Harpocrat.
1287 2189 1321 2226 in
1376 2186 1512 2226 Poien.
1562 2188 1700 2240 Suppl.
1746 2187 1867 2227 Thes.

1005 2245 1164 2296 Antiqq.
1191 2244 1237 2283 T.
1263 2243 1311 2283 Π.
1336 2258 1372 2296 p.
1400 2249 1490 2285 488.
1538 2244 1674 2283 Muuk.
1704 2245 1754 2283 ad
1779 2244 1870 2284 Ful-

1005 2305 1107 2351 gent.
1132 2315 1171 2352 p.
1196 2305 1308 2349 635.;
1339 2300 1388 2340 cf.
1414 2301 1510 2341 infra
1534 2301 1584 2340 ad
1608 2305 1751 2354 p.763.
1779 2302 1870 2341 He-

1006 2362 1160 2396 catam
1182 2357 1278 2410 ista]

1063 2414 1152 2453 luce
1173 2415 1363 2464 feminea.
1395 2413 1436 2466 [ἰ.
1462 2428 1495 2452 e.
1521 2415 1638 2462 tenui,
1663 2414 1868 2453 imbecilla.

1004 2468 1179 2508 Macrob.
1206 2470 1289 2509 Sat.
1321 2469 1347 2509 1.
1377 2475 1439 2511 17.
1472 2471 1527 2510 Et
1555 2472 1675 2510 solem
1708 2471 1869 2524 quidem

1008 2527 1186 2566 maxima
1202 2528 1238 2566 υἱ
1256 2526 1410 2567 caloris
1434 2528 1477 2566 in
1495 2542 1673 2579 superna
1692 2532 1869 2578 raptum,

1008 2583 1143 2622 lunam
1161 2597 1254 2622 vero
1269 2583 1497 2623 finnaidiore
1509 2589 1547 2622 et
1567 2585 1682 2636 quasi
1693 2584 1870 2634 femineo

1007 2640 1108 2678 seben
1132 2640 1315 2679 naturali
1336 2640 1514 2692 quodam
1531 2654 1709 2691 pressam
1729 2644 1869 2691 tepore

1006 2697 1209 2746 inferiora
1228 2697 1408 2735 tenuisse.
1447 2695 1595 2735 Eadem
1615 2697 1761 2734 ratione
1781 2696 1870 2734 dicit

1006 2750 1105 2790 Plin.
1120 2751 1168 2790 H.
1183 2751 1233 2789 N.
1244 2751 1289 2789 11.
1308 2756 1397 2792 104.
1415 2753 1536 2793 lunae
1551 2753 1871 2804 femineum'et

1005 2809 1127 2847 molle
1150 2808 1282 2853 sillum
1307 2808 1354 2847 cf.
1381 2809 1484 2859 Virg.
1511 2808 1610 2846 Aen.
1637 2807 1704 2846 XI.
1731 2808 1840 2860 782]

1062 2865 1195 2903 uvidis
1229 2865 1407 2917 ignibus.
1476 2864 1586 2903 Haec
1621 2863 1784 2903 Pontani
1821 2863 1872 2903 ad

1005 2919 1181 2959 Macrob.
1215 2933 1252 2971 p.
1285 2924 1378 2961 282.
1414 2920 1632 2959 emendatio
1669 2934 1784 2972 quum
1820 2919 1872 2958 ad

1009 2976 1121 3014 codd.
1171 2976 1336 3027 vestigia
1375 2976 1467 3014 mihi
1515 2978 1660 3027 optima
1699 2976 1873 3016 videatur

1009 3045 1121 3078 esse,
1157 3045 1232 3069 non
1264 3032 1395 3071 dubito
1426 3033 1461 3070 in
1492 3035 1638 3071 textum
1666 3045 1754 3072 eam
1777 3035 1871 3072 reci-

1007 3101 1111 3140 pere.
1148 3087 1252 3127 oud.
1277 3101 1326 3126 ex
1349 3089 1471 3129 nudis
1494 3088 1676 3127 emendat
1697 3090 1742 3128 in
1764 3090 1871 3137 udis,

1006 3143 1284 3196 significatione
1319 3145 1620 3198 praepositionis
1657 3159 1737 3199 per
1772 3147 1869 3193 sive,
