2155 3590
689 94 880 136 LIBER
907 93 935 134 1.

53 213 210 258 serant,
249 207 407 247 tertium
432 220 493 247 me
517 206 635 246 facio.

995 90 1121 134 CAP.
1152 89 1200 132 Π.
1792 89 1848 133 17

697 207 759 248 Ac
784 208 874 248 dum
904 204 1098 256 ausculto,
1132 203 1224 258 quid
1259 201 1454 243 sermonis
1492 200 1706 254 agitarent,
1745 199 1848 240 aller

52 269 191 304 exerto
217 262 424 303 cachinno:
466 261 614 314 Parce,
643 263 791 317 inquit,
829 264 871 304 in
907 262 1030 305 verba
1059 261 1136 302 ista
1160 267 1239 300 tam
1272 258 1443 299 absurda
1474 264 1630 310 tamque
1660 256 1848 296 immania

50 382 92 408 αἱ
102 378 176 407 dum
190 382 252 408 MS·
267 379 356 409 0⁰1V·
371 382 401 408 Θῐ
414 385 449 413 0.
480 387 522 407 ac
541 377 617 408 dnm
636 380 672 409 P.
692 381 728 409 F.
748 382 779 409 3.
797 382 835 409 D.
851 383 886 409 G.
902 383 931 408 2.
954 382 1037 409 Iunt.
1055 381 1086 408 2.
1111 377 1180 406 iam
1198 375 1275 405 dum
1297 378 1336 405 R.
1358 375 1380 405 f.
1406 375 1488 409 quod
1508 374 1706 402 celeritatem
1725 375 1755 402 et
1775 373 1849 402 avi-

48 425 179 454 dilatem
192 423 346 453 audiendi
358 425 527 454 indicaret.
552 423 705 453 abs-culto
718 426 756 454 D.
805 427 984 463 agitarent
994 426 1030 454 F.
1046 427 1075 453 1.
1091 426 1126 453 G.
1139 425 1178 452 D.
1192 424 1229 452 P.
1244 422 1264 450 f.
1279 429 1307 456 p.
1322 423 1361 451 R.
1380 422 1546 449 Peli-arch.
1561 419 1662 453 princ.
1676 423 1708 447 et
1718 420 1802 446 lunt.
1816 419 1848 446 2.

48 471 133 499 unde
144 470 179 498 in
193 473 283 498 textu
296 469 412 504 recepi.
427 470 526 498 celeri
540 471 629 498 codd.
645 474 673 498 el
689 471 759 499 edd.
775 470 982 508 agitaretur.
1001 487 1034 491 —
1053 471 1176 497 exorto
1195 469 1232 497 B.
1251 468 1290 495 D.
1311 473 1331 495 a
1349 473 1389 495 m.
1411 474 1437 494 s.
1458 467 1495 493 R.
1510 472 1540 499 1).
1555 464 1577 492 f.
1591 464 1662 492 edd.
1676 466 1741 492 ant.
1757 463 1849 492 Colv.

47 517 187 543 cuz-torm
199 515 236 543 B.
254 516 283 543 1.

330 512 448 552 inquid
459 513 572 542 Parce
585 516 620 543 G.
634 516 665 543 2.
679 522 714 543 π.
728 516 766 544 D.
780 531 826 536 —
841 518 875 543 eu
889 514 992 544 verba
1003 516 1042 544 R.
1058 515 1080 544 f.
1093 530 1139 535 —
1151 511 1246 550 haec,
1260 513 1344 546 quod
1355 514 1427 546 post
1441 509 1512 538 ista
1526 509 1560 538 in
1573 508 1742 538 nonnullis
1757 508 1848 536 codd.

48 563 78 589 et
92 560 161 590 edd.
175 563 252 589 velt.
265 559 395 597 legitur,
410 561 503 589 abest
514 567 536 590 a
547 561 585 590 F.
599 561 629 590 1.
642 561 674 589 3.
687 561 724 590 P.
738 562 774 590 G.
786 562 825 590 L.
838 561 860 589 f.
874 562 914 591 R.
927 562 965 591 D.
976 575 1013 580 -
1024 559 1144 588 inania
1155 560 1193 588 P.
1204 558 1242 589 Β.
1253 559 1293 587 D.
1307 558 1343 586 G.
1357 557 1392 586 Ο.
1405 557 1444 586 R.
1458 555 1482 584 f.

47 668 142 709 Sall.
158 668 285 707 locum
308 668 409 707 male
436 668 636 721 explicuit:
656 671 822 723 incepto
841 675 917 710 sta-

46 726 200 779 dioque
234 725 316 763 fere
350 726 453 764 idem
489 739 584 764 esse
624 730 748 773 ratus,
787 740 916 778 quam—

46 796 161 833 quam
191 783 395 835 inceptum
426 796 500 821 non
532 782 715 834 generale
745 783 797 821 sit
827 783 916 821 sub-

45 839 270 884 stantivum,
307 839 381 877 sed
412 839 625 890 periculum
656 839 799 878 indicet
830 838 915 877 Sal-

44 893 148 933 lustii
185 894 369 933 historias
406 896 695 941 conscribendi,
738 895 916 935 studium

43 964 134 989 vero
160 964 328 1002 operam,
350 965 465 1003 quam
490 952 525 989 in
551 952 705 1004 incepto
720 951 917 1003 perficien-

43 1008 93 1046 do
125 1006 396 1046 collocaverat.
456 1007 676 1047 Particulae
701 1009 803 1046 enim
830 1021 916 1060 que,

42 1064 90 1103 id
118 1068 177 1103 est
206 1062 330 1102 aliave
362 1064 400 1102 id
425 1077 550 1115 genus
575 1066 623 1103 ab
648 1064 820 1116 Apuleio
852 1077 917 1101 ex-

43 1119 264 1171 plicationiS
303 1133 425 1158 causa
466 1121 672 1166 adduntur,
710 1133 811 1172 quae
847 1133 915 1170 pro

43 1176 186 1227 spuriis
223 1176 412 1214 interdum
461 1180 500 1214 et
546 1177 802 1227 glossematis
850 1176 916 1213 ha-

41 1232 206 1270 buerunt
230 1232 478 1283 interpretes:
505 1232 552 1271 cf.
579 1233 629 1271 ad
642 1232 739 1270 Met.
755 1231 782 1269 l.
797 1245 834 1282 p.
850 1235 914 1271 42.

42 1286 161 1325 Plura
196 1288 323 1327 dicam
359 1288 409 1326 ad
439 1288 535 1327 Met.
573 1302 610 1339 p.
650 1292 742 1328 398.
782 1287 919 1326 Prata

43 1344 183 1382 eodem
224 1344 340 1383 modo
385 1344 459 1382 dici
501 1345 701 1390 existimo,
737 1347 779 1381 ut
814 1344 919 1394 apud

44 1399 242 1439 Claudian.
269 1400 318 1439 de
344 1399 467 1439 Laud.
494 1401 628 1439 seren.
656 1404 692 1441 9.
708 1404 840 1452 prata
866 1400 918 1439 le-

41 1461 200 1511 yentes3
227 1455 375 1495 Colum.
402 1456 452 1495 de
478 1456 567 1495 cult.
594 1457 690 1495 hort.
718 1461 811 1497 281.
839 1457 918 1495 lae-

42 1515 173 1566 tisque
201 1514 331 1552 virent
363 1514 549 1552 com-iria
578 1514 735 1565 pratis,
771 1513 837 1551 ubi
869 1512 916 1551 cf.

42 1569 226 1608 Wernsd.
254 1570 290 1608 in
314 1568 427 1608 Poet.
453 1568 500 1608 L.
515 1569 570 1608 M.
598 1569 710 1608 Tom.
737 1568 804 1608 vl.
820 1568 864 1608 P.
883 1573 917 1609 1.

44 1639 81 1677 p.
120 1629 184 1666 98.
226 1624 342 1664 Ovid.
378 1626 462 1664 Art.
499 1625 549 1664 A.
587 1625 614 1665 I.
654 1629 746 1667 299.
789 1624 917 1664 Plaut.

43 1681 190 1720 Pseud.
216 1681 281 1721 Ill.
308 1686 345 1723 2.
373 1686 437 1723 21.
464 1682 514 1721 de
538 1682 698 1721 floribus
725 1686 763 1720 et
786 1682 918 1720 herbis

11 1756 16 1760 ¹
44 1738 82 1777 in
106 1738 229 1789 pratis
254 1739 518 1777 nascentibus.
550 1738 608 1777 Ita
632 1753 732 1778 arra.
757 1742 797 1776 et
815 1751 918 1777 cam-

40 1809 122 1847 pus
147 1793 247 1832 alias
272 1795 530 1833 inveniuntur:
556 1795 666 1845 Virg.
683 1795 827 1845 Georg.
853 1793 917 1832 ΙΙΙ.

46 1854 138 1892 325.
152 1851 218 1889 ubi
244 1851 292 1890 ef.
307 1850 392 1890 lntt.
408 1850 593 1905 Affector
613 1851 794 1903 denique,
815 1850 922 1902 quod

45 1920 114 1958 pro
158 1906 342 1945 sabulosa
386 1906 566 1945 librorum
610 1907 781 1946 lectione
829 1919 922 1944 con-

46 1963 172 2009 stitui,
209 1964 446 2009 sententiae,
484 1977 599 2014 quam
637 1964 674 2002 h.
705 1963 729 2002 l.
761 1962 922 2013 exprimi

47 2023 219 2071 apparet,
240 2021 393 2058 omnino
415 2021 604 2058 convenit.
633 2019 809 2073 Afficere
822 2019 925 2057 enim

47 2075 152 2114 idem
183 2089 294 2121 esse,
327 2076 431 2127 quod
455 2079 668 2129 affectare,
701 2077 812 2114 cuius
845 2079 926 2113 tan·

48 2135 128 2170 tum
175 2136 239 2171 est
286 2132 630 2183 frequentativum,
680 2133 814 2170 iniuria
861 2131 926 2169 ad-

973 673 1130 723 fectum
1159 667 1382 707 commutari
1413 667 1450 704 in
1481 664 1584 703 Mss.
1622 664 1699 702 iam
1729 675 1851 713 supra

976 727 1154 772 vidimus,
1180 729 1219 764 et
1241 736 1377 763 ansam
1396 720 1669 774 depravandae
1687 720 1849 770 scriptu-

973 797 1039 821 rae
1075 782 1253 833 praebuit
1288 781 1422 832 ignota
1463 782 1503 817 et
1540 777 1725 816 inusitata
1760 775 1850 813 novi

974 838 1153 877 vocabuli
1190 838 1330 882 forma,
1369 848 1469 887 quae
1502 838 1631 873 tamen
1668 845 1738 884 per
1774 830 1851 869 alia

974 895 1223 933 substantiva
1257 893 1397 931 eodem
1433 890 1550 930 modo
1592 891 1641 928 ab
1677 886 1848 939 Apulei0

977 952 1124 989 noviter
1161 949 1400 989 conformata
1434 950 1567 999 potest
1596 944 1773 989 defendi,
1809 947 1853 981 ut

974 1008 1184 1060 [χῖον-ἴαται*
1209 1005 1353 1044 Florid.
1374 1003 1420 1043 Il.
1446 1017 1483 1055 p.
1499 1008 1564 1044 77.
1590 1002 1853 1054 moclificator

976 1063 1066 1101 ibid.
1092 1076 1129 1113 p.
1154 1067 1215 1102 17.
1247 1061 1288 1100 ln
1314 1061 1376 1100 his
1403 1060 1504 1098 enim
1528 1059 1658 1097 verbis
1682 1069 1852 1108 pangen-

976 1120 1037 1157 dis
1063 1119 1212 1169 plurimi
1238 1121 1345 1156 erant
1368 1116 1560 1161 Africani,
1585 1113 1758 1165 inprimis
1781 1112 1851 1150 Ar-

975 1176 1129 1219 nobius,
1156 1174 1264 1212 cuius
1290 1172 1419 1211 locum
1438 1171 1485 1209 ΙΙ.
1502 1175 1565 1212 60.
1593 1169 1710 1208 simili
1735 1169 1851 1207 modo

977 1231 1144 1281 corrigo:
1182 1231 1223 1268 in
1262 1230 1339 1268 deo
1370 1242 1501 1267 rerum
1528 1228 1667 1279 capite
1691 1230 1729 1264 et
1755 1239 1852 1277 pro-

976 1288 1165 1339 qem'tore
1195 1286 1368 1338 defixus.
1407 1284 1590 1335 Denique
1627 1296 1753 1334 equus
1789 1283 1853 1333 af-

973 1345 1114 1395 sector
1140 1342 1284 1380 dictum
1309 1344 1391 1384 est,
1428 1344 1470 1378 ut
1500 1353 1626 1392 equus
1658 1338 1855 1376 adt-ector

977 1398 1121 1437 Florid.
1160 1397 1205 1437 ll.
1252 1411 1288 1448 p.
1330 1401 1393 1437 77.
1439 1397 1595 1435 animus
1632 1398 1856 1445 corruptor

979 1455 1073 1494 Tac.
1110 1455 1212 1493 Ann.
1249 1452 1313 1492 lll.
1353 1457 1417 1493 54.
1456 1453 1599 1491 domus
1633 1451 1855 1502 reynatrz'a:

978 1511 1068 1550 ibid.
1106 1510 1134 1550 I.
1173 1515 1230 1557 4.;
1268 1509 1316 1548 cf.
1349 1509 1399 1547 ad
1429 1508 1526 1547 Met.
1552 1521 1590 1559 p.
1625 1511 1716 1547 110.
1748 1504 1854 1549 Erat,

979 1582 1094 1620 quum
1126 1567 1328 1618 adreptor
1359 1566 1590 1603 coniicerem
1627 1562 1699 1610 (cf.
1731 1574 1857 1600 meam

979 1624 1140 1663 Censur.
1166 1622 1263 1661 Met.
1291 1621 1393 1661 Oud.
1421 1623 1456 1659 in
1483 1620 1598 1659 Jahn.
1624 1619 1726 1657 Ann.
1752 1616 1855 1656 Phil.

977 1695 1014 1733 p.
1052 1684 1145 1721 381.
1179 1693 1211 1718 a.
1247 1682 1385 1728 1837.)
1425 1691 1527 1729 quae
1551 1674 1746 1714 vocabula
1769 1686 1858 1713 sae-

977 1738 1066 1789 pius
1092 1737 1128 1775 in
1155 1736 1257 1774 Mss.
1286 1732 1597 1785 commutantur]

1037 1815 1196 1855 duobus
1211 1814 1433 1854 comitibus.
1460 1812 1547 1851 Hoc
1566 1810 1695 1849 solum
1710 1823 1740 1848 c.
1756 1808 1858 1847 Oud.

980 1872 1221 1924 probandum
1240 1874 1316 1916 est,
1338 1883 1455 1921 quum
1479 1869 1563 1908 (luo
1583 1868 1771 1906 comitum
1790 1878 1860 1916 pro

983 1928 1142 1968 duobus
1172 1926 1384 1966 comitibus
1413 1926 1478 1963 vix
1510 1924 1671 1963 latinum
1696 1923 1761 1968 sit,
1786 1920 1862 1960 sed

984 1985 1084 2023 duos
1110 1997 1159 2021 ex
1184 1983 1361 2034 pluribus
1386 1981 1541 2020 indicet.

1037 2066 1329 2115 processerant
1358 2060 1479 2112 [quod
1505 2059 1608 2098 Oud.
1634 2057 1786 2102 reiecit,
1811 2056 1860 2094 ab

988 2119 1143 2170 optimis
1162 2117 1274 2156 codd.
1294 2121 1492 2155 servatum
1506 2115 1658 2161 retinui,
1681 2114 1864 2166 quoniam

48 2187 125 2226 huc
154 2189 222 2227 viri
253 2189 356 2227 docti
389 2189 618 2227 dubitarunt.
656 2188 703 2227 cf.
731 2188 851 2227 Salm.
878 2187 928 2225 ad
981 2189 1066 2228 1)Το
1099 2179 1138 2213 et
1162 2188 1272 2226 Prae
1302 2187 1428 2225 Paene
1462 2172 1626 2211 eandem
1656 2171 1802 2209 habent
1826 2170 1864 2207 5¹¹

51 2244 178 2295 Spart,
216 2245 252 2283 in
290 2244 409 2283 Hadn
445 2245 510 2284 vit·
555 2258 586 2283 ρ,
624 2249 681 2290 4,,
725 2258 812 2282 cum
849 2256 926 2294 quo
986 2230 1118 2271 multis
1156 2231 1386 2281 compositis
1435 2228 1776 2280 significationem,
1823 2229 1866 2263 ut

51 2314 101 2338 ex
131 2301 216 2340 cod.
247 2300 293 2340 P.
331 2301 520 2351 scriptura
556 2301 746 2340 adiectae
783 2301 820 2338 in
852 2299 929 2338 ad·
983 2287 1214 2340 I’TOludere
1239 2290 1278 2325 et
1291 2286 1558 2339 Praelmlere’
1585 2284 1634 2323 Cf·
1660 2283 1787 2321 Hand·
1816 2281 1866 2320 ad

42 2359 188 2409 fectae
231 2357 458 2409 corrigenda
505 2360 577 2396 est,
621 2357 668 2395 ef·
715 2356 827 2394 eund„
877 2355 928 2393 ad
988 2344 1086 2382 Stat.
1114 2342 1210 2382 Silv.
1242 2342 1269 2381 Ι.
1307 2356 1343 2393 p.
1381 2346 1462 2387 15..
1489 2343 1552 2393 qui
1584 2345 1713 2378 tamen
1749 2350 1866 2376 unam

50 2412 171 2452 naar,
198 2427 231 2454 ρ,
257 2413 303 2453 11,
330 2427 367 2464 p,
396 2417 487 2454 101·
514 2417 553 2451 et
577 2413 627 2451 ad
639 2413 795 2451 vulcat,
809 2411 925 2450 Avid,
986 2403 1134 2439 tantum
1165 2400 1392 2450 scripturam
1425 2402 1529 2436 certo
1567 2396 1707 2435 iudicio
1735 2406 1865 2446 quem-

54 2468 168 2508 Cass‚
201 2483 232 2508 c·
258 2468 286 2508 Ι,
319 2483 355 2520 Ρ,
383 2474 476 2510 ,442-
515 2468 573 2507 lta
603 2469 707 2520 apud
738 2469 848 2507 Sel-v,
881 2467 932 2505 ad
989 2469 1140 2507 cunque
1166 2459 1362 2494 auctorem
1387 2458 1566 2493 secutum
1591 2466 1685 2491 esse
1710 2455 1865 2489 conten-

53 2526 154 2565 Αρῃ,
188 2525 253 2565 ΠΙ,
287 2529 378 2567 209,
423 2527 557 2577 stupri
600 2529 813 2579 affector&
843 2524 930 2562 reti-
988 2513 1059 2559 dit3
1097 2525 1198 2564 quae
1241 2512 1437 2549 sententia
1478 2511 1633 2548 omnino
1671 2507 1866 2559 displicet.

53 2581 223 2621 nendum
255 2586 328 2621 est,
363 2582 413 2621 cf,
440 2581 536 2620 Met,
562 2581 612 2620 Χ,
640 2595 676 2632 p,
704 2584 796 2621 718,
828 2580 931 2634 Affe-
991 2568 1130 2608 Gloss.
1172 2567 1327 2606 Philox.
1368 2567 1566 2619 procedit
1615 2569 1653 2603 et
1696 2576 1866 2616 praece-

55 2643 168 2678 ctare
187 2651 280 2677 vero
307 2643 369 2677 est
394 2651 546 2677 summe
572 2651 733 2688 cupere3
759 2636 807 2674 cf.
833 2635 932 2675 Cios.
993 2625 1057 2664 ‘lit
1103 2624 1302 2676 explicant
1347 2620 1518 2677 προάγει·
1582 2621 1728 2660 Harum
1775 2633 1868 2657 vem

55 2695 107 2734 ad
119 2693 233 2734 Ovid.
248 2694 345 2734 Met.
366 2695 393 2734 I.
421 2694 486 2733 sol.
508 2698 544 2734 5.
570 2693 737 2744 Capitol.
763 2694 829 2732 vit.
842 2692 932 2731 Ant.

59 2755 95 2791 7.
125 2763 164 2802 p.
194 2754 288 2792 262.
328 2754 546 2806 affectatae
577 2750 812 2804 tyrannidis
843 2762 935 2789 reus

59 2807 138 2846 hoc
162 2812 221 2847 est
244 2807 415 2847 Attilius
429 2808 630 2847 Tucianus
649 2837 657 2845 .
681 2836 690 2844 .
711 2835 720 2845 .
743 2805 833 2858 filio
853 2806 937 2845 eius

59 2864 102 2901 in
129 2863 312 2903 omnibus
342 2877 500 2916 semper
530 2863 700 2908 adiuto,
736 2862 801 2900 ubi
833 2875 864 2900 c.
888 2860 936 2901 P.

61 2923 101 2957 et
127 2920 188 2958 ed.
213 2919 376 2958 Mediol.
405 2920 576 2970 corrigas
602 2919 661 2957 acl
685 2919 821 2958 omnia
844 2931 936 2957 sem-

57 2989 137 3028 per
190 2977 360 3022 adiuta,
415 2976 518 3015 idem
567 2975 663 3013 dixit
710 2974 801 3013 ibid.
850 2987 936 3026 cap.

64 3036 101 3072 8.
132 3044 170 3083 p.
204 3036 298 3073 267.
330 3033 545 3072 adim-aret
576 3037 615 3070 et
643 3035 850 3070 senatores
881 3030 940 3070 ad

61 3089 299 3141 functiones
322 3103 426 3129 suas.
461 3089 678 3128 Adiectum
698 3101 788 3126 vero
809 3091 850 3126 et
868 3087 940 3128 acl-

992 2681 1326 2733 praepositionum
1358 2683 1516 2731 propter
1546 2675 1741 2716 scribendi
1766 2689 1868 2714 com-

992 2738 1178 2790 pendium
1215 2736 1516 2776 commutatione
1558 2732 1652 2774 nihil
1692 2736 1756 2772 est
1797 2731 1869 2771 fre-

994 2793 1206 2846 quentius]

1051 2866 1194 2901 exerto
1237 2860 1503 2913 [Liberiorem
1544 2858 1689 2898 indicat
1739 2858 1869 2901 risum,

995 2931 1112 2971 quem
1136 2916 1276 2956 tollere
1299 2916 1450 2961 solent,
1476 2916 1540 2967 qui
1564 2927 1689 2953 vanae
1713 2912 1871 2952 alterius

994 2974 1264 3026 superstitioni
1301 2976 1340 3011 et
1371 2972 1586 3010 credulitati
1616 2969 1791 3009 illudunt.
1824 2968 1872 3007 cs.

996 3029 1082 3070 lntt.
1125 3030 1177 3069 ad
1214 3028 1356 3068 Matth.
1398 3027 1469 3068 IX.
1511 3032 1576 3069 24.
1619 3025 1782 3065 Tertull.
1825 3026 1875 3064 ad

997 3099 1105 3127 uxor.
1133 3085 1179 3125 11.
1208 3089 1242 3128 1.
1273 3083 1392 3138 Apul.
1416 3083 1516 3129 Met.
1541 3083 1568 3123 1.
1600 3097 1639 3136 p.
1665 3086 1730 3124 56.
1761 3095 1875 3123 exer-

1620 3150 1649 3194 2
