2221 3667
254 666 317 700 185

348 124 428 166 162
613 124 657 164 ι..
688 124 907 166 APULEn
938 123 1338 176 MAI)AURENS.IS
1369 121 1911 173 METAMORPHOSEON

903 272 1341 324 CAPUT
1445 273 1583 326 VII.

457 381 568 424 Haec
591 385 791 441 proteum,
830 397 986 426 rursum
1010 381 1197 436 iacrymis
1242 381 1392 422 obortis
1422 383 1692 438 porrectisque
1724 380 1762 421 in
1796 394 1930 437 preces
1962 380 2140 421 manibus

344 452 414 493 per
454 439 645 493 publicam
690 440 1021 487 misericordiam,
1056 451 1125 491 per
1161 437 1368 492 pignorum
1400 439 1603 482 caritatem
1636 445 1808 480 moestus
1840 444 1921 477 tum
1953 437 2022 477 hos
2060 444 2140 477 tum

343 495 432 537 illos
458 496 711 550 deprecabar.
765 495 943 549 Cumque
966 493 1044 533 iam
1072 493 1312 534 humanitate
1337 493 1574 546 commotos,
1603 494 1872 535 misericordia
1900 493 2056 534 fletuum
2083 493 2141 532 af-

343 552 469 592 fectos
495 565 630 594 omnes
656 553 751 593 satis
778 552 994 600 crederem,
1023 549 1128 590 Solis
1149 557 1189 590 et
1207 549 1387 592 Iustitiae
1407 558 1574 592 testatus
1595 551 1764 602 oculum,
1793 563 2004 604 casumque
2029 562 2141 606 prac-

343 614 493 648 sentem
525 623 652 650 meum
691 608 966 648 commendans
997 604 1125 647 Deum
1160 607 1452 660 providentiae,
1492 607 1606 662 paulo
1643 608 1759 648 altius
1796 607 1981 662 adspectu
2015 605 2142 646 relato

343 665 541 719 conspicio
567 678 727 719 prorsus
754 670 875 703 totum
902 662 1104 717 populum,
1133 663 1216 702 risu
1242 661 1525 720 calchinnabili
1544 663 1781 714 diffluebant,
1810 677 1882 704 nec
1901 677 2013 703 secus
2033 662 2142 702 illum

342 721 485 761 bonum
512 721 700 775 hospitem
727 726 1005 773 parentemque
1031 733 1158 759 meum
1178 718 1368 759 Milonem
1394 720 1478 760 risu
1498 721 1670 761 maximo
1691 720 1936 761 dissolutum.
1976 721 2032 760 At
2052 725 2143 758 tunc

341 777 399 818 sic
426 777 566 817 tacitus
592 789 760 816 mecum:
786 774 849 814 En
878 775 987 826 fides,
1014 776 1197 829 inquam,
1226 790 1273 816 en
1302 776 1564 816 conscicntia:
1600 791 1673 830 ego
1706 777 1858 830 quidem
1885 790 1953 831 pro
1979 774 2142 829 hospitis

342 835 468 874 salute
488 840 526 873 et
545 832 736 872 homicida
757 845 843 871 sum
869 838 908 872 et
932 846 1024 872 reus
1051 832 1188 886 eapitis
1213 833 1396 872 inducor:
1423 840 1463 872 at
1486 833 1550 873 illc
1577 847 1655 872 non
1679 840 1906 883 contentus,
1929 833 2028 886 quod
2050 831 2143 871 mihi

342 904 414 930 nec
440 888 651 929 adsistendi
677 887 860 928 solatium
887 889 1104 942 perhibuit,
1139 888 1300 943 insuper
1324 889 1487 929 exitium
1516 903 1642 929 meum
1669 889 1891 929 cachinnat.

429 981 492 1010 hoc
505 991 533 1017 p.
548 980 602 1010 laic
615 983 664 1011 ed.
679 990 725 1017 pr.
740 984 823 1011 lunt.
842 984 868 1011 1.
883 983 1010 1012 vicent.
1025 984 1140 1013 Venet-
1152 985 1183 1012 2.
1199 986 1229 1012 4.
1277 984 1327 1012 sle
1339 983 1430 1022 prof.
1444 985 1492 1012 ed.
1507 985 1615 1013 Paris.
1628 984 1765 1013 solemni
1777 992 1900 1020 errore,
1926 984 1978 1017 qui
1995 983 2060 1012 fere
2074 983 2146 1012 uhi-

340 1037 401 1063 que
419 1029 535 1057 obvius
555 1031 613 1056 est.
657 1027 847 1067 praefatus
867 1029 902 1058 B.
925 1028 946 1057 t'.
994 1027 1126 1058 obortis
1146 1029 1167 1058 f.
1213 1030 1425 1066 porrepee'sD.
1474 1032 1507 1056 ee
1526 1028 1762 1058 7111'xnrr'cordia
1782 1030 1815 1058 0.
1837 1037 1899 1057 non
1920 1031 2004 1058 male
2022 1029 2078 1057 sed
2103 1028 2145 1056 cf.

340 1083 369 1108 p.
386 1075 458 1102 179.
478 1073 662 1108 spirantes,
676 1071 903 1110 palpitantes.
950 1072 1371 1112 nu'sericordt'amflentum
1387 1083 1416 1110 p.
1465 1073 1677 1102 commodans
1691 1072 1796 1102 Deum
1812 1076 1847 1103 G.
1861 1076 1899 1103 l).
1947 1075 2101 1110 respectu
2116 1081 2146 1107 p.

339 1125 459 1146 rurs-ns
475 1120 580 1146 tolum
594 1121 658 1146 Ms.
672 1119 726 1147 Al.
742 1122 873 1148 notante
888 1119 978 1148 Colv.
993 1120 1149 1149 Brantius
1169 1121 1269 1149 scribi
1290 1122 1392 1149 voluit
1412 1127 1533 1148 rursus
1545 1127 1688 1156 prm-sus
1702 1124 1754 1148 aut
1769 1127 1905 1148 rursum
1915 1126 2073 1155 prorsum
2088 1126 2146 1147 ex·-

339 1164 392 1192 cit.
405 1165 489 1192 Enn.
502 1164 699 1193 Andromed.
715 1165 802 1199 apud
816 1166 894 1193 Non.
910 1172 939 1199 p.
953 1165 1030 1193 384.
1045 1172 1166 1193 rursus
1176 1173 1320 1202 prorsus
1335 1163 1668 1202 reciprocatjlnclus
1683 1165 1770 1193 riam
1785 1170 1813 1193 et
1828 1165 2081 1198 Terentdlecyr.
2089 1165 2146 1192 111.

341 1210 368 1236 1.
383 1209 437 1237 35.
462 1208 602 1236 cursari
618 1216 755 1237 rursum
770 1217 941 1246 prorsum.
990 1208 1155 1238 Prorsum
1174 1215 1221 1240 est
1239 1212 1275 1240 in
1294 1212 1365 1240 edd.
1381 1212 1471 1240 Colv.
1492 1215 1520 1240 et
1534 1212 1629 1239 Vulc.
1645 1212 1674 1238 2².
1722 1207 1934 1249 diffluentem
1949 1211 1985 1238 L.
2000 1210 2036 1238 B.
2050 1210 2146 1237 Vulc.

337 1255 449 1282 xvow.
464 1251 663 1291 defluentem
677 1254 709 1292 β.
725 1251 753 1284 δ.
781 1252 973 1292 defluebant
989 1255 1009 1284 f.
1058 1254 1259 1284 cachinnalz·
1270 1257 1291 1285 f.
1318 1256 1390 1291 [qui
1405 1256 1471 1284 sere
1485 1264 1611 1290 semper
1629 1258 1710 1284 solet
1731 1257 1861 1285 variare
1881 1256 1913 1284 in
1933 1258 1994 1284 hac
2009 1253 2146 1283 adiecti-

337 1305 451 1328 vorum
464 1299 498 1327 in
512 1298 588 1327 bilis
602 1299 857 1335 terminatione}
905 1299 997 1328 illum
1012 1304 1102 1330 abest
1118 1310 1136 1330 a
1150 1303 1185 1330 F.
1204 1303 1248 1335 1.,
1277 1303 1361 1330 unde
1376 1309 1542 1336 perperam
1556 1302 1661 1329 Scriv.
1676 1302 1797 1335 aliique
1818 1301 1912 1329 uncis
1932 1302 2145 1329 incluserunt.

337 1346 376 1372 a!
392 1347 471 1372 lunc
483 1345 518 1373 F.
536 1346 565 1372 1.
580 1345 611 1372 3.
626 1346 662 1373 B.
676 1346 746 1373 edd.
761 1346 875 1374 Venet.
889 1347 920 1374 2.
935 1347 966 1375 4.
981 1347 1088 1375 Paris.
1113 1349 1148 1375 Iu
1168 1351 1240 1376 cett.
1260 1347 1355 1375 libris
1375 1350 1402 1375 et
1418 1348 1487 1375 edd.
1514 1355 1556 1373 m·
1572 1349 1650 1374 tnnc
1665 1350 1695 1373 ut
1712 1349 1919 1375 restituerunt
1935 1347 2033 1379 Elin..
2062 1345 2145 1373 Pric.

337 1393 365 1418 et
380 1389 500 1418 Florid.
548 1387 640 1417 laeena
654 1391 688 1419 Ο.
704 1398 758 1424 pro
773 1398 869 1419 more.
905 1391 1146 1419 conscientiam
1160 1393 1198 1420 D.
1214 1393 1249 1420 G.
1286 1390 1446 1419 ineducnr
1459 1389 1489 1420 δ’,
1503 1390 1635 1418 iudicor
1649 1392 1684 1423 f..
1712 1392 1796 1419 unde
1810 1392 1889 1420 oud.
1905 1391 2084 1420 fabricatus
2099 1392 2146 1418 est

337 1432 478 1462 indr'fflr·
492 1435 606 1466 Heins-
619 1437 767 1469 placebat
781 1436 929 1465 incusor.
953 1438 1016 1465 Sed
1030 1435 1145 1464 induci
1157 1440 1202 1465 est
1220 1437 1410 1465 iudiciorum
1426 1440 1573 1472 verbum,
1603 1437 1635 1465 in
1655 1445 1738 1470 quae
1754 1437 1846 1464 testis
1861 1440 1889 1465 et
1912 1436 1955 1464 rvi
1970 1434 2085 1462 indum·
2097 1435 2146 1462 di-

337 1484 454 1509 cuntur
468 1480 509 1508 cf.
523 1483 600 1509 Met.
615 1481 670 1508 Vl.
686 1488 715 1515 p.
729 1482 805 1510 396.
821 1481 862 1510 «τί.
877 1483 916 1509 ad
932 1482 970 1509 X.
987 1490 1015 1516 p.
1029 1484 1106 1511 (391.
1155 1481 1264 1518 capiti
1277 1483 1310 1510 Ρ.
1328 1490 1347 1510 a
1361 1490 1400 1510 m.
1417 1491 1443 1511 s.
1493 1490 1534 1510 erc
1547 1481 1604 1509 ille
1618 1479 1646 1510 δ’.
1666 1490 1726 1510 suo
1740 1490 1834 1510 more.
1884 1483 2093 1515 contemptus
2107 1480 2145 1508 D.

332 1524 492 1561 praebuit
507 1526 543 1554 F.
560 1526 588 1553 1.
604 1523 632 1554 δ.
660 1530 778 1555 temere
792 1534 828 1555 se
841 1527 985 1555 edidisse
999 1528 1101 1556 sensit
1115 1529 1198 1556 Elin.
1215 1536 1307 1561 quein
1323 1532 1428 1555 tamen
1443 1528 1548 1555 secuti
1563 1532 1637 1555 sunt
1655 1528 1739 1555 Prie.
1761 1532 1788 1554 et
1805 1528 1923 1555 Florid.
1938 1529 1981 1554 M.
1997 1526 2144 1555 Piccarto

336 1571 370 1598 in
386 1570 490 1599 Peric.
505 1571 582 1599 Crit.
596 1578 621 1598 c.
639 1572 668 1599 4.
685 1574 832 1605 placebat
844 1570 1040 1607 praehibuit
1051 1595 1058 1608 ,
1085 1577 1116 1601 ut
1131 1573 1243 1601 multis
1256 1573 1363 1600 Plaut.
1378 1572 1460 1600 locis
1475 1573 1538 1600 viri
1552 1572 1637 1599 (lorti
1653 1580 1779 1605 quoque
1792 1572 2027 1605 rescripserunt
2038 1592 2046 1604 ,
2072 1577 2146 1605 pro-

337 1617 437 1644 bante
459 1616 568 1644 Burm.
588 1616 629 1644 ad
648 1616 754 1651 Quint.
776 1618 852 1645 lnst.
876 1618 898 1645 1.
919 1625 945 1646 c.
969 1618 996 1645 1.
1016 1626 1046 1651 p.
1063 1619 1112 1646 17.
1139 1618 1229 1645 Sicut
1251 1621 1278 1646 et
1296 1615 1472 1653 perhibuit
1490 1618 1635 1645 servavit
1656 1618 1814 1651 Sci-iver..
1841 1617 1952 1645 sciens
1972 1618 2105 1645 verbum
2127 1622 2146 1644 a

335 1664 445 1689 nostro
460 1669 532 1690 esse
545 1664 698 1690 amatum.
724 1662 765 1690 cf.
781 1663 872 1690 cotv.
886 1664 926 1691 ad
941 1665 1017 1690 Met.
1031 1664 1070 1690 11.
1087 1671 1115 1696 p.
1134 1664 1205 1690 149.
1220 1665 1253 1689 et
1267 1669 1367 1698 super
1382 1670 1410 1696 p.
1424 1670 1467 1690 ac
1478 1662 1616 1698 iusuper
1630 1662 1651 1690 f.
1701 1660 1931 1690 cachinnabae
1945 1669 1981 1690 π.
2007 1659 2146 1688 cachin-

334 1710 422 1734 nant
441 1706 462 1735 f.
484 1707 624 1735 tortasse
637 1714 694 1741 pro
707 1705 941 1744 cachinnant,
969 1715 1053 1741 quae
1065 1708 1227 1736 sententia
1240 1712 1288 1736 est
1302 1708 1382 1736 Oud.

336 1786 487 1822 seinate
518 1786 645 1820 tamen
667 1785 854 1834 privatas
878 1782 1077 1822 habuerim
1103 1784 1211 1822 vocis

331 1840 550 1891 proprias,
583 1839 693 1877 cuius
725 1838 786 1877 hic
814 1839 1042 1890 significatio
1069 1853 1091 1877 a
1123 1841 1210 1878 trito

335 1909 409 1933 usu
434 1896 550 1946 paulo
576 1894 732 1934 recedit.
781 1895 970 1934 Fortasse
996 1900 1058 1935 est
1083 1910 1211 1935 enien-

335 1951 438 1989 datio
457 1951 610 1998 librarii,
626 1953 689 2003 qui
704 1951 778 1990 loci
795 1953 967 1991 meminit
980 1967 1016 2005 p.
1031 1957 1119 1993 178.
1138 1967 1210 1993 nec

333 2021 393 2047 me
425 2010 578 2059 putetis
615 2009 831 2060 privatis
873 2010 1210 2049 simultatibus

333 2066 585 2109 instinctum,
622 2065 686 2102 ubi
717 2069 846 2104 tamen
879 2066 1018 2105 eadem
1055 2070 1210 2105 senten-

334 2122 386 2159 tia
413 2123 511 2160 odio
530 2123 713 2174 proprio
744 2124 897 2161 saevire
918 2122 1069 2175 legitur.
1111 2122 1212 2161 Hinc

333 2178 446 2229 igitur
488 2182 620 2216 nostro
665 2192 821 2230 quoque
865 2179 952 2218 loco
1001 2179 1210 2218 lectionem

327 2235 529 2286 proprias
552 2235 732 2287 retinem]

391 2289 493 2329 Cn».
525 2290 622 2329 Vll.
689 2296 771 2331 tum
796 2316 844 2320 —-
875 2297 957 2332 tum
992 2292 1117 2340 Oud„
1146 2295 1209 2345 qui

328 2360 404 2386 sun
430 2347 573 2386 dictata
597 2347 646 2385 ad
673 2348 783 2388 Suet.
809 2347 925 2388 Rhet.
947 2348 975 2388 I.
1000 2354 1209 2401 comparat,

328 2405 367 2442 >in
394 2407 501 2442 textu
526 2405 678 2456 posuit,
715 2403 881 2444 Piccarti
907 2406 941 2444 in
968 2405 1091 2445 Peric.
1119 2406 1207 2445 crit.

333 2475 364 2499 c.
381 2465 416 2500 4.
432 2461 689 2500 coniecturam
703 2475 812 2501 mmc
826 2485 880 2490 -—
894 2477 1002 2502 nunc
1014 2464 1206 2503 reiiciens.

333 2517 459 2564 Quem
484 2518 666 2569 equidem
691 2522 853 2557 secutus
878 2532 977 2558 sum.

391 2574 501 2613 Solis
536 2579 576 2614 et
610 2574 794 2615 Instt'tiae
831 2580 996 2616 testatus
1031 2577 1202 2616 oculum.

333 2630 522 2683 [Veteres
547 2645 615 2683 per
639 2632 767 2672 solem
788 2633 917 2671 onmia
938 2632 1131 2671 videntem
1152 2635 1204 2672 iu-

330 2701 415 2726 rare
444 2688 642 2736 solebant3
679 2688 726 2727 es.
754 2688 868 2727 Ovid.
894 2689 990 2727 Met.
1017 2688 1083 2728 lV.
1111 2694 1205 2731 ⁴238.

332 2742 357 2782 Ι.
379 2748 471 2785 768.
532 2744 673 2783 Omnia
697 2759 799 2796 quae
825 2745 900 2784 huc
926 2745 1069 2784 faciunt
1095 2751 1207 2785 vasta

332 2804 371 2838 et
397 2802 593 2840 incondita
605 2815 677 2841 sua
686 2801 1207 2855 docti-inacongessitKopp.

330 2855 538 2910 Palaeogr.
560 2857 623 2896 ΙΙΙ.
648 2858 713 2897 lib.
729 2858 773 2897 Il.
794 2873 824 2897 c.
841 2863 877 2900 8.
899 2859 931 2910 §.
947 2859 1039 2899 578.
1061 2873 1097 2910 p.
1114 2862 1207 2900 679.

332 2913 381 2950 ‹le
401 2913 570 2953 iustitiae
596 2915 727 2953 oculo:
760 2915 808 2954 cf.
828 2915 1065 2953 Aristaenet.
1093 2917 1205 2967 epist.

332 2974 396 3009 20.
423 2964 528 3021 ὄμμα
553 2974 656 3023 δίκης
680 2970 838 3011 Panvin.
866 2972 916 3010 de
944 2971 1020 3010 lud.
1037 2971 1206 3010 Circens.

330 3023 358 3064 Ι.
384 3027 419 3063 in
447 3028 586 3065 Graev.
616 3027 737 3066 Thes.
764 3029 871 3067 Antt.
898 3027 966 3066 IX.
993 3042 1031 3080 p.
1059 3027 1177 3081 2184]

387 3083 471 3121 τίειι
504 3084 762 3137 diffluebant.
808 3084 895 3139 [De
926 3084 1073 3123 relativi
1100 3098 1206 3135 pron.

331 3137 478 3190 ellipsi‚
535 3153 610 3191 qua
651 3141 847 3193 Apuleius
890 3142 1051 3193 saepius
1081 3142 1207 3187 utitur,

1269 1785 1344 1822 iani
1377 1784 1519 1823 dictum
1551 1788 1614 1822 est
1638 1783 1687 1823 ad
1713 1783 1809 1823 Met.
1834 1782 1863 1823 I.
1890 1797 1926 1834 p.
1954 1787 2018 1825 76.
2044 1782 2146 1821 unde

1270 1842 1385 1879 etiam
1397 1840 1507 1879 Vulc.
1524 1845 1563 1878 et
1572 1840 1742 1879 Wower.
1754 1840 2025 1884 emendationi,
2045 1852 2145 1890 quae

1269 1902 1397 1935 tamen
1424 1897 1509 1936 cod.
1537 1900 1568 1936 ὃ.
1594 1897 1820 1936 auctoritate
1839 1898 1975 1943 nititur,
2003 1897 2143 1949 difflu-

1270 1959 1408 1999 entem,
1436 1954 1545 1992 locus
1571 1967 1664 1992 esse
1685 1968 1758 1992 non
1779 1957 1922 2006 potest.
1971 1953 2034 1991 De
2055 1965 2144 2003 syn-

1268 2011 1372 2048 thesi
1397 2010 1533 2062 plural.
1560 2012 1622 2062 qui
1655 2011 1704 2049 ab
1726 2011 1930 2048 collectim
1958 2007 2146 2062 populus

1270 2067 1502 2106 adsciscitur
1532 2067 1579 2105 cs.
1614 2066 1714 2105 cort.
1748 2067 1797 2104 ad
1823 2066 1970 2105 Lucan.
1998 2065 2021 2103 1.
2051 2068 2143 2105 498.

1270 2123 1337 2162 Dr.
1365 2123 1413 2162 ad
1437 2123 1520 2162 Liv.
1548 2121 1601 2162 X.
1633 2127 1694 2164 13.
1721 2124 1752 2175 Q.
1778 2128 1837 2164 11.
1865 2128 1905 2161 et
1930 2122 2030 2173 Eptt.
2059 2122 2080 2159 l.
2098 2120 2142 2159 ll.

1270 2180 1405 2220 Eckst.
1429 2181 1477 2218 ad
1505 2181 1626 2218 Voss.
1653 2181 1772 2218 Arist.
1801 2178 1845 2218 T.
1871 2178 1933 2218 ΙΙΙ.
1958 2192 1996 2230 p.
2026 2179 2145 2219 1025.

1269 2237 1333 2275 De
1347 2237 1435 2275 aliis
1451 2237 1542 2275 alibi
1558 2237 1676 2275 rebus
1691 2238 1886 2290 diffluere
1906 2236 2048 2274 (lictum
2069 2239 2142 2280 est,

1269 2298 1311 2332 ut
1335 2294 1439 2345 apud
1465 2293 1606 2332 Boeth.
1633 2294 1683 2331 (le
1709 2292 1866 2331 Consol.
1886 2291 1913 2331 I.
1941 2306 1977 2343 p.
1992 2297 2028 2331 4.
2053 2292 2129 2345 slm'

1270 2356 1358 2390 tare
1379 2351 1558 2403 ραιιάίο.
1607 2349 1662 2388 lta
1688 2350 1791 2402 apud
1814 2348 1993 2387 Fronton.
2016 2347 2142 2399 Epist.

1268 2407 1317 2446 ad
1333 2405 1445 2445 Caes.
1467 2407 1516 2445 V.
1533 2411 1597 2446 20.
1624 2420 1661 2457 p.
1681 2410 1770 2446 118.
1799 2405 1857 2443 ed.
1873 2405 1988 2444 Rom.
2013 2418 2142 2442 emen-

1266 2464 1454 2502 dax-erim:
1472 2464 1598 2502 Facio
1609 2464 1792 2508 delicias,
1806 2463 1919 2514 quod
1923 2464 2054 2513 ferme
2062 2474 2142 2501 ece-

1263 2521 1336 2566 m't,
1347 2520 1491 2573 quibus
1506 2519 1964 2573 quodcupiunitandem
1974 2519 2014 2555 iv
2023 2531 2143 2556 mmm

1264 2575 2141 2629 est.-diffluunt,lusoir-ivtnt,qcst17unt.

1266 2633 1365 2688 [ΜΞ.
1392 2633 1468 2684 pal.
1496 2633 1708 2686 differunt,
1740 2633 1908 2685 afluant.
1931 2629 2141 2682 ‘qeslt‘mth

1280 2684 1284 2687 ⁵
1323 2690 1562 2729 adsistemli.
1625 2686 1770 2741 [Moris
1802 2689 1907 2740 apud
1937 2687 2141 2725 Romanos·

1268 2747 1410 2791 fuisse,
1441 2750 1483 2784 ut
1512 2745 1623 2784 amici
1660 2748 1885 2784 accusatum
1924 2757 2053 2782 coram
2089 2744 2140 2781 iu-

1269 2803 1422 2841 dicibus
1447 2802 1719 2847 defenderent,
1747 2800 1807 2839 vel
1836 2805 1940 2839 certe
1966 2814 2053 2838 eum
2080 2813 2141 2837 co-

1268 2860 1502 2905 mitarentur,
1530 2859 1770 2896 notissimum
1799 2861 1871 2895 est.
1933 2857 1980 2896 cf.
2007 2855 2138 2895 d’Orv.

1267 2916 1318 2954 ad
1344 2915 1483 2955 Charit.
1511 2915 1557 2953 V.
1574 2919 1610 2955 4.
1636 2929 1672 2967 p.
1689 2918 1780 2955 477.
1808 2914 1945 2952 Ηοίηά.
1972 2914 2022 2953 ad
2047 2912 2140 2951 Hor.

1268 2974 1350 3011 Sat.
1382 2972 1408 3010 Ι.
1435 2976 1471 3013 9.
1499 2975 1562 3013 38.
1597 2969 1738 3009 Ponet.
1772 2970 1872 3009 Hist.
1906 2970 1994 3008 For.
2025 2968 2139 3009 Rom.

1266 3029 1313 3068 L.
1333 3028 1380 3067 11.
1406 3042 1437 3067 c.
1454 3028 1480 3066 1.
1508 3029 1542 3066 in
1570 3026 1705 3066 Polen.
1733 3027 1855 3079 Supp.
1885 3025 2006 3065 Thes.
2032 3026 2139 3065 Antt.

1266 3084 1291 3123 Ι.
1318 3099 1355 3136 p.
1383 3089 1463 3126 409
1489 3084 1594 3136 sqq]

1323 3144 1493 3181 exitium
1514 3155 1637 3180 meum
1659 3154 1738 3180 non
1754 3141 1984 3181 cachinnat.

2045 3139 2139 3193 [Αοι
