<?xml version="1.0" encoding="UTF-8"?>
<!DOCTYPE html PUBLIC "-//W3C//DTD XHTML 1.0 Transitional//EN"
    "http://www.w3.org/TR/xhtml1/DTD/xhtml1-transitional.dtd">
<html xmlns="http://www.w3.org/1999/xhtml" xml:lang="en" lang="en">
 <head>
  <title>
</title>
<meta http-equiv="Content-Type" content="text/html;charset=utf-8" />
  <meta name='ocr-system' content='tesseract 3.04.00' />
  <meta name='ocr-capabilities' content='ocr_page ocr_carea ocr_par ocr_line ocrx_word'/>
</head>
<body>
  <div class='ocr_page' id='page_1' title='image "./operaomnia01apuluoft/operaomnia01apuluoft_1127.png"; bbox 0 0 2155 3590; ppageno 0'>
   <div class='ocr_carea' id='block_1_1' title="bbox 706 124 1868 169">
    <p class='ocr_par' dir='ltr' id='par_1_1' title="bbox 706 124 1868 169">
     <span class='ocr_line' id='line_1_1' title="bbox 706 124 1868 169; baseline -0.002 -1"><span class='ocrx_word' id='word_1_1' title='bbox 706 129 892 169; x_wconf 91' lang='lat' dir='ltr'>LIBER</span> <span class='ocrx_word' id='word_1_2' title='bbox 918 129 967 169; x_wconf 82' lang='lat' dir='ltr'>X.</span> <span class='ocrx_word' id='word_1_3' title='bbox 1027 128 1154 168; x_wconf 81' lang='lat' dir='ltr'>CAP.</span> <span class='ocrx_word' id='word_1_4' title='bbox 1187 128 1257 167; x_wconf 76' lang='lat' dir='ltr'>VI.</span> <span class='ocrx_word' id='word_1_5' title='bbox 1790 124 1868 167; x_wconf 83' lang='lat'>891</span> 
     </span>
    </p>
   </div>
   <div class='ocr_carea' id='block_1_2' title="bbox 88 237 1874 690">
    <p class='ocr_par' dir='ltr' id='par_1_2' title="bbox 88 237 1874 690">
     <span class='ocr_line' id='line_1_2' title="bbox 90 237 1870 294; baseline -0.003 -12"><span class='ocrx_word' id='word_1_6' title='bbox 90 257 162 294; x_wconf 82' lang='lat' dir='ltr'>que</span> <span class='ocrx_word' id='word_1_7' title='bbox 199 241 330 282; x_wconf 80' lang='lat' dir='ltr'>cinere</span> <span class='ocrx_word' id='word_1_8' title='bbox 367 242 587 282; x_wconf 87' lang='lat' dir='ltr'>sordentem</span> <span class='ocrx_word' id='word_1_9' title='bbox 631 242 813 282; x_wconf 78' lang='lat' dir='ltr'><strong>canitiem</strong></span> <span class='ocrx_word' id='word_1_10' title='bbox 859 243 943 281; x_wconf 81' lang='lat' dir='ltr'>foro</span> <span class='ocrx_word' id='word_1_11' title='bbox 985 255 1028 281; x_wconf 92' lang='lat' dir='ltr'>se</span> <span class='ocrx_word' id='word_1_12' title='bbox 1074 240 1237 281; x_wconf 88' lang='lat' dir='ltr'>festinus</span> <span class='ocrx_word' id='word_1_13' title='bbox 1278 239 1463 279; x_wconf 76' lang='lat' dir='ltr'>immittit.</span> <span class='ocrx_word' id='word_1_14' title='bbox 1540 239 1672 291; x_wconf 80' lang='lat' dir='ltr'><strong>Atque</strong></span> <span class='ocrx_word' id='word_1_15' title='bbox 1701 237 1754 277; x_wconf 92' lang='lat' dir='ltr'>ibi</span> <span class='ocrx_word' id='word_1_16' title='bbox 1792 244 1870 276; x_wconf 83' lang='lat' dir='ltr'>tum</span> 
     </span>
     <span class='ocr_line' id='line_1_3' title="bbox 91 293 1872 352; baseline -0.003 -15"><span class='ocrx_word' id='word_1_17' title='bbox 91 300 182 338; x_wconf 82' lang='lat' dir='ltr'>fletu</span> <span class='ocrx_word' id='word_1_18' title='bbox 225 305 303 338; x_wconf 86' lang='lat' dir='ltr'>tum</span> <span class='ocrx_word' id='word_1_19' title='bbox 347 298 526 352; x_wconf 85' lang='lat' dir='ltr'>precibus</span> <span class='ocrx_word' id='word_1_20' title='bbox 569 312 696 352; x_wconf 80' lang='lat' dir='ltr'>genua</span> <span class='ocrx_word' id='word_1_21' title='bbox 739 298 853 338; x_wconf 85' lang='lat' dir='ltr'>etiam</span> <span class='ocrx_word' id='word_1_22' title='bbox 898 297 1150 338; x_wconf 80' lang='lat' dir='ltr'>decurionum</span> <span class='ocrx_word' id='word_1_23' title='bbox 1191 295 1442 348; x_wconf 83' lang='lat' dir='ltr'>contingens,</span> <span class='ocrx_word' id='word_1_24' title='bbox 1482 295 1637 335; x_wconf 86' lang='lat' dir='ltr'>nescius</span> <span class='ocrx_word' id='word_1_25' title='bbox 1678 293 1872 334; x_wconf 81' lang='lat' dir='ltr'>fraudium</span> 
     </span>
     <span class='ocr_line' id='line_1_4' title="bbox 89 350 1871 408; baseline -0.003 -14"><span class='ocrx_word' id='word_1_26' title='bbox 89 354 279 408; x_wconf 81' lang='lat' dir='ltr'>pessimae</span> <span class='ocrx_word' id='word_1_27' title='bbox 304 354 479 395; x_wconf 89' lang='lat' dir='ltr'>mulieris</span> <span class='ocrx_word' id='word_1_28' title='bbox 504 354 543 394; x_wconf 88' lang='lat' dir='ltr'>in</span> <span class='ocrx_word' id='word_1_29' title='bbox 570 355 733 395; x_wconf 72' lang='lat' dir='ltr'>exitium</span> <span class='ocrx_word' id='word_1_30' title='bbox 758 354 897 407; x_wconf 79' lang='lat' dir='ltr'>reliqui</span> <span class='ocrx_word' id='word_1_31' title='bbox 922 354 989 393; x_wconf 87' lang='lat' dir='ltr'>filii</span> <span class='ocrx_word' id='word_1_32' title='bbox 1016 353 1138 407; x_wconf 89' lang='lat' dir='ltr'>plenis</span> <span class='ocrx_word' id='word_1_33' title='bbox 1164 351 1400 405; x_wconf 77' lang='lat' dir='ltr'>operabatur</span> <span class='ocrx_word' id='word_1_34' title='bbox 1423 351 1646 400; x_wconf 77' lang='lat' dir='ltr'>affectibus,</span> <span class='ocrx_word' id='word_1_35' title='bbox 1680 350 1786 390; x_wconf 88' lang='lat' dir='ltr'>illum</span> <span class='ocrx_word' id='word_1_36' title='bbox 1813 350 1871 389; x_wconf 92' lang='lat' dir='ltr'>in-</span> 
     </span>
     <span class='ocr_line' id='line_1_5' title="bbox 90 406 1872 464; baseline -0.003 -13"><span class='ocrx_word' id='word_1_37' title='bbox 90 418 236 451; x_wconf 86' lang='lat' dir='ltr'>cestum</span> <span class='ocrx_word' id='word_1_38' title='bbox 273 417 437 464; x_wconf 86' lang='lat' dir='ltr'>paterno</span> <span class='ocrx_word' id='word_1_39' title='bbox 473 411 665 462; x_wconf 80' lang='lat' dir='ltr'>thalamo,</span> <span class='ocrx_word' id='word_1_40' title='bbox 704 411 809 450; x_wconf 89' lang='lat' dir='ltr'>illum</span> <span class='ocrx_word' id='word_1_41' title='bbox 847 410 1080 463; x_wconf 78' lang='lat' dir='ltr'>parricidam</span> <span class='ocrx_word' id='word_1_42' title='bbox 1118 409 1293 448; x_wconf 81' lang='lat' dir='ltr'>fraterno</span> <span class='ocrx_word' id='word_1_43' title='bbox 1329 407 1452 447; x_wconf 76' lang='lat' dir='ltr'>exitio</span> <span class='ocrx_word' id='word_1_44' title='bbox 1489 414 1527 447; x_wconf 91' lang='lat' dir='ltr'>et</span> <span class='ocrx_word' id='word_1_45' title='bbox 1561 408 1601 447; x_wconf 89' lang='lat' dir='ltr'>in</span> <span class='ocrx_word' id='word_1_46' title='bbox 1638 406 1872 447; x_wconf 77' lang='lat' dir='ltr'>comminata</span> 
     </span>
     <span class='ocr_line' id='line_1_6' title="bbox 90 463 1872 519; baseline -0.003 -13"><span class='ocrx_word' id='word_1_47' title='bbox 90 480 284 506; x_wconf 82' lang='lat' dir='ltr'>novercae</span> <span class='ocrx_word' id='word_1_48' title='bbox 309 480 404 506; x_wconf 87' lang='lat' dir='ltr'>nece</span> <span class='ocrx_word' id='word_1_49' title='bbox 429 467 628 508; x_wconf 85' lang='lat' dir='ltr'>sicarium.</span> <span class='ocrx_word' id='word_1_50' title='bbox 679 467 810 508; x_wconf 81' lang='lat' dir='ltr'>Tama</span> <span class='ocrx_word' id='word_1_51' title='bbox 835 467 999 519; x_wconf 89' lang='lat' dir='ltr'>denique</span> <span class='ocrx_word' id='word_1_52' title='bbox 1023 465 1275 505; x_wconf 89' lang='lat' dir='ltr'>miseratione</span> <span class='ocrx_word' id='word_1_53' title='bbox 1300 470 1485 516; x_wconf 83' lang='lat' dir='ltr'>tantaque</span> <span class='ocrx_word' id='word_1_54' title='bbox 1512 463 1781 516; x_wconf 81' lang='lat' dir='ltr'>indignatione</span> <span class='ocrx_word' id='word_1_55' title='bbox 1807 476 1872 501; x_wconf 90' lang='lat' dir='ltr'>cu-</span> 
     </span>
     <span class='ocr_line' id='line_1_7' title="bbox 88 519 1873 580; baseline -0.003 -18"><span class='ocrx_word' id='word_1_56' title='bbox 88 523 186 562; x_wconf 87' lang='lat' dir='ltr'>riam</span> <span class='ocrx_word' id='word_1_57' title='bbox 212 523 279 562; x_wconf 88' lang='lat' dir='ltr'>sed</span> <span class='ocrx_word' id='word_1_58' title='bbox 305 530 344 562; x_wconf 89' lang='lat' dir='ltr'>et</span> <span class='ocrx_word' id='word_1_59' title='bbox 368 523 514 577; x_wconf 82' lang='lat' dir='ltr'>plebem</span> <span class='ocrx_word' id='word_1_60' title='bbox 542 538 721 563; x_wconf 89' lang='lat' dir='ltr'>moerens</span> <span class='ocrx_word' id='word_1_61' title='bbox 747 523 1077 571; x_wconf 77' lang='lat' dir='ltr'>inflammaverat,</span> <span class='ocrx_word' id='word_1_62' title='bbox 1112 528 1152 560; x_wconf 88' lang='lat' dir='ltr'>ut</span> <span class='ocrx_word' id='word_1_63' title='bbox 1176 527 1327 560; x_wconf 67' lang='lat' dir='ltr'>remoto</span> <span class='ocrx_word' id='word_1_64' title='bbox 1357 519 1552 559; x_wconf 86' lang='lat' dir='ltr'>iudicandi</span> <span class='ocrx_word' id='word_1_65' title='bbox 1583 519 1709 559; x_wconf 83' lang='lat' dir='ltr'>taedio</span> <span class='ocrx_word' id='word_1_66' title='bbox 1740 526 1779 558; x_wconf 87' lang='lat' dir='ltr'>et</span> <span class='ocrx_word' id='word_1_67' title='bbox 1809 531 1873 580; x_wconf 39' lang='grc'>36-</span> 
     </span>
     <span class='ocr_line' id='line_1_8' title="bbox 90 575 1874 633; baseline -0.003 -14"><span class='ocrx_word' id='word_1_68' title='bbox 90 579 303 619; x_wconf 82' lang='lat' dir='ltr'>cusationis</span> <span class='ocrx_word' id='word_1_69' title='bbox 329 580 548 619; x_wconf 77' lang='lat' dir='ltr'>manifestis</span> <span class='ocrx_word' id='word_1_70' title='bbox 575 579 868 633; x_wconf 82' lang='lat' dir='ltr'>probationibus</span> <span class='ocrx_word' id='word_1_71' title='bbox 894 586 933 618; x_wconf 84' lang='lat' dir='ltr'>et.</span> <span class='ocrx_word' id='word_1_72' title='bbox 957 577 1224 631; x_wconf 82' lang='lat' dir='ltr'>responsionis</span> <span class='ocrx_word' id='word_1_73' title='bbox 1250 575 1444 615; x_wconf 80' lang='lat' dir='ltr'>meditatis</span> <span class='ocrx_word' id='word_1_74' title='bbox 1470 575 1714 628; x_wconf 78' lang='lat' dir='ltr'>ambagibus,</span> <span class='ocrx_word' id='word_1_75' title='bbox 1743 581 1874 614; x_wconf 77' lang='lat' dir='ltr'>cuncti</span> 
     </span>
     <span class='ocr_line' id='line_1_9' title="bbox 89 630 1869 690; baseline -0.003 -15"><span class='ocrx_word' id='word_1_76' title='bbox 89 635 442 676; x_wconf 70' lang='lat' dir='ltr'>conclamaverintz</span> <span class='ocrx_word' id='word_1_77' title='bbox 489 635 727 690; x_wconf 75' lang='lat' dir='ltr'>Lapz&#39;dibus</span> <span class='ocrx_word' id='word_1_78' title='bbox 769 635 960 675; x_wconf 71' lang='lat' dir='ltr'>obrutum</span> <span class='ocrx_word' id='word_1_79' title='bbox 994 634 1209 689; x_wconf 78' lang='lat' dir='ltr'>publicam</span> <span class='ocrx_word' id='word_1_80' title='bbox 1247 632 1398 671; x_wconf 82' lang='lat' dir='ltr'>malum</span> <span class='ocrx_word' id='word_1_81' title='bbox 1431 630 1605 686; x_wconf 78' lang='lat' dir='ltr'>publice</span> <span class='ocrx_word' id='word_1_82' title='bbox 1642 630 1869 670; x_wconf 69' lang='lat' dir='ltr'>vindicari.</span> 
     </span>
    </p>
   </div>
   <div class='ocr_carea' id='block_1_3' title="bbox 80 769 1877 1121">
    <p class='ocr_par' dir='ltr' id='par_1_3' title="bbox 80 769 1877 1121">
     <span class='ocr_line' id='line_1_10' title="bbox 80 769 1873 815; baseline -0.004 -13"><span class='ocrx_word' id='word_1_83' title='bbox 80 773 240 815; x_wconf 77' lang='lat' dir='ltr'>fradium</span> <span class='ocrx_word' id='word_1_84' title='bbox 265 777 303 804; x_wconf 91' lang='lat' dir='ltr'>D.</span> <span class='ocrx_word' id='word_1_85' title='bbox 357 774 528 814; x_wconf 73' lang='lat' dir='ltr'>fraudum</span> <span class='ocrx_word' id='word_1_86' title='bbox 553 778 587 806; x_wconf 85' lang='lat'><strong>0.</strong></span> <span class='ocrx_word' id='word_1_87' title='bbox 615 773 643 806; x_wconf 84' lang='grc' dir='ltr'>δ.</span> <span class='ocrx_word' id='word_1_88' title='bbox 680 777 742 805; x_wconf 81' lang='lat' dir='ltr'>Sed</span> <span class='ocrx_word' id='word_1_89' title='bbox 773 775 813 804; x_wconf 80' lang='lat' dir='ltr'>cf.</span> <span class='ocrx_word' id='word_1_90' title='bbox 833 776 874 804; x_wconf 84' lang='lat' dir='ltr'>ad</span> <span class='ocrx_word' id='word_1_91' title='bbox 894 777 970 804; x_wconf 86' lang='lat' dir='ltr'>Met.</span> <span class='ocrx_word' id='word_1_92' title='bbox 990 775 1029 803; x_wconf 76' lang='lat' dir='ltr'><strong>V.</strong></span> <span class='ocrx_word' id='word_1_93' title='bbox 1057 783 1086 809; x_wconf 87' lang='lat' dir='ltr'>p.</span> <span class='ocrx_word' id='word_1_94' title='bbox 1107 775 1183 801; x_wconf 77' lang='lat'><strong>349.</strong></span> <span class='ocrx_word' id='word_1_95' title='bbox 1215 770 1438 811; x_wconf 77' lang='lat' dir='ltr'>fraudium</span> <span class='ocrx_word' id='word_1_96' title='bbox 1458 770 1622 807; x_wconf 76' lang='lat' dir='ltr'>pedicam.</span> <span class='ocrx_word' id='word_1_97' title='bbox 1683 769 1818 806; x_wconf 54' lang='lat' dir='ltr'>perime</span> <span class='ocrx_word' id='word_1_98' title='bbox 1843 778 1873 804; x_wconf 81' lang='lat' dir='ltr'>p,</span> 
     </span>
     <span class='ocr_line' id='line_1_11' title="bbox 88 813 1875 857; baseline -0.003 -10"><span class='ocrx_word' id='word_1_99' title='bbox 88 820 259 857; x_wconf 78' lang='lat' dir='ltr'>operabar</span> <span class='ocrx_word' id='word_1_100' title='bbox 271 822 307 850; x_wconf 91' lang='lat' dir='ltr'><strong>P.</strong></span> <span class='ocrx_word' id='word_1_101' title='bbox 354 820 544 856; x_wconf 77' lang='lat' dir='ltr'>paricidam</span> <span class='ocrx_word' id='word_1_102' title='bbox 562 822 739 850; x_wconf 47' lang='lat' dir='ltr'>{mana</span> <span class='ocrx_word' id='word_1_103' title='bbox 755 829 795 850; x_wconf 90' lang='lat' dir='ltr'>m.</span> <span class='ocrx_word' id='word_1_104' title='bbox 816 829 842 849; x_wconf 87' lang='lat' dir='ltr'>s.</span> <span class='ocrx_word' id='word_1_105' title='bbox 861 822 920 849; x_wconf 80' lang='lat' dir='ltr'>est.</span> <span class='ocrx_word' id='word_1_106' title='bbox 967 819 1171 847; x_wconf 74' lang='lat' dir='ltr'>incommuta</span> <span class='ocrx_word' id='word_1_107' title='bbox 1191 820 1229 846; x_wconf 91' lang='lat' dir='ltr'>D.</span> <span class='ocrx_word' id='word_1_108' title='bbox 1271 817 1304 844; x_wconf 78' lang='lat' dir='ltr'>in</span> <span class='ocrx_word' id='word_1_109' title='bbox 1318 817 1489 845; x_wconf 76' lang='lat' dir='ltr'>cominatu</span> <span class='ocrx_word' id='word_1_110' title='bbox 1503 819 1539 846; x_wconf 85' lang='lat' dir='ltr'>G.</span> <span class='ocrx_word' id='word_1_111' title='bbox 1552 818 1583 844; x_wconf 76' lang='lat'>2.</span> <span class='ocrx_word' id='word_1_112' title='bbox 1598 816 1724 844; x_wconf 71' lang='lat' dir='ltr'>Vicent.</span> <span class='ocrx_word' id='word_1_113' title='bbox 1775 813 1875 842; x_wconf 71' lang='lat' dir='ltr'>caede</span> 
     </span>
     <span class='ocr_line' id='line_1_12' title="bbox 91 858 1874 901; baseline -0.004 -7"><span class='ocrx_word' id='word_1_114' title='bbox 91 874 146 900; x_wconf 74' lang='lat' dir='ltr'>pro</span> <span class='ocrx_word' id='word_1_115' title='bbox 160 874 239 894; x_wconf 80' lang='lat' dir='ltr'>nece</span> <span class='ocrx_word' id='word_1_116' title='bbox 252 868 288 896; x_wconf 87' lang='lat' dir='ltr'>G.</span> <span class='ocrx_word' id='word_1_117' title='bbox 307 868 333 896; x_wconf 90' lang='lat'>1.</span> <span class='ocrx_word' id='word_1_118' title='bbox 348 868 382 895; x_wconf 87' lang='grc' dir='ltr'>Β.</span> <span class='ocrx_word' id='word_1_119' title='bbox 398 875 427 901; x_wconf 84' lang='grc' dir='ltr'>ρ.</span> <span class='ocrx_word' id='word_1_120' title='bbox 443 868 480 895; x_wconf 78' lang='lat' dir='ltr'>R.</span> <span class='ocrx_word' id='word_1_121' title='bbox 496 867 518 895; x_wconf 83' lang='lat' dir='ltr'>f.</span> <span class='ocrx_word' id='word_1_122' title='bbox 532 868 601 896; x_wconf 84' lang='lat' dir='ltr'>edd.</span> <span class='ocrx_word' id='word_1_123' title='bbox 617 871 691 895; x_wconf 79' lang='lat' dir='ltr'>ante</span> <span class='ocrx_word' id='word_1_124' title='bbox 705 868 794 896; x_wconf 81' lang='lat' dir='ltr'>Colv.</span> <span class='ocrx_word' id='word_1_125' title='bbox 809 870 937 900; x_wconf 79' lang='lat' dir='ltr'>praeter</span> <span class='ocrx_word' id='word_1_126' title='bbox 953 867 1036 894; x_wconf 72' lang='lat' dir='ltr'>Iuni.</span> <span class='ocrx_word' id='word_1_127' title='bbox 1056 866 1086 894; x_wconf 77' lang='lat'>2.</span> <span class='ocrx_word' id='word_1_128' title='bbox 1125 861 1200 900; x_wconf 83' lang='lat' dir='ltr'>fide</span> <span class='ocrx_word' id='word_1_129' title='bbox 1220 860 1249 892; x_wconf 75' lang='grc' dir='ltr'>δ.</span> <span class='ocrx_word' id='word_1_130' title='bbox 1268 863 1300 891; x_wconf 90' lang='lat' dir='ltr'>in</span> <span class='ocrx_word' id='word_1_131' title='bbox 1321 870 1420 897; x_wconf 79' lang='lat' dir='ltr'>marg.</span> <span class='ocrx_word' id='word_1_132' title='bbox 1441 860 1551 890; x_wconf 76' lang='lat' dir='ltr'>caede.</span> <span class='ocrx_word' id='word_1_133' title='bbox 1602 863 1702 888; x_wconf 82' lang='lat' dir='ltr'>tanta</span> <span class='ocrx_word' id='word_1_134' title='bbox 1720 858 1874 897; x_wconf 70' lang='lat' dir='ltr'>indigna-</span> 
     </span>
     <span class='ocr_line' id='line_1_13' title="bbox 91 903 1875 949; baseline -0.004 -11"><span class='ocrx_word' id='word_1_135' title='bbox 91 910 180 938; x_wconf 78' lang='lat' dir='ltr'>tione</span> <span class='ocrx_word' id='word_1_136' title='bbox 193 912 229 940; x_wconf 90' lang='grc' dir='ltr'>Β.</span> <span class='ocrx_word' id='word_1_137' title='bbox 267 914 368 938; x_wconf 84' lang='lat' dir='ltr'>tanta</span> <span class='ocrx_word' id='word_1_138' title='bbox 386 910 525 949; x_wconf 78' lang='lat' dir='ltr'>deniqne</span> <span class='ocrx_word' id='word_1_139' title='bbox 545 910 667 948; x_wconf 75' lang='lat' dir='ltr'>indign.</span> <span class='ocrx_word' id='word_1_140' title='bbox 687 911 708 940; x_wconf 85' lang='lat' dir='ltr'>f.</span> <span class='ocrx_word' id='word_1_141' title='bbox 755 910 949 948; x_wconf 80' lang='lat' dir='ltr'>mam&#39;festis</span> <span class='ocrx_word' id='word_1_142' title='bbox 963 908 1192 937; x_wconf 76' lang='lat' dir='ltr'>accusationis</span> <span class='ocrx_word' id='word_1_143' title='bbox 1211 906 1239 937; x_wconf 80' lang='grc' dir='ltr'>ὃ.</span> <span class='ocrx_word' id='word_1_144' title='bbox 1275 906 1548 935; x_wconf 69' lang='lat' dir='ltr'>accusationibus</span> <span class='ocrx_word' id='word_1_145' title='bbox 1561 907 1637 935; x_wconf 83' lang='lat' dir='ltr'>Bas.</span> <span class='ocrx_word' id='word_1_146' title='bbox 1680 913 1743 942; x_wconf 75' lang='lat' dir='ltr'>per</span> <span class='ocrx_word' id='word_1_147' title='bbox 1751 903 1875 942; x_wconf 84' lang='lat' dir='ltr'>proba-</span> 
     </span>
     <span class='ocr_line' id='line_1_14' title="bbox 92 950 1876 993; baseline -0.002 -11"><span class='ocrx_word' id='word_1_148' title='bbox 92 955 236 984; x_wconf 72' lang='lat' dir='ltr'>tionibus</span> <span class='ocrx_word' id='word_1_149' title='bbox 255 959 290 985; x_wconf 81' lang='lat' dir='ltr'>G.</span> <span class='ocrx_word' id='word_1_150' title='bbox 315 958 345 985; x_wconf 86' lang='lat'><strong>1.</strong></span> <span class='ocrx_word' id='word_1_151' title='bbox 390 956 660 993; x_wconf 68' lang='lat' dir='ltr'>responsionibus</span> <span class='ocrx_word' id='word_1_152' title='bbox 679 957 805 985; x_wconf 73' lang='lat' dir='ltr'>Vicent.</span> <span class='ocrx_word' id='word_1_153' title='bbox 826 957 939 984; x_wconf 69' lang='lat' dir='ltr'>Vener.</span> <span class='ocrx_word' id='word_1_154' title='bbox 960 957 989 984; x_wconf 71' lang='lat'>2.</span> <span class='ocrx_word' id='word_1_155' title='bbox 1010 956 1084 983; x_wconf 80' lang='lat' dir='ltr'>Bas.</span> <span class='ocrx_word' id='word_1_156' title='bbox 1110 956 1136 983; x_wconf 84' lang='lat'><strong>1.</strong></span> <span class='ocrx_word' id='word_1_157' title='bbox 1183 952 1340 981; x_wconf 74' lang='lat' dir='ltr'>niedn&#39;atr‘s</span> <span class='ocrx_word' id='word_1_158' title='bbox 1358 953 1379 981; x_wconf 84' lang='lat' dir='ltr'>f.</span> <span class='ocrx_word' id='word_1_159' title='bbox 1405 953 1547 987; x_wconf 78' lang='lat' dir='ltr'>margini</span> <span class='ocrx_word' id='word_1_160' title='bbox 1567 951 1689 980; x_wconf 80' lang='lat' dir='ltr'>adlevit</span> <span class='ocrx_word' id='word_1_161' title='bbox 1703 950 1876 985; x_wconf 77' lang='lat' dir='ltr'>Sopingius</span> 
     </span>
     <span class='ocr_line' id='line_1_15' title="bbox 91 994 1877 1036; baseline -0.003 -9"><span class='ocrx_word' id='word_1_162' title='bbox 91 1000 225 1029; x_wconf 74' lang='lat' dir='ltr'>ineditis</span> <span class='ocrx_word' id='word_1_163' title='bbox 239 1002 309 1030; x_wconf 72' lang='lat' dir='ltr'>sive</span> <span class='ocrx_word' id='word_1_164' title='bbox 323 1010 385 1031; x_wconf 84' lang='lat' dir='ltr'>non</span> <span class='ocrx_word' id='word_1_165' title='bbox 399 1003 544 1031; x_wconf 71' lang='lat' dir='ltr'>redditis,</span> <span class='ocrx_word' id='word_1_166' title='bbox 565 1004 679 1030; x_wconf 75' lang='lat' dir='ltr'>Prave.</span> <span class='ocrx_word' id='word_1_167' title='bbox 705 1003 785 1030; x_wconf 76' lang='lat' dir='ltr'>Nam</span> <span class='ocrx_word' id='word_1_168' title='bbox 802 999 985 1028; x_wconf 75' lang='lat' dir='ltr'>meditatas</span> <span class='ocrx_word' id='word_1_169' title='bbox 1006 999 1232 1036; x_wconf 72' lang='lat' dir='ltr'>responsionis</span> <span class='ocrx_word' id='word_1_170' title='bbox 1245 997 1400 1035; x_wconf 80' lang='lat' dir='ltr'>ambages</span> <span class='ocrx_word' id='word_1_171' title='bbox 1415 997 1545 1033; x_wconf 80' lang='lat' dir='ltr'>opponit</span> <span class='ocrx_word' id='word_1_172' title='bbox 1560 1002 1671 1025; x_wconf 79' lang='lat' dir='ltr'>auctor</span> <span class='ocrx_word' id='word_1_173' title='bbox 1683 994 1877 1034; x_wconf 38' lang='lat' dir='ltr'>neam—&#39;festis</span> 
     </span>
     <span class='ocr_line' id='line_1_16' title="bbox 90 1039 1876 1083; baseline -0.002 -11"><span class='ocrx_word' id='word_1_174' title='bbox 90 1046 320 1075; x_wconf 71' lang='lat' dir='ltr'>accusationis</span> <span class='ocrx_word' id='word_1_175' title='bbox 335 1046 608 1083; x_wconf 70' lang='lat' dir='ltr'>probationibus,</span> <span class='ocrx_word' id='word_1_176' title='bbox 634 1051 662 1076; x_wconf 81' lang='lat' dir='ltr'>et</span> <span class='ocrx_word' id='word_1_177' title='bbox 677 1049 737 1075; x_wconf 79' lang='lat' dir='ltr'>suh</span> <span class='ocrx_word' id='word_1_178' title='bbox 752 1047 895 1080; x_wconf 76' lang='lat' dir='ltr'>utrisque</span> <span class='ocrx_word' id='word_1_179' title='bbox 908 1039 979 1073; x_wconf 77' lang='grc' dir='ltr'>ἀπὸ</span> <span class='ocrx_word' id='word_1_180' title='bbox 995 1043 1108 1073; x_wconf 73' lang='grc' dir='ltr'><em>κοινοῦ</em></span> <span class='ocrx_word' id='word_1_181' title='bbox 1122 1045 1273 1076; x_wconf 67' lang='lat' dir='ltr'>intelligit</span> <span class='ocrx_word' id='word_1_182' title='bbox 1287 1044 1436 1070; x_wconf 81' lang='lat' dir='ltr'>remotis.</span> <span class='ocrx_word' id='word_1_183' title='bbox 1483 1040 1769 1070; x_wconf 74' lang='lat' dir='ltr'>conclamacerine</span> <span class='ocrx_word' id='word_1_184' title='bbox 1788 1041 1824 1069; x_wconf 87' lang='lat' dir='ltr'>F.</span> <span class='ocrx_word' id='word_1_185' title='bbox 1846 1042 1876 1069; x_wconf 83' lang='lat'><strong>3.</strong></span> 
     </span>
     <span class='ocr_line' id='line_1_17' title="bbox 90 1084 1875 1121; baseline -0.005 -1"><span class='ocrx_word' id='word_1_186' title='bbox 90 1093 172 1120; x_wconf 75' lang='lat' dir='ltr'>Elui.</span> <span class='ocrx_word' id='word_1_187' title='bbox 198 1093 301 1120; x_wconf 65' lang='grc' dir='ltr'><strong>δίη-ἰν.</strong></span> <span class='ocrx_word' id='word_1_188' title='bbox 328 1093 447 1121; x_wconf 86' lang='lat' dir='ltr'>Florid.</span> <span class='ocrx_word' id='word_1_189' title='bbox 484 1091 731 1120; x_wconf 76' lang='lat' dir='ltr'>conclamarint</span> <span class='ocrx_word' id='word_1_190' title='bbox 751 1093 786 1120; x_wconf 91' lang='lat' dir='ltr'>G.</span> <span class='ocrx_word' id='word_1_191' title='bbox 806 1094 836 1121; x_wconf 81' lang='lat'><strong>2.</strong></span> <span class='ocrx_word' id='word_1_192' title='bbox 851 1092 888 1119; x_wconf 91' lang='lat' dir='ltr'>D.</span> <span class='ocrx_word' id='word_1_193' title='bbox 910 1092 979 1120; x_wconf 84' lang='lat' dir='ltr'>edd.</span> <span class='ocrx_word' id='word_1_194' title='bbox 995 1094 1069 1119; x_wconf 64' lang='lat' dir='ltr'>vett.</span> <span class='ocrx_word' id='word_1_195' title='bbox 1084 1095 1113 1118; x_wconf 78' lang='lat' dir='ltr'>et</span> <span class='ocrx_word' id='word_1_196' title='bbox 1128 1093 1199 1118; x_wconf 76' lang='lat' dir='ltr'>cett.</span> <span class='ocrx_word' id='word_1_197' title='bbox 1221 1092 1350 1118; x_wconf 69' lang='lat' dir='ltr'>recenti.</span> <span class='ocrx_word' id='word_1_198' title='bbox 1387 1087 1603 1115; x_wconf 75' lang='lat' dir='ltr'>conclamant</span> <span class='ocrx_word' id='word_1_199' title='bbox 1616 1084 1645 1116; x_wconf 79' lang='grc' dir='ltr'><strong>δ.</strong></span> <span class='ocrx_word' id='word_1_200' title='bbox 1682 1085 1875 1114; x_wconf 80' lang='lat' dir='ltr'>conclama-</span> 
     </span>
    </p>
   </div>
   <div class='ocr_carea' id='block_1_4' title="bbox 89 1134 468 1168">
    <p class='ocr_par' dir='ltr' id='par_1_4' title="bbox 89 1134 468 1168">
     <span class='ocr_line' id='line_1_18' title="bbox 89 1134 468 1168; baseline 0.011 -5"><span class='ocrx_word' id='word_1_201' title='bbox 89 1140 166 1164; x_wconf 83' lang='lat' dir='ltr'>rent</span> <span class='ocrx_word' id='word_1_202' title='bbox 183 1134 214 1165; x_wconf 83' lang='grc' dir='ltr'><strong>δ’.</strong></span> <span class='ocrx_word' id='word_1_203' title='bbox 262 1135 412 1165; x_wconf 72' lang='lat' dir='ltr'>iudicari</span> <span class='ocrx_word' id='word_1_204' title='bbox 427 1139 468 1168; x_wconf 91' lang='lat' dir='ltr'>D.</span> 
     </span>
    </p>
   </div>
   <div class='ocr_carea' id='block_1_5' title="bbox 88 1258 970 3110">
    <p class='ocr_par' dir='ltr' id='par_1_5' title="bbox 88 1258 970 3110">
     <span class='ocr_line' id='line_1_19' title="bbox 91 1258 955 1309; baseline -0.001 -14"><span class='ocrx_word' id='word_1_205' title='bbox 91 1259 206 1297; x_wconf 82' lang='lat' dir='ltr'>etiam</span> <span class='ocrx_word' id='word_1_206' title='bbox 230 1271 320 1296; x_wconf 81' lang='lat' dir='ltr'>mox</span> <span class='ocrx_word' id='word_1_207' title='bbox 346 1263 435 1309; x_wconf 86' lang='lat' dir='ltr'>post</span> <span class='ocrx_word' id='word_1_208' title='bbox 460 1259 615 1309; x_wconf 76' lang='lat' dir='ltr'>longum</span> <span class='ocrx_word' id='word_1_209' title='bbox 642 1258 691 1296; x_wconf 87' lang='lat' dir='ltr'>de</span> <span class='ocrx_word' id='word_1_210' title='bbox 717 1271 764 1295; x_wconf 90' lang='lat' dir='ltr'>eo</span> <span class='ocrx_word' id='word_1_211' title='bbox 784 1258 955 1296; x_wconf 89' lang='lat' dir='ltr'>habitum</span> 
     </span>
     <span class='ocr_line' id='line_1_20' title="bbox 92 1315 955 1365; baseline 0 -14"><span class='ocrx_word' id='word_1_212' title='bbox 92 1315 271 1352; x_wconf 86' lang='lat' dir='ltr'>iudicium</span> <span class='ocrx_word' id='word_1_213' title='bbox 303 1319 478 1365; x_wconf 81' lang='lat' dir='ltr'>repertus</span> <span class='ocrx_word' id='word_1_214' title='bbox 511 1319 572 1353; x_wconf 88' lang='lat' dir='ltr'>est</span> <span class='ocrx_word' id='word_1_215' title='bbox 603 1329 675 1352; x_wconf 89' lang='lat' dir='ltr'>non</span> <span class='ocrx_word' id='word_1_216' title='bbox 708 1318 865 1351; x_wconf 88' lang='lat' dir='ltr'>mortem</span> <span class='ocrx_word' id='word_1_217' title='bbox 893 1327 955 1351; x_wconf 91' lang='lat' dir='ltr'>oc-</span> 
     </span>
     <span class='ocr_line' id='line_1_21' title="bbox 92 1369 955 1415; baseline 0 -8"><span class='ocrx_word' id='word_1_218' title='bbox 92 1370 290 1415; x_wconf 83' lang='lat' dir='ltr'>cubuisse,</span> <span class='ocrx_word' id='word_1_219' title='bbox 337 1371 411 1409; x_wconf 83' lang='lat' dir='ltr'>sed</span> <span class='ocrx_word' id='word_1_220' title='bbox 458 1376 537 1409; x_wconf 87' lang='lat' dir='ltr'>arto</span> <span class='ocrx_word' id='word_1_221' title='bbox 579 1383 716 1408; x_wconf 85' lang='lat' dir='ltr'>somno</span> <span class='ocrx_word' id='word_1_222' title='bbox 755 1369 955 1407; x_wconf 82' lang='lat' dir='ltr'>devinctus</span> 
     </span>
     <span class='ocr_line' id='line_1_22' title="bbox 94 1426 956 1479; baseline -0.001 -15"><span class='ocrx_word' id='word_1_223' title='bbox 94 1426 216 1464; x_wconf 79' lang='lat' dir='ltr'>fuisse</span> <span class='ocrx_word' id='word_1_224' title='bbox 253 1440 287 1477; x_wconf 87' lang='lat' dir='ltr'>p.</span> <span class='ocrx_word' id='word_1_225' title='bbox 328 1430 418 1467; x_wconf 88' lang='grc'><strong>699.</strong></span> <span class='ocrx_word' id='word_1_226' title='bbox 464 1432 608 1479; x_wconf 80' lang='lat' dir='ltr'>pater,</span> <span class='ocrx_word' id='word_1_227' title='bbox 651 1426 956 1478; x_wconf 79' lang='lat' dir='ltr'>cooperculo</span> 
     </span>
     <span class='ocr_line' id='line_1_23' title="bbox 93 1483 955 1535; baseline -0.002 -13"><span class='ocrx_word' id='word_1_228' title='bbox 93 1483 264 1534; x_wconf 83' lang='lat' dir='ltr'>capuli</span> <span class='ocrx_word' id='word_1_229' title='bbox 306 1488 503 1530; x_wconf 78' lang='lat' dir='ltr'>remoto,</span> <span class='ocrx_word' id='word_1_230' title='bbox 546 1487 773 1535; x_wconf 70' lang='lat' dir='ltr'>surqcntem</span> <span class='ocrx_word' id='word_1_231' title='bbox 815 1483 955 1533; x_wconf 79' lang='lat' dir='ltr'>depre-</span> 
     </span>
     <span class='ocr_line' id='line_1_24' title="bbox 93 1538 956 1592; baseline -0.001 -15"><span class='ocrx_word' id='word_1_232' title='bbox 93 1539 235 1578; x_wconf 78' lang='lat' dir='ltr'>hendit</span> <span class='ocrx_word' id='word_1_233' title='bbox 265 1540 415 1592; x_wconf 83' lang='lat' dir='ltr'>filium,</span> <span class='ocrx_word' id='word_1_234' title='bbox 458 1553 624 1592; x_wconf 85' lang='lat' dir='ltr'>eumque</span> <span class='ocrx_word' id='word_1_235' title='bbox 661 1539 865 1591; x_wconf 66' lang='lat' dir='ltr'>producit*</span> <span class='ocrx_word' id='word_1_236' title='bbox 899 1538 956 1576; x_wconf 78' lang='lat' dir='ltr'>acl</span> 
     </span>
     <span class='ocr_line' id='line_1_25' title="bbox 88 1595 952 1648; baseline -0.002 -15"><span class='ocrx_word' id='word_1_237' title='bbox 88 1595 292 1647; x_wconf 77' lang='lat' dir='ltr'>populum</span> <span class='ocrx_word' id='word_1_238' title='bbox 304 1626 313 1640; x_wconf 85' lang='lat'>‚</span> <span class='ocrx_word' id='word_1_239' title='bbox 339 1600 383 1635; x_wconf 83' lang='lat' dir='ltr'>ut</span> <span class='ocrx_word' id='word_1_240' title='bbox 395 1601 484 1635; x_wconf 76' lang='lat' dir='ltr'>erat</span> <span class='ocrx_word' id='word_1_241' title='bbox 499 1596 637 1635; x_wconf 77' lang='lat' dir='ltr'>adbuc</span> <span class='ocrx_word' id='word_1_242' title='bbox 648 1595 849 1648; x_wconf 79' lang='lat' dir='ltr'>feralibus</span> <span class='ocrx_word' id='word_1_243' title='bbox 862 1595 952 1633; x_wconf 87' lang='lat' dir='ltr'>omi·</span> 
     </span>
     <span class='ocr_line' id='line_1_26' title="bbox 95 1651 956 1703; baseline -0.002 -13"><span class='ocrx_word' id='word_1_244' title='bbox 95 1652 197 1690; x_wconf 82' lang='lat' dir='ltr'>calis</span> <span class='ocrx_word' id='word_1_245' title='bbox 212 1651 437 1695; x_wconf 82' lang='lat' dir='ltr'>obstrictus.</span> <span class='ocrx_word' id='word_1_246' title='bbox 454 1653 516 1690; x_wconf 87' lang='lat' dir='ltr'>ubi</span> <span class='ocrx_word' id='word_1_247' title='bbox 532 1651 632 1690; x_wconf 87' lang='lat' dir='ltr'>male</span> <span class='ocrx_word' id='word_1_248' title='bbox 646 1665 716 1703; x_wconf 87' lang='lat' dir='ltr'>per</span> <span class='ocrx_word' id='word_1_249' title='bbox 728 1651 956 1702; x_wconf 81' lang='lat' dir='ltr'>sepulcrum</span> 
     </span>
     <span class='ocr_line' id='line_1_27' title="bbox 93 1707 957 1759; baseline -0.001 -15"><span class='ocrx_word' id='word_1_250' title='bbox 93 1712 132 1744; x_wconf 84' lang='lat' dir='ltr'>ct</span> <span class='ocrx_word' id='word_1_251' title='bbox 147 1707 338 1759; x_wconf 76' lang='lat' dir='ltr'>capulum.</span> <span class='ocrx_word' id='word_1_252' title='bbox 374 1707 556 1747; x_wconf 82' lang='lat' dir='ltr'>Floridus</span> <span class='ocrx_word' id='word_1_253' title='bbox 571 1708 748 1759; x_wconf 82' lang='lat' dir='ltr'>intelligit</span> <span class='ocrx_word' id='word_1_254' title='bbox 762 1707 957 1751; x_wconf 70' lang='lat' dir='ltr'>feretrum,</span> 
     </span>
     <span class='ocr_line' id='line_1_28' title="bbox 96 1764 959 1814; baseline -0.001 -13"><span class='ocrx_word' id='word_1_255' title='bbox 96 1777 171 1814; x_wconf 86' lang='lat' dir='ltr'>quo</span> <span class='ocrx_word' id='word_1_256' title='bbox 201 1764 376 1802; x_wconf 84' lang='lat' dir='ltr'>inclusus</span> <span class='ocrx_word' id='word_1_257' title='bbox 408 1765 562 1803; x_wconf 87' lang='lat' dir='ltr'>delatus</span> <span class='ocrx_word' id='word_1_258' title='bbox 593 1764 706 1802; x_wconf 86' lang='lat' dir='ltr'>suerit</span> <span class='ocrx_word' id='word_1_259' title='bbox 731 1764 781 1802; x_wconf 83' lang='lat' dir='ltr'>ad</span> <span class='ocrx_word' id='word_1_260' title='bbox 813 1776 959 1813; x_wconf 77' lang='lat' dir='ltr'>rogum,</span> 
     </span>
     <span class='ocr_line' id='line_1_29' title="bbox 94 1820 960 1872; baseline -0.001 -15"><span class='ocrx_word' id='word_1_261' title='bbox 94 1820 154 1858; x_wconf 73' lang='lat' dir='ltr'>his</span> <span class='ocrx_word' id='word_1_262' title='bbox 180 1820 328 1859; x_wconf 80' lang='lat' dir='ltr'>scilicet</span> <span class='ocrx_word' id='word_1_263' title='bbox 351 1820 552 1871; x_wconf 83' lang='lat' dir='ltr'>deceptus.</span> <span class='ocrx_word' id='word_1_264' title='bbox 595 1820 775 1872; x_wconf 80' lang='lat' dir='ltr'>Capulns</span> <span class='ocrx_word' id='word_1_265' title='bbox 801 1833 872 1858; x_wconf 89' lang='lat' dir='ltr'>non</span> <span class='ocrx_word' id='word_1_266' title='bbox 899 1824 960 1856; x_wconf 80' lang='lat' dir='ltr'>est</span> 
     </span>
     <span class='ocr_line' id='line_1_30' title="bbox 94 1875 960 1927; baseline -0.001 -14"><span class='ocrx_word' id='word_1_267' title='bbox 94 1877 143 1913; x_wconf 91' lang='lat' dir='ltr'>ibi</span> <span class='ocrx_word' id='word_1_268' title='bbox 161 1877 359 1922; x_wconf 72' lang='lat' dir='ltr'>feretrum,</span> <span class='ocrx_word' id='word_1_269' title='bbox 385 1878 457 1915; x_wconf 84' lang='lat' dir='ltr'>sed</span> <span class='ocrx_word' id='word_1_270' title='bbox 476 1891 580 1916; x_wconf 86' lang='lat' dir='ltr'>arca.</span> <span class='ocrx_word' id='word_1_271' title='bbox 607 1877 643 1915; x_wconf 90' lang='lat' dir='ltr'>in</span> <span class='ocrx_word' id='word_1_272' title='bbox 664 1890 739 1927; x_wconf 85' lang='lat' dir='ltr'>qua</span> <span class='ocrx_word' id='word_1_273' title='bbox 751 1875 960 1915; x_wconf 84' lang='lat' dir='ltr'>recondun-</span> 
     </span>
     <span class='ocr_line' id='line_1_31' title="bbox 95 1932 959 1984; baseline 0.001 -16"><span class='ocrx_word' id='word_1_274' title='bbox 95 1938 153 1969; x_wconf 86' lang='lat' dir='ltr'>tur</span> <span class='ocrx_word' id='word_1_275' title='bbox 185 1933 385 1978; x_wconf 79' lang='lat' dir='ltr'>humandi,</span> <span class='ocrx_word' id='word_1_276' title='bbox 418 1948 490 1971; x_wconf 85' lang='lat' dir='ltr'>nou</span> <span class='ocrx_word' id='word_1_277' title='bbox 522 1933 759 1984; x_wconf 81' lang='lat' dir='ltr'>sepeliendi,</span> <span class='ocrx_word' id='word_1_278' title='bbox 793 1937 831 1970; x_wconf 90' lang='lat' dir='ltr'>ut</span> <span class='ocrx_word' id='word_1_279' title='bbox 857 1932 959 1970; x_wconf 87' lang='lat' dir='ltr'>clare</span> 
     </span>
     <span class='ocr_line' id='line_1_32' title="bbox 95 1988 961 2040; baseline 0 -14"><span class='ocrx_word' id='word_1_280' title='bbox 95 1988 191 2027; x_wconf 75' lang='lat' dir='ltr'>Met.</span> <span class='ocrx_word' id='word_1_281' title='bbox 214 1989 278 2026; x_wconf 68' lang='grc' dir='ltr'><strong>ΙΥ.</strong></span> <span class='ocrx_word' id='word_1_282' title='bbox 303 2003 340 2040; x_wconf 85' lang='lat' dir='ltr'>p.</span> <span class='ocrx_word' id='word_1_283' title='bbox 363 1994 461 2030; x_wconf 78' lang='lat'>⁴277:</span> <span class='ocrx_word' id='word_1_284' title='bbox 486 1995 778 2029; x_wconf 84' lang='lat' dir='ltr'>monumentum</span> <span class='ocrx_word' id='word_1_285' title='bbox 805 1990 961 2039; x_wconf 80' lang='lat' dir='ltr'>conspi-</span> 
     </span>
     <span class='ocr_line' id='line_1_33' title="bbox 98 2045 962 2097; baseline 0 -14"><span class='ocrx_word' id='word_1_286' title='bbox 98 2059 238 2084; x_wconf 86' lang='lat' dir='ltr'>camur</span> <span class='ocrx_word' id='word_1_287' title='bbox 260 2047 415 2097; x_wconf 80' lang='lat' dir='ltr'>procul</span> <span class='ocrx_word' id='word_1_288' title='bbox 437 2061 461 2085; x_wconf 87' lang='lat' dir='ltr'>a</span> <span class='ocrx_word' id='word_1_289' title='bbox 490 2047 552 2085; x_wconf 72' lang='lat' dir='ltr'>cia</span> <span class='ocrx_word' id='word_1_290' title='bbox 666 2046 730 2084; x_wconf 86' lang='lat' dir='ltr'>Ibi</span> <span class='ocrx_word' id='word_1_291' title='bbox 755 2045 962 2096; x_wconf 73' lang='lat' dir='ltr'>capulos</span> 
     </span>
     <span class='ocr_line' id='line_1_34' title="bbox 99 2102 962 2152; baseline 0 -13"><span class='ocrx_word' id='word_1_292' title='bbox 99 2103 211 2139; x_wconf 75' lang='lat' dir='ltr'>carie</span> <span class='ocrx_word' id='word_1_293' title='bbox 235 2107 272 2140; x_wconf 79' lang='lat' dir='ltr'>et</span> <span class='ocrx_word' id='word_1_294' title='bbox 300 2107 494 2141; x_wconf 73' lang='lat' dir='ltr'>vetustate</span> <span class='ocrx_word' id='word_1_295' title='bbox 518 2104 757 2145; x_wconf 80' lang='lat' dir='ltr'>semitectos.</span> <span class='ocrx_word' id='word_1_296' title='bbox 793 2103 881 2152; x_wconf 85' lang='lat' dir='ltr'>quis</span> <span class='ocrx_word' id='word_1_297' title='bbox 906 2102 962 2139; x_wconf 81' lang='lat' dir='ltr'>iu-</span> 
     </span>
     <span class='ocr_line' id='line_1_35' title="bbox 98 2158 963 2209; baseline -0.001 -14"><span class='ocrx_word' id='word_1_298' title='bbox 98 2158 339 2197; x_wconf 78' lang='lat' dir='ltr'>habitabant</span> <span class='ocrx_word' id='word_1_299' title='bbox 370 2159 552 2209; x_wconf 78' lang='lat' dir='ltr'>pulcerei</span> <span class='ocrx_word' id='word_1_300' title='bbox 589 2163 626 2197; x_wconf 86' lang='lat' dir='ltr'>et</span> <span class='ocrx_word' id='word_1_301' title='bbox 667 2159 746 2197; x_wconf 87' lang='lat' dir='ltr'>iam</span> <span class='ocrx_word' id='word_1_302' title='bbox 789 2158 963 2196; x_wconf 85' lang='lat' dir='ltr'>cinerosi</span> 
     </span>
     <span class='ocr_line' id='line_1_36' title="bbox 96 2214 963 2265; baseline 0 -14"><span class='ocrx_word' id='word_1_303' title='bbox 96 2215 254 2254; x_wconf 81' lang='lat' dir='ltr'>mortui.</span> <span class='ocrx_word' id='word_1_304' title='bbox 287 2214 418 2265; x_wconf 81' lang='lat' dir='ltr'>Atque</span> <span class='ocrx_word' id='word_1_305' title='bbox 443 2215 534 2252; x_wconf 85' lang='lat' dir='ltr'>alibi</span> <span class='ocrx_word' id='word_1_306' title='bbox 558 2227 628 2265; x_wconf 87' lang='lat' dir='ltr'>pro</span> <span class='ocrx_word' id='word_1_307' title='bbox 654 2214 865 2252; x_wconf 82' lang='lat' dir='ltr'>conditorio</span> <span class='ocrx_word' id='word_1_308' title='bbox 891 2227 963 2251; x_wconf 86' lang='lat' dir='ltr'>scu</span> 
     </span>
     <span class='ocr_line' id='line_1_37' title="bbox 95 2269 962 2321; baseline -0.001 -14"><span class='ocrx_word' id='word_1_309' title='bbox 95 2270 342 2321; x_wconf 72' lang='lat' dir='ltr'>sarcophago</span> <span class='ocrx_word' id='word_1_310' title='bbox 374 2272 546 2309; x_wconf 79' lang='lat' dir='ltr'>occurrit.</span> <span class='ocrx_word' id='word_1_311' title='bbox 584 2270 632 2309; x_wconf 85' lang='lat' dir='ltr'>cs.</span> <span class='ocrx_word' id='word_1_312' title='bbox 664 2270 713 2310; x_wconf 85' lang='lat' dir='ltr'>ad</span> <span class='ocrx_word' id='word_1_313' title='bbox 745 2270 839 2308; x_wconf 84' lang='lat' dir='ltr'>Met.</span> <span class='ocrx_word' id='word_1_314' title='bbox 861 2269 962 2307; x_wconf 67' lang='lat' dir='ltr'>Vlll.</span> 
     </span>
     <span class='ocr_line' id='line_1_38' title="bbox 98 2327 966 2378; baseline 0 -15"><span class='ocrx_word' id='word_1_315' title='bbox 98 2340 132 2376; x_wconf 87' lang='lat' dir='ltr'>p.</span> <span class='ocrx_word' id='word_1_316' title='bbox 160 2331 253 2366; x_wconf 80' lang='lat'><strong>544.</strong></span> <span class='ocrx_word' id='word_1_317' title='bbox 287 2328 513 2378; x_wconf 81' lang='lat' dir='ltr'>capulum</span> <span class='ocrx_word' id='word_1_318' title='bbox 546 2327 770 2378; x_wconf 76' lang='lat' dir='ltr'>Tlepolemi</span> <span class='ocrx_word' id='word_1_319' title='bbox 791 2331 966 2378; x_wconf 76' lang='lat' dir='ltr'>propter</span> 
     </span>
     <span class='ocr_line' id='line_1_39' title="bbox 98 2382 965 2434; baseline -0.001 -14"><span class='ocrx_word' id='word_1_320' title='bbox 98 2382 303 2421; x_wconf 78' lang='lat' dir='ltr'>adsistens.</span> <span class='ocrx_word' id='word_1_321' title='bbox 325 2383 529 2434; x_wconf 72' lang='lat' dir='ltr'>Nunquam</span> <span class='ocrx_word' id='word_1_322' title='bbox 545 2385 642 2421; x_wconf 90' lang='lat' dir='ltr'>enim</span> <span class='ocrx_word' id='word_1_323' title='bbox 658 2396 797 2420; x_wconf 85' lang='lat' dir='ltr'>omnes</span> <span class='ocrx_word' id='word_1_324' title='bbox 812 2383 965 2420; x_wconf 79' lang='lat' dir='ltr'>omniuo</span> 
     </span>
     <span class='ocr_line' id='line_1_40' title="bbox 100 2439 966 2478; baseline 0 -2"><span class='ocrx_word' id='word_1_325' title='bbox 100 2439 241 2477; x_wconf 77' lang='lat' dir='ltr'>Graeci</span> <span class='ocrx_word' id='word_1_326' title='bbox 256 2444 293 2476; x_wconf 87' lang='lat' dir='ltr'>et</span> <span class='ocrx_word' id='word_1_327' title='bbox 308 2439 472 2478; x_wconf 86' lang='lat' dir='ltr'>Romani</span> <span class='ocrx_word' id='word_1_328' title='bbox 487 2454 643 2477; x_wconf 82' lang='lat' dir='ltr'>suorum</span> <span class='ocrx_word' id='word_1_329' title='bbox 661 2439 850 2477; x_wconf 77' lang='lat' dir='ltr'>cadavera</span> <span class='ocrx_word' id='word_1_330' title='bbox 865 2452 966 2477; x_wconf 84' lang='lat' dir='ltr'>com-</span> 
     </span>
     <span class='ocr_line' id='line_1_41' title="bbox 99 2494 964 2546; baseline -0.002 -14"><span class='ocrx_word' id='word_1_331' title='bbox 99 2495 305 2540; x_wconf 75' lang='lat' dir='ltr'>burebant,</span> <span class='ocrx_word' id='word_1_332' title='bbox 331 2496 586 2534; x_wconf 82' lang='lat' dir='ltr'>sedmultiea</span> <span class='ocrx_word' id='word_1_333' title='bbox 607 2495 833 2535; x_wconf 75' lang='lat' dir='ltr'>humabunt.</span> <span class='ocrx_word' id='word_1_334' title='bbox 860 2494 964 2546; x_wconf 85' lang='lat' dir='ltr'>quod</span> 
     </span>
     <span class='ocr_line' id='line_1_42' title="bbox 98 2551 964 2604; baseline -0.001 -16"><span class='ocrx_word' id='word_1_335' title='bbox 98 2552 323 2602; x_wconf 81' lang='lat' dir='ltr'>sepulturae</span> <span class='ocrx_word' id='word_1_336' title='bbox 348 2565 472 2600; x_wconf 71' lang='lat' dir='ltr'>genus</span> <span class='ocrx_word' id='word_1_337' title='bbox 498 2553 725 2604; x_wconf 82' lang='lat' dir='ltr'>praesertim</span> <span class='ocrx_word' id='word_1_338' title='bbox 756 2565 889 2590; x_wconf 81' lang='lat' dir='ltr'>rursus</span> <span class='ocrx_word' id='word_1_339' title='bbox 915 2551 964 2588; x_wconf 88' lang='lat' dir='ltr'>in-</span> 
     </span>
     <span class='ocr_line' id='line_1_43' title="bbox 101 2607 965 2659; baseline 0 -15"><span class='ocrx_word' id='word_1_340' title='bbox 101 2608 220 2646; x_wconf 79' lang='lat' dir='ltr'>valuit</span> <span class='ocrx_word' id='word_1_341' title='bbox 233 2612 324 2659; x_wconf 83' lang='lat' dir='ltr'>post</span> <span class='ocrx_word' id='word_1_342' title='bbox 338 2608 672 2646; x_wconf 65' lang='lat' dir='ltr'>Christianismum</span> <span class='ocrx_word' id='word_1_343' title='bbox 694 2613 773 2646; x_wconf 78' lang='lat' dir='ltr'>toto</span> <span class='ocrx_word' id='word_1_344' title='bbox 787 2607 965 2646; x_wconf 83' lang='lat' dir='ltr'>Romano</span> 
     </span>
     <span class='ocr_line' id='line_1_44' title="bbox 100 2664 967 2715; baseline 0 -14"><span class='ocrx_word' id='word_1_345' title='bbox 100 2665 193 2702; x_wconf 88' lang='lat' dir='ltr'>orbe</span> <span class='ocrx_word' id='word_1_346' title='bbox 207 2670 416 2715; x_wconf 84' lang='lat' dir='ltr'>receptum.</span> <span class='ocrx_word' id='word_1_347' title='bbox 442 2666 568 2703; x_wconf 82' lang='lat' dir='ltr'>‹loucc</span> <span class='ocrx_word' id='word_1_348' title='bbox 580 2664 733 2702; x_wconf 86' lang='lat' dir='ltr'>tandem</span> <span class='ocrx_word' id='word_1_349' title='bbox 750 2665 967 2702; x_wconf 85' lang='lat' dir='ltr'>combustio</span> 
     </span>
     <span class='ocr_line' id='line_1_45' title="bbox 101 2721 966 2771; baseline -0.001 -13"><span class='ocrx_word' id='word_1_350' title='bbox 101 2725 161 2758; x_wconf 84' lang='lat' dir='ltr'>est</span> <span class='ocrx_word' id='word_1_351' title='bbox 174 2721 332 2760; x_wconf 79' lang='lat' dir='ltr'>abolita.</span> <span class='ocrx_word' id='word_1_352' title='bbox 371 2721 555 2760; x_wconf 84' lang='lat' dir='ltr'>Humatio</span> <span class='ocrx_word' id='word_1_353' title='bbox 577 2725 683 2771; x_wconf 87' lang='lat' dir='ltr'>patet</span> <span class='ocrx_word' id='word_1_354' title='bbox 697 2734 745 2758; x_wconf 77' lang='lat' dir='ltr'>ex</span> <span class='ocrx_word' id='word_1_355' title='bbox 759 2721 966 2758; x_wconf 80' lang='lat' dir='ltr'>innumeris</span> 
     </span>
     <span class='ocr_line' id='line_1_46' title="bbox 99 2778 965 2829; baseline -0.001 -15"><span class='ocrx_word' id='word_1_356' title='bbox 99 2778 263 2829; x_wconf 84' lang='lat' dir='ltr'>repertis</span> <span class='ocrx_word' id='word_1_357' title='bbox 286 2778 543 2828; x_wconf 72' lang='lat' dir='ltr'>sarcophagis</span> <span class='ocrx_word' id='word_1_358' title='bbox 562 2782 815 2827; x_wconf 75' lang='lat' dir='ltr'>veterumque</span> <span class='ocrx_word' id='word_1_359' title='bbox 840 2780 965 2815; x_wconf 43' lang='lat' dir='ltr'>auctor</span> 
     </span>
     <span class='ocr_line' id='line_1_47' title="bbox 101 2832 966 2883; baseline 0.001 -13"><span class='ocrx_word' id='word_1_360' title='bbox 101 2846 180 2871; x_wconf 92' lang='lat' dir='ltr'>rum</span> <span class='ocrx_word' id='word_1_361' title='bbox 209 2833 306 2872; x_wconf 74' lang='lat' dir='ltr'>locis</span> <span class='ocrx_word' id='word_1_362' title='bbox 332 2834 380 2873; x_wconf 92' lang='lat' dir='ltr'>cs.</span> <span class='ocrx_word' id='word_1_363' title='bbox 410 2833 485 2872; x_wconf 86' lang='lat' dir='ltr'>Cic.</span> <span class='ocrx_word' id='word_1_364' title='bbox 503 2835 551 2871; x_wconf 83' lang='lat' dir='ltr'>‹le</span> <span class='ocrx_word' id='word_1_365' title='bbox 573 2833 695 2883; x_wconf 69' lang='lat' dir='ltr'>chg.</span> <span class='ocrx_word' id='word_1_366' title='bbox 712 2833 755 2870; x_wconf 89' lang='lat' dir='ltr'>ll.</span> <span class='ocrx_word' id='word_1_367' title='bbox 771 2838 834 2873; x_wconf 83' lang='lat'>22.</span> <span class='ocrx_word' id='word_1_368' title='bbox 856 2832 887 2882; x_wconf 62' lang='grc' dir='ltr'>ξ.</span> <span class='ocrx_word' id='word_1_369' title='bbox 903 2836 966 2872; x_wconf 83' lang='grc'>56.</span> 
     </span>
     <span class='ocr_line' id='line_1_48' title="bbox 101 2888 969 2932; baseline 0 -6"><span class='ocrx_word' id='word_1_370' title='bbox 101 2888 200 2927; x_wconf 91' lang='lat' dir='ltr'>Plin.</span> <span class='ocrx_word' id='word_1_371' title='bbox 225 2889 269 2930; x_wconf 91' lang='lat'>11.</span> <span class='ocrx_word' id='word_1_372' title='bbox 296 2894 362 2932; x_wconf 82' lang='lat'><strong>63.</strong></span> <span class='ocrx_word' id='word_1_373' title='bbox 388 2889 471 2929; x_wconf 65' lang='lat' dir='ltr'>VH.</span> <span class='ocrx_word' id='word_1_374' title='bbox 501 2894 562 2931; x_wconf 87' lang='grc'>16.</span> <span class='ocrx_word' id='word_1_375' title='bbox 596 2895 661 2930; x_wconf 82' lang='grc'>54.</span> <span class='ocrx_word' id='word_1_376' title='bbox 711 2889 881 2928; x_wconf 81' lang='lat' dir='ltr'>Fabrett.</span> <span class='ocrx_word' id='word_1_377' title='bbox 913 2888 969 2926; x_wconf 87' lang='lat' dir='ltr'>ln-</span> 
     </span>
     <span class='ocr_line' id='line_1_49' title="bbox 102 2944 969 2997; baseline -0.001 -14"><span class='ocrx_word' id='word_1_378' title='bbox 102 2945 248 2997; x_wconf 84' lang='lat' dir='ltr'>scriptt.</span> <span class='ocrx_word' id='word_1_379' title='bbox 280 2947 326 2985; x_wconf 90' lang='lat' dir='ltr'>cl.</span> <span class='ocrx_word' id='word_1_380' title='bbox 354 2947 445 2986; x_wconf 80' lang='lat' dir='ltr'>Gor.</span> <span class='ocrx_word' id='word_1_381' title='bbox 476 2947 526 2985; x_wconf 83' lang='lat' dir='ltr'>ad</span> <span class='ocrx_word' id='word_1_382' title='bbox 559 2946 736 2984; x_wconf 84' lang='lat' dir='ltr'>Columb.</span> <span class='ocrx_word' id='word_1_383' title='bbox 768 2945 852 2983; x_wconf 80' lang='lat' dir='ltr'>Lib.</span> <span class='ocrx_word' id='word_1_384' title='bbox 883 2944 969 2983; x_wconf 81' lang='lat' dir='ltr'>Liv.</span> 
     </span>
     <span class='ocr_line' id='line_1_50' title="bbox 105 3002 969 3052; baseline -0.001 -12"><span class='ocrx_word' id='word_1_385' title='bbox 105 3015 140 3052; x_wconf 85' lang='lat' dir='ltr'>p.</span> <span class='ocrx_word' id='word_1_386' title='bbox 167 3005 234 3042; x_wconf 89' lang='grc'>38.</span> <span class='ocrx_word' id='word_1_387' title='bbox 257 3003 433 3042; x_wconf 76' lang='lat' dir='ltr'>Mam-ob.</span> <span class='ocrx_word' id='word_1_388' title='bbox 460 3004 541 3041; x_wconf 69' lang='lat' dir='ltr'>Sat.</span> <span class='ocrx_word' id='word_1_389' title='bbox 556 3002 641 3041; x_wconf 71' lang='lat' dir='ltr'>Vll.</span> <span class='ocrx_word' id='word_1_390' title='bbox 670 3007 705 3042; x_wconf 88' lang='lat'>7.</span> <span class='ocrx_word' id='word_1_391' title='bbox 738 3002 969 3040; x_wconf 79' lang='lat' dir='ltr'>Commentt.</span> 
     </span>
     <span class='ocr_line' id='line_1_51' title="bbox 104 3056 970 3110; baseline 0.001 -15"><span class='ocrx_word' id='word_1_392' title='bbox 104 3057 153 3096; x_wconf 87' lang='lat' dir='ltr'>ad</span> <span class='ocrx_word' id='word_1_393' title='bbox 164 3056 278 3097; x_wconf 65' lang='lat' dir='ltr'>LXI.</span> <span class='ocrx_word' id='word_1_394' title='bbox 288 3059 383 3098; x_wconf 82' lang='lat' dir='ltr'>cod.</span> <span class='ocrx_word' id='word_1_395' title='bbox 393 3059 546 3098; x_wconf 86' lang='lat' dir='ltr'>Theod.</span> <span class='ocrx_word' id='word_1_396' title='bbox 555 3059 604 3097; x_wconf 90' lang='lat' dir='ltr'>de</span> <span class='ocrx_word' id='word_1_397' title='bbox 617 3059 799 3110; x_wconf 82' lang='lat' dir='ltr'>sepulcro</span> <span class='ocrx_word' id='word_1_398' title='bbox 811 3057 970 3096; x_wconf 82' lang='lat' dir='ltr'>violato.</span> 
     </span>
    </p>
   </div>
   <div class='ocr_carea' id='block_1_6' title="bbox 105 3115 972 3168">
    <p class='ocr_par' dir='ltr' id='par_1_6' title="bbox 105 3115 972 3168">
     <span class='ocr_line' id='line_1_52' title="bbox 105 3115 972 3168; baseline -0.003 -13"><span class='ocrx_word' id='word_1_399' title='bbox 105 3115 254 3168; x_wconf 74' lang='lat' dir='ltr'>Royus</span> <span class='ocrx_word' id='word_1_400' title='bbox 287 3115 399 3168; x_wconf 86' lang='lat' dir='ltr'>igitur</span> <span class='ocrx_word' id='word_1_401' title='bbox 429 3115 491 3156; x_wconf 85' lang='lat' dir='ltr'>bic</span> <span class='ocrx_word' id='word_1_402' title='bbox 516 3119 649 3156; x_wconf 84' lang='lat' dir='ltr'>contra</span> <span class='ocrx_word' id='word_1_403' title='bbox 676 3128 789 3155; x_wconf 86' lang='lat' dir='ltr'>usum</span> <span class='ocrx_word' id='word_1_404' title='bbox 819 3115 972 3167; x_wconf 86' lang='lat' dir='ltr'>ponitur</span> 
     </span>
    </p>
   </div>
   <div class='ocr_carea' id='block_1_7' title="bbox 1014 1253 1893 3165">
    <p class='ocr_par' dir='ltr' id='par_1_7' title="bbox 1014 1253 1885 1926">
     <span class='ocr_line' id='line_1_53' title="bbox 1014 1253 1877 1308; baseline -0.001 -16"><span class='ocrx_word' id='word_1_405' title='bbox 1014 1271 1082 1308; x_wconf 85' lang='lat' dir='ltr'>pro</span> <span class='ocrx_word' id='word_1_406' title='bbox 1109 1255 1298 1307; x_wconf 79' lang='lat' dir='ltr'>sepulcro</span> <span class='ocrx_word' id='word_1_407' title='bbox 1324 1259 1362 1293; x_wconf 88' lang='lat' dir='ltr'>et</span> <span class='ocrx_word' id='word_1_408' title='bbox 1388 1269 1504 1295; x_wconf 81' lang='lat' dir='ltr'>arca.</span> <span class='ocrx_word' id='word_1_409' title='bbox 1530 1258 1571 1292; x_wconf 87' lang='lat' dir='ltr'>ut</span> <span class='ocrx_word' id='word_1_410' title='bbox 1584 1254 1733 1305; x_wconf 82' lang='lat' dir='ltr'>passim</span> <span class='ocrx_word' id='word_1_411' title='bbox 1746 1253 1877 1305; x_wconf 81' lang='lat' dir='ltr'>sepul-</span> 
     </span>
     <span class='ocr_line' id='line_1_54' title="bbox 1015 1308 1877 1364; baseline -0.007 -12"><span class='ocrx_word' id='word_1_412' title='bbox 1015 1327 1125 1352; x_wconf 84' lang='lat' dir='ltr'>crum</span> <span class='ocrx_word' id='word_1_413' title='bbox 1146 1326 1212 1362; x_wconf 88' lang='lat' dir='ltr'>pro</span> <span class='ocrx_word' id='word_1_414' title='bbox 1232 1326 1351 1364; x_wconf 71' lang='lat' dir='ltr'>royo.</span> <span class='ocrx_word' id='word_1_415' title='bbox 1379 1311 1446 1362; x_wconf 77' lang='lat' dir='ltr'>[cf.</span> <span class='ocrx_word' id='word_1_416' title='bbox 1468 1310 1550 1349; x_wconf 87' lang='lat' dir='ltr'>lntt.</span> <span class='ocrx_word' id='word_1_417' title='bbox 1571 1310 1620 1348; x_wconf 86' lang='lat' dir='ltr'>ad</span> <span class='ocrx_word' id='word_1_418' title='bbox 1635 1310 1774 1348; x_wconf 73' lang='lat' dir='ltr'>Minuc-</span> <span class='ocrx_word' id='word_1_419' title='bbox 1794 1308 1877 1347; x_wconf 78' lang='lat' dir='ltr'>Fet.</span> 
     </span>
     <span class='ocr_line' id='line_1_55' title="bbox 1014 1367 1878 1407; baseline -0.003 -1"><span class='ocrx_word' id='word_1_420' title='bbox 1014 1367 1081 1406; x_wconf 82' lang='lat' dir='ltr'>Xl.</span> <span class='ocrx_word' id='word_1_421' title='bbox 1107 1372 1144 1407; x_wconf 89' lang='lat'><strong>3.</strong></span> <span class='ocrx_word' id='word_1_422' title='bbox 1184 1368 1287 1406; x_wconf 81' lang='lat' dir='ltr'>Inde</span> <span class='ocrx_word' id='word_1_423' title='bbox 1325 1368 1513 1407; x_wconf 70' lang='lat' dir='ltr'>videlicet</span> <span class='ocrx_word' id='word_1_424' title='bbox 1546 1372 1584 1405; x_wconf 85' lang='lat' dir='ltr'>et</span> <span class='ocrx_word' id='word_1_425' title='bbox 1615 1371 1878 1405; x_wconf 68' lang='lat' dir='ltr'>exsecrantur</span> 
     </span>
     <span class='ocr_line' id='line_1_56' title="bbox 1014 1422 1877 1476; baseline -0.003 -14"><span class='ocrx_word' id='word_1_426' title='bbox 1014 1438 1140 1476; x_wconf 71' lang='lat' dir='ltr'>royos</span> <span class='ocrx_word' id='word_1_427' title='bbox 1154 1429 1190 1462; x_wconf 85' lang='lat' dir='ltr'>et</span> <span class='ocrx_word' id='word_1_428' title='bbox 1203 1425 1401 1462; x_wconf 80' lang='lat' dir='ltr'>damnant</span> <span class='ocrx_word' id='word_1_429' title='bbox 1414 1425 1569 1475; x_wconf 74' lang='lat' dir='ltr'>iynium</span> <span class='ocrx_word' id='word_1_430' title='bbox 1588 1422 1839 1474; x_wconf 74' lang='lat' dir='ltr'>sepultura</span> <span class='ocrx_word' id='word_1_431' title='bbox 1850 1435 1877 1459; x_wconf 90' lang='lat' dir='ltr'>s.</span> 
     </span>
     <span class='ocr_line' id='line_1_57' title="bbox 1014 1479 1877 1531; baseline -0.006 -13"><span class='ocrx_word' id='word_1_432' title='bbox 1014 1480 1071 1518; x_wconf 82' lang='lat' dir='ltr'>lta</span> <span class='ocrx_word' id='word_1_433' title='bbox 1084 1479 1224 1531; x_wconf 66' lang='lat' dir='ltr'>Hygin.</span> <span class='ocrx_word' id='word_1_434' title='bbox 1251 1493 1282 1518; x_wconf 80' lang='lat' dir='ltr'>e.</span> <span class='ocrx_word' id='word_1_435' title='bbox 1299 1483 1361 1520; x_wconf 81' lang='lat'><strong>62.</strong></span> <span class='ocrx_word' id='word_1_436' title='bbox 1389 1493 1423 1529; x_wconf 84' lang='lat' dir='ltr'>p.</span> <span class='ocrx_word' id='word_1_437' title='bbox 1443 1484 1531 1518; x_wconf 77' lang='lat'><strong>145.</strong></span> <span class='ocrx_word' id='word_1_438' title='bbox 1559 1479 1684 1516; x_wconf 81' lang='lat' dir='ltr'>(licere</span> <span class='ocrx_word' id='word_1_439' title='bbox 1709 1482 1877 1529; x_wconf 84' lang='lat' dir='ltr'>poterat:</span> 
     </span>
     <span class='ocr_line' id='line_1_58' title="bbox 1015 1532 1879 1590; baseline -0.006 -15"><span class='ocrx_word' id='word_1_440' title='bbox 1015 1538 1057 1575; x_wconf 82' lang='lat' dir='ltr'>in</span> <span class='ocrx_word' id='word_1_441' title='bbox 1085 1551 1191 1590; x_wconf 72' lang='lat' dir='ltr'>pyra</span> <span class='ocrx_word' id='word_1_442' title='bbox 1222 1536 1406 1587; x_wconf 81' lang='lat' dir='ltr'>sepulti</span> <span class='ocrx_word' id='word_1_443' title='bbox 1438 1536 1486 1573; x_wconf 90' lang='lat' dir='ltr'>de</span> <span class='ocrx_word' id='word_1_444' title='bbox 1513 1534 1675 1573; x_wconf 81' lang='lat' dir='ltr'>Eteocle</span> <span class='ocrx_word' id='word_1_445' title='bbox 1701 1538 1738 1571; x_wconf 87' lang='lat' dir='ltr'>et</span> <span class='ocrx_word' id='word_1_446' title='bbox 1762 1532 1879 1584; x_wconf 75' lang='lat' dir='ltr'>Poly-</span> 
     </span>
     <span class='ocr_line' id='line_1_59' title="bbox 1014 1590 1882 1645; baseline -0.002 -15"><span class='ocrx_word' id='word_1_447' title='bbox 1014 1595 1112 1631; x_wconf 86' lang='lat' dir='ltr'>nice.</span> <span class='ocrx_word' id='word_1_448' title='bbox 1144 1594 1311 1645; x_wconf 68' lang='lat' dir='ltr'>Roymn</span> <span class='ocrx_word' id='word_1_449' title='bbox 1335 1605 1404 1643; x_wconf 85' lang='lat' dir='ltr'>pro</span> <span class='ocrx_word' id='word_1_450' title='bbox 1430 1592 1620 1643; x_wconf 79' lang='lat' dir='ltr'>sepulcro</span> <span class='ocrx_word' id='word_1_451' title='bbox 1645 1590 1718 1628; x_wconf 82' lang='lat' dir='ltr'>(lici</span> <span class='ocrx_word' id='word_1_452' title='bbox 1746 1591 1882 1640; x_wconf 82' lang='lat' dir='ltr'>probat</span> 
     </span>
     <span class='ocr_line' id='line_1_60' title="bbox 1016 1647 1883 1700; baseline -0.002 -13"><span class='ocrx_word' id='word_1_453' title='bbox 1016 1649 1190 1700; x_wconf 76' lang='lat' dir='ltr'>inscript.</span> <span class='ocrx_word' id='word_1_454' title='bbox 1218 1649 1321 1700; x_wconf 84' lang='lat' dir='ltr'>apud</span> <span class='ocrx_word' id='word_1_455' title='bbox 1351 1648 1447 1686; x_wconf 84' lang='lat' dir='ltr'>Don.</span> <span class='ocrx_word' id='word_1_456' title='bbox 1475 1648 1521 1686; x_wconf 90' lang='lat' dir='ltr'>cl.</span> <span class='ocrx_word' id='word_1_457' title='bbox 1547 1653 1585 1688; x_wconf 85' lang='lat'><strong>5.</strong></span> <span class='ocrx_word' id='word_1_458' title='bbox 1611 1662 1644 1685; x_wconf 87' lang='lat' dir='ltr'>n.</span> <span class='ocrx_word' id='word_1_459' title='bbox 1675 1651 1770 1687; x_wconf 81' lang='lat'><strong>189:</strong></span> <span class='ocrx_word' id='word_1_460' title='bbox 1798 1647 1883 1685; x_wconf 78' lang='lat' dir='ltr'>Hic</span> 
     </span>
     <span class='ocr_line' id='line_1_61' title="bbox 1017 1703 1885 1757; baseline -0.003 -14"><span class='ocrx_word' id='word_1_461' title='bbox 1017 1706 1198 1757; x_wconf 44' lang='lat' dir='ltr'>colle-aio</span> <span class='ocrx_word' id='word_1_462' title='bbox 1246 1718 1320 1744; x_wconf 89' lang='lat' dir='ltr'>suo</span> <span class='ocrx_word' id='word_1_463' title='bbox 1368 1706 1696 1744; x_wconf 81' lang='lat' dir='ltr'>centonariorum</span> <span class='ocrx_word' id='word_1_464' title='bbox 1732 1703 1885 1755; x_wconf 58' lang='lat' dir='ltr'>leym-it</span> 
     </span>
     <span class='ocr_line' id='line_1_62' title="bbox 1022 1760 1884 1812; baseline -0.003 -12"><span class='ocrx_word' id='word_1_465' title='bbox 1022 1762 1177 1805; x_wconf 53' lang='lat'><em>1180:</em></span> <span class='ocrx_word' id='word_1_466' title='bbox 1191 1792 1200 1805; x_wconf 85' lang='grc'>.</span> <span class='ocrx_word' id='word_1_467' title='bbox 1226 1776 1278 1800; x_wconf 73' lang='lat' dir='ltr'>ea·</span> <span class='ocrx_word' id='word_1_468' title='bbox 1298 1763 1412 1800; x_wconf 73' lang='lat' dir='ltr'>cuius</span> <span class='ocrx_word' id='word_1_469' title='bbox 1425 1761 1559 1800; x_wconf 79' lang='lat' dir='ltr'>reditu</span> <span class='ocrx_word' id='word_1_470' title='bbox 1583 1761 1797 1812; x_wconf 79' lang='lat' dir='ltr'>quotannis</span> <span class='ocrx_word' id='word_1_471' title='bbox 1815 1760 1884 1798; x_wconf 75' lang='lat' dir='ltr'>(lie</span> 
     </span>
     <span class='ocr_line' id='line_1_63' title="bbox 1015 1816 1884 1869; baseline -0.003 -13"><span class='ocrx_word' id='word_1_472' title='bbox 1015 1818 1291 1869; x_wconf 80' lang='lat' dir='ltr'>parentalium</span> <span class='ocrx_word' id='word_1_473' title='bbox 1312 1831 1360 1855; x_wconf 82' lang='lat' dir='ltr'>ne</span> <span class='ocrx_word' id='word_1_474' title='bbox 1379 1819 1506 1856; x_wconf 76' lang='lat' dir='ltr'>niinns</span> <span class='ocrx_word' id='word_1_475' title='bbox 1524 1817 1702 1856; x_wconf 81' lang='lat' dir='ltr'>Immines</span> <span class='ocrx_word' id='word_1_476' title='bbox 1724 1817 1802 1857; x_wconf 65' lang='lat' dir='ltr'>XF!</span> <span class='ocrx_word' id='word_1_477' title='bbox 1827 1816 1884 1854; x_wconf 70' lang='grc' dir='ltr'>(αἱ</span> 
     </span>
     <span class='ocr_line' id='line_1_64' title="bbox 1017 1873 1770 1926; baseline -0.003 -14"><span class='ocrx_word' id='word_1_478' title='bbox 1017 1888 1165 1926; x_wconf 70' lang='lat' dir='ltr'>royum</span> <span class='ocrx_word' id='word_1_479' title='bbox 1188 1888 1300 1913; x_wconf 85' lang='lat' dir='ltr'>suum</span> <span class='ocrx_word' id='word_1_480' title='bbox 1326 1873 1601 1925; x_wconf 65' lang='lat' dir='ltr'>vescerentur]</span> <span class='ocrx_word' id='word_1_481' title='bbox 1765 1877 1770 1881; x_wconf 79' lang='grc'><strong>“</strong></span> 
     </span>
    </p>

    <p class='ocr_par' dir='ltr' id='par_1_8' title="bbox 1019 1928 1891 2655">
     <span class='ocr_line' id='line_1_65' title="bbox 1075 1928 1883 1980; baseline 0 -13"><span class='ocrx_word' id='word_1_482' title='bbox 1075 1931 1115 1967; x_wconf 87' lang='lat' dir='ltr'>iu</span> <span class='ocrx_word' id='word_1_483' title='bbox 1130 1932 1383 1968; x_wconf 83' lang='lat' dir='ltr'>comminata.</span> <span class='ocrx_word' id='word_1_484' title='bbox 1432 1929 1557 1967; x_wconf 80' lang='lat' dir='ltr'>Recte</span> <span class='ocrx_word' id='word_1_485' title='bbox 1572 1930 1769 1980; x_wconf 84' lang='lat' dir='ltr'>distinguit</span> <span class='ocrx_word' id='word_1_486' title='bbox 1782 1928 1883 1967; x_wconf 86' lang='lat' dir='ltr'>Oud.</span> 
     </span>
     <span class='ocr_line' id='line_1_66' title="bbox 1019 1985 1884 2025; baseline -0.001 -1"><span class='ocrx_word' id='word_1_487' title='bbox 1019 1986 1117 2025; x_wconf 86' lang='lat' dir='ltr'>haec</span> <span class='ocrx_word' id='word_1_488' title='bbox 1142 1987 1261 2024; x_wconf 75' lang='lat' dir='ltr'>verba</span> <span class='ocrx_word' id='word_1_489' title='bbox 1287 1986 1322 2023; x_wconf 89' lang='lat' dir='ltr'>in</span> <span class='ocrx_word' id='word_1_490' title='bbox 1348 1985 1478 2023; x_wconf 84' lang='lat' dir='ltr'>multis</span> <span class='ocrx_word' id='word_1_491' title='bbox 1505 1986 1614 2024; x_wconf 79' lang='lat' dir='ltr'>codd.</span> <span class='ocrx_word' id='word_1_492' title='bbox 1643 1991 1681 2023; x_wconf 88' lang='lat' dir='ltr'>et</span> <span class='ocrx_word' id='word_1_493' title='bbox 1701 1985 1788 2024; x_wconf 85' lang='lat' dir='ltr'>edd.</span> <span class='ocrx_word' id='word_1_494' title='bbox 1807 1987 1884 2024; x_wconf 90' lang='lat' dir='ltr'>iun-</span> 
     </span>
     <span class='ocr_line' id='line_1_67' title="bbox 1021 2042 1884 2094; baseline -0.002 -13"><span class='ocrx_word' id='word_1_495' title='bbox 1021 2044 1107 2081; x_wconf 90' lang='lat' dir='ltr'>ctim</span> <span class='ocrx_word' id='word_1_496' title='bbox 1123 2043 1285 2093; x_wconf 86' lang='lat' dir='ltr'>scripta,</span> <span class='ocrx_word' id='word_1_497' title='bbox 1311 2042 1533 2094; x_wconf 81' lang='lat' dir='ltr'>explicans:</span> <span class='ocrx_word' id='word_1_498' title='bbox 1560 2042 1730 2081; x_wconf 86' lang='lat' dir='ltr'>Sicarius</span> <span class='ocrx_word' id='word_1_499' title='bbox 1744 2046 1824 2080; x_wconf 87' lang='lat' dir='ltr'>erat</span> <span class='ocrx_word' id='word_1_500' title='bbox 1849 2043 1884 2080; x_wconf 87' lang='lat' dir='ltr'>iu</span> 
     </span>
     <span class='ocr_line' id='line_1_68' title="bbox 1022 2098 1885 2149; baseline -0.001 -13"><span class='ocrx_word' id='word_1_501' title='bbox 1022 2113 1088 2145; x_wconf 72' lang='lat' dir='ltr'>eo,</span> <span class='ocrx_word' id='word_1_502' title='bbox 1121 2098 1224 2149; x_wconf 83' lang='lat' dir='ltr'>quod</span> <span class='ocrx_word' id='word_1_503' title='bbox 1257 2100 1511 2137; x_wconf 81' lang='lat' dir='ltr'>comminatus</span> <span class='ocrx_word' id='word_1_504' title='bbox 1543 2103 1625 2137; x_wconf 84' lang='lat' dir='ltr'>erat</span> <span class='ocrx_word' id='word_1_505' title='bbox 1656 2112 1790 2137; x_wconf 87' lang='lat' dir='ltr'>necem</span> <span class='ocrx_word' id='word_1_506' title='bbox 1821 2112 1885 2136; x_wconf 86' lang='lat' dir='ltr'>no-</span> 
     </span>
     <span class='ocr_line' id='line_1_69' title="bbox 1021 2154 1884 2207; baseline -0.001 -14"><span class='ocrx_word' id='word_1_507' title='bbox 1021 2168 1171 2193; x_wconf 79' lang='lat' dir='ltr'>vercae.</span> <span class='ocrx_word' id='word_1_508' title='bbox 1222 2154 1338 2206; x_wconf 79' lang='lat' dir='ltr'>{Tum</span> <span class='ocrx_word' id='word_1_509' title='bbox 1364 2154 1550 2193; x_wconf 82' lang='lat' dir='ltr'>Pricaeus</span> <span class='ocrx_word' id='word_1_510' title='bbox 1575 2169 1787 2207; x_wconf 78' lang='lat' dir='ltr'>provocare</span> <span class='ocrx_word' id='word_1_511' title='bbox 1812 2169 1884 2193; x_wconf 87' lang='lat' dir='ltr'>non</span> 
     </span>
     <span class='ocr_line' id='line_1_70' title="bbox 1020 2211 1887 2263; baseline -0.001 -13"><span class='ocrx_word' id='word_1_512' title='bbox 1020 2212 1191 2250; x_wconf 83' lang='lat' dir='ltr'>debebat</span> <span class='ocrx_word' id='word_1_513' title='bbox 1204 2211 1251 2249; x_wconf 86' lang='lat' dir='ltr'>ad</span> <span class='ocrx_word' id='word_1_514' title='bbox 1267 2216 1439 2249; x_wconf 76' lang='lat' dir='ltr'>monstra</span> <span class='ocrx_word' id='word_1_515' title='bbox 1454 2212 1742 2252; x_wconf 75' lang='lat' dir='ltr'>vocabulorum.</span> <span class='ocrx_word' id='word_1_516' title='bbox 1758 2212 1887 2263; x_wconf 83' lang='lat' dir='ltr'>qualia</span> 
     </span>
     <span class='ocr_line' id='line_1_71' title="bbox 1022 2269 1887 2320; baseline 0 -14"><span class='ocrx_word' id='word_1_517' title='bbox 1022 2273 1112 2307; x_wconf 87' lang='lat' dir='ltr'>sunt</span> <span class='ocrx_word' id='word_1_518' title='bbox 1120 2269 1213 2306; x_wconf 85' lang='lat' dir='ltr'>inco</span> <span class='ocrx_word' id='word_1_519' title='bbox 1214 2282 1422 2320; x_wconf 67' lang='lat' dir='ltr'>ynmcere,</span> <span class='ocrx_word' id='word_1_520' title='bbox 1431 2269 1605 2308; x_wconf 83' lang='lat' dir='ltr'>inconcu</span> <span class='ocrx_word' id='word_1_521' title='bbox 1607 2270 1764 2320; x_wconf 80' lang='lat' dir='ltr'>piscere</span> <span class='ocrx_word' id='word_1_522' title='bbox 1773 2282 1794 2318; x_wconf 82' lang='lat' dir='ltr'>q</span> <span class='ocrx_word' id='word_1_523' title='bbox 1801 2282 1887 2307; x_wconf 82' lang='lat' dir='ltr'>uae-</span> 
     </span>
     <span class='ocr_line' id='line_1_72' title="bbox 1025 2325 1888 2375; baseline -0.002 -12"><span class='ocrx_word' id='word_1_524' title='bbox 1025 2338 1099 2375; x_wconf 82' lang='lat' dir='ltr'>que</span> <span class='ocrx_word' id='word_1_525' title='bbox 1126 2325 1160 2362; x_wconf 89' lang='lat' dir='ltr'>in</span> <span class='ocrx_word' id='word_1_526' title='bbox 1186 2325 1357 2375; x_wconf 81' lang='lat' dir='ltr'>Apuleio</span> <span class='ocrx_word' id='word_1_527' title='bbox 1382 2325 1538 2375; x_wconf 88' lang='lat' dir='ltr'>reperiri</span> <span class='ocrx_word' id='word_1_528' title='bbox 1563 2325 1710 2371; x_wconf 69' lang='lat' dir='ltr'>(licuntg</span> <span class='ocrx_word' id='word_1_529' title='bbox 1740 2325 1888 2363; x_wconf 79' lang='lat' dir='ltr'>videbi-</span> 
     </span>
     <span class='ocr_line' id='line_1_73' title="bbox 1023 2381 1887 2420; baseline -0.001 -1"><span class='ocrx_word' id='word_1_530' title='bbox 1023 2395 1110 2420; x_wconf 88' lang='lat' dir='ltr'>mus</span> <span class='ocrx_word' id='word_1_531' title='bbox 1147 2382 1246 2419; x_wconf 88' lang='lat' dir='ltr'>enim</span> <span class='ocrx_word' id='word_1_532' title='bbox 1277 2394 1326 2418; x_wconf 84' lang='lat' dir='ltr'>ex</span> <span class='ocrx_word' id='word_1_533' title='bbox 1362 2381 1501 2419; x_wconf 77' lang='lat' dir='ltr'>vitiosa</span> <span class='ocrx_word' id='word_1_534' title='bbox 1530 2386 1676 2420; x_wconf 86' lang='lat' dir='ltr'>tantum</span> <span class='ocrx_word' id='word_1_535' title='bbox 1708 2381 1887 2419; x_wconf 89' lang='lat' dir='ltr'>librorum</span> 
     </span>
     <span class='ocr_line' id='line_1_74' title="bbox 1025 2437 1887 2488; baseline -0.001 -13"><span class='ocrx_word' id='word_1_536' title='bbox 1025 2438 1216 2488; x_wconf 83' lang='lat' dir='ltr'>scriptura</span> <span class='ocrx_word' id='word_1_537' title='bbox 1231 2437 1303 2476; x_wconf 76' lang='lat' dir='ltr'>has</span> <span class='ocrx_word' id='word_1_538' title='bbox 1319 2450 1437 2475; x_wconf 81' lang='lat' dir='ltr'>voces</span> <span class='ocrx_word' id='word_1_539' title='bbox 1452 2437 1648 2488; x_wconf 84' lang='lat' dir='ltr'>profectas</span> <span class='ocrx_word' id='word_1_540' title='bbox 1664 2451 1768 2475; x_wconf 81' lang='lat' dir='ltr'>esse.</span> <span class='ocrx_word' id='word_1_541' title='bbox 1795 2437 1887 2474; x_wconf 87' lang='lat' dir='ltr'>For-</span> 
     </span>
     <span class='ocr_line' id='line_1_75' title="bbox 1021 2493 1888 2544; baseline -0.003 -12"><span class='ocrx_word' id='word_1_542' title='bbox 1021 2496 1120 2532; x_wconf 78' lang='lat' dir='ltr'>sitan</span> <span class='ocrx_word' id='word_1_543' title='bbox 1153 2495 1265 2532; x_wconf 84' lang='lat' dir='ltr'>etiam</span> <span class='ocrx_word' id='word_1_544' title='bbox 1298 2494 1453 2544; x_wconf 80' lang='lat' dir='ltr'>decepit</span> <span class='ocrx_word' id='word_1_545' title='bbox 1483 2494 1676 2533; x_wconf 81' lang='lat' dir='ltr'>librarios.</span> <span class='ocrx_word' id='word_1_546' title='bbox 1714 2493 1817 2543; x_wconf 86' lang='lat' dir='ltr'>quod</span> <span class='ocrx_word' id='word_1_547' title='bbox 1853 2493 1888 2529; x_wconf 90' lang='lat' dir='ltr'>in</span> 
     </span>
     <span class='ocr_line' id='line_1_76' title="bbox 1023 2550 1891 2602; baseline -0.001 -14"><span class='ocrx_word' id='word_1_548' title='bbox 1023 2551 1270 2602; x_wconf 72' lang='lat' dir='ltr'>praegressis</span> <span class='ocrx_word' id='word_1_549' title='bbox 1292 2550 1460 2601; x_wconf 84' lang='lat' dir='ltr'>simplex</span> <span class='ocrx_word' id='word_1_550' title='bbox 1484 2551 1628 2601; x_wconf 83' lang='lat' dir='ltr'>ubique</span> <span class='ocrx_word' id='word_1_551' title='bbox 1652 2551 1804 2601; x_wconf 85' lang='lat' dir='ltr'>positus</span> <span class='ocrx_word' id='word_1_552' title='bbox 1829 2553 1891 2587; x_wconf 83' lang='lat' dir='ltr'>est</span> 
     </span>
     <span class='ocr_line' id='line_1_77' title="bbox 1024 2606 1253 2655; baseline 0 -10"><span class='ocrx_word' id='word_1_553' title='bbox 1024 2606 1253 2655; x_wconf 66' lang='lat' dir='ltr'>ablativus]</span> 
     </span>
    </p>

    <p class='ocr_par' dir='ltr' id='par_1_9' title="bbox 1025 2662 1893 3165">
     <span class='ocr_line' id='line_1_78' title="bbox 1083 2662 1889 2714; baseline -0.002 -12"><span class='ocrx_word' id='word_1_554' title='bbox 1083 2663 1297 2714; x_wconf 79' lang='lat' dir='ltr'>lapidibus</span> <span class='ocrx_word' id='word_1_555' title='bbox 1312 2663 1494 2702; x_wconf 82' lang='lat' dir='ltr'>obrutum</span> <span class='ocrx_word' id='word_1_556' title='bbox 1508 2663 1717 2713; x_wconf 74' lang='lat' dir='ltr'>pubIIcum</span> <span class='ocrx_word' id='word_1_557' title='bbox 1730 2662 1889 2701; x_wconf 78' lang='lat' dir='ltr'>malum.</span> 
     </span>
     <span class='ocr_line' id='line_1_79' title="bbox 1025 2716 1889 2771; baseline -0.002 -14"><span class='ocrx_word' id='word_1_558' title='bbox 1025 2719 1093 2771; x_wconf 89' lang='lat' dir='ltr'>[cs.</span> <span class='ocrx_word' id='word_1_559' title='bbox 1117 2719 1167 2757; x_wconf 90' lang='lat' dir='ltr'>ad</span> <span class='ocrx_word' id='word_1_560' title='bbox 1183 2716 1275 2758; x_wconf 69' lang='lat' dir='ltr'>Met.</span> <span class='ocrx_word' id='word_1_561' title='bbox 1298 2719 1324 2757; x_wconf 89' lang='lat' dir='ltr'>l.</span> <span class='ocrx_word' id='word_1_562' title='bbox 1346 2734 1382 2770; x_wconf 91' lang='lat' dir='ltr'>p.</span> <span class='ocrx_word' id='word_1_563' title='bbox 1398 2724 1464 2759; x_wconf 75' lang='lat'><strong>41.</strong></span> <span class='ocrx_word' id='word_1_564' title='bbox 1489 2718 1562 2757; x_wconf 88' lang='lat' dir='ltr'>Hic</span> <span class='ocrx_word' id='word_1_565' title='bbox 1587 2732 1743 2769; x_wconf 87' lang='lat' dir='ltr'>quoque</span> <span class='ocrx_word' id='word_1_566' title='bbox 1768 2718 1889 2763; x_wconf 83' lang='lat' dir='ltr'>locus,</span> 
     </span>
     <span class='ocr_line' id='line_1_80' title="bbox 1027 2774 1890 2827; baseline -0.001 -14"><span class='ocrx_word' id='word_1_567' title='bbox 1027 2789 1140 2826; x_wconf 87' lang='lat' dir='ltr'>quem</span> <span class='ocrx_word' id='word_1_568' title='bbox 1165 2776 1216 2813; x_wconf 89' lang='lat' dir='ltr'>ibi</span> <span class='ocrx_word' id='word_1_569' title='bbox 1241 2775 1465 2814; x_wconf 76' lang='lat' dir='ltr'>adscribere</span> <span class='ocrx_word' id='word_1_570' title='bbox 1490 2775 1620 2821; x_wconf 73' lang='lat' dir='ltr'>omisi,</span> <span class='ocrx_word' id='word_1_571' title='bbox 1653 2776 1806 2827; x_wconf 81' lang='lat' dir='ltr'>probat,</span> <span class='ocrx_word' id='word_1_572' title='bbox 1839 2774 1890 2812; x_wconf 86' lang='lat' dir='ltr'>la-</span> 
     </span>
     <span class='ocr_line' id='line_1_81' title="bbox 1026 2831 1890 2883; baseline 0.001 -15"><span class='ocrx_word' id='word_1_573' title='bbox 1026 2832 1262 2883; x_wconf 84' lang='lat' dir='ltr'>pidationem</span> <span class='ocrx_word' id='word_1_574' title='bbox 1288 2832 1392 2882; x_wconf 83' lang='lat' dir='ltr'>apud</span> <span class='ocrx_word' id='word_1_575' title='bbox 1417 2831 1595 2870; x_wconf 83' lang='lat' dir='ltr'>Graecos</span> <span class='ocrx_word' id='word_1_576' title='bbox 1626 2836 1665 2869; x_wconf 92' lang='lat' dir='ltr'>et</span> <span class='ocrx_word' id='word_1_577' title='bbox 1688 2831 1890 2869; x_wconf 85' lang='lat' dir='ltr'>Romanos</span> 
     </span>
     <span class='ocr_line' id='line_1_82' title="bbox 1028 2887 1892 2938; baseline 0 -13"><span class='ocrx_word' id='word_1_578' title='bbox 1028 2902 1100 2925; x_wconf 87' lang='lat' dir='ltr'>non</span> <span class='ocrx_word' id='word_1_579' title='bbox 1134 2900 1183 2925; x_wconf 85' lang='lat' dir='ltr'>ex</span> <span class='ocrx_word' id='word_1_580' title='bbox 1215 2888 1368 2938; x_wconf 79' lang='lat' dir='ltr'>legibus</span> <span class='ocrx_word' id='word_1_581' title='bbox 1399 2900 1492 2925; x_wconf 85' lang='lat' dir='ltr'>esse</span> <span class='ocrx_word' id='word_1_582' title='bbox 1517 2889 1781 2932; x_wconf 83' lang='lat' dir='ltr'>constitutam,</span> <span class='ocrx_word' id='word_1_583' title='bbox 1817 2887 1892 2925; x_wconf 87' lang='lat' dir='ltr'>sed</span> 
     </span>
     <span class='ocr_line' id='line_1_83' title="bbox 1028 2943 1890 2995; baseline 0 -14"><span class='ocrx_word' id='word_1_584' title='bbox 1028 2943 1160 2995; x_wconf 87' lang='lat' dir='ltr'>potius</span> <span class='ocrx_word' id='word_1_585' title='bbox 1184 2957 1233 2981; x_wconf 89' lang='lat' dir='ltr'>ex</span> <span class='ocrx_word' id='word_1_586' title='bbox 1258 2943 1390 2994; x_wconf 85' lang='lat' dir='ltr'>populi</span> <span class='ocrx_word' id='word_1_587' title='bbox 1415 2943 1614 2982; x_wconf 78' lang='lat' dir='ltr'>voluntate</span> <span class='ocrx_word' id='word_1_588' title='bbox 1638 2943 1890 2995; x_wconf 81' lang='lat' dir='ltr'>pependisse,</span> 
     </span>
     <span class='ocr_line' id='line_1_84' title="bbox 1028 2999 1892 3045; baseline -0.001 -7"><span class='ocrx_word' id='word_1_589' title='bbox 1028 3000 1078 3038; x_wconf 87' lang='lat' dir='ltr'>de</span> <span class='ocrx_word' id='word_1_590' title='bbox 1093 2999 1262 3038; x_wconf 83' lang='lat' dir='ltr'>facinore</span> <span class='ocrx_word' id='word_1_591' title='bbox 1277 2999 1423 3038; x_wconf 84' lang='lat' dir='ltr'>nefario</span> <span class='ocrx_word' id='word_1_592' title='bbox 1438 3004 1478 3037; x_wconf 89' lang='lat' dir='ltr'>et</span> <span class='ocrx_word' id='word_1_593' title='bbox 1495 3000 1665 3038; x_wconf 86' lang='lat' dir='ltr'>inaudito</span> <span class='ocrx_word' id='word_1_594' title='bbox 1685 2999 1892 3045; x_wconf 82' lang='lat' dir='ltr'>iratissimi,</span> 
     </span>
     <span class='ocr_line' id='line_1_85' title="bbox 1029 3055 1891 3106; baseline 0 -12"><span class='ocrx_word' id='word_1_595' title='bbox 1029 3057 1093 3106; x_wconf 88' lang='lat' dir='ltr'>qui</span> <span class='ocrx_word' id='word_1_596' title='bbox 1132 3056 1167 3094; x_wconf 88' lang='lat' dir='ltr'>in</span> <span class='ocrx_word' id='word_1_597' title='bbox 1206 3055 1324 3094; x_wconf 83' lang='lat' dir='ltr'>talem</span> <span class='ocrx_word' id='word_1_598' title='bbox 1362 3055 1577 3094; x_wconf 85' lang='lat' dir='ltr'>scelestum</span> <span class='ocrx_word' id='word_1_599' title='bbox 1613 3056 1742 3094; x_wconf 83' lang='lat' dir='ltr'>statim</span> <span class='ocrx_word' id='word_1_600' title='bbox 1772 3055 1891 3094; x_wconf 82' lang='lat' dir='ltr'>vindi·</span> 
     </span>
     <span class='ocr_line' id='line_1_86' title="bbox 1029 3111 1893 3165; baseline 0.002 -13"><span class='ocrx_word' id='word_1_601' title='bbox 1029 3126 1117 3153; x_wconf 85' lang='lat' dir='ltr'>care</span> <span class='ocrx_word' id='word_1_602' title='bbox 1135 3111 1258 3152; x_wconf 73' lang='lat' dir='ltr'>voluit</span> <span class='ocrx_word' id='word_1_603' title='bbox 1276 3111 1487 3153; x_wconf 82' lang='lat' dir='ltr'>inauditum</span> <span class='ocrx_word' id='word_1_604' title='bbox 1504 3116 1622 3165; x_wconf 82' lang='lat' dir='ltr'>atque</span> <span class='ocrx_word' id='word_1_605' title='bbox 1634 3111 1893 3154; x_wconf 83' lang='lat' dir='ltr'>indefensum.</span> 
     </span>
    </p>
   </div>
  </div>
 </body>
</html>
