2155 3590
703 142 890 183 LIBER
923 142 996 183 vl.

87 264 126 297 et
149 269 341 310 papavere
365 262 405 296 et
428 255 438 312 l
464 256 590 296 cicere
615 262 655 296 et
677 256 782 297 lente
813 264 852 297 et
875 257 986 307 faba,
1021 255 1320 308 commixtisque
1351 255 1586 305 acervatim,
1621 256 1795 296 confusis
1826 255 1867 295 in
1891 261 1955 295 399

1056 142 1185 184 CAP.
1212 142 1263 182 X.
1784 142 1866 185 4:25

84 326 203 353 uuum
229 312 448 366 grumulum
474 312 530 353 sic
555 313 602 352 ad
625 312 751 352 illam:
780 311 937 355 Videris
963 313 1065 353 enim
1089 313 1182 352 mihi
1202 319 1280 352 tam
1300 311 1486 352 deformis
1507 287 1649 351 anc’illa
1665 312 1770 352 nullo
1790 312 1867 353 alio

83 428 183 464 ordeo
197 427 287 457 milio
295 436 470 466 papavere
482 437 512 464 p.
554 437 750 466 pappavere
762 431 799 458 D.
848 429 1109 467 commixtimque
1121 431 1157 459 B.
1205 428 1357 468 confusis
1368 436 1433 456 non
1445 428 1554 456 addita
1569 430 1685 462 copula
1697 429 1733 457 F.
1749 430 1776 458 1.
1793 430 1823 458 3.
1838 426 1868 458 δ.

85 477 121 504 G.
135 476 169 504 Ο.
184 475 207 504 f.
219 477 258 503 D.
280 477 318 504 In
331 475 449 503 ceteris
461 474 689 513 confusisque.
737 474 903 514 confusv'm
917 484 948 510 p.
982 474 1162 512 glomulum
1176 475 1198 503 f.
1213 475 1249 504 B.
1263 478 1292 503 et
1307 474 1376 503 edd.
1391 481 1500 502 omnes
1513 477 1588 501 vett.
1602 477 1730 508 praeter
1740 475 1822 503 lunt.
1836 475 1868 503 2.

81 521 176 548 Vale.
191 521 220 548 ⁴2.
234 521 325 549 Colv.

82 567 117 594 G.
131 566 168 594 D.
182 566 220 595 P.
255 565 304 593 sic
315 563 477 604 deformis
490 573 531 593 ex
542 567 736 600 glossemate
750 565 772 593 f.

82 652 252 690 editores
277 653 401 691 secuti
427 656 525 690 sunt.
562 651 685 698 oud..
723 653 786 703 qui
811 666 948 691 vocem

81 712 223 755 tuetur,
248 710 285 746 in
307 723 355 746 eo
370 713 497 748 tamen
512 722 627 760 quam
640 710 807 747 maxime
822 708 947 747 falsus

76 768 159 810 est,
185 765 290 816 quod
313 766 484 811 miratur,
511 778 583 803 eos
607 765 709 804 hunc
728 765 854 804 locum
873 780 945 804 non

78 821 295 860 advocasse
319 823 355 862 in
381 822 733 873 comprobationem
759 821 946 872 significa-

78 878 195 915 tionis
214 878 426 929 particulae
456 882 495 916 et
521 891 590 929 pro
616 879 663 917 id
677 884 744 924 est,
765 891 867 928 quae
885 879 946 917 hic

79 933 182 972 nullo
195 935 310 972 modo
326 933 412 972 ferri
425 935 581 984 poterit,
598 936 776 985 quoniam
791 948 948 986 semper

30 993 34 996 ”
77 991 260 1041 repetitur
290 1003 337 1028 ea
361 995 451 1028 ante
481 991 739 1041 quodcunque
769 991 946 1030 frumenti

78 1059 213 1097 genuS,
222 1046 495 1097 utparticulam
510 1048 766 1098 copulativam
778 1061 848 1085 nec
856 1061 945 1086 vero

76 1102 348 1154 eprcativam
367 1102 430 1140 hic
448 1116 543 1141 esse
561 1117 648 1142 eam
667 1108 866 1155 appareat.
891 1104 946 1142 At

78 1160 177 1198 bene
186 1162 431 1211 frumentum
446 1161 533 1210 ipse
545 1159 716 1210 explicat
729 1160 777 1198 de
791 1161 943 1205 tritico,

75 1217 184 1254 cuius
217 1229 266 1253 ea
295 1217 332 1253 in
363 1216 635 1253 commixtione
671 1216 752 1253 fere
788 1229 946 1266 semper

75 1272 217 1310 mentio
241 1271 291 1310 fit.
317 1270 375 1309 Ita
398 1269 514 1309 Philo
539 1271 629 1310 dicit
654 1273 688 1309 in
710 1271 823 1322 Ling.
843 1285 943 1309 com-

73 1330 177 1367 mixt.
217 1327 434 1374 16:111&ae
468 1324 653 1377 σωμάτων
688 1326 944 1380 &camporum

73 1386 151 1424 ἐστὶ
179 1387 216 1423 ἐν
245 1380 378 1434 κόσμῳ
408 1380 638 1439 παράθεσις·
677 1400 803 1435 ωσπερ
831 1381 878 1423 ck»
913 1384 954 1423 εἶ’

70 1456 128 1488 τις
150 1435 276 1493 σωρὸν
298 1436 466 1490 ποιήσεις
484 1446 625 1499 κριθιις
642 1456 705 1479 και
723 1456 862 1493 πιροις
879 1457 943 1479 και

73 1494 238 1551 ὀρόβους
267 1498 330 1535 καὶ
361 1491 461 1536 α’λλα
490 1513 539 1536 τα
565 1498 643 1548 εἴδη
669 1512 743 1536 των
766 1498 944 1549 σπαρτῶν

72 1558 121 1600 εἰς
133 1548 274 1594 ταυτὸν
285 1549 505 1604 εἰσενεγκών.
520 1558 559 1592 et
573 1553 809 1593 Theodoret.
821 1554 943 1593 Serm.

74 1615 112 1651 9.
135 1612 220 1663 περὶ
242 1612 440 1671 προνοίας-ε
470 1607 540 1649 κᾶν
568 1608 746 1662 αναμίξαι
776 1608 945 1662 ⁷9⁸7'l‘5'as‘

73 1670 224 1720 κέγχρον
239 1669 304 1705 καὶ
317 1681 449 1727 φακον
466 1683 530 1705 και
547 1682 690 1734 π-υριζυς
708 1669 773 1706 καὶ
793 1673 932 1720 κριθεα
915 1695 942 1714 ‚

70 1721 188 1763 πάλιν
231 1721 330 1762 αὐτα
374 1726 570 1775 διακρίνεις
611 1723 783 1776 εὐμαρῶς
818 1722 944 1775 ὥσπερ

74 1782 228 1826 ἐθέλεις.
271 1779 439 1832 [Eadem
474 1781 624 1819 ratione
659 1781 756 1819 dixit
779 1780 946 1820 Martial.

73 1835 160 1876 XII.
186 1841 251 1878 73.
280 1840 594 1890 frumentum,
624 1838 795 1879 milium.
815 1839 945 1889 ptisa-

73 1907 247 1946 namque
265 1893 526 1946 fabamque]

131 1951 439 2002 commixtisque
452 1952 683 1997 acervatim,
709 1951 891 2002 confusis
905 1952 946 1988 iu

74 2020 198 2046 unum
232 2006 475 2058 yrumnlum.
525 2005 696 2058 [Optimi
727 2006 837 2044 codd.
870 2020 943 2044 non

75 2066 292 2113 agnoscunt
327 2060 507 2113 copulam
540 2077 634 2115 que.
670 2063 704 2100 in
743 2062 945 2101 deterioris

75 2122 192 2157 notae
214 2117 317 2157 Mss.
343 2117 509 2157 voculae
534 2120 718 2171 confusis
742 2131 944 2157 annexam.

76 2173 190 2221 Quae
203 2175 395 2224 corruptio
410 2173 593 2213 facillime
605 2179 738 2226 potest
751 2174 945 2226 explicari,

77 2244 194 2282 quum
235 2230 516 2270 intolerabilius
548 2231 712 2269 librariis
752 2232 946 2270 videretur

75 2301 170 2326 esse
178 2287 281 2325 istud
289 2287 522 2338 asyndeton,
531 2287 635 2338 quod
645 2301 738 2325 esse
746 2289 944 2338 putabant.

74 2344 177 2383 Illud
206 2348 337 2382 tamen
369 2357 464 2382 esse
493 2357 613 2394 nego,
646 2348 818 2382 vertens:
860 2345 949 2384 und

75 2400 276 2440 nachdem
296 2414 347 2445 es,
373 2400 645 2452 ltaufemcez'se
669 2406 787 2440 ‘anter
812 2402 947 2440 einan-

77 2458 153 2496 der
175 2457 390 2509 yemiscloet‚
415 2457 457 2495 in
471 2458 596 2495 einem
610 2457 782 2508 Huufen
800 2456 947 2496 zusam-

75 2516 377 2565 menyeworfen
391 2526 488 2552 war.
504 2513 640 2551 Venus
655 2513 756 2550 enim
769 2513 947 2563 singulos

75 2569 256 2608 frumenti
279 2569 487 2607 cuiuslibet
499 2583 662 2608 acervos
681 2569 885 2614 adtulerat,
909 2573 949 2608 et

77 2625 243 2677 singulis
257 2626 344 2664 istis
357 2626 947 2672 acervisinterseseeommixtis,

78 2683 116 2721 in
129 2695 246 2721 unum
260 2681 403 2720 deinde
416 2682 632 2732 grumulum
654 2695 725 2720 eos
745 2695 949 2721 coacerva-

77 2742 148 2778 rat.
173 2737 231 2777 lta
242 2739 346 2777 bene
366 2742 499 2789 potest
516 2742 623 2777 totus
644 2739 753 2777 locus
774 2738 949 2789 intelligi.

83 2795 319 2841 Grumulus,
351 2795 455 2846 quod
479 2795 650 2834 nonnulli
675 2795 787 2834 codd.
813 2808 950 2846 perpe-

77 2864 162 2891 ram
179 2852 388 2890 emendant
407 2853 442 2890 in
466 2852 684 2902 9Iomulus,
710 2855 750 2889 et
767 2850 950 2890 Floridus

81 2908 248 2960 ineptius
272 2909 309 2946 in
333 2908 549 2953 cumulum,
597 2907 700 2946 Oud.
737 2908 838 2946 bene
872 2912 952 2946 tue·

82 2967 144 3001 tur
173 2962 270 3003 locis
299 2963 399 3004 Plin.
426 2964 527 3003 Hist.
552 2963 642 3003 Nat.
667 2963 777 3002 XIX.
804 2968 840 3005 6.
867 2968 953 3011 34„

83 3019 150 3058 ubi
174 3019 225 3058 de
246 3024 374 3059 terrae
398 3034 541 3059 acervo
569 3020 708 3069 legitur
734 3020 887 3060 Allium
909 3022 953 3059 in

79 3075 216 3128 plano
227 3078 308 3116 seri
325 3082 477 3123 vetant,
503 3077 825 3130 castellatimque
844 3091 952 3129 yru-

84 3132 226 3172 mulis
247 3134 416 3185 imponi.
446 3133 504 3173 lta
514 3147 683 3187 yrumus
696 3132 835 3184 legitur
849 3132 953 3184 apud

372 517 495 547 videris
508 519 619 557 inquit
630 517 755 553 ηιῐΙιίφ.
770 527 800 554 p.
814 521 959 549 XVower.
976 521 1061 549 Prie.
1094 518 1220 548 rideris
1234 519 1318 547 enim
1331 518 1441 556 inquit
1450 515 1534 545 tm'lcv'
1550 515 1578 547 δ.
1629 520 1723 545 tante
1739 518 1869 558 formis

1004 653 1118 692 Auct.
1134 653 1179 692 B.
1195 653 1306 704 Hisp.
1323 666 1356 691 c.
1370 656 1434 692 24.
1456 655 1495 689 et
1508 652 1754 702 potissimum
1765 651 1869 702 apud

1005 711 1215 761 scriptores
1240 711 1295 748 rei
1317 709 1504 753 rusticae,
1536 711 1575 745 et
1598 706 1735 745 Livius
1765 708 1869 758 apud

1005 765 1230 805 Gell.XlX.
1253 770 1288 807 7.
1313 777 1477 816 magnos
1501 763 1638 802 fluctus
1663 765 1870 802 nominavit

1004 823 1300 874 multiyrumos.
1325 821 1371 860 cf.
1396 821 1498 860 Non.
1523 835 1559 872 p.
1582 825 1646 860 15.
1670 834 1870 873 {Ji-umus

1006 879 1160 917 dicitur
1191 892 1341 931 ayyer,
1380 893 1405 916 a
1440 878 1636 929 conyerie
1666 877 1800 916 (Heius
1831 880 1870 914 et

1004 933 1113 973 Fest.
1138 948 1177 986 p.
1204 938 1267 975 72.
1303 947 1471 987 ymanus
1502 939 1635 972 terrae
1665 932 1869 978 collectio,

1004 991 1158 1030 tumulo
1178 992 1325 1036 niinor,
1352 991 1481 1041 ibique
1499 989 1583 1028 lutt.
1603 1003 1639 1041 p.
1661 993 1753 1029 441.
1779 988 1869 1027 Lin-

1004 1046 1103 1085 dem.
1118 1046 1304 1085 Doederl.
1319 1047 1533 1098 Synonym.
1550 1044 1594 1084 Τ.
1609 1044 1654 1084 ΙΙ.
1668 1059 1703 1097 p.
1722 1049 1799 1086 122
1808 1058 1870 1096 sq.

1004 1103 1104 1142 Hinc
1128 1103 1164 1141 in
1185 1102 1320 1141 lsido-r.
1343 1103 1476 1141 Gloss.
1496 1116 1533 1153 p.
1556 1105 1631 1143 681
1663 1101 1869 1140 emendan-

1003 1159 1093 1197 dum
1121 1163 1198 1197 est:
1222 1159 1453 1211 yrunmlus,
1479 1172 1613 1211 oyyer
1634 1161 1777 1211 factus
1800 1171 1869 1209 pro

1004 1229 1105 1267 slyer
1119 1220 1285 1254 tractus.
1316 1215 1489 1255 Grumus
1514 1215 1614 1252 enim
1639 1220 1719 1252 arte
1744 1214 1870 1253 faetus

1002 1275 1074 1309 est.
1102 1270 1261 1322 (aspar.
1284 1270 1515 1322 Sagittarius
1534 1272 1569 1308 in
1591 1274 1793 1309 comment.
1821 1271 1871 1309 de

1001 1326 1130 1366 Ianuis
1145 1331 1236 1365 vett.
1251 1340 1283 1365 c.
1296 1331 1356 1367 16.
1371 1341 1406 1364 u.
1417 1331 1480 1366 44.
1497 1339 1545 1364 ex
1561 1326 1635 1364 hoc
1650 1330 1687 1364 et
1701 1325 1871 1365 Petronii

1001 1381 1088 1422 loco
1110 1388 1219 1424 c.28.
1247 1383 1293 1421 In
1320 1384 1439 1422 ιιιῖίΐιι.
1464 1387 1596 1422 autem
1622 1384 1713 1435 Ipso
1738 1383 1874 1422 stabat

1003 1441 1192 1479 ostiarius
1218 1441 1472 1491 proximatus,
1506 1440 1692 1479 cerasino
1717 1441 1870 1478 succin-

1005 1502 1091 1536 ctus
1116 1497 1303 1549 cinyulo,
1330 1500 1453 1548 atque
1478 1496 1517 1533 in
1539 1495 1656 1533 lance
1675 1500 1872 1547 orycntea

998 1555 1131 1605 pisum
1143 1552 1368 1605 puryabat,
1383 1551 1659 1603 comprobavit,
1678 1553 1872 1597 ianitores,

1003 1610 1092 1661 quia
1123 1610 1220 1647 inter
1250 1612 1424 1647 extrema
1454 1608 1620 1646 fuissent
1648 1608 1872 1655 ministeria,

1005 1665 1194 1704 vilissima
1230 1665 1386 1716 negotia
1422 1665 1529 1702 obire
1566 1669 1725 1703 coactos
1767 1678 1872 1703 esse.

1003 1722 1106 1761 Fere
1142 1722 1244 1760 idem
1283 1725 1409 1760 narrat
1439 1720 1594 1759 Petron.
1627 1734 1657 1759 e.
1687 1725 1776 1761 135.
1821 1722 1877 1761 Ut

1005 1780 1123 1819 solvit
1148 1793 1249 1831 oryo
1276 1779 1374 1817 licio
1394 1792 1598 1829 pannum,
1628 1783 1788 1828 porte-m.
1819 1777 1872 1816 le-

1003 1837 1181 1887 yumim's
1193 1848 1315 1886 super
1329 1847 1500 1872 mensam
1512 1834 1667 1886 effudit,
1682 1835 1875 1886 iussitque

1003 1906 1063 1930 me
1099 1891 1320 1944 diliqetzter
1354 1903 1556 1941 purpure.
1616 1889 1759 1928 Servio
1795 1903 1874 1942 eqo

1004 1949 1193 1998 imperio,
1219 1959 1439 1998 ymnoque
1451 1946 1744 1985 sordidissimis
1753 1951 1874 1997 puta-

1004 2004 1176 2042 minibus
1200 2004 1339 2042 veste'ta
1366 2003 1527 2040 curiosa
1545 2016 1666 2041 manu
1685 2016 1872 2055 seyv'eqo.

1006 2059 1185 2097 Ceterum
1210 2059 1313 2110 prior
1336 2057 1505 2096 Petronii
1531 2057 1643 2096 locus
1669 2063 1874 2110 corruptus

1005 2120 1084 2161 est,
1111 2129 1228 2166 quum
1252 2128 1301 2153 ex
1326 2113 1600 2166 supplemento
1627 2119 1772 2153 tantum
1797 2115 1875 2153 edi-

1004 2176 1128 2210 torum
1161 2173 1278 2211 lance
1310 2171 1481 2210 additum
1509 2172 1577 2215 sit,
1608 2171 1642 2209 in
1670 2171 1756 2210 cod.
1783 2185 1874 2209 vero

1004 2229 1097 2267 nihil
1123 2229 1196 2267 nisi
1220 2233 1419 2279 arqentea
1445 2227 1607 2277 legatur.
1632 2228 1735 2266 unde
1760 2227 1876 2267 Hein-

1004 2285 1088 2324 sius
1119 2299 1253 2324 ramzo
1283 2283 1428 2322 maluit.
1489 2283 1682 2334 Equidem
1714 2285 1875 2323 restituo

1004 2342 1176 2394 maqida
1195 2340 1260 2379 vel
1279 2345 1434 2379 mactra
1442 2369 1452 2386 ,
1480 2340 1585 2390 quod
1599 2354 1671 2381 vas
1692 2346 1774 2380 erat
1786 2341 1875 2392 pani

1006 2397 1218 2451 facienda]

1063 2455 1203 2494 cidens
1215 2456 1317 2494 enim
1337 2457 1446 2495 milei.
1477 2455 1597 2508 [Oud.
1617 2454 1750 2494 maluit
1770 2467 1878 2505 prae-

1004 2525 1151 2564 ponere
1186 2512 1412 2563 particulam
1444 2514 1564 2558 enr'm,
1600 2512 1634 2550 si
1671 2525 1740 2563 per
1775 2510 1876 2549 Mss.

1006 2568 1158 2619 aliquos
1175 2568 1324 2614 liceret,
1345 2569 1628 2619 utaliquoties,
1649 2569 1878 2619 praesertim

1006 2626 1041 2662 in
1051 2624 1348 2663 allocutionibus
1357 2626 1443 2664 coll.
1455 2625 1524 2664 Dr.
1533 2626 1583 2663 ad
1593 2621 1877 2662 Liv.XXX1V.

1007 2681 1485 2732 32.De10c0,quemhaec
1499 2681 1688 2734 particula
1701 2684 1877 2730 occupat,

1007 2739 1082 2776 iam
1108 2738 1185 2776 dixi
1210 2737 1258 2776 ad
1285 2737 1470 2777 Met.1V.
1491 2751 1527 2788 p.
1549 2742 1641 2778 254.
1669 2736 1707 2774 ln
1734 2735 1878 2775 allocu-

1007 2794 1177 2832 tionibus
1201 2807 1292 2833 vero
1312 2794 1549 2845 praeceteris
1569 2793 1754 2844 praeponi
1779 2792 1880 2831 hanc

1007 2850 1255 2903 particulam,
1281 2851 1501 2889 observatio
1527 2849 1797 2900 Oudendorpii
1817 2852 1880 2887 est

1009 2921 1117 2945 mere
1131 2907 1279 2952 ficticia,
1295 2911 1333 2945 et
1351 2907 1599 2957 paucissimis
1612 2906 1878 2944 tantummodo

1011 2962 1203 3015 exemplis
1234 2967 1366 3013 potest
1395 2963 1624 3008 confirmari,
1657 2975 1772 3013 quum
1803 2962 1881 3000 alia

1009 3020 1274 3059 adversentur.
1323 3020 1443 3058 Enim
1466 3018 1782 3069 significationem
1817 3018 1881 3057 hic

1011 3076 1128 3116 habet
1142 3076 1458 3120 asseverationis,
1480 3074 1682 3127 nostrique
1699 3074 1879 3114 vocabuli

1011 3132 1260 3184 allerdinys,
1284 3133 1328 3171 in
1351 3132 1428 3171 cler
1452 3131 1574 3177 Tlmt.
1597 3131 1804 3184 freiliclz.]
