2221 3667
323 210 406 253 562

323 447 547 478 interduaeim
561 443 943 482 Sopiiig.111arg.ad1ex-i1
965 450 1022 476 pro
1041 438 1209 468 interdum
1230 447 1270 467 ex
1291 439 1397 466 Festo.

324 495 479 525 scribitur
490 494 525 522 in
545 494 580 522 F.
595 495 625 521 3.
647 494 682 520 G.
697 494 727 520 2.
742 493 781 519 D.
795 491 843 518 ed.
860 497 905 522 pr.
920 488 1049 515 Vicent.
1064 488 1176 515 Veniet.
1190 487 1221 513 2.
1235 487 1318 513 lunt.
1339 485 1364 510 1.
1385 483 1461 511 Am.

561 207 609 247 L.
638 205 860 246 APULEll
889 198 1291 244 MADAURENSIS
1320 191 1867 236 METAMORPHOSEON

236 329 299 364 407
324 320 525 363 Interdum
563 318 718 374 talmen
754 316 1047 358 insimulatione
1083 310 1306 367 promendi,
1358 320 1458 362 quae
1489 305 1676 361 poscebat
1711 318 1827 355 usus,
1872 302 1920 342 ad
1957 300 2123 356 puellam

1444 433 1712 466 insimulatione,
1739 434 1773 460 ut
1793 438 1892 460 unum
1911 429 1956 458 sit
1973 430 2125 461 verbum.

1508 479 1738 507 insinuatione
1751 478 1786 506 F.
1803 478 1831 504 1.
1847 485 1878 509 φ.
1910 472 2127 502 simulatione

323 540 445 569 omissa
457 538 695 573 praepositione
709 539 795 564 extat
807 535 837 562 in
847 535 882 561 P.
891 533 1121 560 Eddwower.
1131 532 1213 559 Elm.
1224 529 1362 557 Scriver.
1371 527 1491 555 Florid.
1506 528 1542 554 In
1551 521 1791 559 cett.1egiu¹1·in
1804 517 2030 556 simulatione,
2043 517 2128 552 quod

323 585 421 614 etiam
435 584 608 612 Ruhnken.
623 582 719 610 dedit.
744 582 780 608 ln
795 579 865 607 edil.
884 580 962 606 vett.
984 579 1112 611 praeter
1129 576 1244 604 Venet.
1265 576 1295 602 4.
1315 576 1345 602 et
1365 572 1471 600 Paris.
1492 571 1539 599 ita
1559 569 1745 598 distinctum
1765 569 1830 602 est,
1855 562 2126 593 insimulationes

324 637 412 667 quae
420 628 594 665 poscebat.
609 633 700 662 usus,
715 626 800 654 unde
814 626 948 657 apparet
963 622 1144 650 ablativum
1157 629 1175 649 e
1188 628 1267 649 voce
1281 624 1361 647 usus
1374 625 1450 647 esse
1462 619 1581 650 aptum.
1625 611 1786 650 pussebal
1801 614 1835 640 G.
1851 612 1881 639 1.
1899 617 1918 639 a
1930 617 1972 639 m.
1985 617 2016 644 p.
2030 607 2129 637 soma

323 675 538 704 aberratione.

317 774 491 826 pulvere
520 773 658 810 milico
690 781 865 821 coquam
896 780 1077 811 carnem,
1111 767 1197 818 qui-

324 832 396 870 bus
431 828 616 867 sahulem,
652 838 838 876 corpora
862 837 913 863 uc
934 827 1085 876 famem
1112 836 1197 861 ren-

324 888 410 925 tr1's.
472 885 552 935 [ubi
589 882 761 920 sortasse
791 894 861 931 pro
894 880 1038 932 quibus
1068 878 1198 929 legen-

323 943 415 980 dum
441 944 504 978 est
530 939 658 978 euius.
706 936 835 976 Plaut.
863 936 987 975 Stich.
1012 934 1039 974 Ι.
1069 940 1105 976 1.
1133 938 1196 974 18.

324 998 461 1037 Gloss.
493 994 650 1033 Philox.
676 1007 714 1045 p.
743 997 834 1034 192.
868 997 1011 1032 saturo
1041 991 1201 1031 exerci-

324 1060 406 1093 tum
436 1056 678 1091 commeatus
706 1047 878 1102 χορτάζοο
907 1046 952 1087 τὸ
983 1047 1201 1100 στράτευμα

322 1111 552 1161 ἐπιτηδείων.
602 1106 698 1145 Item
723 1106 905 1157 probabit
929 1104 1065 1144 Gloss.
1086 1104 1200 1142 Vulc.

321 1180 359 1218 p.
390 1170 479 1206 135.
511 1164 662 1203 sutullo
691 1161 861 1216 χορτάζω
886 1162 933 1200 cf.
959 1161 1080 1200 Voss.
1106 1159 1202 1212 Ety-

321 1223 413 1261 mol.
449 1235 482 1260 S.
516 1234 550 1259 v.
587 1225 714 1260 satur.
774 1219 910 1258 Minus
945 1222 1038 1270 apte
1073 1222 1202 1257 tamen

322 1279 497 1317 editores
522 1277 614 1315 mihi
643 1276 792 1316 sutulle
817 1289 885 1327 pro
909 1276 1053 1314 scitule
1078 1275 1204 1313 conie-

322 1336 429 1374 cisse
454 1334 646 1376 videntur,
673 1333 765 1383 quia
789 1332 840 1370 ad
859 1332 1011 1383 copiam
1032 1332 1203 1369 ciborum

322 1406 398 1431 non
424 1389 714 1442 respiciendum
739 1393 802 1427 est
826 1390 861 1426 in
889 1388 1070 1426 laudibus
1090 1386 1204 1425 latro-

323 1450 403 1494 nis,
429 1448 493 1499 qui
514 1447 642 1485 omnia
660 1446 763 1484 bene
782 1446 1039 1496 praeparavit.
1089 1444 1204 1490 Quis-

324 1519 401 1556 que
433 1505 534 1542 enim
559 1503 660 1541 alius
687 1503 751 1552 qui
776 1503 869 1539 artis
895 1502 1143 1553 coquinariae
1168 1504 1207 1537 et

323 1574 484 1600 mensas
520 1558 682 1611 parandi
722 1572 794 1596 non
832 1558 981 1609 peritus
1018 1561 1118 1602 erat,
1156 1556 1204 1595 ad

323 1619 547 1657 satietatem
577 1628 706 1665 usque
742 1615 850 1653 cibos
884 1627 1111 1664 comparare
1141 1627 1207 1664 po-

323 1676 412 1719 tuit,
449 1672 646 1725 siquidem
677 1672 777 1709 satis
808 1684 953 1721 magna
984 1683 1110 1708 rerum
1141 1669 1207 1707 ad·

324 1734 435 1770 esset
478 1729 603 1779 copia.
673 1729 729 1766 At
774 1727 990 1766 dexteritas
1034 1727 1041 1744 ¹
1088 1726 1211 1763 ¹datur

324 1787 509 1830 latronis,
541 1785 605 1835 qui
629 1798 704 1822 non
731 1783 862 1822 solum
889 1787 1018 1821 omnia
1043 1797 1092 1822 ea
1117 1796 1209 1820 eon-

326 1845 481 1882 einnare
506 1844 673 1893 poterat,
699 1853 802 1890 quae
827 1840 877 1878 ad
902 1852 1124 1878 mensarum
1143 1852 1208 1876 vo-

326 1900 499 1951 luptates
519 1897 776 1949 pertinebant,
802 1896 876 1934 sed
901 1897 1017 1934 etiam
1044 1896 1080 1934 in
1105 1908 1209 1933 men-

325 1957 384 1995 sis
410 1954 649 2007 apparandis
674 1966 868 1992 sumniam
887 1956 1010 1991 artem
1029 1952 1211 1990 ostende-

326 2015 407 2052 bat.
479 2011 580 2050 Hinc
622 2010 768 2050 scitule
809 2009 945 2048 retinui
983 2023 1070 2047 cum
1107 2008 1210 2047 Oud.

329 2070 496 2119 aliisque
535 2067 582 2106 cs.
619 2066 717 2105 Met.
755 2065 799 2104 ll.
836 2079 874 2117 p.
905 2069 996 2106 137.
1033 2065 1214 2105 scitule

329 2123 665 2175 subministrare]

388 2182 600 2220 Interdum
621 2184 764 2219 tumen.
820 2179 1033 2231 Sopingius
1053 2179 1214 2229 margini

331 2237 478 2278 adlevit
512 2237 780 2275 intercluutim
814 2250 884 2287 pro
916 2237 1121 2276 ‘interdum
1151 2240 1212 2275 tu-

331 2309 441 2334 men:
473 2293 540 2345 [de
566 2305 643 2343 qua
667 2306 766 2330 voce
791 2293 839 2332 cs.
865 2292 976 2331 Fest.
1001 2307 1038 2344 p.
1055 2297 1119 2333 82.
1146 2293 1215 2330 in-

333 2349 608 2390 tercluatz'm
650 2354 688 2388 et
729 2350 984 2388 interatim
1021 2346 1217 2388 (licebant

334 2407 503 2459 antiqui
524 2407 639 2459 quod
658 2419 768 2445 nunc
781 2406 985 2445 interdum
1000 2411 1039 2444 et
1052 2406 1216 2444 interim

336 2469 376 2503 et
406 2462 495 2502 lntt.
527 2462 577 2501 ad
609 2461 648 2500 h.
678 2461 701 2499 l.
734 2475 771 2513 p.
798 2466 891 2503 464.
923 2461 1102 2500 Lindem.
1162 2461 1217 2499 At

337 2525 442 2559 reete
469 2516 648 2557 defendit
671 2516 881 2563 Pricaeus.
907 2519 970 2570 qui
997 2532 1067 2570 pro
1092 2520 1218 2557 inter-

339 2579 437 2617 dum
461 2580 596 2615 autem
621 2574 764 2613 dictum
790 2589 883 2613 esse
908 2576 1061 2626 probat,
1087 2588 1218 2622 quam·

340 2647 457 2684 quam
499 2631 590 2670 inde
628 2645 714 2668 eum
752 2632 857 2670 Oud.
895 2645 968 2670 nou
1007 2631 1218 2676 effecerim,

341 2696 471 2729 tumen
507 2688 610 2727 idem
647 2688 888 2738 significare,
933 2688 1037 2738 quod
1075 2693 1219 2731 curtem.

342 2759 443 2797 quae
462 2749 626 2795 utraque
646 2744 835 2795 particula
852 2758 968 2795 quam
989 2745 1221 2795 longissime

343 2805 439 2841 inter
480 2815 527 2840 se
564 2801 721 2839 distant.
792 2800 977 2839 Nativam
1013 2815 1126 2840 suam
1163 2801 1226 2839 hic

343 2860 482 2897 retinet
506 2863 637 2897 tumen
661 2857 1001 2907 significationem,
1035 2872 1137 2908 quae
1161 2857 1227 2896 vel

343 2915 532 2953 tironibus
556 2914 747 2966 innotuit]
1180 2932 1183 2936 ·

405 2971 709 3009 insimulatione
735 2971 970 3022 promendi.
1011 2970 1148 3023 [Hanc
1176 2971 1227 3009 le-

348 3028 514 3091 ptionem
545 3040 646 3076 quae
679 3027 855 3065 codicum
895 3029 1123 3078 optimorum
1163 3031 1225 3065 est

348 3097 384 3120 in
416 3087 525 3121 textu
552 3084 712 3133 reposui
749 3088 884 3122 contra
914 3084 1034 3122 Oud..
1068 3085 1130 3134 qui
1163 3098 1224 3121 se-

349 3138 506 3176 iunctim
538 3138 747 3189 legendum
779 3153 872 3177 esse
902 3144 1013 3190 putat
1043 3141 1085 3178 In
1110 3142 1226 3180 simu-

351 3194 516 3240 latione,
539 3199 580 3232 ut
605 3194 788 3233 Asi-orum
814 3200 853 3234 et
871 3209 1014 3247 graeco
1035 3211 1142 3235 more
1161 3196 1227 3235 ad-

1257 763 1408 801 didisse
1443 762 1631 811 appareat
1665 755 1992 808 praepositionem
2022 750 2130 802 Apu-

1255 820 1373 857 leium
1408 831 1478 869 pro
1513 829 1591 867 per
1626 813 1941 855 simulationem,
1973 808 2023 845 de
2053 820 2130 857 quo

1253 889 1329 915 usu
1353 874 1570 912 accuratius
1596 869 1780 908 disseruit
1799 866 1866 904 xl.
1892 879 1928 917 p.
1949 868 2041 905 754.
2067 863 2132 900 ubi

1255 932 1303 971 cf.
1328 931 1385 969 At
1410 930 1472 968 hic
1496 941 1609 980 nego,
1635 926 1674 964 id
1700 924 1806 976 quod
1830 923 2045 961 accuratius
2062 919 2085 958 Ι.
2100 932 2131 957 c.

1258 986 1551 1030 demonstrabo,
1578 984 1679 1022 hanc
1697 979 1999 1034 praepositionis
2018 976 2132 1027 signi-

1259 1045 1477 1084 ficationem
1514 1042 1641 1080 locum
1677 1043 1810 1077 tenere
1847 1047 1990 1086 posse,
2032 1044 2134 1084 quae

1259 1113 1418 1152 semper
1441 1099 1492 1137 ad
1515 1098 1570 1136 rei
1595 1100 1634 1134 et
1658 1095 1834 1137 actionis,
1859 1095 1900 1129 ut
1919 1092 1972 1129 ita
1996 1089 2134 1132 dicam,

1259 1157 1501 1197 intimitatem
1525 1154 1700 1205 pertinet.
1749 1150 1850 1189 Hinc.
1875 1146 2053 1198 equidem
2078 1146 2135 1183 in-

1263 1214 1518 1255 simulatione
1536 1211 1631 1261 legi,
1658 1207 1763 1260 quod
1784 1216 2017 1256 ‹piamquam
2032 1200 2136 1239 nullo

1264 1272 1341 1310 aiio
1378 1268 1562 1318 exemplo
1599 1280 1669 1317 pro
1705 1263 1963 1303 simulatione
1993 1259 2137 1296 dictum

1263 1325 1504 1379 comprobari
1523 1336 1648 1376 posse
1674 1322 1770 1365 scio,
1795 1330 1912 1370 quum
1933 1318 2045 1356 locus
2059 1313 2137 1352 Cic.

1263 1385 1374 1422 Verr.
1400 1381 1446 1420 ll.
1479 1385 1515 1422 2.
1547 1384 1614 1420 24.
1646 1378 1675 1428 0‘.
1708 1380 1774 1417 59.
1811 1375 1887 1413 huc
1910 1387 1984 1411 non
2022 1371 2141 1410 saciat

1263 1445 1303 1479 et
1333 1440 1384 1477 de
1415 1437 1494 1476 Off.
1525 1436 1586 1475 111.
1625 1439 1690 1475 ⁶26.
1729 1433 1850 1483 0198.
1890 1432 1926 1469 in
1959 1427 2143 1467 versibus

1264 1495 1425 1536 Pacuvii
1458 1493 1706 1533 ussiumlavit
1741 1487 1949 1539 tegendum
1986 1485 2050 1531 sit,
2086 1487 2143 1522 ta-

1264 1568 1353 1593 men
1402 1565 1452 1589 ex
1499 1549 1652 1600 ingenio
1701 1545 1859 1598 Apuleii
1906 1540 2145 1594 profluxisse

1266 1611 1439 1649 arbitror.
1498 1607 1588 1645 Pion
1624 1618 1711 1643 raro
1743 1603 1843 1640 enim
1874 1598 1998 1638 Afros
2032 1609 2143 1650 prae-

1266 1666 1501 1719 positionem
1537 1665 1579 1701 in
1615 1659 1819 1699 vocahutis
1856 1656 2021 1700 addere,
2065 1654 2145 1704 qui·

1268 1726 1342 1762 bus
1373 1722 1491 1774 plane
1527 1719 1644 1758 aliam
1674 1717 1796 1756 habet
1831 1726 1947 1765 quam
1971 1710 2145 1761 vuigaris

1267 1794 1365 1818 usus
1384 1779 1523 1830 probat
1543 1773 1877 1827 significationem,
1891 1769 2055 1820 saepius
2069 1767 2145 1805 iam

1268 1851 1293 1875 a
1322 1849 1386 1874 me
1416 1835 1760 1872 commemoratum
1791 1832 1872 1872 est,
1909 1825 1956 1864 cs.
1988 1823 2085 1863 Met.
2111 1821 2143 1862 l.

1268 1908 1306 1946 p.
1333 1897 1401 1934 56.
1425 1896 1464 1929 et
1487 1890 1538 1929 ad
1562 1888 1660 1927 Met.
1685 1884 1787 1923 x'lll.
1814 1897 1850 1935 p.
1876 1886 1971 1923 559.
1997 1880 2149 1918 Ceteris

1268 1950 1384 1994 locis,
1410 1948 1552 1998 quibus
1572 1942 1771 1997 Apuleius
1802 1941 1878 1979 hoc
1902 1939 2022 1990 verbo
2048 1938 2148 1975 eius-

1271 2020 1348 2056 que
1362 2003 1549 2044 derivatis
1563 2014 1662 2040 usus
1677 2002 1751 2038 est.
1767 1997 1936 2036 nativam
1949 2007 2061 2034 suam
2073 1994 2148 2030 vim

1270 2063 1310 2101 id
1323 2060 1491 2112 retinet]
1509 2060 1694 2098 Attamen
1705 2054 1808 2093 Oud.
1824 2053 1950 2103 magis
1965 2051 2149 2103 probatur

1273 2120 1389 2158 lectio
1415 2117 1528 2156 codd.
1560 2115 1664 2153 Flor.
1695 2118 1730 2152 1.
1761 2115 1800 2149 et
1826 2109 1937 2148 Fulv.
1969 2107 2150 2146 insinua-

1272 2178 1383 2216 tione
1408 2188 1441 2213 s.
1468 2172 1612 2211 callida
1636 2169 1863 2211 monitione,
1890 2177 2006 2215 quam
2031 2162 2151 2201 sacie-

1270 2234 1339 2271 bat
1364 2231 1577 2270 latronibus
1603 2228 1677 2265 sibi
1703 2225 1802 2264 haec
1826 2227 1867 2261 et
1891 2221 1958 2260 illa
1982 2218 2153 2272 peteuda

1274 2302 1380 2328 esse.
1420 2288 1635 2326 Insinuare
1672 2283 1773 2320 enim
1811 2279 1974 2331 saepius
2011 2275 2151 2326 signiti-

1274 2359 1365 2385 care
1400 2345 1609 2388 indicare,
1648 2340 1809 2378 docere.
1847 2335 1935 2375 coli.
1968 2333 2079 2384 Sept.
2105 2330 2151 2369 B.

1276 2402 1440 2442 T.11.9.
1499 2400 1540 2439 Is
1562 2409 1735 2449 numque
1759 2399 1841 2434 tum
1865 2396 2015 2431 moesto
2035 2390 2153 2428 luctu

1276 2460 1353 2509 (sie
1384 2458 1478 2508 legit
1515 2454 1617 2493 Oud.
1649 2466 1671 2490 e
1710 2451 1836 2499 Mss.)
1879 2449 2009 2487 obsito
2043 2444 2154 2496 Agla*

1277 2515 1476 2555 memnoni
1494 2513 1685 2551 insinua
1696 2522 1763 2553 ηε,
1785 2519 1889 2559 quae
1902 2505 2017 2544 circa
2026 2502 2156 2555 silium

1279 2574 1363 2612 eius
1382 2571 1602 2610 evenissent
1629 2566 1710 2617 [ubi
1733 2576 1849 2614 quum
1871 2560 1986 2600 codd.
2004 2561 2156 2597 moesto

1278 2644 1330 2668 uc
1361 2628 1474 2668 luctu
1505 2626 1655 2675 legant,
1688 2618 1976 2658 emendandum
2007 2618 2087 2659 est,
2122 2613 2157 2650 is

1278 2698 1454 2737 namque
1490 2683 1565 2721 diu
1602 2683 1751 2718 moesto
1787 2691 1838 2715 uo
1875 2675 1989 2714 luctu
2028 2670 2157 2709 obsito

1279 2743 1350 2782 i.e.
1377 2744 1527 2780 moesto
1551 2751 1598 2775 ac
1623 2735 1793 2787 luyenti,
1820 2730 1926 2782 quod
1951 2730 2065 2768 luctu
2091 2725 2156 2764 ob-

1286 2801 1385 2838 situs
1410 2795 1619 2847 significat,
1645 2791 1696 2829 Y.
1723 2805 1756 2827 e.
1787 2792 1869 2833 14„
1893 2783 2158 2825 renitentibus

1284 2855 1381 2894 solis
1418 2853 1589 2893 omnium
1624 2846 1827 2887 D'mnede
1862 2848 1988 2895 utque
2024 2840 2160 2882 Ulia-e,

1285 2927 1358 2951 suu
1388 2912 1545 2963 quippe
1570 2918 1700 2958 opera
1724 2897 2090 2941 insinuantibus
2112 2893 2161 2932 id

1289 2968 1483 3011 ablutum,
1503 2964 1568 3002 ubi
1587 2959 1879 3000 insinuantium
1896 2958 1954 3004 (et
1966 2965 2061 2993 suae
2075 2951 2162 2988 sine

1283 3026 1401 3063 dubio
1418 3034 1546 3061 errore
1571 3016 1882 3070 typothetarum)
1904 3010 2042 3049 Deder.
2057 3005 2161 3046 male

1285 3086 1415 3120 contra
1447 3078 1560 3117 codd.
1591 3080 1630 3112 et
1659 3071 1748 3111 edd.
1775 3069 1975 3113 eniendat,
2005 3063 2161 3103 mirifice

1286 3138 1500 3177 orationem
1535 3130 1760 3183 impeditam
1790 3130 1828 3164 et
1858 3126 1992 3164 duram
2022 3117 2160 3172 appe!-

1289 3195 1387 3234 lans.
1441 3187 1736 3231 Insinuuntium
1749 3183 1856 3222 nulla
1867 3180 2016 3220 ratione
2030 3178 2163 3228 potest
