2221 3667
305 156 388 198 672
566 154 611 196 1..
636 155 865 194 APULEH
891 152 1294 193 MADAURENSIS
1319 153 1867 196 METAMORPHOSEON

183 274 281 313 [205]
308 267 544 307 desiderium
560 266 740 321 petitoris
756 266 917 308 distulit.
943 266 1057 307 Tunc
1078 265 1184 305 inter
1202 278 1334 305 moras
1356 265 1495 305 umbra
1510 266 1577 305 illa
1591 267 1734 308 misere
1750 269 1931 310 trucidati
1949 267 1954 325 Ι
1969 270 2115 324 Tlepo-

217 329 278 362 531
309 324 414 372 lemi,
441 325 564 363 sanie
587 323 592 379 Ι
614 331 816 364 cruentam
834 330 872 364 et
887 323 1035 377 pallore
1049 322 1265 361 deformem
1280 321 1465 362 attollens
1482 323 1643 374 faciem,
1669 324 1837 376 quietem
1858 327 2034 379 pudicam
2057 327 2115 366 in-

307 380 490 435 terpellat
506 380 665 421 uxoris:
689 379 749 421 Mi
769 380 934 430 coniux,
951 379 1052 432 quod
1068 378 1138 418 tibi
1154 392 1316 432 prorsus
1332 378 1379 418 ab
1395 378 1472 418 alio
1488 379 1563 419 dici
1580 393 1658 419 non
1672 380 1820 432 licebit,
1842 382 1864 405 ‘⁸‘
1878 383 1951 422 etsi
1967 383 2117 437 pectori

307 519 509 549 desid-vium
522 521 555 550 in
571 524 722 549 contextu
738 522 773 548 G.
793 522 818 548 1.
833 526 896 547 non
910 520 1023 554 habet;
1048 519 1081 546 in
1095 525 1197 553 marg.
1211 526 1231 547 a
1244 526 1285 547 m.
1299 526 1326 547 S.
1340 519 1486 547 additum
1500 521 1559 548 est.
1603 519 1827 555 peticionisss.
1847 522 2029 557 pectitorr's
2044 524 2104 552 G.1

303 566 452 604 peto'nm's
467 568 505 595 D.
555 573 637 594 saue
651 567 686 595 F.
705 568 731 594 1.
746 567 776 594 3.
792 568 819 593 et
835 572 946 592 omnes
961 565 1050 593 codd.
1065 567 1095 592 et
1108 564 1178 592 edd.
1194 571 1299 597 usque
1312 565 1468 599 atlE1111.‚
1496 572 1592 598 quam
1611 568 1792 599 sequuntur
1810 566 1916 595 Scriv.
1937 570 1967 595 et
1980 569 2099 597 Florid.
2112 591 2119 603 ,

308 613 341 640 in
356 613 474 647 quibus
489 612 678 640 coniectura
693 610 832 639 Meursii
847 608 944 636 sanie
958 612 1088 643 recepta
1099 612 1160 637 est.
1209 611 1386 636 cruentam
1399 610 1436 638 F.
1453 611 1482 637 1.
1495 610 1526 639 3.
1541 610 1562 638 f.
1575 611 1657 638 Edu.
1672 614 1747 639 ante
1762 611 1853 639 Colv.
1875 615 1903 640 et
1917 613 2000 641 Elin.
2015 613 2120 643 Scriv.

306 658 431 686 Florid.
457 659 493 685 In
507 661 581 685 cett.
602 658 757 683 cruenta.
794 656 863 682 Hoc
882 657 1080 683 vocabulum
1100 656 1198 688 plane
1221 655 1426 683 desideratur
1439 655 1472 683 in
1486 655 1522 684 P.
1564 653 1733 691 pallorem
1749 658 1786 684 G.
1802 657 1830 684 1.
1844 658 1879 685 Ο.
1928 656 2077 695 quietam
2091 655 2121 686 ὅ.

307 704 436 732 Vicent.
451 704 566 731 Venet.
580 704 610 730 2.
638 701 714 736 [Hic
728 701 762 728 in
776 708 878 735 marg.
893 701 929 729 G.
941 700 998 728 La
1011 707 1052 729 m.
1067 708 1093 728 s.
1108 700 1297 728 adnotatum
1311 703 1372 728 est.
1398 698 1467 727 Hic
1480 703 1628 736 apparet
1641 700 1761 728 umbra
1780 699 1973 738 Thepolemae·
1984 700 2123 730 chartea

308 756 366 776 sue
386 747 522 784 coniugi
538 745 719 773 admonens
741 753 781 772 ne
801 744 989 781 coniugium
1001 744 1094 772 inter
1114 743 1285 772 trasz'llum
1300 748 1334 772 et
1346 752 1419 771 eam
1440 744 1556 782 aliquo
1571 744 1665 773 modu
1679 754 1745 774 nrm.
1761 747 1917 783 tractet]
1966 746 2056 785 quod
2068 747 2125 776 ubi

308 795 399 822 codd.
415 793 545 827 quidam
560 795 640 820 teste
655 792 746 820 Colv.

308 838 424 876 aliquo
439 840 475 867 1..

795 789 837 818 ab
852 789 920 817 alio
935 788 1004 817 diez·
1010 797 1156 827 prorsus
1170 791 1206 818 P.

523 836 649 864 licebat
662 833 690 865 ὃ.
739 838 775 863 et
792 840 868 865 ante
885 834 920 863 'si'
937 839 1059 865 hahent
1076 838 1158 864 Mss.
1179 838 1302 864 tantum
1320 844 1382 864 non
1403 844 1514 865 omnes
1534 840 1564 865 et
1585 838 1656 866 edd.
1675 841 1806 873 praeter
1818 838 1933 867 venei.
1949 840 1979 868 4.
1998 840 2077 868 Bas.
2092 841 2122 868 1.

1255 788 1324 818 laio
1339 798 1394 825 pro
1409 790 1478 818 alio
1493 794 1732 825 typothetarum
1752 800 1859 821 errore
1872 794 1986 823 Venet.
2001 795 2031 822 4.
2080 793 2123 821 ab

307 885 428 914 Florid.
453 882 504 918 [In
518 883 601 911 meis
614 883 706 911 codd.
720 882 840 916 ubique
853 881 996 918 inveni]
1041 880 1177 918 pectori
1189 882 1282 909 tuum
1294 882 1408 911 Vener.
1421 883 1453 911 2.

309 1007 361 1044 ita
386 1004 575 1057 explicat:
607 1004 719 1043 Sicut
742 1004 955 1056 scriptores
981 1004 1031 1042 ad
1058 1003 1188 1041 limam

309 1061 594 1100 emendationis
634 1061 753 1099 libros
791 1061 972 1099 conditos
1002 1060 1188 1107 referunt,

308 1119 367 1157 sic
407 1119 456 1156 ad
496 1118 625 1156 limam
663 1118 814 1155 consilii
851 1117 1002 1156 distulit
1032 1116 1188 1156 Charite

309 1175 546 1214 desiderium
561 1175 739 1226 petitoris
757 1173 970 1225 Thrasylli.
984 1178 1025 1212 ut
1038 1174 1189 1213 scilicet

310 1233 347 1271 id
373 1236 495 1271 totum
521 1231 810 1271 consultatione
835 1231 1115 1283 perpenderet,
1148 1231 1188 1270 li-

309 1290 456 1332 braret,
483 1287 674 1328 elimaret.

364 1347 472 1385 iuler
501 1360 649 1384 moras.
700 1344 787 1397 [De
812 1345 887 1384 hac
912 1344 1106 1384 locutione
1144 1344 1192 1383 cs.

309 1402 512 1454 exempla,
539 1415 640 1452 quae
661 1402 822 1454 protulit
835 1400 1024 1441 Pricaeus
1043 1402 1095 1440 ad
1114 1402 1151 1440 h.
1168 1401 1191 1440 l.

310 1464 349 1498 et
373 1459 500 1497 Hand.
532 1458 703 1497 Tui-sell.
737 1458 782 1498 Τ.
810 1458 872 1497 ΠΙ.
911 1472 949 1510 p.
975 1462 1089 1504 403..
1128 1459 1192 1509 qui

311 1516 424 1568 plura
448 1515 662 1568 exposuit]

366 1573 511 1612 wnbra
543 1573 618 1611 illa
650 1573 794 1612 misere
818 1573 1021 1612 trucidati
1046 1572 1194 1624 Tlepo-

311 1630 416 1669 lemi.
444 1628 524 1681 [De
539 1632 712 1667 veterum
728 1630 1029 1681 superstitione,
1056 1642 1194 1666 manes

311 1690 426 1725 noctu
465 1686 647 1724 oberrare
685 1687 720 1724 in
759 1687 872 1724 terris
905 1690 943 1724 et
974 1687 1009 1724 in
1042 1686 1193 1724 somnis

309 1756 522 1794 apparere,
547 1746 589 1780 ut
609 1742 643 1780 si
661 1756 770 1780 mors
791 1743 1045 1793 ignoraretur,
1073 1742 1194 1781 fatum

310 1813 424 1837 suum
458 1799 700 1845 nunciarent,
737 1798 925 1837 ultionem
957 1813 1004 1838 ac
1040 1812 1193 1850 poenas

310 1856 512 1907 flagitaturi
532 1856 622 1894 vide
637 1869 738 1907 quae
758 1857 918 1908 exponit
933 1855 1057 1894 fusius
1074 1855 1193 1894 Gron.

310 1914 346 1951 in
374 1913 473 1951 Stat.
500 1912 624 1951 Diatr.
651 1926 686 1963 p.
711 1917 802 1953 122.
830 1911 875 1952 Τ.
902 1912 929 1951 l.
954 1927 992 1964 p.
1010 1916 1105 1953 214.
1131 1912 1193 1951 ed.

312 1970 423 2021 Lips.
449 1969 733 2020 ibique'Hand.
761 1969 895 2008 Burm.
916 1969 967 2008 ad
987 1967 1106 2021 Prop.
1125 1968 1194 2008 IV.

313 2031 349 2067 7.
377 2030 441 2066 89.
470 2025 567 2067 Met.
593 2024 662 2065 lx.
689 2040 727 2078 p.
755 2026 873 2080 652]

368 2084 481 2123 sanie
512 2088 735 2123 cruentam.
797 2083 883 2122 Hac
916 2083 1194 2121 emendatione

312 2140 477 2178 Meursii
503 2144 542 2178 et
567 2139 704 2178 Heius,
727 2140 777 2178 ad
798 2140 914 2179 Ovid.
935 2139 1094 2178 Heroid.
1120 2137 1194 2179 XI.

316 2201 426 2237 125..
460 2197 524 2235 ubi
546 2197 637 2234 citat
657 2197 762 2235 iuter
780 2211 916 2236 moras
935 2197 1074 2244 hasce,
1100 2196 1194 2235 nihil

311 2257 446 2305 potest
471 2267 565 2291 esse
592 2254 752 2297 certius,
780 2252 956 2305 quumii,
983 2255 1046 2305 qui
1072 2254 1108 2291 in
1129 2267 1193 2291 ve-

312 2315 435 2348 terum
461 2310 616 2361 scriptis
630 2311 774 2348 versati
794 2315 902 2356 sunt,
927 2309 1071 2355 sciant,
1098 2324 1195 2362 quo-

312 2368 390 2406 ties
415 2367 491 2405 hoc
516 2367 748 2405 vocabulum
781 2368 816 2405 in
842 2367 945 2406 Mss.
973 2368 1196 2419 corruptum

313 2425 375 2463 sit.
424 2423 551 2462 Recte
572 2424 686 2474 igitur
700 2422 803 2463 Oud.
824 2424 877 2463 ita
896 2424 1013 2463 scribi
1034 2425 1069 2462 in
1085 2427 1196 2462 textu

314 2481 446 2527 iussit,
471 2481 600 2518 minus
621 2481 723 2519 bene
743 2485 876 2519 contra,
890 2481 1063 2519 melioris
1078 2484 1195 2519 notae

315 2537 429 2577 codd.
456 2542 625 2577 eruenta
649 2551 719 2588 pro
746 2543 954 2577 cruentam
984 2551 1195 2589 reponens,

314 2594 419 2645 quod
428 2592 571 2646 duplici
582 2594 729 2633 ratione
738 2594 920 2646 explicari
936 2608 1059 2646 posse
1073 2598 1196 2645 putat,

315 2656 381 2689 aut
405 2655 447 2690 ut
469 2650 659 2689 referatur
678 2651 728 2689 ad
748 2652 861 2690 srmze'e
879 2655 946 2689 aut
965 2651 1016 2689 ad
1040 2652 1196 2691 umbra.

314 2707 582 2746 Posteriorem
619 2708 975 2759 interpretationem
1011 2707 1196 2759 praefert,

316 2766 406 2815 quia
431 2778 481 2803 ex
501 2766 749 2816 praegressis
771 2764 949 2802 concludi
968 2765 1114 2815 possit,
1139 2778 1196 2802 re-

315 2820 462 2872 liquum
486 2822 618 2873 potius
645 2819 869 2872 Tlepolemi
895 2835 1051 2872 corpus,
1079 2835 1196 2872 quam

316 2878 473 2924 faciem,
509 2879 621 2916 sanie
659 2882 819 2916 cruenta
849 2877 974 2916 fuisse
1004 2877 1196 2916 deforme.

316 2932 589 2986 [Quantopere
613 2948 706 2972 vero
732 2936 785 2973 ita
815 2935 998 2973 aberrare
1029 2935 1199 2986 potuerit

316 2989 417 3029 Oud.
445 2991 509 3029 vix
535 2995 598 3029 est
623 2991 822 3030 credibile.
853 2991 1079 3030 Verisimile
1095 2991 1198 3030 enim

316 3050 391 3093 est,
418 3047 695 3098 Tlepolemum
709 3063 783 3086 non
799 3048 943 3086 nudum
960 3048 1097 3095 fuisse,
1123 3048 1199 3086 scd

314 3104 475 3142 vulnera
488 3104 566 3150 illa,
594 3118 695 3155 quae
709 3119 733 3144 a
746 3104 778 3142 T
782 3104 959 3156 hrasyllo
978 3109 1199 3156 acceperat,

317 3173 386 3210 per
411 3173 590 3199 somnum
617 3160 798 3200 Uim-itae
823 3166 937 3201 vesto
961 3162 1108 3202 nudata
1133 3161 1198 3200 (le-

1247 1007 1510 1049 monstrasse,
1530 1004 1634 1042 unde
1647 1005 1733 1043 eius
1749 1017 1892 1056 corpus
1905 1006 2016 1044 sanie
2031 1017 2125 1044 esse

1247 1060 1450 1112 perfusum
1476 1065 1515 1098 et
1540 1061 1772 1100 maculatum
1793 1063 1916 1113 primo
1934 1062 2126 1113 adspectu

1246 1131 1343 1156 uxor
1356 1118 1582 1168 perspicere
1597 1133 1670 1156 non
1684 1121 1847 1170 poterat.
1858 1118 2014 1170 cinrg.
2026 1118 2127 1157 Aen.

1246 1173 1273 1213 l.
1301 1178 1394 1214 354.
1431 1174 1629 1214 Crudeles
1659 1189 1755 1215 aras
1781 1176 2035 1228 traiectaque
2057 1189 2126 1227 pe-

1248 1236 1366 1270 ctera
1378 1232 1500 1281 ferro
1515 1231 1564 1270 N
1566 1248 1591 1271 u
1599 1232 1629 1270 d
1637 1247 1663 1271 a
1673 1246 1692 1270 r
1702 1233 1741 1270 it
1753 1233 1907 1270 occisus
1918 1231 2126 1283 Sychaeus

1252 1287 1398 1326 Didoni
1423 1301 1562 1326 somno
1589 1292 1740 1341 captae.
1790 1287 1894 1334 Quid
1907 1289 2039 1327 sanies
2052 1288 2128 1328 hoc

1254 1344 1341 1383 loco
1362 1344 1437 1383 sihi
1459 1345 1568 1390 velit,
1594 1349 1769 1397 apertum
1785 1348 1863 1392 est;
1889 1346 2129 1397 sanquinem

1252 1406 1494 1452 corruptum
1530 1401 1690 1447 indicat,
1729 1401 1793 1449 qni
1831 1402 1865 1440 in
1902 1401 2130 1440 vulneribus

1252 1457 1497 1496 obduruerat.
1550 1459 1713 1498 Faciem
1739 1471 1895 1510 quoque
1921 1459 2128 1510 conspergi

1251 1515 1430 1566 potuisse
1450 1515 1547 1553 inter
1567 1513 1747 1561 caedem,
1775 1516 1861 1565 quis
1888 1519 1951 1553 est
1976 1515 2038 1566 qui
2065 1529 2129 1552 ne-

1254 1571 1427 1621 gaverit?
1452 1571 1608 1610 Deinde
1633 1577 1843 1611 cruentam
1869 1571 1984 1610 lectio
2003 1572 2130 1622 magis

1253 1641 1300 1666 se
1325 1629 1466 1679 probat
1490 1642 1560 1680 per
1586 1628 1868 1666 enunciationis
1900 1629 2132 1666 concinnita-

1253 1688 1349 1730 tem.
1375 1686 1487 1724 sanie
1513 1690 1721 1724 cruentam
1746 1689 1784 1723 et
1805 1685 1974 1737 pallore
1990 1685 2131 1737 (lefor-

1251 1755 1350 1780 mem
1361 1741 1434 1779 sibi
1451 1743 1595 1792 optime
1611 1742 1954 1793 respondentilms.
1970 1741 2083 1779 Certe
2097 1742 2132 1780 si

1254 1799 1342 1848 quis
1358 1803 1527 1838 cruenta
1541 1798 1753 1850 praeferat,
1780 1798 1912 1837 malim
1927 1811 2013 1837 eum
2028 1797 2131 1837 Oud.

1253 1853 1304 1893 ad
1329 1855 1471 1895 umbra
1496 1854 1718 1907 referamn]

1310 1912 1364 1949 mi
1390 1911 1548 1951 coniux
1579 1915 1664 1959 cett,
1717 1910 1865 1950 Locum
1896 1911 2006 1957 dedi,
2040 1926 2133 1962 quo-

1253 1967 1370 2006 modo
1385 1969 1419 2006 in
1436 1968 1594 2018 optimis
1609 1968 1721 2007 codd.
1738 1967 2131 2020 legitur,quaimpiam

1253 2025 1383 2064 adhuc
1409 2024 1550 2062 dubius
1581 2039 1686 2070 sum,
1725 2038 1801 2076 qua
1826 2026 1974 2064 ratione
2006 2028 2132 2063 sanari

1253 2082 1392 2133 possit.
1420 2081 1624 2121 Sententia
1638 2083 1737 2120 enim
1753 2095 1869 2132 quum
1884 2083 2134 2134 apertissima

1252 2140 1320 2183 sit,
1347 2151 1418 2176 nee
1444 2151 1677 2189 quemquam
1704 2139 1955 2191 interpretum
1981 2139 2133 2190 fugerit.

1254 2208 1391 2234 omnes
1428 2198 1558 2234 tamen
1602 2196 1636 2233 in
1676 2196 1807 2234 verbis
1851 2196 2134 2234 constituendis

1252 2253 1476 2291 haeserunt.
1526 2251 1756 2303 Exprimere
1771 2253 1871 2290 enim
1887 2252 1971 2291 vult
1982 2252 2133 2304 'Apule-

1254 2308 1335 2348 ius:
1362 2309 1404 2347 Si
1431 2323 1578 2347 memor
1603 2322 1648 2347 es
1675 2311 1767 2355 mei,
1794 2324 1867 2348 non
1893 2310 2134 2348 mai-itaberis

1255 2365 1350 2411 alio,
1382 2366 1447 2403 vel
1474 2366 1508 2404 si
1534 2364 1675 2404 excidit
1700 2367 1767 2405 tibi
1794 2366 1935 2404 foedus
1960 2370 2132 2404 nostrum

1254 2436 1324 2474 per
1349 2436 1475 2461 meam
1499 2426 1682 2469 mortem,
1708 2427 1799 2462 tunc
1823 2423 1926 2461 nube
1951 2423 2032 2469 alii,
2059 2437 2134 2461 non

1256 2479 1484 2531 Thrasyllo.
1508 2478 1751 2519 Adhortatur
1764 2478 2135 2530 enim'l'lepolemus

1253 2550 1431 2581 uxorem,
1457 2550 1506 2574 ne
1531 2536 1707 2587 coniugis
1732 2538 1887 2574 nomine
1912 2535 1960 2574 ab
1986 2536 2063 2574 alio
2089 2550 2136 2574 s(-

1255 2594 1465 2644 nuncupari
1491 2591 1674 2645 patiatur,
1702 2594 1808 2643 (quia
1830 2592 2005 2644 coniugis
2026 2593 2136 2644 pudi-

1241 2664 1327 2689 cae
1364 2654 1403 2688 et
1438 2650 1614 2688 maritum
1651 2651 1816 2688 amantis
1848 2662 1942 2688 esse
1979 2653 2136 2688 veteres

1256 2707 1464 2759 putabant,
1496 2706 1695 2745 secundas
1736 2708 1892 2758 nuptias
1929 2706 2137 2757 repudiare

1257 2764 1306 2803 cf.
1333 2777 1434 2816 quae
1462 2763 1656 2815 proferam
1681 2762 1730 2801 ad
1745 2762 1864 2813 Apol.
1880 2762 2071 2814 p.542.)‚
2097 2767 2137 2802 at

1239 2848 1242 2849 ν
1255 2822 1289 2859 si
1304 2820 1446 2859 diutius
1460 2820 1583 2859 mariti
1595 2820 1821 2857 memoriam
1835 2821 1870 2858 in
1879 2820 2006 2858 animo
2016 2819 2136 2871 depo-

1255 2877 1396 2922 suerit,
1422 2881 1553 2924 eavet,
1579 2889 1628 2915 ne
1653 2890 1739 2914 cum
1766 2875 1983 2927 Thrasyllo
2007 2876 2136 2914 matri-

1255 2935 1426 2973 monium
1451 2935 1554 2972 ineat
1576 2945 1829 2985 percussore.
1867 2931 1981 2971 Haec
2005 2945 2136 2984 quam-

1258 3004 1374 3042 quam
1405 3004 1476 3042 per
1504 3004 1551 3029 se
1577 2989 1681 3029 clara
1712 2993 1821 3028 sunt.
1853 2993 1984 3028 tamen
2015 2988 2137 3027 multa

1258 3046 1370 3086 locus
1394 3047 1581 3089 continet.
1608 3045 1749 3096 quibus
1775 3045 2022 3085 offendimus.
2054 3044 2136 3083 Pri-

1257 3117 1361 3142 mum
1376 3105 1477 3142 enim
1490 3101 1680 3154 particula
1696 3106 1733 3140 et
1751 3116 1824 3140 non
1846 3101 1975 3141 solum
1997 3103 2136 3144 otiosa,

1258 3161 1331 3200 sed
1369 3161 1525 3199 omnino
1564 3172 1750 3210 perversa
1785 3163 1866 3205 est,
1899 3173 1970 3198 nec
2001 3159 2136 3199 habet.
