2155 3590
718 158 906 198 LIBER
930 158 1003 199 XI.

1062 158 1190 199 CAP.
1224 158 1300 198 111.
1816 157 1898 201 989

115 268 242 309 didum
261 268 390 310 lumen
411 269 615 310 emicabat.
648 272 797 311 Dextra
816 271 1005 325 laevaque
1025 271 1142 312 sulcis
1162 269 1450 324 insurgentium
1466 269 1690 324 viperarum
1710 269 1895 322 cohibita,

113 395 259 424 dextera
278 399 314 426 G.
329 399 357 427 1.
371 397 402 426 2.
418 399 456 426 D.
475 400 559 428 lunt.
571 401 603 428 2.
623 399 764 428 Scriver.
802 398 914 439 fulcis
929 401 964 428 G.
982 401 1010 428 1.
1025 402 1056 428 2.
1069 401 1107 428 D.
1122 400 1157 428 P.
1184 397 1294 438 falsis
1308 396 1337 428 δ.
1365 397 1497 438 fulcris
1515 399 1655 428 coniecit
1671 398 1801 435 Pignor.
1819 400 1898 428 Tan.

112 443 208 471 Isiac.
221 451 252 478 p.
269 444 320 472 10.

113 552 289 598 theseos,
314 556 356 591 ut
369 554 420 591 sit
433 566 591 600 sensus,
617 567 731 604 quem
746 555 780 592 in
796 555 979 606 interpre-

113 611 257 647 tatione
282 610 478 660 expressi:
506 623 606 660 quae
634 609 804 648 habebat
823 611 978 661 quidem

114 665 150 702 in
181 665 310 703 media
339 665 463 704 fronte
500 667 631 704 orbem
667 667 823 718 planum
860 668 979 704 instar

112 721 282 772 speculi,
328 721 391 759 vel
433 723 563 773 potius
606 722 732 760 lumen
772 722 977 761 candidum

111 777 329 829 refulgens,
367 778 471 829 quod
507 784 732 829 argumento
769 782 851 816 erat
888 791 975 817 eam

112 847 206 872 esse
242 834 382 872 lunam.
441 835 496 873 At
540 837 619 873 iure
653 835 837 886 reprobat
872 833 973 872 Oud.

110 890 211 929 hanc
235 891 550 942 explicationem,
576 891 633 928 cui
655 905 729 929 non
748 890 876 929 solum
899 890 974 929 loci

111 949 302 985 sententia
325 948 399 985 sed
423 948 538 986 etiam
558 948 759 986 verborum
778 946 842 985 vel
857 948 974 985 immo

110 1004 262 1055 positus
277 1007 474 1054 repugnat.
535 1003 737 1042 Sententia
751 1003 867 1041 dubia
881 1015 974 1040 esse

111 1061 260 1111 nequit:
297 1059 336 1098 In
374 1059 500 1098 medio
538 1073 656 1111 super
695 1059 794 1097 deae
831 1059 973 1097 vertice

109 1129 229 1167 super
266 1115 389 1155 fronte
425 1116 580 1166 planam
619 1115 892 1154 rotunditatem
923 1115 974 1152 lu-

110 1173 299 1210 minosam
336 1172 583 1223 apparuisse,
622 1173 734 1222 quasi
770 1171 974 1222 speculum

111 1228 238 1266 lumen
264 1230 443 1267 emittens
469 1227 688 1272 candidum,
715 1229 749 1264 in
776 1240 974 1278 argumen-

109 1289 188 1322 tum
219 1288 258 1322 et
286 1284 400 1322 fidem
431 1297 515 1322 eam
554 1297 646 1322 esse
678 1283 841 1324 Lunam.
912 1283 975 1322 De

110 1341 275 1379 dictione
310 1354 432 1392 super
471 1341 649 1389 frontem
687 1339 836 1377 confert
870 1339 974 1378 Oud.

109 1396 240 1434 Burm.
273 1396 322 1434 ad
351 1395 514 1434 Nemes.
547 1395 630 1434 Ecl.
655 1394 719 1433 Ill.
747 1400 782 1434 5.
831 1395 898 1433 Dr.
924 1395 974 1433 ad

109 1451 317 1491 Liv.XX1.
338 1455 402 1492 33.
429 1451 573 1490 Media
600 1452 698 1489 bene
723 1451 858 1497 habet,
885 1452 974 1489 sub-

109 1509 305 1548 intellecto
325 1513 467 1560 parte,
497 1511 538 1545 ut
570 1507 690 1559 liquet
713 1507 927 1546 clarissime
953 1521 975 1545 e

107 1578 222 1616 seqq.
249 1566 398 1604 dextra
422 1564 636 1617 laevaque,
660 1568 702 1602 ut
725 1563 810 1603 Liv.
825 1563 893 1602 lX.
912 1567 974 1604 12.

109 1622 266 1661 media
297 1621 391 1660 labi.
422 1619 532 1659 Male
558 1634 648 1658 vero
670 1620 841 1672 planam
865 1634 975 1671 repo-

109 1681 269 1716 suerunt
303 1677 384 1723 alii,
427 1677 538 1727 quasi
573 1677 706 1715 media
743 1676 976 1716 rotunditas

110 1733 377 1784 coniungenda
402 1732 585 1779 fuissent3
616 1732 651 1770 id
668 1732 771 1783 quod
785 1732 886 1770 Oud.
901 1733 976 1772 iam

109 1790 316 1829 intellexit:
341 1788 473 1835 „Quid
497 1790 548 1826 sit
571 1789 704 1828 media
728 1789 975 1834 rotunditas,

109 1846 304 1897 inquiens,
331 1859 405 1883 non
429 1844 555 1883 video.
605 1843 772 1894 Cepisse
797 1844 976 1882 videntur

108 1917 178 1957 pro
211 1902 385 1941 dimidia
417 1901 526 1950 (sine
556 1902 781 1939 auctoritate
811 1901 974 1951 idonea)

108 1959 288 2009 adeoque
319 1971 389 2009 pro
421 1957 534 1996 lunae
570 1958 663 1995 orbe
688 1957 863 2003 dimidio,
887 1959 973 1995 sive

108 2016 238 2067 potius
263 2014 523 2054 corniculato
547 2027 632 2052 curn
659 2012 796 2064 Cuper.
824 2013 972 2066 Harpo-

109 2076 201 2111 crat.
215 2071 238 2110 l.
255 2085 286 2110 c,
306 2085 342 2122 p.
358 2075 458 2111 443:
485 2069 680 2121 quomodo
700 2070 832 2108 crebro
846 2070 973 2108 Diana

109 2133 148 2167 et
170 2127 284 2166 Luna
307 2127 496 2177 tinguntur
522 2130 560 2164 et
585 2126 845 2177 exprimuntur
864 2128 899 2165 in
920 2127 972 2165 la-

108 2184 263 2237 pidibus
296 2188 335 2222 et
366 2183 544 2222 nummis.
600 2183 709 2220 SIcut
740 2183 855 2221 etiam
882 2182 972 2222 Isidi

108 2241 254 2280 lunaria
278 2254 420 2279 cornua
444 2240 654 2277 tribuerunt
677 2239 880 2290 Aegyptii3
924 2238 973 2278 cf.

107 2297 218 2348 Pign.
243 2296 373 2335 Mens.
399 2294 509 2334 isiae.
529 2309 564 2346 p.
580 2299 646 2336 30.
670 2293 866 2334 Plutarch.
880 2294 973 2334 Isid.

108 2357 149 2393 et
172 2352 275 2392 Osir.
300 2352 416 2390 Ovid.
442 2352 539 2391 Met.
558 2351 625 2390 IX.
651 2364 687 2402 p.
703 2355 802 2392 687:
827 2352 974 2391 Verum

107 2410 207 2450 haec
220 2422 362 2448 cornua
374 2421 618 2459 nequaquam
638 2409 871 2446 conveniunt
887 2422 972 2460 spe-

108 2466 192 2508 culi
215 2465 463 2504 similitudini.
489 2465 555 2502 Ad
568 2464 667 2502 haec
687 2464 857 2504 dividua
874 2465 972 2504 luna

107 2522 236 2561 differt
258 2535 282 2560 a
306 2521 582 2565 corniculata,
613 2521 665 2558 uti
696 2534 766 2558 eas
792 2521 893 2559 bene
918 2521 972 2559 di-

106 2580 266 2630 stinguit
289 2591 336 2616 ac
355 2577 521 2629 plenam
544 2589 678 2615 rursus
690 2577 857 2628 speculo
871 2591 971 2616 com-

106 2639 217 2688 parat
241 2634 359 2685 Apul.
386 2634 434 2672 de
459 2634 548 2671 Deo
582 2634 688 2671 Socr.
713 2647 751 2684 p.
782 2638 870 2674 117.
906 2648 974 2674 seu

109 2690 425 2731 corniculata
449 2703 516 2729 seu
543 2689 713 2729 dividua
738 2703 807 2729 seu
826 2696 972 2741 protu-

107 2748 231 2793 mida,
255 2760 323 2787 seu
344 2746 459 2798 plen
469 2761 494 2785 a
518 2747 570 2784 sit
663 2746 834 2796 corpori
859 2746 972 2786 laevi.

112 2804 193 2844 Ceu
219 2803 397 2855 quodam
421 2802 619 2853 speculo
644 2803 776 2840 radiis
795 2803 890 2841 solis
907 2803 972 2842 ob-

107 2860 194 2898 stiti
218 2860 282 2898 rel
309 2859 472 2898 adversi
501 2861 683 2909 usurpat.
731 2856 832 2896 Plin.
870 2858 971 2898 Hist.

107 2914 200 2954 Nat.
214 2914 258 2952 ll.
273 2918 310 2956 9.
338 2915 392 2954 Et
405 2915 529 2953 modo
544 2917 734 2953 curvatae
754 2915 796 2952 in
816 2928 974 2955 cornua

105 2972 236 3022 facie,
272 2972 397 3010 modo
433 2984 567 3023 aequa
599 2971 794 3021 portione
829 2971 973 3016 divisa,

108 3027 231 3066 modo
256 3029 415 3067 sinuata
441 3027 483 3065 in
509 3026 655 3065 orbem.
686 3025 830 3064 Vemm
841 3027 974 3079 plana

107 3084 341 3123 rotunditas
388 3083 533 3134 optime
580 3082 758 3120 convenit
793 3083 972 3135 speculo.

109 3139 226 3195 Apul.
243 3139 360 3193 Apol.
382 3153 420 3193 p.
434 3143 529 3180 425.
555 3140 597 3177 in
615 3138 785 3192 planis
811 3139 974 3194 quidem

369 442 540 480 viperarec
555 445 603 473 ed.
617 453 664 479 pr.
678 445 805 473 Viceut.
831 444 966 482 ciparet
977 445 1090 474 Venet.
1104 446 1136 474 2.

1184 443 1333 472 coercita
1347 444 1369 472 s.

1036 554 1272 605 speculis,
1297 553 1346 591 de
1372 554 1511 603 quibus
1535 554 1597 592 adi
1616 554 1762 593 Meurs.
1778 554 1898 593 Exer-

1033 611 1092 648 cit.
1109 609 1195 648 Crit.
1210 623 1249 661 p.
1264 614 1327 650 77.
1355 609 1456 648 Tota
1472 610 1584 660 igitur
1597 611 1759 649 rotunda
1773 611 1897 656 Luna,

1032 666 1141 705 cuius
1166 666 1348 705 candore
1367 666 1490 704 nimio
1505 668 1797 717 praemicantis
1813 667 1898 720 ple-

1032 736 1127 762 num
1157 722 1292 761 orbem
1323 721 1438 773 paulo
1474 726 1563 760 ante
1593 722 1759 769 viderat,
1798 737 1897 762 nunc

1029 779 1235 816 somnianti
1251 779 1429 829 apparuit
1440 777 1562 816 Lucio
1577 778 1612 816 in
1628 779 1771 817 vertice
1786 780 1897 824 deae,

1032 834 1159 885 qualis
1183 838 1224 872 ut
1249 834 1311 873 hic
1334 847 1420 873 cum
1445 835 1570 886 spicis
1589 838 1628 872 et
1646 836 1899 886 serpentibus

1032 894 1139 928 extat
1156 891 1391 930 rotunditas
1408 892 1442 928 iu
1458 903 1611 941 gemma
1623 892 1727 942 apud
1740 890 1896 942 Pignor.

1032 947 1120 985 ibid.
1139 959 1177 997 p.
1199 951 1262 987 20.
1292 950 1330 984 et
1348 947 1384 985 in
1405 960 1558 985 nummo
1578 947 1759 986 Antiochi
1779 947 1897 986 Euer-

1031 1006 1145 1053 getae
1159 1003 1262 1054 apud
1276 1002 1415 1054 Beger.
1430 1003 1465 1041 in
1481 1002 1599 1041 Thes.
1615 1003 1756 1042 Brand.
1773 1003 1818 1043 T.
1832 1002 1895 1042 Ill.

1031 1072 1068 1110 p.
1083 1060 1148 1099 23.
1174 1072 1220 1097 ac
1244 1060 1384 1097 similia
1407 1059 1527 1097 multa
1547 1063 1793 1099 monumenta
1811 1060 1898 1098 vide

1032 1115 1135 1165 apud
1164 1115 1302 1154 Montf.
1334 1116 1493 1166 Antiqq.
1526 1115 1677 1167 Explic.
1709 1115 1754 1155 T.
1781 1116 1824 1155 ll.
1849 1116 1896 1155 B.

1031 1185 1067 1222 p.
1083 1175 1172 1211 280.
1190 1175 1280 1212 282.
1301 1172 1440 1224 Suppl.
1454 1171 1498 1210 T.
1513 1171 1557 1210 II.
1573 1185 1609 1223 p.
1621 1177 1710 1213 142.
1726 1186 1762 1223 p.
1780 1177 1898 1214 160.“

1033 1227 1143 1265 Haec
1173 1227 1296 1274 Oud.,
1329 1230 1391 1278 qui
1417 1232 1621 1279 praeterea
1645 1228 1744 1268 Pric.
1771 1229 1897 1267 conie-

1033 1288 1175 1322 cturam
1189 1284 1255 1323 vel
1264 1286 1368 1323 enim
1380 1285 1537 1330 refutat,
1557 1298 1786 1336 comparans
1800 1285 1897 1323 infra

1032 1353 1069 1390 p.
1086 1344 1178 1380 798.
1204 1354 1277 1379 nec
1297 1355 1378 1379 esse
1401 1354 1640 1393 quemquam
1658 1341 1710 1380 de
1732 1355 1805 1381 suo
1829 1356 1899 1381 nu-

1034 1409 1142 1435 mero
1178 1401 1256 1435 tam
1278 1397 1469 1448 perditae
1499 1397 1638 1436 mentis
1668 1398 1743 1436 vel
1765 1399 1899 1437 immo

1032 1452 1257 1491 destinatae
1270 1454 1425 1497 mortis,
1451 1456 1490 1490 et
1515 1466 1601 1490 cum
1616 1453 1762 1493 Florid.
1780 1455 1900 1492 verba

1034 1513 1313 1559 aryumentum
1349 1509 1470 1548 lunae
1503 1508 1539 1546 in
1576 1509 1801 1560 parenthesi
1831 1524 1898 1561 po-

1035 1577 1149 1609 nenS‚
1176 1577 1408 1615 quamquam
1435 1578 1482 1602 ne
1501 1564 1576 1604 hac
1595 1563 1748 1615 quidem
1767 1565 1898 1604 distin-

1034 1622 1160 1659 ctione
1186 1635 1285 1672 opus
1311 1634 1404 1659 esse
1430 1626 1576 1659 censet.
1635 1622 1772 1660 Solum
1797 1624 1898 1661 enim

1033 1678 1075 1715 in
1086 1675 1498 1728 praepositionemdmi
1515 1679 1641 1717 κοινοῦ
1647 1679 1899 1730 repetendam

1034 1745 1127 1770 esse
1142 1733 1218 1771 hoc
1231 1733 1365 1772 modo:
1392 1734 1531 1774 Plana
1551 1735 1786 1774 rotunditas
1804 1737 1897 1774 emi-

1035 1790 1154 1828 cabat
1166 1803 1288 1841 super
1300 1793 1480 1842 frontem
1492 1792 1535 1829 in
1553 1791 1716 1830 modum
1727 1792 1896 1842 speculi,

1033 1845 1097 1884 vel
1130 1846 1247 1884 immo
1284 1846 1506 1886 candidum
1536 1846 1666 1885 lumen
1701 1847 1901 1887 emicabat

1033 1903 1068 1940 in
1094 1907 1374 1954 uryumentum
1398 1902 1527 1942 lunae.
1571 1902 1700 1954 [Haec
1723 1916 1816 1941 vero
1842 1918 1898 1942 ra-

1030 1958 1224 1996 tiocinatio
1249 1959 1401 1996 minime
1425 1958 1566 2010 placet.
1615 1958 1770 1998 Haereo
1797 1960 1897 1998 enim

1030 2015 1065 2052 in
1104 2014 1302 2064 particulis
1338 2014 1400 2053 vel
1431 2017 1567 2060 immo,
1604 2029 1705 2066 quae
1735 2016 1897 2068 probam

1028 2072 1261 2110 sententiam
1297 2071 1388 2109 mihi
1424 2071 1579 2110 efficere
1610 2086 1683 2110 non
1711 2073 1896 2112 videntur.

1028 2126 1157 2165 Recte
1189 2128 1288 2165 enim
1322 2126 1424 2166 Oud.
1451 2127 1542 2166 (licit
1567 2128 1630 2167 vel
1650 2130 1769 2168 immo
1793 2129 1898 2167 idem

1032 2197 1126 2222 esse
1140 2197 1186 2222 ac
1202 2183 1264 2222 cel
1275 2188 1394 2230 certe,
1419 2188 1486 2222 aut
1497 2185 1614 2222 inimo
1630 2198 1734 2231 vero,
1757 2186 1808 2224 ita
1822 2189 1861 2224 ut
1876 2200 1898 2224 a

1029 2240 1165 2278 minori
1201 2239 1251 2278 ad
1287 2241 1412 2279 maius
1448 2241 1591 2291 ubique
1632 2242 1898 2292 progrediatur

1031 2295 1242 2348 Apuleius,
1269 2295 1306 2334 id
1331 2296 1436 2348 quod
1461 2310 1599 2335 omnes
1625 2297 1698 2336 loci
1723 2299 1897 2349 probant.

1031 2353 1109 2391 vix
1132 2356 1261 2391 tamen
1293 2351 1347 2391 ita
1377 2353 1450 2392 dici
1481 2366 1604 2405 posse
1638 2358 1750 2404 puto:
1789 2354 1899 2392 Haec

1028 2409 1244 2448 rotunditas
1281 2410 1419 2448 emicat
1455 2410 1584 2448 lumen
1622 2411 1657 2448 in
1693 2411 1898 2462 speculum

1028 2466 1142 2503 immo
1170 2479 1261 2503 vero
1287 2467 1321 2503 in
1348 2471 1613 2516 argumentum
1639 2466 1770 2514 lunae;
1795 2467 1898 2517 quod

1029 2522 1118 2560 mihi
1144 2522 1299 2572 quidem
1313 2522 1595 2574 ineptissimum
1611 2523 1772 2562 videtur.
1795 2523 1896 2561 Hinc

1029 2578 1145 2629 igitur
1157 2592 1226 2629 pro
1250 2579 1312 2618 vel
1327 2581 1445 2617 immo
1465 2579 1647 2618 desidero
1667 2579 1896 2617 adiectivum

1033 2634 1095 2673 vel
1133 2635 1390 2686 participium,
1434 2635 1538 2685 quod
1580 2636 1629 2674 ad
1665 2636 1897 2676 rotunditas

1031 2691 1234 2743 pertineat,
1249 2691 1436 2741 cuiusque
1449 2692 1676 2742 significatio
1692 2696 1753 2730 est
1764 2693 1896 2731 sinua-

1031 2753 1110 2793 tus,
1138 2748 1386 2787 orbiculatas
1417 2748 1479 2786 vel
1503 2748 1631 2786 simile
1657 2748 1758 2798 quid.
1797 2747 1897 2785 Tum

1030 2808 1313 2857 aryumentum
1331 2804 1451 2843 lunae
1469 2805 1665 2856 appositio
1693 2808 1766 2843 est.
1803 2802 1896 2841 Pro-

1029 2861 1118 2911 pius
1142 2859 1293 2898 accedit
1305 2859 1505 2906 volutata,
1532 2861 1636 2910 quod
1654 2864 1780 2898 tamen
1800 2859 1896 2898 mul-

1031 2920 1111 2954 tum
1142 2916 1274 2961 abest,
1305 2919 1347 2953 ut
1372 2929 1438 2966 pro
1477 2929 1568 2954 vero
1608 2917 1897 2956 venditaverim.

1032 2971 1217 3010 Pricaeus
1243 2985 1328 3009 cum
1354 2972 1575 3010 stewechio
1601 2973 1636 3010 in
1664 2973 1750 3010 loco
1777 2972 1896 3011 offen-

1031 3027 1130 3066 dens
1166 3027 1345 3066 mendum
1382 3027 1502 3066 latere
1538 3029 1698 3079 putabat
1727 3029 1762 3066 in
1799 3042 1897 3069 voce

1032 3088 1323 3136 aryumentum,
1339 3097 1408 3134 pro
1423 3096 1500 3134 qua
1511 3084 1613 3135 prior
1625 3089 1895 3137 arcymentum,

1031 3141 1224 3193 posterior
1287 3145 1588 3194 circumuentum
1656 3141 1895 3188 coniiciebat.
