2221 3667
254 166 339 210 282
523 165 570 206 L.
601 164 821 206 APULEII
850 159 1249 204 MADAURENSIS
1279 158 1822 199 METAMORPHOSEON

164 283 229 319 299
254 293 412 320 aeream
427 279 639 322 convenire
660 279 843 320 tristitiae
864 277 998 325 animi,
1022 274 1028 330 l
1050 273 1252 327 languoris
1279 272 1454 326 corporis
1475 272 1679 325 damnique
1701 271 1821 312 ceteri
1841 271 2043 312 anxiatum

252 462 312 484 nec
324 454 431 483 minus
446 455 479 482 in
492 457 625 493 utroque
637 454 754 490 legitur
767 450 957 484 convenire,
979 455 1074 483 quum
1088 448 1166 475 Oud.
1181 446 1272 475 coire
1285 447 1329 475 ibi
1343 454 1416 475 esse
1431 450 1574 475 testetur.
1608 447 1770 480 Deceptus
1785 446 1869 473 enim
1883 450 1928 474 est
1943 446 2045 474 libra-

253 500 323 528 rius
342 500 530 534 compendio
557 496 634 533 :¹re
653 500 733 533 quod
753 498 784 525 in
798 499 834 524 G.
858 497 885 523 l.
898 495 1026 529 legitur,
1046 494 1066 521 i.
1081 501 1108 522 e.
1130 492 1316 520 convenire.

513 544 661 572 tristitia
677 544 697 572 f.
726 540 891 569 tristitiae
903 541 986 567 lunt.
1000 540 1031 566 2.
1059 538 1170 565 tristis
1192 540 1227 566 G.
1246 539 1322 566 l.1n
1337 542 1408 566 cett.
1423 538 1571 566 omuibus
1587 537 1738 564 tristitie.
1786 544 1856 564 cum
1873 544 1928 570 pro
1942 535 2048 563 animi

252 546 375 573 Iunt.1.
388 546 463 574 Ald.

1364 499 1519 519 veneram
1540 493 1576 520 G.
1592 494 1621 520 ⁸2.
1660 490 1826 518 veneriam
1841 492 1954 520 Venet.
1968 493 1998 520 2.
2015 493 2044 520 4.

253 590 352 619 solita
365 590 577 626 aberratione,
593 587 776 623 compendio
790 585 830 613 σῖ
839 589 907 613 orta
923 584 988 613 R.f.
1002 581 1029 612 ὃ.
1044 591 1146 617 neque
1160 591 1246 619 vero,
1262 587 1291 611 ut
1307 584 1385 612 Oud.
1400 588 1550 617 excerpta
1565 585 1715 617 praebent
1732 584 1767 610 G.
1785 583 1812 610 1.
1849 581 2045 618 languoris.

254 633 474 672 langoriF.3.
489 637 524 664 G.
538 637 564 663 1.
578 637 608 662 2.
623 636 659 663 D.
675 635 708 661 Ο.
724 633 758 660 Ρ.
774 628 801 658 δ.
816 634 845 659 θῑ
858 631 928 658 edd.
942 633 1019 657 vett.
1035 632 1160 663 praeter
1173 630 1220 657 ed.
1236 637 1281 663 pr.
1296 633 1325 656 et
1338 630 1460 657 1unt.2.
1489 628 1593 657 Ceteri
1608 629 1696 657 codd.
1712 632 1739 656 et
1755 629 1823 656 edd.
1839 629 1955 656 habent
1971 625 2046 654 Ian-

250 688 342 718 gore.
389 679 566 717 damnique
579 678 700 706 ceteris
720 677 754 704 F.
769 677 799 704 3.
819 677 854 703 G.
873 676 900 702 1.
915 676 945 703 2.
966 676 1000 703 B.
1015 676 1052 703 D.
1068 682 1086 703 a
1101 682 1140 703 m.
1156 683 1185 709 p.
1200 675 1248 702 ed.
1264 682 1308 708 pr.
1322 675 1436 703 venet.
1450 676 1481 702 2.
1505 676 1541 702 In
1560 678 1632 703 cett.
1652 672 1792 702 dammis.

1841 672 1962 700 ceteris
1982 681 2045 699 an·-

253 725 389 753 .z·1‘atum
402 727 438 754 F.
452 727 482 754 3.
498 727 532 753 B.
547 727 627 753 lunt.
641 725 704 751 1.2.
719 722 793 750 Aul.
830 718 884 747 vel
895 720 1077 747 uariatum
1093 722 1128 748 G.
1145 721 1172 748 1.
1188 721 1219 748 2.
1233 720 1268 748 P.
1283 720 1317 748 0.
1331 720 1368 748 R.
1384 716 1412 747 d:
1434 720 1545 748 Vener.
1561 722 1590 748 4.
1612 720 1716 747 Paris.
1753 717 1807 746 vel
1817 718 1989 746 ausimum
2006 719 2044 747 D.

252 774 415 799 vexatum
429 772 464 800 P.
502 769 554 797 vel
564 771 677 796 atala
691 775 719 801 p.
758 764 810 792 cel
821 768 967 793 axutam
982 766 1029 794 ed.
1045 773 1091 800 pr.
1105 764 1302 794 caecerisce.
1330 762 1506 792 Lasalum
1521 765 1634 794 Venet.
1649 766 1678 793 ⁵2.
1704 762 1911 792 delassatum
1926 765 1960 792 F.
1973 765 1999 792 1.

254 926 376 965 Thes.
389 925 518 974 Antiq.
534 922 620 962 XII.
646 937 682 974 p.
701 926 789 962 138.
818 921 924 960 Cael.
950 920 1118 971 Rhodig.

252 984 384 1033 Antiq.
401 981 524 1018 Lectt.
540 978 600 1017 ΙΙΙ.
617 993 648 1018 e.
667 982 728 1019 10.
755 978 930 1017 Hannek.
957 979 1006 1017 de
1022 977 1121 1016 Cura

254 1040 354 1078 dom.
386 1037 498 1075 Rom.
531 1036 625 1074 diss.
657 1035 701 1075 ll.
734 1050 765 1074 c.
803 1040 835 1074 1.
874 1036 910 1073 in
943 1035 1118 1085 Salleng.

252 1095 354 1133 Nor.
381 1092 502 1131 Thes.
527 1092 686 1143 Antiqq.
701 1092 815 1130 Rom.
837 1091 882 1130 T.
898 1092 924 1130 l.
945 1106 981 1144 p.
1002 1096 1120 1133 1265.

251 1150 360 1189 Male
385 1150 496 1201 igitur
522 1150 704 1187 emendat
729 1148 923 1187 Stewech.
960 1149 1118 1188 eduliis.

308 1207 539 1246 convenire.
580 1205 797 1258 [Proprium
824 1209 886 1243 est
910 1206 985 1244 hoc
1010 1219 1121 1243 voca-

250 1263 382 1302 bulum
408 1263 573 1301 Veneris
599 1262 934 1301 colluctationibus
972 1262 1018 1300 cf.
1036 1262 1121 1300 Ste-

250 1319 373 1359 wech.
402 1320 452 1358 ad
477 1320 622 1358 Arnob.
647 1319 697 1358 V.
722 1332 759 1369 p.
789 1322 879 1359 116.
906 1319 966 1357 ed.
993 1318 1119 1369 Lugd.

250 1376 351 1416 Plin.
387 1376 455 1415 Xl.
495 1381 558 1416 24.
592 1379 655 1416 29.
694 1378 842 1414 aranei
875 1377 1123 1415 conveniant

251 1434 445 1473 clunibus.
478 1433 608 1471 Burni.
640 1432 690 1470 ad
715 1430 829 1470 Ovid.
856 1432 950 1470 Met.
978 1431 1004 1470 l.
1031 1431 1118 1483 41.]

307 1491 501 1529 tristitiae
514 1490 654 1533 animi,
682 1489 899 1540 lanquoris
914 1489 1119 1540 eorporis,

252 1547 472 1598 damnique
498 1547 624 1585 ceteri
655 1546 869 1585 maiatum
896 1547 960 1584 iri.
1009 1544 1121 1582 Hunc

251 1602 379 1642 locum
405 1616 429 1640 a
453 1602 558 1640 nullo
585 1603 792 1652 interprete
817 1602 945 1640 adhuc
971 1601 1119 1639 intelle-

251 1664 352 1699 ctum
378 1672 400 1696 a
425 1672 488 1697 me
512 1659 565 1697 ita
596 1662 773 1696 sanatum
806 1672 898 1696 esse
925 1658 1119 1696 existimo.

251 1715 496 1754 Vocabulum
521 1716 735 1754 maiatum
765 1728 880 1765 quum
914 1715 1052 1752 librarii
1084 1718 1121 1752 et

252 1773 422 1811 editores
454 1786 527 1810 non
561 1775 761 1822 caperent,
792 1772 828 1809 in
861 1771 1017 1809 diversa
1040 1784 1119 1809 mu—

251 1830 400 1873 tabant,
425 1833 467 1867 ut
490 1828 701 1879 Lipsiusin
730 1828 991 1873 delassatum,
1017 1827 1119 1879 quod

249 1889 391 1938 postea
415 1899 438 1923 a
462 1884 628 1923 Vulcan.
659 1888 859 1934 receptum
883 1884 1120 1935 negligentia

249 1942 513 1992 Lindenbrog.
546 1942 630 1979 sine
662 1941 778 1979 dubio
803 1955 878 1979 non
905 1945 1117 1980 correctum

251 2002 314 2037 est
338 1999 373 2036 in
399 1998 487 2036 coll.
514 1996 560 2036 F.
578 2003 630 2045 1.;
657 1997 837 2036 Beroald.
863 1998 898 2036 in
926 2002 1119 2037 vexatum

252 2055 357 2094 Colv.
384 2055 420 2093 in
448 2055 688 2094 divexatmn
713 2067 762 2092 ex
787 2053 915 2093 Plaut.
941 2053 1053 2092 Pers.
1071 2054 1118 2092 V.

249 2117 287 2153 4.
303 2117 338 2153 2.
365 2111 469 2151 Oud.
494 2112 561 2150 vel
584 2116 746 2150 auctum
771 2112 844 2155 iri,
870 2115 910 2149 ut
933 2123 1121 2150 moerore

249 2173 288 2207 et
314 2169 464 2207 damno
489 2168 637 2219 auqeri
669 2167 773 2218 apud
799 2166 926 2206 Plaut.
949 2167 1068 2206 Stich.
1091 2166 1117 2205 I.

250 2230 314 2266 54.
349 2224 504 2263 Terent.
537 2223 745 2262 Heautont.
772 2223 838 2261 IV.
873 2231 906 2264 1.
936 2228 997 2265 13.
1039 2223 1119 2275 [lta

251 2296 273 2320 e
286 2281 366 2321 Ms.
380 2280 556 2320 Lactant.
572 2279 743 2319 Placiad.
758 2279 909 2319 Narrat.
926 2281 1001 2319 fab.
1016 2279 1120 2318 XIII.

251 2343 287 2381 2.
319 2352 355 2390 p.
390 2341 481 2378 872.
515 2338 720 2387 legendum
752 2341 814 2374 est
845 2338 1017 2377 consilia
1047 2351 1121 2376 sua

252 2396 397 2449 quibus
422 2407 663 2434 communem
689 2394 982 2445 rempublicam
1003 2395 1119 2434 invis-

249 2457 322 2497 set,
362 2452 481 2490 (lucis
513 2463 676 2503 quoque
711 2450 1001 2489 adauoeisset
1038 2450 1120 2488 Ru-

249 2512 345 2561 pert.
377 2507 426 2545 ad
459 2506 551 2545 Tac.
577 2507 677 2545 Aun.
704 2506 730 2545 l.
758 2510 793 2546 3.
825 2509 860 2546 9.
938 2506 1119 2545 Omnium

251 2567 394 2616 optime
419 2563 601 2602 emendat
615 2563 809 2602 Stewech.
837 2563 1120 2603 lanciniatmn:

251 2623 300 2661 de
327 2635 401 2673 quo
427 2634 509 2659 voc.
536 2621 662 2659 dicam
687 2619 734 2659 ad
748 2619 960 2658 Met.V111.
976 2633 1011 2670 p.
1028 2623 1122 2660 519.

252 2678 334 2717 Sed
359 2677 555 2717 offendere
571 2691 644 2715 non
665 2676 833 2715 debebat
846 2675 946 2714 Oud.
967 2676 1003 2713 in
1025 2690 1121 2714 voce

250 2736 445 2781 anxiare,
472 2747 572 2785 quae
586 2735 634 2772 ab
648 2733 819 2786 Apuleio
839 2733 1001 2785 primum
1015 2747 1121 2771 usur·

251 2795 342 2842 pata
367 2791 416 2830 ad
430 2791 686 2843 posteri0rem
700 2790 842 2829 deinde
855 2793 1023 2828 aetatem
1038 2803 1121 2840 pro-

250 2847 410 2886 fluxisse
436 2847 601 2894 videtur,
632 2852 674 2886 ut
697 2850 832 2898 aperte
857 2844 996 2898 legitur
1020 2847 1122 2897 apud

251 2903 410 2943 Petrum
439 2903 678 2943 Blesensem
708 2917 788 2942 sec.
823 2907 884 2944 12.
928 2903 963 2941 in
994 2901 1120 2953 Epist.

251 2959 358 2999 XIV.
368 2962 574 3000 anxiabar
588 2961 646 3000 acl
657 2965 835 3000 mortem.
855 2959 1007 2999 Ana-io
1020 2959 1121 2997 enim

252 3030 302 3054 ex
337 3017 519 3068 analogia
553 3018 757 3056 verborum
795 3017 896 3056 laxo
932 3030 956 3055 a
986 3016 1119 3061 laxus,

253 3073 419 3112 humilio
450 3074 499 3112 ab
531 3074 709 3119 humilis,
742 3074 847 3112 levio
879 3087 901 3112 a
927 3073 1026 3111 levis
1073 3072 1119 3110 cf.

251 3129 302 3168 ad
327 3129 422 3167 Met.
449 3129 516 3168 lv.
541 3145 577 3182 p.
594 3134 686 3171 235.
712 3131 872 3174 dictum,
901 3128 1054 3181 proprie
1068 3130 1119 3166 si-

1178 920 1332 971 gnificat
1367 921 1538 960 anxium
1574 921 1752 972 aliquem
1793 920 1968 959 reddere
2009 924 2047 958 et

1177 978 1415 1023 sollicitum.
1442 991 1557 1027 quum
1572 978 1721 1016 (ma-ius
1736 976 1835 1014 idem
1850 977 1917 1021 sit,
1944 976 2048 1027 quod

1177 1034 1379 1074 sollicitus
1427 1033 1475 1072 ct'.
1514 1032 1661 1085 Papiae
1699 1033 1832 1072 Gloss.
1878 1035 2047 1072 anxius.-

1180 1092 1305 1130 tristis
1340 1091 1552 1135 sollicitus,
1602 1090 1820 1128 Geuitivum
1859 1103 1907 1128 ex
1945 1089 2046 1129 MSS.

1179 1148 1409 1199 optimorum
1447 1147 1641 1197 vestigiis,
1685 1147 1747 1196 qui
1792 1147 1875 1184 fere
1912 1160 2047 1185 omnes

1182 1205 1350 1256 lanqori
1377 1205 1596 1256 tlanmique
1633 1205 1775 1243 ceteris
1810 1203 1972 1249 habent,
2010 1207 2049 1242 et

1180 1260 1274 1299 lunt.
1297 1265 1355 1305 2.,
1382 1274 1481 1311 quae
1507 1261 1695 1299 tristitiae
1720 1265 1854 1311 aperte
1874 1261 2046 1313 praebet,

1181 1317 1392 1355 emendavi.
1443 1316 1495 1355 Ut
1526 1317 1626 1354 enim
1652 1317 1751 1355 Oud.
1779 1316 1874 1355 Met.
1900 1316 1928 1355 l.
1955 1321 2046 1358 623.

1180 1376 1349 1414 anxium
1382 1375 1491 1426 furti
1522 1387 1608 1411 eum
1642 1375 1809 1411 nominat
1840 1375 1902 1425 qui
1940 1374 2046 1413 sollt-

1180 1432 1284 1470 eitas
1309 1435 1388 1475 est,
1416 1444 1462 1468 ne
1489 1429 1627 1468 furtum
1653 1431 1734 1473 liat,
1762 1444 1808 1468 ne
1835 1430 1920 1468 furti
1936 1430 2046 1468 detri-

1179 1491 1348 1525 mentum
1364 1487 1549 1531 saciat‚ita
1565 1488 1732 1526 anmiari
1746 1488 1946 1532 tristitiae,
1962 1487 2046 1525 lan-

1177 1545 1323 1595 9110sz
1355 1548 1393 1582 et
1417 1544 1657 1581 danmormn
1694 1544 1876 1581 nominari
1915 1547 2048 1594 potest

1178 1601 1230 1645 is,
1257 1601 1319 1650 qui
1334 1605 1446 1639 cavet
1460 1604 1499 1637 et
1511 1599 1701 1637 sollicitus
1717 1604 1795 1646 est,
1823 1614 1870 1638 ne
1890 1613 1936 1638 ea
1957 1601 2047 1638 obo-

1177 1657 1328 1694 riantur.
1356 1657 1422 1693 Sic
1436 1657 1562 1693 omnia
1576 1656 1676 1693 bene
1691 1657 1912 1707 procedunt.
1939 1656 2047 1696 Lan-

1178 1714 1304 1764 ,quari
1321 1726 1387 1763 pro
1404 1713 1620 1764 lanquoris
1632 1717 1789 1764 propter
1814 1717 2046 1766 sequentem

1180 1770 1343 1807 litteram
1375 1783 1397 1808 c
1427 1768 1541 1807 facile
1572 1773 1725 1820 poterat
1755 1771 1960 1822 corrumpi,
1998 1770 2048 1808 de

1179 1831 1335 1865 ceteras
1371 1826 1445 1863 iam
1483 1825 1624 1864 dictum
1663 1829 1724 1863 est
1759 1827 1809 1865 ad
1851 1826 1948 1866 Met.
1978 1826 2045 1865 IV.

1178 1896 1213 1933 p.
1252 1886 1344 1922 261.
1403 1881 1461 1921 lta
1503 1882 1663 1933 intelligi
1706 1887 1861 1934 potest,
1910 1897 2046 1922 omnes

1178 1943 1265 1978 cett.
1308 1940 1487 1977 librorum
1522 1941 1733 1990 scripturas
1770 1940 1850 1978 fere
1887 1941 1938 1978 nil
1975 1941 2046 1978 nisi

1180 1995 1340 2046 glossas
1384 2009 1479 2033 esse
1521 1996 1699 2034 vocabuli
1743 1998 1924 2036 auximi.
1984 1996 2048 2036 De

1178 2052 1459 2103 significatione
1496 2054 1603 2090 vocis
1641 2053 1756 2092 etiam
1783 2053 1946 2091 conferri
1978 2067 2046 2105 po-

1179 2114 1258 2147 test
1282 2109 1392 2148 locus
1419 2109 1548 2148 Front.
1576 2109 1701 2160 Epist.
1733 2110 1782 2149 ad
1807 2110 1861 2148 M.
1890 2109 2046 2148 Caesar.

1178 2165 1240 2204 ΙΙΙ.
1272 2170 1331 2206 15.
1358 2180 1394 2217 p.
1423 2169 1486 2207 79.
1519 2166 1578 2204 ed.
1605 2166 1737 2213 Rom,
1769 2168 1832 2218 qui
1862 2167 1961 2205 satis
1987 2170 2048 2206 est

1176 2223 1392 2261 mutilatus:
1507 2223 1747 2263 molliantur
1772 2229 1895 2276 atque
1913 2225 1971 2263 ita
1991 2226 2047 2276 ef-

1177 2281 1348 2333 fieaeius
1371 2281 1455 2318 sine
1474 2280 1559 2319 ulla
1579 2280 1637 2318 ad
1655 2282 1810 2318 animos
1829 2282 2049 2334 offensione

1180 2337 1431 2376 audientium
1440 2341 1669 2388 penetrent.
1720 2337 1836 2376 Haec
1849 2342 1940 2376 sunt
1950 2351 2047 2389 pro-

1176 2396 1304 2446 fecto,
1333 2407 1438 2445 quae
1463 2398 1506 2432 tu
1526 2397 1652 2444 putas
1679 2393 1847 2445 obliqua
1867 2399 1905 2432 et
1926 2395 2048 2433 insin-

1180 2463 1273 2488 cera
1294 2454 1332 2488 et
1351 2451 1479 2488 arta-ia
1494 2454 1531 2487 et
1546 2463 1660 2487 verae
1673 2450 1878 2488 amicitiae
1891 2451 2048 2488 rniuime

1179 2506 1501 2545 accommodata.
1528 2505 1601 2544 Hie
1615 2506 1775 2557 primum
1790 2507 1933 2552 anxia,
1944 2506 2047 2557 quod

1181 2562 1352 2601 nonnulli
1377 2563 1566 2607 reiiciunt,
1593 2562 1832 2600 retinendum
1859 2566 1930 2600 est.
1974 2561 2048 2601 Est

1181 2621 1280 2658 enim
1308 2621 1442 2658 oratio
1468 2620 1614 2664 anxia,
1641 2619 1805 2657 molesta
1832 2622 1870 2657 et
1895 2620 2047 2671 diffici-

1180 2676 1229 2715 lis
1258 2679 1299 2715 ut
1325 2676 1425 2714 Gell.
1452 2675 1541 2714 XV.
1569 2679 1603 2715 7.
1631 2674 1660 2725 ξ.
1687 2679 1723 2716 3.
1750 2675 1855 2714 dicit:
1883 2676 2047 2715 ducere-

1179 2747 1349 2786 murque
1375 2733 1582 2785 eleyantia
1608 2733 1807 2771 orationis
1827 2745 1958 2784 neque
1971 2746 2047 2770 mo-

1179 2804 1275 2829 rosa
1305 2803 1434 2842 neque
1463 2789 1618 2828 anxia
1647 2789 1718 2827 sed
1750 2789 1875 2841 facili
1912 2789 2048 2828 hercle

1180 2851 1217 2885 et
1240 2847 1427 2897 simplici.
1466 2845 1620 2884 Deinde
1639 2858 1707 2896 pro
1733 2846 1936 2884 amicitiae
1961 2858 2047 2883 cum

1179 2903 1229 2941 de
1249 2904 1440 2941 sermonis
1462 2902 1548 2941 fuco
1567 2902 1603 2940 in
1623 2914 1734 2953 seqq.
1755 2905 1906 2952 agatur,
1932 2916 2048 2941 verae

1178 2960 1445 2999 munclt'eitiae
1468 2959 1675 3010 legendum
1701 2961 1774 2997 est.
1800 2957 1846 2996 cf.
1874 2958 1975 2997 Gell.
1996 2957 2046 2998 X.

1180 3020 1216 3055 3.
1243 3017 1272 3068 §.
1301 3021 1336 3056 4.
1390 3016 1576 3056 Brevitas
1611 3029 1705 3054 sane
1741 3018 1780 3052 et
1806 3021 1988 3055 venustas
2012 3020 2051 3054 et

1180 3074 1441 3112 munditI‘es
1468 3072 1671 3111 orationis
1696 3075 1753 3109 est
1784 3071 1831 3108 ct.
1859 3071 2047 3110 Schmidt.

1179 3129 1227 3166 ad
1253 3128 1386 3168 Horat.
1414 3128 1537 3179 Epist.
1564 3127 1607 3166 Π.
1637 3132 1670 3167 1.
1702 3127 1814 3179 158.]
