2155 3590
663 176 852 217 LIBER
880 176 952 216 IX.
1013 175 1138 215 CAP.
1169 175 1289 216 XIV.
1759 171 1840 215 783

600 380 1037 430 CAPUT
1138 378 1302 427 XIV.

175 502 361 544 Fabulam
399 503 562 556 denique
598 503 742 542 bonam
776 501 1012 556 praeceteris
1047 514 1168 541 suave
1205 505 1394 553 comptam
1422 497 1428 553 Ι
1454 498 1499 537 ad
1537 511 1652 538 aures
1688 503 1842 538 vestras

65 561 206 601 afferre
231 560 408 610 decrevi,
436 566 475 599 et
499 573 545 599 en
573 559 730 613 occipio.
778 557 912 599 Pistor
935 559 1021 607 ille,
1054 557 1119 611 qui
1143 569 1203 597 me
1229 555 1352 610 pretio
1377 567 1488 594 suum
1516 555 1683 604 fecerat,
1717 554 1843 594 honus

64 617 235 671 alioquin
265 617 327 657 vir
357 623 395 656 et
424 616 594 669 apprime
629 616 845 665 modestus,
890 614 1096 667 pessimam
1134 619 1174 653 et
1209 619 1297 652 ante
1327 617 1485 651 cunctas
1515 610 1698 650 mulieres
1728 610 1844 661 longe

65 673 312 714 deterrimam
344 672 504 712 sortitus
537 671 764 723 coniugam,
803 684 948 724 poenas
979 677 1178 710 extremas
1209 670 1284 708 tori
1319 667 1489 720 larisque
1525 666 1763 716 sustinebat3
1802 672 1846 705 ut

65 729 243 770 hercules
268 729 351 770 eius
373 728 494 769 vicem
515 742 586 779 ego
607 741 757 781 quoque
783 727 924 767 tacitus
951 727 1176 779 frequenter
1194 723 1505 776 ingemiscerem.
1554 721 1641 762 Nec
1661 722 1762 762 enim
1782 721 1847 762 vel

64 800 182 826 unum
209 785 342 826 vitium
368 784 628 837 nequissimae
657 784 713 824 illi
745 783 912 823 feminae
937 783 1090 832 deerat3
1123 781 1191 821 sed
1221 779 1351 820 omnia
1374 792 1559 834 prorsus,
1592 784 1635 818 ut
1658 778 1697 818 in
1723 791 1846 831 quan-

65 843 152 882 dam
177 855 382 882 coenosam
410 841 610 887 latrinam,
635 840 674 880 in
700 839 783 880 eius
809 838 979 879 animum
1004 837 1150 890 flagitia
1176 837 1471 877 confluxerant:
1506 848 1646 884 saeva,
1685 848 1844 883 scaeva,

155 977 257 998 suave
276 971 477 1006 compertam
498 971 534 998 Ι..
573 975 707 996 suavem
728 970 932 1004 compertam
951 968 987 995 B.
1009 974 1038 1000 p.
1059 967 1128 994 cod.
1148 965 1297 994 Rei-nam.
1345 964 1478 1004 offerre
1492 965 1528 992 G.
1546 963 1574 994 l.
1621 965 1656 991 et
1668 971 1707 990 en
1720 961 1845 999 occipio

66 1023 160 1043 suum
165 1014 308 1054 fecerat
319 1016 357 1043 D.
370 1014 517 1042 omissis:
536 1012 650 1050 pistor
663 1012 734 1049 ille,
760 1012 878 1050 quince
888 1011 998 1048 pretio
1012 1012 1192 1039 vocabulis.
1229 1009 1286 1037 ille
1298 1018 1362 1038 non
1376 1012 1537 1044 comparet
1550 1009 1696 1037 inG.2.P.
1735 1008 1845 1044 pretio

65 1069 115 1087 me
123 1060 144 1089 f.
191 1062 224 1087 el
238 1058 386 1096 alioquin
394 1060 507 1088 Venet.
520 1060 546 1086 4.
557 1059 632 1087 Bas.
644 1060 670 1087 1.
719 1057 868 1095 alioquin
882 1059 992 1085 exulat
1006 1057 1069 1085 aB.
1093 1057 1130 1084 ln
1143 1057 1223 1084 Edu.
1236 1057 1312 1084 Bas.
1326 1055 1415 1084 Colv.
1429 1055 1522 1083 Vulc.
1536 1054 1748 1083 MercAVow.
1762 1054 1846 1082 Prie.

66 1104 313 1142 alioqm'contra
320 1107 401 1132 Mss.
412 1103 810 1138 plerorumquelectionem
818 1101 980 1138 alioquin,
989 1108 1083 1135 quam
1098 1101 1225 1134 quidem
1238 1108 1360 1137 omnes,
1373 1107 1453 1134 quos
1461 1099 1560 1135 egoin
1573 1099 1724 1127 manibus
1738 1099 1847 1134 habui,

66 1151 154 1179 codd.
169 1153 331 1184 praebent.
368 1148 541 1185 coniugam
555 1149 589 1176 F.
605 1150 615 1176 1
629 1148 897 1176 .G.2.D.P.0.n.
908 1146 928 1175 f.
942 1154 970 1181 p.
984 1147 1020 1174 L.
1031 1143 1059 1174 δ’.
1074 1146 1140 1174 cod.
1155 1145 1414 1174 Urs.B.v1uc.2.
1428 1144 1532 1172 Scriv.
1558 1143 1849 1179 [111Elm.editione

66 1196 184 1231 legitur
197 1188 381 1231 coniugem,
407 1195 461 1222 sed
477 1194 539 1228 legi
554 1201 625 1221 eum
645 1193 790 1220 voluisse
807 1191 999 1229 coniugam,
1024 1193 1135 1225 probat
1154 1190 1333 1218 adnotatio:
1358 1188 1565 1226 conz’ugam];
1589 1189 1648 1217 alii
1667 1188 1848 1225 coniugem.

67 1243 102 1269 ln
117 1240 231 1268 erratis
244 1244 350 1268 tamen
363 1246 425 1267 non
441 1239 579 1272 positum
593 1241 655 1271 est,
682 1245 739 1265 nec
753 1237 907 1266 librarius
921 1237 988 1264 cod.
1004 1237 1039 1264 F.
1053 1237 1084 1265 3.
1098 1235 1290 1264 emendavit.
1315 1234 1386 1263 Nisi
1400 1235 1455 1263 ille
1468 1234 1538 1268 ipse
1553 1237 1659 1262 notam
1673 1235 1755 1263 Elin.
1769 1241 1848 1262 con-

67 1285 189 1319 tulerit,
215 1285 297 1313 satis
310 1284 495 1311 excusando
509 1290 613 1310 errore
631 1283 778 1310 :nendum
797 1282 895 1316 illud,
921 1281 1003 1314 quod
1022 1283 1114 1315 puto,
1139 1279 1278 1313 reliquit.
1305 1278 1486 1319 Gont'ugam
1505 1279 1590 1307 enim
1608 1278 1661 1307 hic
1678 1279 1849 1314 legendum

66 1339 141 1358 esse
158 1329 256 1358 ceteri
275 1329 363 1356 codd.
385 1331 493 1361 aperte
511 1327 690 1355 vindicant.
717 1325 774 1361 [cf.
789 1327 829 1354 ad
848 1328 925 1354 Met.
938 1327 991 1354 vl.
1006 1333 1035 1360 p.
1050 1326 1126 1353 388.
1163 1323 1281 1361 Magni
1305 1323 1395 1351 [oon's
1417 1331 1582 1360 germana
1605 1326 1640 1350 et
1663 1324 1848 1360 confuga.

65 1376 149 1404 v111.
163 1382 192 1409 p.
206 1375 281 1402 564.
304 1370 480 1408 famulitio
495 1379 689 1399 conservam
715 1370 948 1407 coniugam,
972 1373 1006 1397 ut
1025 1370 1147 1403 aliquot
1166 1370 1254 1398 codd.
1275 1368 1456 1404 praebent]
1482 1371 1517 1397 In
1538 1372 1610 1398 cett.
1631 1370 1720 1398 codd.
1735 1373 1763 1397 et
1778 1370 1848 1397 edd.

64 1423 153 1448 extat
165 1418 344 1454 coniugem.
391 1416 535 1444 sortitus
549 1419 601 1443 esc
614 1416 788 1452 coniugam
807 1417 844 1444 G.
868 1417 895 1444 l.
945 1412 1052 1442 thoris
1071 1415 1106 1442 G.
1123 1415 1152 1441 2.
1166 1415 1204 1442 D.
1253 1413 1462 1441 substineant
1478 1415 1514 1443 G.
1531 1415 1558 1441 I.
1572 1415 1610 1442 D.
1657 1413 1848 1450 t'ngenu‘sse-

67 1472 134 1491 rem
149 1465 184 1492 G.
200 1465 228 1492 1.
252 1462 503 1499 ingemescerem
519 1463 554 1489 G.
570 1462 599 1489 2.
638 1460 847 1499 frequenter
859 1459 973 1497 iugem.
989 1459 1118 1487 inverso
1137 1459 1248 1487 ordine
1267 1460 1303 1487 G.
1323 1460 1351 1486 2.
1376 1460 1408 1487 Ρ.
1428 1459 1466 1486 D.
1514 1459 1720 1494 Negligenter
1738 1462 1850 1487 contra

67 1511 148 1538 Mss.
161 1512 191 1537 et
203 1509 282 1537 Edd.
296 1514 406 1535 omnes
421 1507 471 1534 edi
484 1506 609 1534 curavit
622 1506 772 1534 floridus
786 1504 906 1541 ullum,
932 1505 1055 1532 omissa
1068 1502 1123 1531 vel
1134 1503 1302 1537 particula.
1350 1499 1484 1530 de'raat
1500 1504 1537 1532 D.
1586 1505 1621 1529 et
1630 1502 1666 1530 in
1680 1501 1848 1540 quandam

67 1556 101 1583 Ο.
116 1560 135 1582 a
148 1561 187 1582 m.
202 1562 230 1588 p.
266 1551 413 1580 animam
427 1549 456 1580 δ’.
481 1550 615 1578 “niueae
626 1552 708 1579 lunt.
722 1552 747 1580 1.
760 1550 873 1578 Aldin.
898 1548 940 1576 In
952 1549 1023 1576 eius
1036 1548 1170 1576 animae
1183 1544 1455 1585 scaevaflagieia
1469 1545 1719 1585 confluxerant,
1733 1554 1850 1585 saeva,

67 1599 196 1627 viriosa
208 1600 291 1627 lunt.
305 1599 335 1626 2.

383 1593 621 1633 confluxerant
631 1592 777 1633 flagitia
797 1596 866 1624 edd.
879 1598 955 1623 vett.
969 1598 1044 1622 ante
1057 1595 1144 1623 Colv.

1192 1600 1272 1621 seva
1285 1600 1384 1621 sceva
1396 1591 1431 1620 F.
1448 1595 1478 1621 3.
1493 1595 1527 1622 0.
1541 1601 1572 1629 p.
1587 1593 1608 1623 f.
1638 1601 1737 1621 sceva
1751 1596 1852 1622 coena

69 1646 105 1673 G.
119 1646 149 1673 2.
162 1644 198 1672 P.
213 1645 251 1672 D.
287 1650 366 1670 seca
380 1649 480 1670 scena
493 1644 528 1670 G.
548 1643 572 1669 1.
597 1643 632 1670 In
652 1645 725 1670 cett.
744 1648 868 1668 scaeva
886 1647 1000 1668 saeva.
1024 1641 1060 1668 In
1073 1641 1187 1668 Venet.
1202 1640 1232 1668 2.
1256 1645 1356 1667 sceva
1375 1645 1483 1666 scena.

71 1754 182 1793 didit
205 1752 359 1804 legitur,
385 1765 470 1789 cum
495 1751 597 1790 Oud.
625 1750 815 1802 ablegavi,
842 1750 931 1788 licet

70 1823 139 1861 per
169 1822 214 1848 Se
245 1821 318 1847 non
341 1808 445 1846 mala
473 1808 524 1845 sit
549 1812 587 1845 et
611 1806 819 1846 auctoritas
843 1807 929 1845 cod.

71 1865 242 1905 Florent.
271 1869 306 1906 3.
340 1878 425 1903 eam
461 1864 633 1902 stabilire
663 1863 857 1908 videatur,
893 1863 929 1900 in

71 1935 146 1973 quo
166 1920 259 1961 nihil
277 1935 300 1960 a
318 1920 469 1959 librario
490 1919 786 1970 diligentissimo
801 1932 930 1956 emen-

72 1979 203 2016 datum
233 1981 314 2023 est,
343 1981 384 2015 ut
413 1976 478 2014 ille
503 1989 587 2014 cum
614 1975 673 2013 ed.
700 1975 798 2013 Elm.
825 1979 931 2014 certe

71 2035 109 2072 in
133 2047 205 2073 suo
223 2033 358 2072 codice
379 2033 525 2082 legisse
546 2032 661 2070 videri
681 2031 819 2083 possit.
851 2029 934 2068 Sed

75 2103 191 2141 quum
214 2090 331 2129 ceteri
356 2088 485 2140 optimi
517 2088 658 2139 quique
684 2087 795 2125 codd.
820 2086 934 2138 parti·

75 2146 200 2184 culam
257 2146 525 2190 exterminent,
586 2148 786 2194 praeterea
836 2143 936 2181 haec

75 2202 234 2241 omissio
256 2200 466 2252 elegantior
484 2202 552 2247 sit,
578 2214 691 2250 qnam
712 2213 812 2250 quae
826 2198 935 2237 libra-

74 2259 212 2297 riorum
233 2259 383 2308 ingenio
402 2257 511 2294 tribui
533 2260 664 2307 queat,
689 2269 789 2306 qnos
808 2269 830 2293 e
848 2269 934 2294 con-

76 2315 190 2354 trario
217 2318 368 2353 constat
392 2313 551 2363 saepius
570 2312 606 2350 in
620 2312 685 2350 tali
699 2325 820 2350 rerum
836 2324 936 2350 nexu

77 2369 286 2423 particulas
312 2374 435 2415 certe,
460 2374 589 2408 tamen
604 2372 693 2419 post
707 2370 806 2414 etsi,
832 2369 936 2412 licet,

80 2440 322 2480 quamquam
348 2425 396 2463 al.
416 2425 632 2469 addidisse,
657 2438 680 2462 a
698 2424 772 2462 lide
791 2424 937 2462 codicis

79 2483 210 2534 optimi
247 2483 485 2534 gravissimis
523 2481 660 2520 (luctus
702 2479 938 2531 argumentis

79 2539 238 2577 recessi.
275 2539 338 2577 De
361 2538 434 2576 hac
459 2537 652 2588 elegantia
675 2537 864 2574 sermonis
888 2535 937 2574 cf.

80 2596 130 2635 ad
154 2595 252 2634 Met.
276 2594 339 2634 III.
369 2608 407 2645 p.
433 2597 524 2634 222.
562 2594 652 2646 Eyo
683 2606 775 2631 vero
806 2606 938 2645 quam-

82 2665 200 2705 quam
222 2653 430 2703 perfectus
454 2651 598 2695 astum,
624 2663 774 2688 sensum
798 2650 939 2688 retlne-

82 2709 180 2747 bam.
205 2707 269 2746 De
295 2712 400 2747 cert-e
425 2706 609 2757 particula
627 2711 718 2757 post
737 2707 821 2750 etsi,
847 2705 941 2744 licet

81 2764 249 2815 positum
275 2762 323 2802 cs.
343 2762 468 2801 Hand.
489 2761 655 2800 Turscll.
671 2761 715 2799 Τ.
732 2760 775 2799 ΙΙ.
795 2775 830 2812 p.
847 2764 939 2801 602.

83 2819 146 2858 De
159 2821 232 2859 etsi
251 2820 337 2858 etsi
355 2833 436 2858 mm
454 2819 668 2856 nominibus
687 2817 940 2856 substantivis

83 2879 124 2914 et
135 2875 334 2914 adieetivis
348 2879 388 2914 et
400 2875 608 2926 participiis
626 2874 832 2919 adiunctis,
856 2874 941 2911 sive

85 2935 267 2982 sequatur
290 2937 437 2978 tamen,
468 2931 529 2969 vel
556 2936 615 2976 at,
640 2930 702 2967 vel
730 2934 835 2970 certe
857 2930 942 2967 sive

86 3001 160 3041 noa
185 2991 368 3038 sequatur
402 2987 452 3026 cf.
477 2987 589 3026 eund.
616 2986 660 3025 T.
687 2985 731 3024 ll.
763 3000 800 3038 p.
827 2985 942 3038 604]

144 3042 230 3082 CAr.
245 3042 352 3083 XIV.
398 3058 516 3084 suave
530 3047 739 3096 comptam.
787 3041 848 3081 Ex
866 3055 945 3080 cor-

89 3103 198 3150 rupta
217 3100 276 3138 sui
289 3099 375 3139 cod.
395 3100 559 3139 lectione
571 3112 689 3139 suave
702 3103 948 3150 compertam

89 3154 274 3195 Pricaeus
298 3155 494 3197 fabricavit
518 3169 673 3198 suarem
705 3159 948 3209 compertam

988 1750 1009 1787 i.
1030 1762 1064 1787 e.
1089 1748 1280 1795 fabulam,
1315 1761 1414 1799 qnae
1440 1753 1637 1801 comperta
1662 1753 1740 1797 est,
1765 1763 1852 1789 sua—

987 1819 1086 1843 vem.
1102 1805 1222 1851 Oud.,
1249 1805 1313 1856 qui
1337 1806 1371 1843 in
1398 1805 1585 1857 scriptura
1608 1819 1725 1845 suave
1750 1820 1852 1845 corn-

983 1866 1100 1914 ptam
1122 1861 1212 1899 ideo
1238 1860 1415 1907 offendit,
1442 1862 1545 1911 quod
1569 1875 1642 1900 non
1667 1866 1709 1900 ut
1726 1862 1852 1900 fictam

988 1917 1178 1964 fabulam,
1204 1917 1276 1955 sed
1289 1930 1419 1956 veram
1433 1916 1631 1956 historiam
1646 1919 1854 1957 narraverit

987 1977 1129 2019 auctor,
1143 1973 1303 2012 alteram
1312 1973 1434 2012 Colvii
1449 1974 1704 2012 coniecturam
1718 1975 1854 2025 probat

990 2043 1109 2069 suane
1132 2031 1356 2076 conditam,
1388 2030 1491 2081 quod
1515 2044 1597 2069 voc.
1629 2032 1778 2082 passim
1803 2031 1854 2069 de

992 2085 1124 2136 lepore
1163 2090 1202 2125 et
1241 2086 1433 2124 suavitate
1473 2088 1654 2125 orationis
1696 2087 1853 2126 dicatur.

994 2142 1065 2194 [At
1088 2143 1201 2181 miror
1213 2141 1332 2189 oud„
1358 2143 1421 2193 qui
1447 2156 1494 2181 ea
1512 2143 1561 2182 de
1585 2156 1723 2182 caussa
1749 2157 1852 2183 com-

993 2204 1072 2237 tam
1107 2199 1267 2237 reiicere
1314 2198 1500 2249 potuerit,
1549 2213 1662 2251 quum
1700 2213 1854 2239 comere

993 2255 1133 2293 eadem
1175 2255 1367 2293 sententia
1407 2260 1629 2308 usurpetur,
1670 2261 1711 2295 ut
1749 2256 1854 2307 apud

994 2310 1124 2357 Quint.
1148 2311 1283 2349 Institt.
1310 2310 1411 2349 VIII.
1436 2313 1473 2351 3.
1499 2313 1529 2364 §.
1555 2316 1621 2353 42.
1650 2327 1731 2351 non
1757 2313 1854 2365 quia

995 2369 1116 2407 comi
1140 2367 1404 2420 expolirique
1427 2383 1510 2407 non
1534 2369 1678 2408 debeat
1708 2370 1854 2408 oratio.

993 2422 1043 2461 X.
1063 2429 1095 2464 1.
1116 2423 1145 2474 §.
1162 2427 1227 2464 79.
1252 2423 1450 2464 Isocrates
1469 2426 1511 2463 in
1529 2425 1688 2464 diverso
1706 2438 1855 2477 ¹qenere

994 2480 1162 2519 dicendi
1195 2481 1350 2520 nitae'dus
1384 2485 1422 2520 et
1457 2486 1647 2521 comtus.
1696 2480 1772 2519 Cic.
1803 2481 1855 2518 de

995 2536 1149 2574 Senect.
1182 2550 1213 2575 c.
1246 2540 1282 2577 9.
1314 2542 1504 2589 compta
1531 2538 1674 2577 oratio.
1725 2538 1856 2577 Suam

996 2597 1159 2644 compta
1195 2593 1308 2644 igitur
1343 2594 1464 2632 oratio
1500 2594 1730 2640 nominatur,
1767 2594 1856 2644 qnia

995 2649 1094 2687 bene
1107 2652 1146 2687 et
1160 2649 1287 2701 lepide
1300 2648 1421 2688 Lucio
1435 2654 1610 2688 enarrata
1624 2655 1716 2694 erat,
1730 2662 1857 2700 neque

995 2717 1104 2751 vero,
1130 2706 1219 2756 quia
1243 2707 1519 2744 commendicia
1531 2711 1630 2751 erat,
1656 2720 1741 2744 nam
1756 2718 1857 2757 quae

995 2760 1202 2800 luminibus
1227 2762 1410 2800 orationis
1436 2762 1617 2801 distincta
1646 2767 1707 2801 est
1731 2775 1857 2800 narra-

997 2817 1181 2864 tiuncula,
1207 2817 1294 2856 ideo
1318 2818 1406 2857 ficta
1429 2820 1635 2871 nuncupari
1660 2818 1824 2870 nequit]

1052 2887 1165 2913 suum
1185 2877 1355 2925 fecerat.
1391 2874 1472 2926 [De
1498 2875 1569 2914 hac
1594 2875 1786 2914 locutione
1811 2874 1859 2913 cf.

1001 2930 1118 2969 Gron.
1131 2933 1171 2967 et
1183 2929 1249 2968 Dr.
1263 2930 1314 2968 ad
1326 2930 1409 2969 Liv.
1424 2930 1529 2969 XLI.
1544 2935 1579 2972 8.
1606 2932 1634 2982 ᾧ.
1655 2935 1715 2971 12.
1741 2930 1860 2983 Apul.

999 2986 1095 3024 Met.
1110 2984 1160 3024 X.
1177 2999 1214 3036 p.
1236 2990 1327 3027 700.
1352 2987 1473 3026 Miles
1489 2987 1561 3026 ille
1581 2988 1650 3040 qui
1668 3001 1726 3026 me
1745 2988 1862 3027 nullo

1002 3042 1194 3082 vendente
1218 3048 1543 3094 comparat-erat,
1569 3049 1609 3082 et
1625 3044 1709 3083 sine
1721 3045 1862 3096 pretio

1004 3113 1131 3138 suum
1151 3099 1380 3150 fecerat]

1062 3156 1103 3193 in
1129 3155 1335 3208 quandam
1359 3155 1548 3196 latrinam
1574 3186 1583 3196 .
1598 3186 1606 3195 .
1623 3186 1632 3198 .
1657 3158 1861 3216 confluxe-

1868 503 1932 537 620
