2155 3590
714 137 901 179 LIBER
931 138 980 177 V.

1041 135 1168 177 CAP.
1197 134 1267 174 lv.
1808 131 1890 178 317

101 252 230 302 timet,
259 250 359 305 quod
382 251 556 305 ignorat.
605 248 765 304 Iamque
790 252 927 292 aderat
949 242 1132 304 ignobilis
1163 247 1329 288 maritus
1359 253 1400 286 et
1423 253 1549 286 torum
1573 239 1825 288 inscendemt
1848 255 1889 289 et

100 323 264 350 uxorem
291 307 365 347 sibi
388 306 583 362 Psychem
608 308 776 358 fecerat,
805 315 845 348 et
868 315 959 347 ante
984 307 1081 347 lucis
1107 311 1290 346 exortum
1321 316 1486 357 propere
1518 302 1772 343 discesserat:
1804 310 1886 344 sta-

100 365 169 404 tim
197 377 315 405 voces
341 364 517 404 eubiculo
541 364 803 418 praestolatae
828 377 971 403 novam
995 369 1153 417 nuptam
1177 361 1408 401 interfectae
1433 357 1442 414 Ι
1466 358 1706 412 virginitatis
1731 367 1886 401 curant.
1915 366 1977 401 327

101 420 210 461 Haec
236 420 384 460 diutino
409 427 583 475 tempore
614 420 670 460 sie
701 420 936 474 agebantur.
987 420 1118 473 Atque
1147 425 1191 458 ut
1213 424 1276 458 est
1304 422 1447 456 natura
1482 416 1695 467 redditum,
1734 417 1890 459 novitas

102 560 282 598 ignoratur
295 561 330 590 0.
375 559 574 588 incenderat
591 561 667 588 Bas.
684 561 713 588 1.

761 557 923 597 Psychem
936 560 972 587 F.
989 561 1018 587 1.
1032 561 1062 588 3.
1083 560 1118 587 G.
1135 560 1164 587 1.
1177 560 1208 587 2.
1227 559 1264 586 Β.
1296 554 1436 594 phycem
1449 557 1487 585 D.
1535 555 1616 584 solis
1630 559 1789 584 exortum
1800 558 1838 586 P.
1851 564 1893 585 ex

102 609 307 643 glossemate.
349 614 513 644 prospere
533 609 567 636 0.
598 614 706 643 prope
724 615 754 641 p.
787 602 886 644 (quae
906 607 1002 634 lectio
1021 614 1062 635 ex
1075 606 1260 640 compendio
1274 611 1359 655 eppe
1372 607 1451 632 nata
1461 600 1618 643 videtur.)
1661 604 1845 641 statimque
1857 605 1892 632 Ο.

103 665 138 694 G.
155 666 184 693 1.
219 665 336 692 statim
350 663 439 692 vices
452 666 566 693 Venet.
581 665 610 692 2.
642 662 882 701 praestolante
895 672 924 698 p.
968 661 1024 691 liic
1037 662 1166 691 diutino
1178 664 1215 692 F.
1233 665 1260 691 1.
1273 665 1312 692 B.
1323 664 1438 691 Veniet.
1453 664 1483 691 2.
1499 663 1529 690 4.
1543 662 1649 690 Paris.
1691 659 1754 689 lanc
1768 660 1850 691 diut.
1863 670 1893 696 p.

102 709 247 748 agebant
259 711 373 739 venet.
387 712 417 739 4.
430 710 536 739 Paris.
550 711 627 738 Bas.
675 712 715 737 ut
727 717 753 738 e.
771 711 842 736 nat.
855 709 893 738 D.
908 709 1030 737 omissa
1043 709 1173 744 virgula
1185 707 1210 736 ἶ
1225 709 1247 738 i.
1262 717 1289 738 e.
1304 710 1364 737 est.
1411 710 1542 736 natura
1554 715 1667 735 rerum
1681 708 1715 736 Ο.

103 836 180 869 rat.
230 830 311 882 [De
334 831 408 870 hac
432 831 627 870 sententia
663 831 711 869 cf.
740 843 840 880 quae
865 830 966 867 simi-

102 886 155 925 lia
179 887 326 938 profert
351 886 453 926 Cort.
479 887 528 925 ad
552 887 699 926 Lucan.
727 886 788 924 III.
815 885 927 937 417]

162 944 357 996 iynobilis
388 945 569 983 maritus.
630 943 850 995 [Igynobilis
880 942 919 981 h.
946 942 970 980 l.

105 1000 207 1038 idem
227 1004 289 1038 est
308 1000 412 1050 quod
431 1001 607 1052 iynotus,
633 1005 675 1038 ut
687 999 868 1050 Fulgent.
883 998 973 1036 dicit

105 1055 274 1106 Mythol.
298 1055 363 1094 ΙΙΙ.
391 1059 426 1096 6.
457 1070 494 1107 p.
522 1060 614 1097 715.
647 1058 821 1108 iynoto
852 1060 974 1106 atque

106 1113 380 1151 mansionario
395 1113 581 1151 utebatur
594 1113 764 1163 conz'uyi
768 1126 801 1150 0.
850 1110 974 1152 Alter.

107 1182 220 1219 quem
246 1170 412 1206 invenire
438 1173 611 1218 poteram
638 1167 813 1206 eiusdem
837 1166 976 1217 signifi-

108 1226 268 1263 cationis
290 1225 398 1262 locus
420 1229 482 1262 est
500 1223 628 1262 Plaut.
642 1224 790 1261 Pseud.
805 1223 872 1261 IV.
888 1227 923 1262 2.
939 1225 975 1262 9.

108 1280 243 1320 Gloss.
269 1279 420 1318 Philox.
447 1293 482 1331 p.
513 1283 602 1320 109.
635 1279 830 1333 iynooilis
859 1272 977 1330 ἄγνω-

108 1352 196 1384 στος
220 1331 363 1388 ἄσημος
388 1336 664 1389 iynorabilior
689 1331 979 1387 ἀγνωστότερος.

110 1393 247 1432 Cetera
270 1406 370 1444 quae
396 1391 742 1443 aLexicographis
768 1390 976 1430 afferuntur

109 1449 292 1501 exempla
316 1461 403 1488 eam
426 1450 550 1487 minus
576 1452 746 1499 tangunt,
774 1461 890 1499 quum
916 1448 976 1499 2⁸9-

108 1506 256 1546 nobilis
285 1506 335 1544 ibi
368 1505 556 1543 obscurus
589 1509 626 1543 et
650 1504 835 1556 inglorius
860 1503 976 1555 signi-

109 1563 208 1608 ficet,
233 1566 273 1600 ut
298 1563 378 1600 Cic.
405 1560 520 1600 Tusc.
548 1560 610 1600 Ill.
638 1565 702 1601 24.
728 1561 758 1612 δ.
779 1565 842 1601 57.
903 1559 978 1598 Hic

111 1632 200 1658 vere
230 1619 370 1657 indicat
394 1631 500 1663 eum,
531 1619 595 1668 qui
621 1618 744 1656 oculis
769 1631 792 1655 a
816 1615 977 1668 Psyche

111 1675 280 1714 nondum
303 1675 410 1713 visus
431 1678 504 1720 est,
526 1674 717 1712 hominem
732 1674 850 1726 plane
870 1686 978 1725 pere-

113 1731 288 1784 grinum.]

169 1801 337 1827 uxorem
352 1787 427 1826 sibi
440 1787 639 1842 Psychem
649 1791 821 1840 fecerat.
879 1784 979 1825 Elm.

114 1845 256 1883 excitat
263 1843 489 1894 Hieronym.
499 1845 532 1881 in
543 1843 691 1882 Oseam
702 1842 864 1882 Tom.V.
874 1857 903 1881 c.
919 1847 964 1882 11
973 1872 982 1880 .

116 1901 251 1939 Homo
277 1914 366 1940 cum
390 1913 561 1939 uxorem
581 1904 812 1951 acceperat,
838 1899 888 1939 de
907 1900 984 1937 rir-

114 1958 212 2010 gine
241 1956 447 1996 mulierem
473 1957 583 2008 facil
608 1956 653 1994 id
677 1961 733 1995 est
757 1969 834 1994 non
860 1955 982 2008 cii-yi-

114 2027 213 2051 nem.
271 2011 427 2051 Philon.
457 2012 508 2050 de
541 2012 704 2050 Cherub.
737 2011 802 2050 fol.
829 2016 893 2052 78.
924 2010 984 2049 ἀν·

116 2065 265 2122 θρώπῳ
295 2069 361 2119 μὲν
386 2065 456 2119 γὰρ
479 2070 539 2106 ἐπὶ
569 2071 705 2120 γενέσει
733 2071 870 2107 τέκνων
899 2066 983 2107 σύν-

116 2127 204 2171 οδος
227 2121 294 2168 τὰς
318 2128 535 2176 παρθένους
565 2133 742 2175 γυναῖκας
772 2122 983 2175 ἀποᾳαίιέι.

117 2180 294 2231 Fulgent.
315 2181 366 2218 ad
378 2179 560 2218 Probum.
576 2180 699 2233 Epist.
715 2184 750 2221 3.
800 2180 847 2219 In
864 2194 985 2233 opere

119 2236 399 2289 corporalium
416 2238 653 2287 nuptiarum
668 2238 882 2290 viryinitas
896 2250 983 2276 car-

118 2293 181 2332 nis
204 2294 415 2339 anzittitur,
441 2297 487 2331 ut
510 2293 569 2331 ad
593 2295 729 2332 carnis
749 2293 983 2346 fecundita-

119 2353 195 2389 tem
227 2349 422 2388 veniatur.
483 2348 559 2400 [lta
594 2350 756 2401 saepius
791 2348 910 2389 latine
947 2354 987 2387 et

119 2418 259 2456 graece
283 2405 359 2443 sibi
379 2409 624 2457 opponuntur
640 2407 794 2451 mulier,
820 2420 929 2446 uxor
947 2409 988 2445 et

117 2462 259 2514 viryo:
295 2459 381 2513 γυνὴ
413 2465 453 2499 et
481 2458 692 2514 πάρθειός,
725 2461 774 2500 de
805 2475 882 2513 quo
911 2475 987 2501 usu

118 2517 234 2556 latius
260 2530 373 2569 agam
399 2517 448 2557 ad
471 2517 568 2557 Met.
594 2517 680 2558 Vll.
703 2532 740 2570 p.
761 2518 873 2571 486]

175 2574 416 2627 interfectae
440 2575 701 2627 ciryinitatt's.
751 2573 909 2613 Tertull.
935 2575 987 2613 (le

121 2628 220 2669 Pud.
254 2643 283 2669 c.
310 2634 346 2670 4.
368 2630 581 2682 pudicitia
614 2632 860 2670 trucidatur.
920 2631 988 2670 Sic

121 2688 333 2739 conficere,
355 2700 559 2740 perayere
580 2689 778 2740 virginem
792 2691 830 2726 et
846 2688 988 2727 similia

121 2743 158 2780 in
194 2742 268 2781 hac
302 2756 344 2781 re
383 2743 574 2789 dicuntur,
611 2757 687 2794 quo
729 2744 833 2782 male
873 2744 990 2782 trahit

120 2797 300 2837 Donatus
325 2799 440 2838 etiam
466 2798 621 2838 Terent.
648 2799 746 2838 Eun.
760 2800 809 2839 V.
824 2804 862 2841 4.
877 2805 914 2842 6.
940 2800 987 2840 cf.

123 2852 336 2895 comment.
367 2855 415 2894 ad
449 2855 559 2894 Suet.
589 2855 681 2894 Ner.
714 2870 744 2895 c.
776 2860 841 2898 29.
879 2871 989 2897 con-

121 2909 366 2961 ficeretur
396 2927 422 2951 a
447 2912 702 2967 Doryphoro
725 2912 899 2953 Fabrett.
928 2912 989 2952 In-

125 2966 269 3018 scriptt.
295 2981 334 3019 p.
365 2969 460 3009 699.
497 2983 584 3022 quo
614 2969 799 3008 cecidit
826 2975 989 3010 nostrae

125 3022 372 3075 virginitatis
391 3025 530 3064 honos.
580 3024 722 3064 Contra
742 3025 792 3064 de
810 3026 989 3065 virilitate

125 3073 278 3119 Petron.
297 3094 328 3120 c.
350 3084 443 3122 125.
463 3084 702 3134 funerata
725 3087 782 3121 est
798 3083 873 3122 illa
887 3096 990 3135 pars

128 3137 332 3186 corporis,
364 3151 446 3190 qua
477 3139 683 3191 quondam
709 3137 889 3178 Achilles
907 3141 988 3193 fui,

1025 832 1090 869 ubi
1116 830 1163 869 cs.
1189 829 1278 869 lntt.
1335 829 1399 868 De
1429 829 1546 868 verbo
1576 831 1804 882 interficere
1826 840 1895 880 pro

1028 889 1282 939 extinffltere,
1302 886 1482 938 perdere
1506 885 1555 923 de
1578 886 1695 924 rebus
1721 885 1896 924 inanimis

1028 944 1138 997 plura
1180 943 1304 981 dicam
1345 942 1395 982 ad
1429 942 1514 981 Lib.
1546 942 1596 980 de
1626 942 1715 980 Deo
1747 941 1898 981 socrat.

1030 1014 1068 1052 p.
1095 1003 1186 1040 157.
1245 998 1309 1037 De
1340 998 1424 1037 aliis
1456 996 1656 1038 vocabulis
1688 998 1897 1037 obscoenis

1032 1056 1172 1095 eadem
1210 1056 1245 1092 in
1276 1068 1319 1093 re
1347 1056 1542 1106 usurpatis
1574 1055 1623 1093 cf.
1655 1069 1756 1106 quae
1785 1067 1900 1106 agam

1033 1112 1084 1152 ad
1112 1110 1208 1150 Met.
1242 1110 1312 1151 lx.
1342 1125 1379 1163 p.
1413 1115 1505 1152 605.
1564 1111 1676 1150 Errat
1706 1113 1816 1162 igitur
1844 1111 1900 1149 vir

1034 1168 1186 1211 doctus,
1207 1167 1270 1217 qui
1290 1168 1339 1205 ad
1359 1167 1591 1218 exemplaris
1612 1169 1671 1206 sui
1691 1169 1899 1219 marginem

1036 1224 1236 1263 adleverat
1266 1225 1535 1275 interceptae,
1572 1224 1663 1263 licet
1697 1225 1787 1262 alibi
1824 1237 1900 1262 non

1038 1280 1227 1318 damnem.
1298 1279 1399 1318 Nam
1441 1285 1565 1331 rapta
1608 1282 1821 1332 ciryinitas
1863 1284 1902 1318 et

1038 1336 1212 1388 spolium
1248 1337 1497 1387 viryinitatis
1533 1337 1626 1375 dixit
1661 1336 1776 1376 Ovid.
1806 1336 1900 1375 Met.

1032 1391 1136 1430 VIII.
1164 1396 1255 1433 850.
1289 1391 1445 1430 Heroid.
1479 1391 1527 1431 V.
1562 1397 1652 1434 140.
1683 1391 1810 1432 XVII.
1836 1397 1900 1434 44.

1034 1449 1098 1488 De
1122 1449 1240 1486 verbo
1267 1449 1511 1500 intercipere
1530 1449 1578 1488 cf.
1593 1449 1678 1488 lntt.
1697 1449 1747 1487 ad
1761 1448 1904 1500 Nepot.

1034 1505 1216 1557 Iphicrat.
1242 1509 1276 1545 2.
1303 1519 1453 1544 moram
1486 1504 1905 1545 Lacedaemoniorum

1036 1563 1381 1613 interceperat.
1431 1561 1514 1600 Sed
1546 1561 1694 1613 Cupido
1724 1560 1906 1613 Psyches

1039 1618 1290 1669 virginItatem
1306 1632 1379 1655 non
1393 1623 1585 1670 rapuerat,
1599 1622 1640 1657 ut
1653 1618 1813 1670 praedo,
1834 1617 1907 1658 sed

1039 1676 1179 1714 iustam
1204 1675 1276 1713 sibi
1303 1688 1462 1713 uxorem
1488 1674 1642 1714 fecerat.

1096 1737 1142 1771 ut
1165 1736 1221 1770 est
1244 1736 1394 1770 natura
1414 1732 1631 1778 redditum,
1656 1733 1814 1771 novitas
1830 1746 1908 1785 per

1042 1789 1246 1827 assiduam
1260 1788 1587 1828 consuetudinem
1602 1788 1909 1828 delectationem

1043 1849 1116 1883 etc.
1163 1843 1266 1883 Mira.
1290 1858 1406 1894 quum
1420 1843 1522 1883 Oud.
1549 1845 1719 1883 videatur
1737 1844 1837 1883 haec
1856 1843 1908 1883 lo-

1045 1901 1145 1939 cutio
1176 1905 1220 1939 ut
1250 1915 1275 1939 a
1304 1905 1454 1939 natura
1484 1906 1541 1940 est
1563 1901 1789 1947 redditum,
1819 1914 1908 1952 pro:

1043 1972 1068 1996 a
1092 1961 1241 1995 natura
1267 1961 1325 1995 est
1348 1962 1645 2008 comparatum,
1675 1958 1760 1995 sive
1783 1962 1830 1998 ut
1848 1959 1908 2010 fit,

1043 2018 1087 2053 ut
1116 2017 1264 2052 natura
1291 2015 1394 2065 fert,
1426 2018 1465 2051 et
1490 2027 1605 2065 quum
1629 2015 1834 2065 sequentia
1857 2014 1908 2052 vi-

1044 2069 1204 2108 deantur
1234 2069 1268 2106 ei
1295 2081 1389 2107 esse
1413 2069 1604 2116 ulcerata,
1633 2075 1758 2109 totum
1782 2070 1910 2109 locum

1044 2127 1096 2164 ita
1115 2125 1311 2163 emendat:
1344 2127 1489 2179 Atque,
1510 2132 1554 2167 ut
1571 2132 1629 2166 est
1645 2132 1793 2167 natura
1808 2128 1910 2177 (sive

1043 2186 1086 2220 ut
1116 2181 1207 2220 alibi
1240 2181 1346 2228 dicit,
1378 2187 1423 2222 ut
1449 2197 1513 2223 res
1544 2187 1615 2233 est)
1645 2184 1706 2223 rei
1742 2185 1911 2223 iteratae

1041 2240 1199 2278 novitas
1225 2252 1304 2290 per
1335 2239 1554 2279 adsiduam
1584 2241 1912 2280 consuetudinem

1042 2309 1082 2334 se
1108 2295 1347 2342 delectarat,
1373 2295 1521 2347 aliquot
1545 2296 1633 2335 edd.
1661 2297 1782 2343 nisus,
1808 2310 1908 2348 quae

1044 2350 1352 2391 delectationem
1393 2353 1579 2392 omittunt.
1651 2352 1752 2406 [Sed
1794 2366 1910 2405 quam

1043 2420 1163 2459 prave
1205 2409 1325 2459 egerit
1366 2407 1488 2455 oud„
1547 2409 1760 2448 videamus.
1831 2408 1909 2448 Pri-

1042 2477 1146 2503 mum
1178 2466 1297 2511 enim,
1329 2478 1428 2517 quae
1458 2467 1535 2505 ista
1565 2470 1627 2504 est
1657 2468 1718 2505 rei
1739 2467 1911 2506 iteratae

1043 2522 1225 2560 novitas?
1262 2534 1450 2572 quaenam
1476 2536 1541 2561 res
1565 2524 1724 2574 saepius
1747 2523 1912 2574 repetita

1044 2589 1145 2615 nova
1169 2577 1259 2616 licet
1284 2579 1492 2618 nominari?
1517 2579 1670 2618 Deinde
1692 2578 1910 2618 intolerabi-

1044 2632 1094 2672 lis
1117 2646 1216 2673 sane
1240 2639 1304 2687 est
1327 2635 1558 2687 tautologia,
1583 2636 1617 2674 si
1644 2637 1730 2687 quis
1755 2636 1912 2675 novitas

1044 2691 1215 2730 iteratae
1238 2693 1300 2730 rei
1318 2706 1398 2743 per
1424 2692 1630 2731 assiduam
1655 2692 1911 2732 consuetudi-

1046 2760 1133 2785 nem
1146 2747 1258 2793 dicat,
1268 2761 1368 2799 quae
1380 2749 1558 2787 ieiunitas
1572 2761 1667 2788 cave
1684 2762 1731 2787 ne
1740 2747 1910 2800 Apuleio

1045 2803 1267 2843 intrudatur.
1317 2803 1447 2843 Tertio
1461 2805 1629 2856 denique
1644 2804 1730 2844 loco
1743 2818 1813 2857 per
1824 2818 1911 2844 sen-

1044 2861 1204 2898 tentiam
1217 2861 1434 2900 coniectura
1446 2861 1596 2913 probari
1611 2863 1751 2914 nequit.
1783 2860 1912 2909 Quum

1047 2916 1148 2955 enim
1183 2930 1246 2956 res
1270 2916 1372 2956 Oud.
1409 2922 1539 2957 sumat
1573 2931 1642 2969 pro
1679 2918 1910 2963 concubitu,

1044 2971 1135 3012 hinc
1159 2972 1331 3019 eflicitur,
1355 2977 1477 3012 totum
1502 2973 1629 3013 locum
1653 2974 1703 3014 ad
1727 2988 1808 3014 rem
1832 2979 1913 3014 tan-

1044 3031 1125 3068 tum
1142 3042 1364 3076 veneream,
1388 3030 1439 3069 ad
1458 3029 1686 3070 luctationes
1706 3033 1912 3071 amatorias

1046 3099 1168 3138 posse
1189 3086 1334 3124 resen-i.
1394 3085 1469 3133 Qui
1495 3100 1585 3126 vero
1609 3086 1737 3127 locum
1760 3101 1913 3127 accura-

1045 3143 1122 3182 tius
1159 3143 1475 3190 consideraverit,
1511 3157 1586 3182 non
1624 3143 1673 3184 de
1708 3145 1912 3185 concubitu
