2155 3590
654 164 844 203 LIBER
874 163 994 202 Vlll.
1055 161 1185 202 CAP.
1217 162 1266 200 V.
1809 161 1890 203 653

89 277 145 318 sic
163 276 432 330 Tlepolemum
453 275 625 330 captiose
645 275 868 330 compellat:
895 274 972 328 Qui
992 281 1151 338 stupore
1165 273 1320 314 contusi
1339 273 1403 313 vel
1416 274 1531 315 etiam
1553 289 1666 315 cassa
1681 274 1891 315 formidine

89 333 235 373 similes
268 332 477 372 humilitati
505 346 712 373 servorum
740 332 745 386 1
771 332 960 381 istorum,
999 332 1064 371 vel
1094 331 1134 370 in
1171 331 1326 370 modum
1363 332 1522 383 pavoris
1561 331 1720 372 feminei
1752 330 1892 370 deiecti

90 396 168 428 tam
206 389 373 452 opimam
408 389 592 442 praedam
629 389 766 429 mediis
787 387 792 444 Ι
814 389 994 428 manibus
1030 387 1269 427 amittimus?
1306 384 1413 439 Quin
1438 401 1562 440 equos
1598 387 1893 428 inscendimus?
1934 399 1941 407 ·

89 445 195 498 Quin
232 445 340 485 ocius
377 445 674 498 indipiscimur?
721 452 760 485 et
797 459 890 499 cape
926 443 1185 493 venabulum
1213 449 1253 483 et
1288 457 1362 496 ego
1400 456 1510 482 Sumo
1548 444 1741 484 lanceam.
1808 442 1893 483 Nec

90 502 283 541 tantillum
304 502 447 540 morati
472 502 650 556 protinus
673 501 852 542 insiliunt
871 515 1014 553 equos,
1043 514 1095 540 ex
1115 513 1266 540 summo
1286 498 1414 539 studio
1433 499 1598 539 bestiam
1619 500 1890 553 insequentes.

87 556 176 597 Nec
205 564 335 598 tamen
367 557 435 597 illa
460 558 622 611 genuini
646 558 798 612 vigoris
831 557 952 598 oblita
976 563 1181 610 retorquet
1211 555 1423 612 impetum,
1451 562 1492 595 et
1515 556 1696 596 incendio
1724 556 1894 596 feritatis

93 672 347 710 Thepolepmum
361 676 397 704 G.
415 676 443 703 1.
457 682 477 703 a
489 683 530 703 m.
545 683 575 710 p.
609 675 700 703 sicut
712 673 759 702 ud
774 673 996 710 Tlepolemum
1012 673 1164 709 captiose
1177 671 1345 709 compellit
1359 669 1388 700 δ.
1425 673 1486 710 qui
1496 674 1530 702 F.
1546 674 1577 701 3.
1593 675 1629 702 G.
1646 675 1675 702 1.
1690 675 1707 701 2
1714 675 1772 702 ..D
1788 673 1894 708 [male

88 721 169 749 oud.
182 723 337 754 excerpta
351 721 411 748 G.-
398 721 414 738 ‘²
421 722 641 754 ,praebebant
655 720 752 757 quin,
778 721 862 754 quod
875 720 959 748 idem
975 719 1050 748 dicit
1065 719 1164 747 etiam
1177 718 1211 747 in
1225 719 1260 747 P.
1274 718 1357 753 tegi
1380 719 1633 747 sedverisimile
1651 722 1716 748 est.
1742 719 1795 746 hic
1814 726 1895 752 quo-

88 773 150 799 que
159 773 214 801 qut
225 768 348 794 extare.
361 767 398 794 In
411 769 483 793 cett.
499 763 588 802 qmssd
615 765 675 802 qui
685 768 824 801 stupore
837 764 1000 802 confusus
1014 762 1068 791 rel
1080 755 1115 791 εἰ
1128 761 1428 802 cassaforrmdine
1441 762 1584 792 anninlL
1609 763 1714 791 etiam
1729 765 1893 792 abestaD.

87 807 235 846 captat).
260 817 367 846 capsa
381 812 416 839 G.
433 811 462 839 1.
509 807 742 839 humilitate&
767 808 960 838 humi'lztaei
972 811 1007 838 G.
1021 811 1048 837 1.
1071 807 1156 842 [non
1177 806 1369 842 Ιιιιηιιῖιάιϊ,
1393 809 1498 843 quod
1490 817 1524 837 1n
1537 810 1617 837 oud.
1631 810 1822 838 adnotatum
1835 813 1894 837 est.

87 857 341 889 Typothetarum
354 856 426 889 sine
440 856 536 884 dubio
549 856 601 884 hic
615 860 664 884 est
677 863 767 884 error
780 859 834 884 aut
844 849 1043 893 Oud..‚quum
1056 854 1152 882 aliter
1164 853 1306 888 intelligi
1318 858 1468 888 nequeat.
1478 862 1535 882 cur
1548 862 1603 888 pro
1617 854 1895 883 diversalectione

87 898 280 927 humilitati
292 901 456 928 adscribat
471 908 513 930 ex
525 902 561 929 G.
575 902 644 930 1.0.
657 905 687 929 et
702 901 739 935 t'..
766 902 850 934 quod
864 900 897 928 in
911 902 1080 928 verborum
1093 902 1244 928 contextu
1262 900 1391 933 legitur.
1417 900 1510 928 Certo
1529 897 1704 927 humiliati
1721 901 1894 930 legendum

86 945 168 980 est.)
193 943 447 983 humilitatique
458 948 497 974 D.
546 945 706 982 optimam
721 948 755 974 G.
772 947 801 974 1.
817 953 853 974 π.
867 945 964 973 solita
976 944 1211 978 depravatione
1235 944 1276 972 cf.
1291 946 1417 974 Met.11.
1438 953 1467 979 p.
1484 946 1558 973 115.
1604 946 1694 973 Inter
1704 947 1807 973 verba
1819 951 1894 971 ma-

87 989 184 1017 nibus
197 995 226 1017 et
240 990 429 1018 amittimus
442 991 476 1019 in
489 993 525 1020 G.
543 992 570 1020 l.
583 994 706 1020 lacuna
719 995 766 1019 est
782 991 879 1018 unius
893 989 1057 1018 vocabuli.
1105 988 1184 1025 quin
1198 986 1271 1016 eum
1287 988 1520 1025 z'nde‘pz’scimur
1534 991 1570 1018 G.
1585 991 1614 1018 1.
1629 992 1661 1019 2.
1681 991 1716 1018 Ο.
1732 986 1840 1018 ‹5.1nc.
1855 991 1894 1018 D.

89 1035 110 1064 f.
125 1037 161 1064 L.
176 1037 212 1063 P.
226 1035 262 1069 (a
276 1044 316 1064 m.
330 1036 378 1070 s.)
404 1038 486 1064 Nam
499 1041 582 1065 errat
596 1038 680 1065 Elm.
700 1036 754 1070 qui
775 1038 882 1070 putat,
908 1034 988 1071 quin
1002 1041 1074 1060 enm
1089 1033 1182 1062 ocius
1195 1041 1216 1062 a
1229 1042 1259 1068 p.
1273 1043 1314 1063 m.
1329 1043 1419 1068 esse,
1446 1036 1521 1063 dum
1534 1042 1554 1063 a
1567 1043 1608 1063 m.
1624 1043 1670 1070 pr.
1686 1035 1792 1064 fuerat
1812 1034 1896 1068 eius,

90 1080 162 1109 sons
176 1081 304 1109 scilicet
318 1081 535 1115 corruptionis
548 1082 647 1110 huius
660 1081 736 1110 loci.
762 1080 846 1108 Hinc
861 1084 967 1108 tamen
981 1080 1138 1113 deceptus
1151 1080 1293 1108 scriver.
1308 1080 1424 1108 edidit:
1450 1079 1532 1117 quin
1544 1086 1618 1107 enm
1631 1079 1735 1108 ocius.
1767 1081 1895 1109 Habent

89 1134 162 1153 eum
176 1133 302 1159 quoque
314 1126 372 1154 alii
385 1127 475 1154 codd.
485 1148 492 1161 .
508 1128 565 1155 sed
579 1134 636 1155 cur
648 1127 755 1161 potius
768 1132 840 1152 eum
854 1131 950 1158 quam
964 1123 1070 1160 ipsum
1084 1124 1450 1158 dixissetThrasyllus?
1474 1127 1507 1154 Is
1522 1133 1598 1154 vero
1613 1132 1696 1154 casu
1707 1133 1771 1154 non
1785 1126 1895 1154 addito

90 1172 239 1199 celeriter
252 1171 419 1205 clamavit,
438 1169 673 1208 indipisctmur
684 1179 730 1200 sc.
741 1168 925 1206 praedam,
941 1176 1038 1203 quam
1053 1168 1276 1203 praemiserat.
1303 1171 1409 1204 Quare
1422 1174 1566 1204 praestat
1580 1173 1684 1199 solum
1699 1169 1804 1207 ocius,
1830 1170 1896 1198 fre-

88 1218 222 1250 quenter
235 1218 275 1244 ab
288 1217 429 1251 Apuleio
442 1220 645 1252 usurpatum,
660 1216 743 1244 sicut
757 1214 866 1242 ociter
879 1222 981 1249 supra
994 1221 1120 1248 quoque
1134 1217 1329 1248 corruptum.
1357 1212 1439 1242 Eum
1454 1215 1667 1249 interpretum
1679 1216 1809 1244 videtur
1821 1224 1896 1244 esse

88 1261 358 1299 additamentum,
385 1261 439 1295 qui
453 1261 613 1289 obiectum
628 1260 720 1290 verbi
734 1260 976 1288 desiderabant.
1024 1258 1104 1295 quin
1120 1258 1225 1286 totius
1237 1259 1353 1287 Vener.
1367 1261 1398 1288 2.
1446 1267 1572 1287 summo
1586 1262 1668 1289 lunt.
1687 1262 1714 1288 1.
1734 1261 1769 1289 G.
1784 1262 1815 1289 2.
1863 1263 1898 1287 et

90 1304 262 1332 tantillum
279 1314 308 1340 p.
356 1304 510 1333 mor-acia
522 1306 650 1335 Vicent.
697 1312 743 1332 ez·
756 1307 848 1333 abest
861 1311 881 1333 a
895 1306 930 1332 G.
947 1306 976 1332 1.
991 1305 1020 1331 2.
1034 1305 1073 1332 D.
1088 1303 1123 1331 Ο.
1138 1303 1160 1331 f.
1180 1305 1218 1332 1..
1237 1310 1274 1331 π.
1294 1301 1323 1332 ὃ.
1344 1305 1436 1333 Colv.
1447 1306 1543 1333 Vulc.
1557 1307 1668 1334 xvow.
1683 1306 1769 1334 Pric.
1795 1305 1836 1334 cf.
1855 1306 1898 1334 ad

89 1352 157 1379 vu.
173 1358 201 1384 p.
218 1352 292 1379 493.
341 1349 484 1378 belluam
498 1355 612 1380 contra
625 1352 705 1378 MSS.
720 1353 750 1378 et
769 1350 849 1378 Edd.
869 1349 1092 1384 negligentius
1111 1348 1265 1376 Floridus
1279 1350 1438 1378 exhibuit.
1475 1350 1565 1379 Haec
1578 1357 1645 1378 vox
1669 1358 1746 1378 vero
1767 1351 1897 1384 penitus

88 1395 292 1423 desideratur
305 1396 338 1424 in
353 1397 389 1424 G.
407 1396 435 1424 1.
450 1398 480 1424 2.
493 1397 532 1424 D.
546 1397 580 1424 0.
595 1396 632 1424 P.
646 1397 683 1423 R.
699 1402 735 1422 π.
783 1401 844 1421 nec
865 1397 976 1421 tumen
994 1392 1135 1430 genuini
1151 1392 1342 1430 sm'rr'gort's
1364 1393 1471 1421 oblita
1490 1396 1525 1423 Ο.
1562 1402 1622 1422 nec
1638 1398 1749 1422 tamen
1761 1395 1901 1432 genuini

79 1438 235 1478 fulgoris·
248 1439 355 1468 oblita
368 1441 402 1469 in
415 1442 451 1469 G.
467 1442 497 1470 2.
519 1442 554 1470 Ρ.
568 1441 634 1475 legi
653 1440 731 1467 dicit
751 1440 830 1467 Oud.
856 1439 1016 1472 Equidem
1036 1438 1070 1467 in
1089 1439 1124 1465 G.
1142 1439 1170 1467 1.
1187 1440 1216 1466 2².
1230 1439 1269 1467 D.
1291 1439 1403 1467 inveni
1416 1447 1477 1466 nec
1498 1441 1610 1467 tumen
1627 1440 1730 1477 genui
1741 1439 1897 1478 fulgoris

88 1483 205 1515 oblitu.
243 1484 302 1513 sed
312 1484 463 1514 incendio
478 1487 515 1515 G.
532 1487 560 1515 1.
574 1488 605 1515 2.
618 1486 656 1514 Ρ.
670 1486 710 1513 D.
724 1485 758 1513 0.
772 1486 809 1513 L.
824 1484 846 1513 f.
861 1482 889 1513 δ’.
914 1485 952 1512 In
966 1486 1040 1512 cett.
1056 1485 1089 1510 et
1102 1481 1267 1512 incendio.

147 1573 218 1625 qui
245 1577 413 1625 stupore
443 1573 619 1625 confusi.
667 1570 778 1610 Male
808 1570 960 1622 plurimi

89 1628 202 1667 codd.
240 1633 292 1667 et·
315 1643 452 1668 omnes
489 1629 597 1675 edd„
640 1633 825 1679 quantum
862 1628 962 1694 scin..

88 1686 277 1736 praebent
304 1687 425 1739 quid,
456 1699 575 1737 quum
599 1685 734 1737 optimi
760 1683 863 1724 Mss.
892 1685 962 1736 qui

89 1741 282 1787 habeant,
325 1743 431 1792 quod
473 1755 591 1793 quum
630 1741 768 1779 librarii
806 1742 962 1779 interro·

88 1798 260 1846 gativum
284 1811 380 1837 esse
409 1813 485 1838 non
516 1798 798 1849 intelligerent,
831 1797 895 1836 alii
926 1797 962 1834 in

91 1855 213 1907 quid,
239 1855 302 1894 alii
333 1856 370 1894 in
405 1857 505 1908 quin
530 1854 805 1894 emendabant.
854 1852 964 1892 Usus

89 1910 208 1949 huius
235 1912 449 1963 particulae
473 1912 775 1963 interrogativae
800 1923 965 1961 praeee-

87 1967 184 2005 teris
209 1969 443 2007 comicorum
468 1972 530 2006 est
554 1967 736 2019 proprius
768 1966 816 2005 cf.
835 1965 966 2004 Plaut.

78 2021 221 2062 Casin.
246 2023 292 2063 II.
318 2027 355 2065 3.
377 2028 448 2065 46.
475 2023 586 2063 Cure.
600 2023 628 2061 l.
646 2027 682 2062 1.
697 2026 762 2063 40.
788 2021 832 2061 ΙΙ.
850 2027 888 2063 2.
902 2026 967 2062 27.

92 2078 208 2131 Epid.
221 2079 248 2120 l.
268 2084 304 2120 1
320 2083 385 2121 96.
411 2080 515 2120 Rud.
533 2079 580 2118 11.
603 2083 639 2120 6.
660 2083 724 2119 54.
753 2080 966 2130 quintinus

91 2136 114 2174 i.
140 2148 175 2175 e.
202 2150 276 2176 cur
299 2150 381 2175 non
405 2135 676 2176 Merc.lV.5.
707 2140 770 2175 11.
799 2136 967 2187 quidum

90 2193 164 2231 i.e.
191 2206 319 2244 quare
342 2192 487 2243 Amph.
512 2191 630 2232 1V.2
635 2195 737 2232 .12.
763 2191 847 2229 Mil.
861 2190 907 2230 ll.
929 2194 968 2231 3.

91 2252 159 2289 54.
185 2247 331 2288 Bacch.
357 2248 418 2287 Ill.
445 2253 481 2289 3.
510 2252 575 2290 62.
600 2247 716 2299 Epid.
742 2246 788 2285 ll.
815 2251 852 2288 2.
877 2251 967 2288 116.

91 2305 269 2343 Mostell.
296 2304 341 2343 Π.
368 2309 405 2345 2.
432 2309 497 2346 20.
525 2303 726 2345 Trin.1.2.
747 2307 837 2345 129.
862 2303 967 2342 Rud.

88 2360 160 2400 lv.
174 2366 213 2402 4.
226 2365 292 2402 52.
307 2361 465 2400 Terent.
479 2361 577 2400 Eun.
590 2360 636 2400 ll.
654 2365 692 2401 2.
706 2365 772 2401 41.
796 2360 860 2399 De
875 2373 967 2400 con-

89 2418 208 2468 fusus
231 2418 420 2470 participii
439 2417 721 2469 significatione
746 2415 966 2456 cf.Ruhnk.

91 2473 194 2512 Dict.
219 2474 272 2513 ad
297 2474 407 2513 Suet.
424 2473 539 2513 Caes.
560 2487 592 2512 c.
610 2478 646 2514 7.
660 2487 697 2525 p.
716 2477 778 2514 16.
805 2473 968 2511 &Veros-

92 2530 191 2569 dors.
217 2531 267 2570 ad
297 2529 436 2570 lncert.
460 2531 575 2568 Auct.
602 2529 705 2581 Epit.
736 2529 846 2568 Iliad.
872 2532 965 2571 648.

91 2585 383 2639 P.M.T.1V.p.
396 2591 511 2632 696„
537 2588 601 2637 qui
615 2588 651 2625 in
668 2599 715 2624 eo
731 2589 845 2632 errat,
859 2585 967 2636 quod

91 2643 287 2693 sequioris
304 2642 571 2682 tantummodo
593 2643 790 2681 latinitatis
808 2642 972 2693 scripto-

92 2711 160 2738 res
183 2700 393 2752 confundi
422 2712 640 2750 usurpasse
672 2698 762 2737 dicit
787 2712 855 2749 pro
876 2712 970 2749 per-

93 2755 258 2795 turbari
280 2757 428 2795 animo.
454 2755 503 2795 cf.
530 2755 655 2795 Baeti.
675 2755 725 2794 ad
744 2754 858 2793 Ovid.
872 2754 971 2792 Met.

92 2809 185 2853 XV.
213 2812 328 2864 77o.]

151 2873 191 2906 et
214 2882 319 2919 cape
343 2869 582 2908 venabulum
601 2873 641 2907 et
659 2882 738 2919 eyo
757 2881 868 2906 sumo
888 2867 971 2906 lan-

94 2937 220 2963 ceam.
253 2923 356 2963 Oud.
383 2925 447 2975 qui
473 2925 574 2964 hanc
599 2924 808 2963 lectionem
832 2937 968 2962 sanam

96 2993 191 3018 esse
227 2982 403 3031 negavit,
434 2994 536 3032 quae
573 2994 643 3032 per
673 2980 829 3031 ellipsin
860 2980 968 3018 verbi

95 3036 211 3075 (lixit
233 3039 380 3076 tantum
405 3037 591 3089 explicari
622 3040 782 3087 posset,
812 3036 969 3086 elegan-

94 3093 286 3130 tissimam
301 3106 416 3144 quam
435 3094 527 3132 dicit
538 3093 690 3132 Heinsii
709 3092 969 3131 coniecturam

96 3149 148 3187 ad
166 3148 383 3188 Ovid.Am.
399 3153 436 3190 3.
455 3154 468 3190 1
486 3155 517 3190 1.
545 3149 570 3188 Ι
590 3163 694 3201 cape
717 3148 968 3193 venabulum,

1306 1483 1516 1523 ferocitatis
1530 1485 1567 1513 B.
1582 1486 1732 1514 u'ower.
1746 1485 1853 1515 Seriv.

1018 1584 1086 1615 en,
1119 1584 1199 1623 eqo
1224 1585 1335 1610 sumo
1362 1571 1546 1612 lanceam
1577 1571 1811 1625 complexus
1837 1577 1900 1610 est

1019 1627 1110 1666 coll.
1135 1625 1338 1666 Passerat.
1373 1628 1424 1666 ad
1453 1627 1572 1679 Prop.
1598 1628 1645 1668 11.
1671 1633 1734 1669 22.
1763 1633 1827 1669 22.
1861 1633 1900 1667 et

1020 1684 1070 1722 de
1084 1684 1314 1723 contusione
1329 1685 1600 1736 particularum
1614 1699 1663 1724 en
1677 1690 1715 1723 et
1723 1685 1899 1724 etBurm.

1021 1741 1058 1779 in
1084 1740 1189 1779 Add.
1216 1741 1265 1779 ad
1292 1739 1402 1793 Calp.
1429 1741 1496 1780 lv.
1522 1745 1588 1782 24.
1615 1746 1654 1780 et
1678 1742 1728 1780 ad
1753 1741 1850 1780 Met.
1871 1741 1899 1780 l.

1021 1811 1058 1849 p.
1088 1802 1122 1837 1.
1161 1796 1265 1848 [Ego
1292 1797 1342 1835 de
1367 1797 1451 1836 loci.
1468 1799 1756 1836 constructione
1781 1811 1900 1836 secus

1023 1854 1200 1892 sentiens
1213 1854 1342 1900 miror,
1369 1855 1432 1905 qui
1447 1855 1721 1906 interpretibus
1741 1856 1776 1892 in
1795 1867 1900 1893 men-

1024 1914 1104 1948 tem
1131 1924 1206 1948 non
1230 1911 1389 1954 venerit,
1413 1925 1527 1951 sumo
1550 1912 1587 1949 in
1613 1925 1765 1950 sumam
1789 1912 1900 1949 corri-

1026 1978 1138 2017 gere,
1166 1980 1242 2016 quo
1268 1967 1389 2006 totius
1416 1967 1491 2005 loci
1516 1966 1742 2011 difficultas,
1768 1969 1804 2006 si
1824 1980 1902 2018 qua

1027 2026 1107 2066 est,
1134 2023 1287 2060 omnino
1300 2022 1459 2062 tollitur.
1496 2022 1583 2062 Usu
1598 2023 1700 2062 enim
1714 2025 1835 2070 venit,
1859 2027 1902 2061 ut

1024 2079 1191 2117 tuturum
1229 2079 1398 2130 excipiat
1433 2080 1698 2131 imperativum
1741 2084 1781 2118 et
1815 2081 1902 2118 vice

1024 2148 1158 2181 versa,
1186 2134 1235 2174 cs.
1260 2134 1344 2174 lntt.
1369 2137 1419 2175 ad
1445 2135 1580 2187 Virgil.
1596 2136 1738 2187 Georg.
1752 2135 1819 2175 111.
1835 2140 1902 2177 73.

1027 2191 1075 2230 cf.
1101 2192 1151 2230 ad
1176 2191 1273 2230 Met.
1293 2190 1360 2230 Vl.
1387 2207 1425 2244 p.
1452 2197 1543 2233 405.
1576 2193 1642 2231 ubi
1665 2193 1778 2231 codd.
1804 2194 1902 2231 inter

1027 2249 1184 2300 defers.
1198 2248 1372 2300 deferes,
1385 2250 1550 2299 deserto
1561 2248 1757 2288 fluctuant.
1782 2248 1901 2288 Prae·

1026 2317 1123 2343 sens
1146 2317 1241 2342 vero
1267 2318 1337 2356 pro
1363 2306 1590 2356 imperativo
1615 2307 1708 2358 poni
1728 2305 1778 2344 ad
1799 2306 1902 2344 hunc

1025 2360 1154 2400 locum
1179 2361 1487 2400 demonstratum
1518 2366 1598 2407 est,
1629 2375 1678 2401 ea
1707 2363 1903 2401 sententia

1025 2417 1181 2468 utquod
1194 2418 1325 2456 statim
1339 2418 1415 2464 fiet,
1425 2419 1537 2469 quasi
1549 2419 1628 2457 iam
1642 2419 1718 2464 fiat,
1728 2418 1901 2470 indicet]

1082 2479 1123 2513 et
1144 2474 1337 2513 incendio
1359 2476 1554 2526 feritatis.
1593 2474 1723 2527 [Quas
1736 2474 1902 2513 aliisub-

1024 2532 1188 2569 stituunt
1211 2531 1425 2581 particulae
1441 2531 1516 2570 sed
1534 2535 1573 2569 et
1591 2536 1636 2570 at
1652 2544 1784 2570 merae
1797 2531 1901 2582 glos-

1024 2599 1096 2626 sae
1126 2590 1217 2625 sunt
1247 2587 1415 2637 copulae
1439 2592 1494 2632 et,
1526 2600 1643 2638 quam
1662 2599 1718 2625 ex
1741 2591 1902 2625 senten-

1027 2643 1166 2682 tiarum
1202 2656 1305 2680 nexu
1339 2643 1629 2682 adversativam
1664 2642 1727 2682 hic
1757 2643 1903 2681 habere

1029 2699 1264 2740 sententiam
1278 2704 1452 2750 apparet.
1479 2699 1529 2738 cs.
1542 2699 1592 2738 ad
1605 2699 1723 2751 Apol.
1736 2714 1774 2751 p.
1787 2699 1901 2752 435]

1030 2754 1130 2794 Tum
1155 2759 1302 2794 temere
1321 2756 1492 2795 Wower.
1516 2768 1568 2793 ex
1586 2757 1674 2793 solo
1695 2756 1781 2794 cod.
1795 2755 1902 2794 Bert.

1030 2815 1164 2851 contra
1193 2816 1348 2851 ceteros
1373 2813 1478 2851 Mss.
1503 2816 1543 2850 et
1573 2811 1675 2851 Edd.
1706 2816 1748 2850 et
1778 2812 1901 2850 Scriv.

1029 2872 1265 2919 receperunt,
1280 2870 1532 2919 ferocitatis,
1560 2868 1649 2907 licet
1671 2868 1805 2906 iuvent
1826 2868 1901 2907 loci

1026 2937 1065 2975 p.
1091 2926 1185 2966 549.
1217 2925 1342 2964 nimia
1371 2925 1650 2976 ferocitate
1672 2926 1899 2964 saevientes.

1024 2979 1113 3018 sed
1143 2995 1216 3019 non
1248 2980 1376 3019 minus
1403 2980 1565 3030 probum
1591 2983 1655 3018 est
1675 2981 1826 3030 feritas
1850 2981 1902 3019 (le

1028 3035 1111 3074 sera
1135 3036 1235 3087 ipsa.
1262 3035 1312 3074 cf.
1336 3035 1436 3073 Pric.
1463 3035 1512 3074 ad
1539 3036 1575 3074 h.
1592 3035 1614 3073 l.
1641 3034 1718 3074 Cic.
1745 3036 1796 3074 de
1820 3035 1901 3076 Off.

1027 3091 1091 3131 nt.
1107 3095 1143 3132 6.
1166 3094 1347 3142 feritas
1373 3092 1543 3131 belluae.
1562 3092 1899 3142 AputMetNllt.

1026 3161 1063 3199 p.
1092 3152 1186 3189 512.
1213 3148 1317 3200 quid
1339 3149 1562 3198 feritatis
1586 3152 1677 3188 cett.
