2221 3667
300 135 411 181 1072
553 138 600 177 L.
632 136 852 176 APULEll
881 132 1285 176 MADAURENSIS
1315 134 1861 179 METAMORPHOSEON

298 249 515 290 venerabili
537 248 776 289 continentia
797 248 873 289 rite
894 249 1084 299 servatis,
1111 248 1189 290 iam
1210 248 1291 289 dies
1313 249 1451 289 aderat
1468 249 1601 289 divino
1621 250 1839 291 destinatus
1857 251 2096 301 vadimonio,

298 314 337 346 et
372 307 431 346 sol
469 313 656 349 curvatus
691 305 917 345 intrahebat
952 319 1172 360 vesperam.
1245 305 1349 346 Tum
1391 318 1483 346 ecce
1506 306 1722 346 -confluunt
1755 307 1926 361 'undique
1961 308 2100 348 turbae

298 375 501 403 sacrorum
522 362 601 402 ritu
620 368 800 412 vetusto,
832 362 956 402 variis
976 362 1140 416 quisque
1159 362 1388 413 muneribus
1409 376 1470 403 me
1484 362 1741 412 honorantes.
1796 363 1916 403 Tunc
1942 364 2101 415 semotis

298 420 434 473 procul
459 418 635 474 profanis
662 419 864 470 omnibus,
892 418 1014 460 linteo
1039 419 1206 473 rudique
1230 433 1292 460 me
1317 426 1540 461 contectum
1561 419 1780 460 amicimine
1802 426 1962 473 arrepta
1985 433 2104 460 manu

299 559 459 588 servatis.
497 558 571 587 Iam
592 559 642 590 ita.⁴
659 559 829 595 distinguit
850 560 978 588 vicent.
1027 559 1148 589 aberat
1169 562 1205 590 G.
1227 561 1263 589 1‘.
1283 561 1321 588 Ι).
1370 558 1557 588 eliminatus
1577 561 1613 590 F.
1628 562 1660 590 3.
1707 559 1862 587 intrabat
1878 562 1913 590 G.
1928 561 1963 588 P.
1977 561 2015 588 D.
2030 560 2105 588 Bas.

298 606 440 633 Florent.
462 605 493 634 ³.
514 605 548 634 in
567 606 722 634 contextu
742 607 837 634 habet
858 603 1058 632 intrahebat
1077 607 1133 635 sed
1155 615 1172 634 e
1191 606 1407 643 correctione,
1433 613 1509 635 nani
1530 606 1667 640 antiqua
1685 605 1783 635 lectio
1802 605 1923 635 ferebat
1938 603 2106 634 intrabat.

302 649 462 677 trahebat
476 647 512 679 F.
528 651 566 688 1.¹
583 648 750 679 introibat
765 660 798 685 φ.
813 647 842 679 δ.
866 652 903 679 ln
924 653 998 680 cett.
1017 649 1229 680 intrahebat.
1278 649 1332 678 sol
1349 654 1493 679 curatus
1511 651 1546 685 Ο.
1595 645 1797 679 incarnatas
1811 649 1944 678 vetusta
1960 659 1989 685 p.
2039 653 2106 678 tum

299 703 373 723 eece
387 697 457 724 edd.
474 696 665 734 p'ieraeque,
691 700 724 725 ut
739 696 810 725 edd.
824 699 902 725 vett.
917 697 1262 726 colv.Vu1c.2.E1m.
1278 700 1306 725 et
1323 696 1355 725 in
1370 697 1544 725 collatione
1557 697 1593 725 F.
1609 698 1639 725 3.
1659 696 1739 726 nihil
1759 696 1931 726 varietatis
1944 699 2108 725 eumarum

299 745 357 771 est.
383 741 466 770 Hinc
481 744 550 769 tum
565 742 695 771 retinui.
744 734 901 768 turbatae
915 741 936 770 f.
951 745 1032 770 teste
1045 743 1186 779 Roaldo,
1211 743 1267 771 seit
1284 742 1317 770 in
1331 741 1411 771 Oud.
1426 733 1535 771 collat.
1548 742 1645 770 liuius
1660 743 1728 770 cod.
1743 736 1791 771 est
1807 741 1893 770 tube.
1918 742 2026 770 Pseu-e
2037 741 2108 769 iun-

298 789 415 823 gebant
443 786 571 822 quidem
598 783 718 814 turbae
731 787 908 814 sacrorum
923 787 994 815 rita
1009 789 1158 823 vetusto,
1184 781 1303 815 variis.
1329 787 1406 816 Post
1433 786 1553 815 turbae
1572 788 1656 816 enim
1676 790 1743 816 erat
1770 784 2032 823 distinguendum
2043 807 2050 820 ,
2076 790 2109 814 ut

300 836 384 862 recte
396 835 611 861 observarunt
626 833 696 861 edd.
712 832 919 868 posteriores,
934 836 963 861 sl
977 832 1104 867 quidem
1118 833 1383 870 distinguendum
1396 836 1456 861 est.
1482 836 1664 860 onerantes
1678 834 1703 861 B
1728 833 1764 862 11·
1779 834 1849 862 edd.
1861 837 1938 862 vett.
1952 839 2055 866 usque
2070 832 2109 860 ad

299 878 388 908 Colv.
409 882 537 912 praeter
551 880 634 907 Iunt.
649 879 679 907 2.
699 877 798 908 solita
815 877 1016 913 variatione,
1042 877 1137 907 cuius
1151 878 1402 913 explicationem
1417 878 1468 907 dat
1484 878 1650 913 scriptura
1662 877 1709 906 ed.
1725 886 1771 913 pr.
1787 879 1984 905 onerantes.
2021 873 2110 914 'pro-

299 923 402 951 scim's
423 922 572 951 munibus
596 922 863 961 (nonprosce‘m'o
884 926 919 951 ut
937 923 1068 958 Sciopp.
1089 923 1123 952 in
1142 925 1239 958 Susp.
1258 924 1298 952 11.
1314 925 1344 952 si.
1365 927 1393 952 et
1414 924 1526 957 symb.
1542 919 1679 962 profert)
1694 927 1741 952 est
1757 923 1788 952 in
1802 925 1856 959 B.,
1883 920 1967 953 unde
1981 923 2110 951 modius

300 969 437 1012 coniecit
447 964 628 1005 praa-ima.
676 967 763 995 lineo
777 969 846 997 cod.
861 964 1027 998 Petrareh.
1077 968 1181 996 linteo
1196 971 1228 996 et
1244 966 1323 997 radi
1334 971 1370 997 G.
1386 970 1421 997 P.
1436 971 1472 998 L.
1489 969 1579 999 Colv.
1595 971 1688 998 Vulc.
1704 970 1786 998 Elm.
1801 969 1922 999 Florid.
1959 967 2064 996 linteo
2079 970 2109 994 e!

300 1016 416 1054 radiet}
436 1025 592 1060 (utraque
613 1025 722 1053 littera
741 1027 781 1053 ab
805 1026 917 1054 eadem
936 1033 1032 1054 manu
1055 1025 1256 1060 perscripta)
1276 1027 1314 1054 1).
1341 1024 1444 1052 linteo
1459 1028 1491 1052 et
1506 1024 1651 1062 undique
1666 1028 1755 1053 cont.
1769 1027 1806 1053 B.
1830 1027 1865 1054 ln
1881 1028 1956 1053 cett.
1971 1023 2112 1061 rudique

298 1075 331 1100 ut
348 1073 380 1101 in
394 1073 429 1101 F.
440 1073 470 1100 3.
485 1075 514 1100 et
531 1073 566 1099 F.
579 1072 607 1100 1.
623 1071 655 1098 in
669 1072 832 1104 excerptis
846 1072 886 1099 ad
900 1078 1001 1107 marg.
1017 1072 1067 1099 ed.
1078 1072 1169 1099 Colv.
1188 1071 1640 1105 111conationeLimenai-og.
1664 1069 1742 1098 rudi
1755 1079 1818 1108 quo
1833 1079 1929 1106 quam
1943 1070 2113 1099 lectionem

299 1118 379 1146 oud.
393 1117 578 1152 ignorabat.
602 1118 687 1145 Elm.
701 1121 743 1144 ex
757 1119 816 1144 hoc
831 1117 901 1145 cod.
926 1115 1070 1153 rudique
1082 1120 1202 1145 enotat.
1250 1115 1353 1143 linteo
1374 1119 1408 1143 et
1427 1115 1593 1144 rmh'miae
1613 1119 1769 1145 coniectu
1789 1118 1824 1145 Ο.

1873 1123 1923 1144 me
1942 1122 2112 1151 perperam

300 1165 412 1192 exulat
427 1162 461 1191 in
474 1162 545 1191 edd.
560 1161 645 1190 Prie.
659 1163 691 1191 et
704 1162 852 1190 &Vowen
866 1162 946 1191 End.
960 1162 1102 1190 Scriver.
1117 1163 1195 1191 dam
1208 1161 1311 1190 linteo
1328 1160 1472 1199 undique
1486 1170 1544 1192 me.

302 1278 341 1312 et
355 1272 525 1313 initiandi
542 1273 772 1311 iubebantur
790 1272 843 1311 cs.
861 1272 946 1311 lntt.
967 1272 1018 1311 ad
1033 1271 1175 1312 Tibull.

304 1330 328 1369 Ι.
345 1334 380 1371 3.
396 1334 461 1372 26.
486 1326 666 1381 Proper-t.
693 1328 736 1367 ll.
766 1333 829 1369 33.
857 1330 973 1381 plane
999 1330 1179 1379 neglecta

301 1389 362 1426 sit.
411 1387 675 1426 Nihilominus
698 1382 908 1426 cibariam
932 1387 1181 1439 voluptatem

302 1444 541 1485 retinendum
574 1447 654 1487 est,
683 1445 913 1494 praesertim
946 1443 1050 1494 quod
1081 1443 1182 1482 haee

304 1502 421 1540 dictio
446 1496 578 1552 paullo
605 1500 833 1538 insolentior
856 1505 897 1538 et
922 1499 1100 1538 librarios
1121 1514 1180 1539 re-

303 1572 465 1598 neream
496 1558 532 1597 in
565 1554 763 1597 cibariam
799 1561 1015 1596 mutaturos
1053 1557 1179 1595 fuisse

306 1616 371 1652 vix
384 1614 596 1666 putandum
612 1618 684 1652 est.
734 1612 847 1651 Hanc
866 1614 979 1663 igitur
998 1613 1180 1652 cibariam

307 1672 547 1724 voluptatem
572 1670 698 1708 resero
724 1670 774 1708 ad
799 1670 961 1708 delicias
981 1674 1020 1708 et
1040 1670 1182 1721 gaudia

305 1741 456 1767 coenae
470 1727 718 1777 elegantioris
733 1730 773 1764 et
785 1726 1053 1772 affluentioris,
1080 1740 1183 1777 quae

307 1785 497 1825 accedunt
533 1785 652 1822 verba
687 1797 817 1836 neque
859 1782 987 1823 allam
1029 1783 1186 1822 mzimal

308 1854 425 1881 essem
444 1846 483 1880 et
503 1841 677 1893 invinius
700 1853 818 1879 essem
833 1853 881 1879 ea
895 1841 1064 1879 indicant
1083 1853 1185 1891 quae

308 1911 401 1951 prae
416 1898 563 1947 >ceteris
581 1897 739 1936 vitanda
765 1898 842 1935 sint
867 1897 1066 1936 initiando.
1115 1895 1186 1935 llla.

308 1958 440 2007 itaque
455 1956 573 1993 verba
585 1954 882 2006 temperantiam
896 1954 1186 2000 suadent‚haec

307 2025 433 2051 rerum
459 2011 714 2063 quarumdam
739 2011 1040 2064 abstinentiam]

366 2083 495 2108 essem.
545 2067 630 2120 [De
656 2068 730 2106 hac
761 2067 884 2107 forma
909 2072 1110 2107 contracta
1133 2069 1187 2107 si-v

309 2126 547 2177 milibusque
565 2126 805 2177 praeceteris
832 2124 879 2164 es.
895 2126 1016 2164 Voss.
1032 2126 1081 2164 ad
1096 2125 1181 2163 Ari-

310 2182 454 2222 starch.
481 2181 526 2222 T.
551 2182 595 2220 ll.
623 2196 659 2233 p.
686 2186 767 2221 882
793 2195 881 2234 sqq.
914 2182 1049 2221 Eckst.
1077 2182 1182 2220 Cort.

310 2241 360 2279 ad
373 2240 521 2278 Lucan.
535 2238 603 2278 Vl.
624 2243 721 2280 267.
745 2238 842 2279 Met.
868 2239 934 2278 lv.
960 2253 997 2291 p.
1024 2243 1117 2280 287.
1144 2243 1185 2278 et

310 2297 359 2336 V.
385 2310 423 2348 p.
450 2295 562 2349 419]

367 2353 610 2393 intrahebat.
650 2352 827 2407 [Vellem
853 2352 955 2392 Oud.
982 2354 1094 2392 nobis
1120 2355 1184 2392 de-

311 2414 593 2456 monstrasset,
624 2423 702 2461 qua
732 2411 928 2449 sententia
954 2410 1095 2449 locutio
1122 2410 1185 2449 sol

313 2470 548 2508 incurvatas
582 2468 766 2507 intrabat
802 2481 1026 2518 vesperam.
1070 2481 1186 2518 quam

314 2526 520 2564 lectionem
536 2524 690 2575 probari
704 2537 828 2575 posse
841 2524 1008 2569 dicebat,
1028 2524 1187 2562 defendi

314 2585 466 2633 posset.
537 2580 624 2632 Ego
659 2581 734 2619 nisi
772 2585 945 2620 contorta
981 2585 1021 2619 et
1056 2581 1189 2633 inepta

314 2639 464 2677 ratione
501 2638 539 2676 id
577 2638 656 2676 lieri
691 2651 816 2690 posse
852 2651 967 2690 negO.
1027 2637 1129 2677 Hinc
1165 2651 1189 2676 a

315 2697 507 2747 scriptura
531 2696 761 2747 optimorum
787 2695 899 2734 codd.
926 2695 1188 2734 recedendum

317 2757 356 2791 et
379 2766 431 2791 ex
454 2752 541 2790 aliis
562 2752 764 2790 deterioris
784 2756 899 2791 notae
923 2752 1188 2803 recipiendum

316 2814 380 2848 est
392 2808 642 2855 intrahebat,
669 2809 773 2860 quod
788 2810 947 2861 probam
969 2808 1088 2849 efficit
1101 2822 1189 2847 sen⁴

314 2868 486 2906 tentiam.
534 2865 631 2904 Item
657 2866 851 2918 Apuleius
887 2866 983 2905 dixit
1017 2866 1113 2905 Met.
1138 2865 1188 2904 V.

319 2938 354 2976 p.
387 2926 481 2964 359.
512 2937 709 2975 ves-perna
739 2928 898 2963 noctem
922 2924 1108 2963 trahente
1137 2923 1188 2961 de

320 2994 488 3033 vespera
518 2993 635 3031 quam
664 2981 773 3032 brevi
802 2993 879 3019 nox
902 2983 1086 3020 secutura
1110 2984 1186 3027 est,

320 3039 405 3076 eius
424 3037 536 3088 quasi
557 3051 691 3076 comes
710 3042 750 3076 et
768 3037 938 3077 assecla.
998 3037 1057 3077 lta
1069 3036 1186 3076 Ovid.

320 3094 418 3132 Met.
450 3093 477 3133 Ι.
510 3098 602 3135 219.
640 3095 945 3134 traherent
973 3109 1062 3134 eam
1099 3108 1190 3134 sera

324 3151 565 3203 crepuscula
590 3156 798 3198 noctem,-
838 3151 985 3192 Lucan.
999 3150 1056 3189 vl
1094 3155 1188 3194 335.

1237 1278 1277 1312 et
1302 1287 1381 1325 per
1411 1287 1561 1312 semmaa
1590 1274 1682 1325 poli
1716 1273 1924 1314 Phoebum
1960 1272 2117 1312 trahit

1239 1331 1366 1370 altior
1379 1335 1520 1370 aestas.
1556 1329 1661 1368 Cave
1675 1340 1765 1368 vero
1787 1342 1835 1368 ne
1855 1343 1940 1368 cum
1954 1328 2060 1368 Flor.
2078 1331 2113 1369 1.

1239 1391 1279 1425 et
1293 1398 1343 1425 ex
1354 1387 1450 1425 locis
1465 1387 1582 1425 modo
1598 1388 1775 1426 excitatis
1792 1387 1904 1437 tegas
1914 1385 2112 1426 trahebat.

1240 1445 1276 1482 in
1292 1444 1397 1494 quod
1413 1443 1734 1483 Etm.in‹:1inavit.
1786 1443 1998 1482 [atrahere
2012 1442 2112 1480 enini

1239 1502 1363 1539 rarius
1378 1504 1439 1538 est
1453 1501 1704 1545 vocabulum,
1724 1500 1828 1551 quod
1843 1499 1947 1550 apud
1968 1498 2113 1537 nullum

1239 1561 1422 1609 quantum
1438 1557 1552 1595 video
1566 1558 1792 1608 scriptorem
1806 1555 2115 1607 praeterApule-

1240 1616 1316 1653 ium
1337 1614 1494 1664 legitur,
1531 1613 1744 1652 ct·.Met.V.
1766 1627 1803 1663 p.
1825 1616 1917 1652 357.
1938 1612 2117 1651 sulcatos

1240 1670 1497 1709 intrahens
1509 1668 2119 1722 yressas,ubicodd.itidempec-

1243 1732 1344 1766 cant.
1369 1726 1477 1765 Fest.
1492 1740 1524 1765 s.
1538 1731 1575 1764 v.
1591 1739 1627 1777 p.
1644 1730 1709 1767 82.
1724 1726 1857 1772 Lind.,
1877 1725 1981 1777 apud
2002 1737 2118 1777 quem

1244 1785 1279 1822 in
1295 1783 1566 1822 contumeliam
1581 1783 1734 1822 trahere
1748 1783 1949 1835 significat.
1962 1781 2118 1821 Lectio-

1245 1843 1303 1879 nis
1319 1842 1486 1880 varietas
1501 1853 1550 1878 ex
1565 1844 1745 1892 corrupta
1759 1839 1955 1878 scribendi
1967 1840 2119 1877 ratione

1244 1899 1589 1937 intraebatexorta
1605 1897 1841 1949 est,i(lquod
1856 1896 2001 1947 optime
2015 1896 2117 1934 evin-

1245 1957 1295 1994 cit
1307 1955 1497 2006 scriptura
1512 1955 1729 1999 tranabat,-
1756 1954 1844 1992 binc
1859 1953 1950 2004 quid
1966 1952 2117 1992 facilius

1247 2026 1362 2063 quani
1386 2012 1573 2051 intrabat
1594 2011 1732 2049 exoriri
1757 2010 1924 2063 potuerit
1948 2010 2040 2050 nihil
2062 2011 2116 2047 vi-

1243 2070 1330 2108 deo.
1380 2068 1494 2107 Hanc
1519 2070 1725 2120 germinam
1752 2069 1876 2106 fuisse
1902 2066 1986 2105 cod.
2013 2065 2058 2105 F.
2080 2069 2117 2106 3.

1242 2126 1449 2165 lectionem
1465 2140 1538 2164 non
1554 2139 1674 2177 nego,
1695 2138 1811 2176 quam
1825 2123 1952 2175 velex
1964 2123 2119 2175 ingenio

1243 2196 1316 2221 suo
1341 2182 1404 2221 vel
1431 2196 1480 2222 ex
1505 2182 1584 2221 alio
1610 2182 1746 2221 codiee
1771 2185 1915 2234 postea
1939 2179 2118 2227 librarius

1244 2241 1391 2293 optime
1417 2239 1612 2292 correxit]

1301 2320 1558 2360 honorantes.
1586 2319 1801 2372 Vulgatum
1815 2318 1919 2371 quod
1934 2321 2016 2357 erat
2029 2321 2119 2357 ante

1247 2377 1423 2416 Coti-ium
1434 2382 1647 2417 onerantes
1662 2376 1722 2414 hic
1736 2375 1850 2415 facile
1864 2373 1960 2414 tueri
1975 2378 2119 2426 potest.

1246 2433 1403 2486 Passim
1427 2434 1529 2473 enini
1556 2433 1692 2472 dicitur
1725 2433 1889 2472 onerari
1914 2432 2119 2476 laudibus,

1246 2492 1386 2537 donis,
1430 2491 1655 2530 honoribus
1697 2490 1925 2542 praesertim
1961 2488 2119 2533 alienis,

1248 2547 1295 2586 cf.
1321 2547 1390 2586 Dr.
1416 2547 1467 2586 ad
1493 2547 1562 2586 Sit.
1591 2547 1653 2586 ΙΙΙ.
1683 2551 1745 2587 15.
1771 2545 1909 2585 Heius.
1936 2546 1988 2585 ad
2012 2545 2118 2594 Virg.

1247 2600 1346 2645 Aen.
1362 2603 1414 2644 Χ.
1428 2609 1521 2646 558.
1537 2603 1684 2657 [Burin.
1699 2603 1749 2641 ad
1762 2602 1984 2642 Phae‹lr.V.
2000 2606 2039 2642 5.
2053 2605 2119 2642 20.

1249 2660 1350 2700 Cort.
1376 2662 1426 2700 ad
1452 2659 1549 2701 Sall.
1576 2660 1657 2713 lug.
1686 2664 1750 2701 12.
1775 2674 1812 2711 p.
1839 2659 1950 2712 4583
1977 2662 2017 2697 et
2041 2671 2119 2696 cre-

1247 2719 1414 2757 berrime
1450 2718 1527 2757 hae
1564 2731 1683 2769 voces
1720 2716 2019 2763 conl'unduntur3
2070 2714 2119 2754 cs.

1250 2775 1463 2817 Comment.
1483 2775 1533 2814 ad
1550 2775 1702 2827 Auson.
1720 2772 1912 2826 Protrept.
1926 2775 1990 2814 96.
2015 2771 2119 2810 Bou-

1248 2833 1342 2872 hier.
1367 2832 1419 2871 ad
1442 2831 1550 2871 Petr.
1575 2831 1625 2870 de
1649 2830 1696 2871 B.
1722 2829 1765 2870 C.
1790 2843 1823 2869 v.
1847 2834 1938 2871 156.
1985 2828 2119 2868 Arutz.

1247 2889 1298 2927 ad
1323 2888 1421 2928 Plin.
1443 2882 1642 2940 Panegyr.
1670 2902 1700 2926 c.
1728 2891 1811 2935 243
1841 2885 1938 2925 infra
1961 2885 2014 2924 ad
2028 2885 2122 2932 Flo--

1246 2946 1316 2985 rid.
1344 2951 1377 2987 1.
1406 2960 1579 3000 quereus
1605 2945 1799 2995 cornibus·
1822 2947 2039 2982 onerata.

1299 3037 1498 3090 profanis
1523 3036 1714 3076 omnibus.
1774 3033 1935 3073 Modius
1961 3032 2122 3085 legebat

1243 3094 1469 3147 proximis,
1496 3093 1602 3146 quod
1620 3092 1714 3131 nulli
1733 3089 1953 3129 adfuissent
1966 3090 2120 3142 profani

1248 3151 1322 3190 sed
1347 3151 1423 3190 soli
1449 3151 1597 3190 initiati.
1629 3150 1684 3188 At
1708 3147 1918 3188 verisimile
1942 3162 2017 3187 non
2044 3150 2118 3193 est,
