2155 3590
646 151 839 193 LIBER
863 149 984 189 Vm.

1045 146 1174 187 CAP.
1200 144 1320 184 XIV.
1803 131 1884 175 691

80 273 300 317 reddidere.
349 267 586 324 Thrasyllus
610 280 709 307 vero
734 263 904 319 cognitis
931 260 1127 311 omnibus,
1155 256 1347 311 nequiens
1371 253 1555 294 idoneum
1581 248 1747 290 exitium
1775 259 1889 300 prae·

78 330 185 374 senti
219 328 331 369 clade
367 326 558 376 reddere,
597 330 807 376 certusque
839 327 950 360 tanto
983 316 1150 359 facinori
1187 327 1260 354 nec
1298 311 1471 366 gladium
1508 308 1708 355 sufficere,
1748 309 1888 358 sponte

82 446 201 476 «indere
219 454 274 481 pro
294 443 467 472 reddidere
486 443 578 471 Colv.
597 442 692 471 Vulc.
713 442 812 469 Merc.
860 436 1010 465 omuibus
1029 433 1173 472 cognitis
1193 429 1222 460 δ.
1269 428 1413 457 exitium
1432 427 1469 455 F.
1484 427 1515 454 3.
1535 426 1571 453 G.
1587 425 1616 452 1.
1630 424 1662 451 2.
1682 423 1721 452 D.
1734 424 1764 450 et
1778 426 1889 449 omnes

83 495 153 523 edd.
168 500 250 527 quas
264 499 322 527 ego
337 490 484 519 conferre
498 492 650 522 poteram.
677 488 725 514 De
739 485 809 513 suis
823 485 912 511 codd.
928 482 1046 511 ceteris
1061 481 1140 509 Oud.
1154 478 1237 507 nihil
1257 477 1346 504 affert
1357 496 1365 511 ‚
1390 473 1447 501 sed
1465 470 1648 499 verisimile
1666 471 1733 501 est,
1758 465 1889 493 exitum

83 547 156 569 eum
175 546 235 567 suo
255 537 401 571 periculo
420 534 553 570 legisse.
591 531 721 559 artium
741 527 770 559 δ’.
792 537 811 558 a
831 537 873 558 m.
891 536 923 563 p.
966 524 1148 564 praesenti
1159 520 1256 552 clade
1273 521 1311 550 F.
1325 521 1357 549 3.
1372 520 1407 548 G.
1424 519 1454 547 1.
1468 518 1499 546 2.
1514 516 1552 544 Ι).
1567 515 1603 544 0.
1618 514 1640 543 f.
1655 515 1691 542 P.
1706 513 1784 542 Bas.
1801 512 1829 541 1.
1853 511 1891 539 ln

81 588 155 614 cett.
165 580 346 622 praesenta·
355 578 455 608 cladi.
481 576 679 606 Praesentis
692 577 787 605 habet
802 576 917 604 venet.
935 574 968 603 2.

83 671 239 712 inunita
269 670 332 708 his
362 667 513 706 verbis:
548 664 657 711 „Per
688 663 872 702 munitam
897 674 957 699 se-

84 728 279 782 pulturam
306 726 582 764 monimentum
609 720 826 772 expressit,
853 717 958 769 quod

85 799 184 824 sane
221 783 376 821 differre
414 781 563 818 videtur
598 792 622 816 a
652 776 882 829 sepulchro,
919 778 960 812 ut

85 840 337 893 sepulchrum
365 842 476 876 esset
501 835 665 888 quaevis
687 832 842 872 humilis
862 836 959 869 stru-

87 903 194 937 ctura
219 901 258 935 et
283 896 460 935 fortuitus
486 906 642 944 cespes.
674 889 958 928 Monimentum

89 954 299 993 Mausolea
337 956 376 990 et
411 951 598 1002 hypogea
634 950 804 992 notaret,
855 944 959 996 quod

90 1012 247 1063 quidem
295 1009 441 1048 munita
497 1010 633 1044 essent
688 1002 865 1041 maceriis
921 1005 959 1038 et

88 1068 312 1111 structuris,
361 1065 458 1104 loeis
501 1061 769 1101 adiacentibus
811 1064 850 1096 et
891 1057 962 1096 ad-

90 1124 341 1163 haerentibus
390 1136 425 1159 in
476 1121 663 1158 culturam
715 1120 753 1154 et
800 1114 961 1152 tutelam

91 1195 223 1219 eorum
260 1179 508 1222 cedentibus,
547 1174 648 1225 quod
687 1177 768 1211 toto
796 1171 877 1209 fere
904 1184 959 1208 or-

90 1235 348 1289 thographiae
375 1235 459 1273 libr.
483 1233 669 1284 probatur
689 1234 728 1266 et
751 1227 963 1280 praecipue

90 1308 129 1346 p.
147 1298 239 1334 732.
256 1296 347 1333 753.
364 1295 444 1332 876
469 1293 511 1327 et
535 1291 647 1330 983..
671 1286 735 1324 ubi
761 1284 862 1323 haec
873 1286 964 1321 sunt

91 1351 222 1395 verba,
247 1362 349 1399 quae
375 1347 423 1386 ad
451 1347 578 1384 locum
606 1342 763 1394 Apuleii
788 1341 882 1379 mire
910 1339 963 1377 sa-

47 1420 53 1424 ·
91 1408 209 1446 ciunt:
238 1407 459 1445 structura
485 1416 573 1441 cum
598 1400 803 1439 ηιηηὶΐηνα
828 1409 964 1436 sarco-

90 1464 229 1518 plmyi
254 1462 378 1501 reteri
399 1459 540 1513 felicis
565 1471 607 1509 p.
635 1470 682 1508 p.
706 1456 788 1494 suis
811 1455 962 1505 impen-

93 1521 177 1559 diis
198 1520 304 1572 fecit
328 1522 419 1563 etc,
451 1528 553 1567 quae
578 1513 641 1551 bic
665 1512 872 1551 munitm-a
899 1522 965 1560 ap-

92 1577 277 1631 pellatur,
303 1574 402 1613 alias
428 1573 711 1611 munimentum
733 1567 869 1606 dicitur
887 1566 965 1603 illis

91 1633 292 1672 veteribus
329 1629 562 1673 marmoriis,
599 1630 640 1665 ut
677 1639 713 1676 p.
746 1628 839 1666 906.
873 1626 966 1663 907.

94 1695 189 1731 908.
238 1688 344 1741 Ergo
371 1687 465 1726 illud
491 1684 765 1723 monimentum
792 1694 813 1719 a
839 1679 969 1731 sepul-

94 1748 187 1787 chro
214 1745 386 1784 ‹liffeu.“
411 1742 575 1780 Vulcan.
602 1741 821 1778 coniectura
845 1741 968 1776 uncta

95 1803 419 1853 neminiimquam
433 1798 586 1851 probari
604 1800 754 1848 potest,
781 1807 896 1845 quum
920 1806 967 1830 ne

95 1874 165 1913 per
178 1859 502 1899 constructionem
518 1853 674 1906 quidem
689 1853 763 1890 nisi
776 1851 967 1889 duriorem

94 1918 183 1956 ferri
210 1919 344 1968 queat,
369 1916 523 1953 minuta
542 1911 730 1960 denique.
758 1907 861 1958 quod
882 1906 968 1945 cod.

96 1974 185 2014 Fux
198 1973 378 2025 praebet,
406 1969 578 2020 dignitati
595 1966 774 2005 Charites
790 1978 863 2002 non
880 1977 968 2001 con-

98 2032 212 2069 venit.
239 2029 342 2068 Oud.
356 2026 502 2065 Brantii
519 2024 779 2063 coniecturam
796 2022 837 2059 in
854 2021 970 2060 emita

98 2087 306 2139 amplexus
333 2088 407 2129 est,
434 2081 762 2135 praepositionem
789 2090 839 2115 ex
863 2089 971 2114 more

101 2143 258 2196 Apuleii
306 2140 506 2179 abundare
548 2149 752 2189 perperam
789 2146 970 2172 censens.

101 2200 278 2254 [Optime
303 2211 396 2236 vero
423 2196 560 2245 legitur
585 2207 671 2231 cum
697 2191 741 2230 F.
774 2195 810 2231 3.
844 2191 971 2234 uuita,

99 2257 205 2309 quod
220 2254 454 2294 vocabulum
468 2266 542 2290 non
555 2250 684 2288 solum
704 2251 862 2300 propter
874 2260 972 2285 usus

101 2312 398 2364 infrequentiam
438 2307 590 2347 facilius
628 2321 652 2345 a
689 2304 854 2343 librariis
891 2317 972 2341 cor-

100 2372 221 2423 rumpi
249 2369 388 2421 potust,
420 2365 492 2403 sed
520 2365 610 2416 quia
634 2361 833 2414 praecedit
856 2360 972 2398 etiam

101 2429 297 2471 ablutum,
313 2425 422 2464 cuius
437 2426 638 2475 postrema
654 2419 779 2457 littera
792 2418 973 2468 sequenti

100 2483 294 2523 vocabulo
318 2480 512 2520 adhaesit.
546 2478 608 2516 De
633 2474 833 2528 participio
857 2475 973 2513 unita

102 2541 196 2581 adiri
222 2540 329 2578 iubet
352 2537 456 2576 Oud.
478 2535 575 2574 feu.
598 2533 684 2572 Cur.
704 2535 809 2584 post.
827 2544 863 2582 p.
881 2534 973 2570 137.

101 2598 155 2638 cf.
184 2597 235 2636 ad
266 2597 365 2635 Met.
395 2593 466 2632 ΧΙ.
497 2606 534 2643 p.
569 2595 663 2631 810.
712 2588 831 2628 Adde
854 2586 973 2638 Apol.

104 2670 141 2708 p.
168 2657 261 2695 422.
288 2652 406 2692 mixti
431 2655 555 2702 alque
579 2650 636 2687 im
663 2646 799 2685 mciii.
825 2644 973 2683 Arnob.

103 2710 168 2750 ΙΙΙ.
191 2717 226 2751 1.
250 2709 308 2748 lta
326 2706 613 2747 emendandum
639 2707 732 2756 puto
754 2702 881 2740 locum
900 2699 974 2738 Pe·

104 2772 200 2807 tron.
225 2768 525 2817 c.102.p.621.
552 2767 749 2813 tauquam
776 2759 842 2797 hic
865 2757 975 2797 solus

109 2824 227 2863 color
237 2826 415 2877 fissuram
426 2821 557 2873 possit
570 2821 816 2871 perrea-iere,
842 2819 973 2853 elnon

108 2881 236 2920 multa
271 2882 464 2932 oporteat
499 2875 770 2919 consentiant,
813 2875 853 2910 et
893 2884 977 2909 non

108 2937 330 2977 unitione
365 2934 445 2985 (vel
482 2933 717 2974 nuatione
753 2928 855 2968 Mss.
892 2940 976 2966 non

107 2992 293 3044 natione)
304 2991 559 3032 mendacium
575 2991 728 3029 constet
738 2986 798 3024 i.e.
808 2985 975 3030 unitate,

109 3054 152 3089 ut
177 3050 301 3088 omnia
326 3049 439 3102 quasi
456 3049 493 3086 in
513 3060 629 3086 unum
650 3047 805 3089 coacta,
831 3054 882 3079 ex
899 3054 976 3079 uno

111 3109 247 3144 tenore
276 3105 365 3146 ficta
393 3105 607 3144 videantur.
675 3101 814 3141 Unare
839 3097 978 3149 legitur

111 3162 218 3219 apud
242 3161 349 3201 Tert.
373 3162 462 3202 adv.
474 3160 593 3202 Prax.
614 3162 680 3201 27.
705 3157 769 3197 De
782 3155 978 3201 sententia

1017 659 1216 710 comparat
1241 652 1344 693 Oud.
1360 649 1510 691 Allard.
1524 647 1576 687 ad
1591 645 1681 685 val.
1698 642 1890 683 Flacc.V.

1018 719 1085 756 58.
1111 713 1227 752 ovid.
1254 709 1413 750 Heroid.
1433 705 1502 745 XI.
1532 708 1624 746 123.
1649 700 1828 741 d'Orvill.
1842 698 1893 738 ad

1020 771 1162 810 Charit.
1178 769 1246 808 IV.
1264 768 1480 819 1.p.422.,
1507 763 1571 813 qui
1596 759 1752 800 mirifice
1766 756 1892 795 addit:

1018 827 1240 867 secundum
1264 823 1485 864 amantium
1512 824 1623 864 vota,
1647 820 1690 855 ut
1708 816 1759 853 ait
1773 811 1891 866 Apul.

1021 882 1122 922 UH.
1147 896 1185 934 p.
1202 886 1293 922 162.
1319 878 1437 930 Prie]

1076 940 1271 992 nequiens
1292 937 1484 975 idoneum
1504 932 1673 972 exitium
1684 927 1895 982 praesenti

1021 997 1143 1037 clade
1155 995 1345 1034 reddere.
1373 990 1533 1030 Plurimi
1548 988 1651 1027 hunc
1667 986 1792 1024 locum
1808 996 1894 1022 cum

1021 1051 1221 1092 Stewech.
1252 1053 1304 1090 ita
1328 1047 1554 1087 emendant:
1585 1044 1780 1096 nequiens
1805 1041 1894 1079 ido-

1022 1124 1137 1150 nemn,
1163 1109 1331 1147 exitium
1348 1104 1556 1157 praesenti
1581 1100 1696 1140 cladi
1720 1097 1898 1137 reddere

1021 1181 1069 1205 ea
1093 1164 1305 1204 sententia:
1332 1162 1412 1200 lam
1437 1172 1575 1197 manus
1602 1157 1759 1195 ultrices
1774 1153 1897 1192 Thra-

1021 1223 1153 1274 syllus
1191 1222 1392 1264 senserat,
1437 1217 1594 1265 iamque
1632 1212 1788 1252 Charite
1819 1223 1897 1249 -acu

1022 1278 1153 1319 crinali
1170 1290 1257 1315 eum
1277 1280 1442 1324 utroque
1463 1271 1576 1310 oculo
1593 1271 1816 1313 orbaverat,
1837 1267 1897 1306 cui

1024 1335 1124 1375 cladi
1146 1347 1244 1372 suae
1264 1346 1338 1370 non
1360 1330 1486 1380 magis
1502 1328 1739 1365 conveniens
1755 1325 1897 1366 exitus.

1023 1405 1139 1443 quam
1175 1394 1217 1428 ut
1254 1388 1433 1426 Charites
1471 1384 1653 1434 exemplo
1693 1383 1779 1433 ipse
1824 1380 1899 1419 sibi

1023 1462 1161 1487 manus
1182 1446 1338 1485 afferret
1358 1457 1402 1482 ac
1422 1444 1540 1480 vitam
1569 1440 1668 1478 l‘crro
1694 1439 1899 1490 abrumpe-

1025 1510 1094 1545 ret.
1124 1503 1229 1542 Oud.
1268 1502 1384 1539 etiam
1415 1498 1568 1538 exitum
1606 1494 1780 1547 praefert
1810 1492 1900 1533 coll.

1025 1563 1115 1601 dict.
1141 1560 1190 1599 ad
1219 1560 1328 1597 Suet.
1352 1557 1492 1595 uomit.
1514 1568 1546 1592 c.
1563 1558 1627 1594 25.
1653 1556 1694 1590 et
1719 1565 1788 1602 pro
1808 1550 1899 1589 ‘red-

1027 1620 1130 1657 dere
1152 1616 1234 1654 vult
1262 1616 1454 1668 reperire.
1493 1610 1595 1663 [Sed
1621 1622 1759 1647 omnes
1784 1606 1899 1646 codd.

1029 1679 1161 1714 contra
1198 1672 1300 1711 Oud.
1340 1672 1529 1722 pugnant..
1573 1668 1631 1706 cui
1669 1665 1901 1704 adversatur

1029 1735 1231 1784 praetere-a
1271 1728 1378 1766 Fest.
1417 1741 1451 1765 s.
1466 1739 1500 1763 v,
1529 1738 1565 1776 p.
1592 1727 1656 1764 (31.
1695 1723 1901 1762 exitium

1028 1788 1191 1841 aveie'qni
1231 1785 1444 1838 ponebant
1482 1795 1566 1835 pro
1610 1781 1743 1825 exiiet,
1791 1791 1902 1817 nuuc

1028 1847 1197 1885 eutitium
1250 1843 1467 1894 pessimum
1512 1838 1668 1877 exitum
1716 1836 1899 1875 dicimus.

1028 1903 1082 1941 At
1120 1899 1301 1952 equidem
1334 1911 1357 1936 a
1403 1895 1579 1948 partibus
1605 1905 1739 1931 eorum
1784 1903 1901 1943 quum

1028 1963 1134 1997 stare
1177 1967 1386 2006 nequeam,
1437 1953 1501 2003 qui
1545 1951 1681 1990 exitas
1729 1954 1771 1987 et
1811 1949 1901 1988 exi-

1030 2017 1128 2055 iimn
1155 2013 1374 2065 promiscue
1393 2008 1498 2061 apud
1527 2011 1682 2046 veteres
1715 2005 1790 2044 dici
1815 2017 1903 2056 pro-

1031 2072 1220 2111 nuntiant.
1253 2069 1302 2108 cf.
1332 2067 1456 2106 Doed.
1484 2066 1580 2115 Syn.
1610 2063 1654 2102 Τ.
1682 2061 1726 2100 ll.
1751 2075 1789 2114 p.
1817 2065 1901 2107 65.,

1030 2129 1093 2167 hic
1123 2127 1294 2166 exitium
1324 2124 1482 2177 propria
1511 2135 1585 2160 sua
1619 2118 1904 2170 significatione

1031 2187 1201 2238 positum
1231 2187 1337 2235 puto,
1389 2180 1461 2219 Est
1492 2180 1593 2217 enim
1619 2178 1790 2217 exitium
1814 2175 1903 2214 ido·

1030 2257 1145 2282 neum
1171 2240 1346 2278 interitus
1371 2235 1537 2289 ὄλεθρος
1559 2235 1703 2286 dignus
1727 2237 1853 2270 morte
1864 2235 1906 2270 et

1031 2300 1148 2338 exitio
1164 2296 1365 2340 Chai-itae,
1391 2295 1518 2346 quain
1534 2291 1796 2343 explicatione
1811 2287 1905 2341 quid

1033 2355 1224 2400 offendat,
1251 2367 1324 2392 non
1338 2352 1468 2390 video.
1498 2348 1651 2388 Omnes
1667 2361 1770 2392 vero,
1786 2359 1904 2397 quan-

1032 2418 1111 2452 tum
1127 2414 1300 2455 constat,
1327 2410 1561 2460 interpretes
1576 2405 1649 2444 loci
1669 2404 1904 2443 sententiam

1033 2484 1106 2508 non
1132 2468 1418 2508 intellexerunt.
1446 2462 1551 2503 Nihil
1575 2463 1674 2500 enim
1696 2459 1904 2499 emendan-

1031 2527 1121 2565 dum
1132 2558 1141 2573 ,
1156 2529 1196 2564 at
1209 2525 1339 2578 potius
1353 2522 1549 2561 ablativus
1560 2519 1771 2572 praesenti
1783 2516 1906 2556 clade

1031 2583 1254 2622 retinendus
1291 2583 1364 2619 est.
1413 2578 1516 2617 Nam
1554 2574 1792 2626 Thrasyllus
1828 2586 1904 2611 non

1030 2643 1185 2692 poterat
1220 2638 1421 2690 repentina
1458 2639 1498 2673 et
1534 2631 1753 2671 vehementi
1792 2629 1906 2669 clade

1032 2697 1189 2749 dignum
1205 2699 1416 2748 aptumque
1434 2691 1601 2730 reddere
1615 2702 1728 2727 suum
1747 2687 1906 2725 exitium

1033 2754 1216 2794 Pharitae
1240 2756 1279 2790 et
1293 2748 1516 2802 Tlepolemi
1537 2745 1719 2799 pernicie,
1739 2748 1778 2782 et
1797 2742 1907 2781 intel-

1034 2811 1178 2863 ligens,
1204 2808 1375 2860 gladium
1401 2807 1423 2845 i.
1439 2820 1471 2843 e.
1497 2805 1665 2843 subitam
1690 2800 1825 2840 mortis
1848 2812 1907 2837 ra-

1034 2869 1179 2906 tionem
1206 2880 1279 2904 non
1307 2863 1488 2901 sul'licere
1512 2863 1618 2899 tanto
1646 2858 1822 2902 facinori,
1855 2857 1906 2894 in-

1035 2925 1124 2963 edia
1149 2924 1170 2962 i.
1185 2937 1219 2962 e.
1245 2921 1392 2960 diutina
1417 2922 1540 2957 morte
1565 2917 1731 2955 animam
1759 2912 1906 2951 elidere

1033 2981 1179 3020 statuit.
1212 2978 1379 3016 'l'antum
1407 2976 1506 3013 enim
1533 2975 1619 3025 ipse
1644 2971 1771 3010 sensit
1793 2982 1908 3008 suum

1035 3051 1129 3077 esse
1155 3037 1316 3076 crimen.
1341 3036 1383 3071 ut
1407 3045 1475 3084 pro
1502 3044 1550 3069 eo
1577 3043 1651 3067 non
1677 3028 1776 3066 satis
1799 3026 1908 3078 puni-

1033 3099 1151 3141 retur,
1165 3093 1196 3131 si
1212 3092 1343 3130 statim
1357 3091 1521 3127 animam
1537 3084 1773 3140 perefllaret.
1798 3082 1911 3121 Haec

1035 3150 1232 3192 sententia
1267 3147 1414 3203 optima
1448 3147 1521 3187 est.
1578 3143 1781 3182 Praesens
1816 3153 1908 3178 vero

1533 3200 1623 3244 44*
