2221 3667
305 136 388 177 858

304 316 539 342 veneramus
578 302 679 341 viam
717 303 902 356 capessit.

566 136 612 175 L.
644 134 864 175 APULEII
895 135 1296 191 MADAURENSIS
1326 138 1868 181 METAMORPHosEoN

217 251 278 284 0367
304 247 493 296 lacrimis,
510 259 733 299 vacuasque
751 245 912 302 {manus
927 247 1177 300 complodens
1193 248 1390 302 saepicule
1403 249 1582 302 protinus
1596 250 1779 292 inscenso
1792 266 1854 294 me
1866 260 1974 295 retro
1988 267 2104 307 quam

963 302 1051 343 Nec
1089 304 1277 344 innoxius
1308 305 1346 345 ei
1376 305 1514 354 saltem
1552 320 1760 360 regressus
1792 310 1938 350 evenit.

1998 309 2103 351 Nam

303 359 458 412 quidam
484 372 674 413 procerus
699 366 739 399 et
762 366 806 400 ut
828 359 1028 400 indicabat
1055 359 1209 401 habitus
1235 368 1352 415 atque
1377 361 1584 414 habitudo,
1613 363 1724 404 miles
1749 377 1770 404 e
1794 364 1949 419 legione
1974 368 2102 407 factus

301 507 535 546 complaudens
550 511 585 538 G.
605 511 631 537 1.
645 509 754 540 Burm.
766 511 807 539 ad
820 511 912 539 Ovid.
926 513 1002 539 Met.
1016 511 1056 539 V.
1073 512 1147 543 2²19.
1162 514 1248 540 hunc
1263 514 1368 541 10911111
1382 514 1548 542 excitavit.
1585 513 1737 542 inscenso
1750 522 1800 541 me
1818 516 1854 544 F.
1868 517 1933 544 1.3.
1944 517 1979 545 G.
1994 518 2057 545 1.·2.
2067 519 2102 545 Ο.

299 557 338 584 D.
350 557 387 583 R.
398 555 419 584 f.
428 557 850 588 L.tt.a11er1ncert.111nt.‘2.
861 556 1048 584 Coleulc.
1063 560 1091 584 et
1106 564 1191 590 seqq.
1207 557 1246 585 cf.
1262 559 1340 587 Oud.
1356 559 1394 586 ad
1404 560 1572 587 Suet.Ner.
1581 568 1606 587 e.
1617 561 1669 587 48.

1006 609 1074 637 qna
1089 602 1124 629 Ρ.
1140 605 1221 630 teste
1236 604 1345 631 u'ow.
1360 606 1389 631 et
1404 603 1437 632 in
1452 605 1614 638 excerptis
1633 606 1673 632 ad
1687 613 1787 638 marg.
1802 607 1851 634 ed.
1866 607 1954 634 Colv.
1969 608 2004 635 G.
2019 608 2048 634 2.
2065 609 2102 635 l).

301 604 329 628 91
343 601 450 629 Paris.
474 600 606 628 insenso
622 597 651 628 ὃ.
679 602 715 629 In
730 604 802 629 cett.
817 599 958 639 insesso.

1718 560 1843 587 insesso
1859 570 1890 594 φ.
1906 562 1940 589 Ρ.
1951 562 2102 590 venem.

300 647 382 675 Elm.
397 646 472 675 edit.
486 648 723 680 typothetarum
736 654 842 674 errore
855 654 956 683 qnam
971 646 1004 674 in
1019 650 1107 675 textu
1121 649 1226 677 habet.
1236 656 1333 682 quum
1348 656 1417 685 qua
1428 650 1600 683 legendum
1614 658 1686 678 esse
1699 651 1811 679 Editor
1823 651 1907 679 inter
1919 653 2104 686 sphalmata

300 699 471 726 operarum
488 691 609 720 iubeat.
636 691 677 719 cf.
697 692 736 719 de
757 690 869 718 venire
887 699 915 720 c.
934 692 1015 721 Ace.
1035 693 1076 721 ad
1097 695 1174 721 Met.
1192 694 1247 722 lx.
1268 701 1299 727 p.
1313 694 1390 722 633.

301 737 336 765 G.
351 738 380 765 2².
405 735 420 763 ί
429 737 558 765 litterae
570 740 690 772 puncto
702 736 896 771 subscripto.

302 869 453 921 [Locus
479 874 543 907 est
567 868 736 906 omnium
756 868 1004 908 difficillimus
1030 870 1175 921 quique

299 926 516 964 accuratius
575 925 842 964 consideretur
906 927 1174 977 dignissimus.

297 981 457 1020 Plurimi
478 981 591 1021 codd.
619 995 734 1032 quum
749 983 966 1034 depranse's
990 983 1172 1029 habeant,

298 1052 460 1089 quorum
475 1038 615 1077 librarii
624 1040 1008 1091 seqsvoceprandlo
1017 1040 1173 1092 decepti

298 1095 474 1133 videntur
488 1109 602 1140 esse,
627 1095 824 1146 explicant
837 1096 983 1147 aliquot
996 1096 1080 1135 Intt.
1103 1110 1173 1148 pro

295 1153 472 1204 pransis,
491 1156 534 1190 ut
546 1152 671 1190 ederit
683 1152 911 1192 hortulanus
925 1167 995 1205 pro
1010 1153 1172 1204 prandio

298 1208 495 1255 lacrimas,
521 1208 543 1246 i.
564 1222 598 1248 9.
630 1208 717 1247 1090
748 1209 906 1262 prandii,
955 1209 1057 1249 Huic
1080 1223 1172 1248 vero

297 1264 451 1303 lectioni
465 1263 587 1305 multa
598 1265 861 1304 adversantur.
886 1264 1057 1305 Primum
1071 1267 1173 1305 enim

298 1322 527 1373 depransus
551 1322 762 1361 inauditum
780 1322 898 1374 plane
919 1329 982 1362 est
1007 1325 1172 1362 vocabu-

297 1376 394 1423 lum,
425 1378 530 1429 quod
561 1379 595 1416 si
628 1378 734 1417 aliud
760 1381 1001 1430 comprobari
1026 1384 1171 1431 potest,

296 1439 446 1473 temere
465 1434 637 1486 Apuleio
657 1436 850 1474 intrudere
875 1450 949 1474 non
976 1449 999 1474 e
1022 1437 1170 1475 ratione

297 1495 379 1538 est3
411 1490 553 1529 deinde
583 1491 650 1529 ille
675 1505 838 1530 coenam
862 1493 938 1531 iam
961 1497 1170 1539 sumserat,

297 1548 337 1586 id
380 1548 486 1599 quod
527 1548 776 1599 apertissime
819 1551 1001 1588 evincunt
1035 1550 1171 1588 verba:

294 1607 426 1656 ferro,
455 1618 536 1656 quo
561 1606 817 1644 commodam
837 1607 942 1645 inter
962 1620 1055 1645 suos
1075 1620 1172 1658 epu-

298 1660 409 1699 lones
433 1674 591 1700 caseum
616 1666 739 1714 atque
757 1662 863 1701 alias
878 1663 1057 1713 prandii
1071 1676 1171 1714 par-

297 1722 354 1756 tes
367 1718 573 1756 diviserat.
627 1718 774 1757 Caseus
792 1720 933 1756 etenim
948 1719 997 1757 ad
1011 1732 1171 1756 mensas

294 1773 513 1824 pertinebat
536 1774 806 1820 secundarias,
855 1775 902 1812 cf.
929 1774 1095 1826 Buleng.
1123 1774 1172 1812 de

296 1828 492 1867 Conviviis
507 1843 592 1881 cap.
609 1834 672 1871 50.
687 1831 722 1867 111
739 1830 880 1869 Graev.
897 1831 1018 1870 Thes.
1033 1832 1167 1882 Antiq.

296 1885 341 1924 T.
371 1885 459 1924 XII.
492 1899 528 1937 p.
564 1891 655 1927 143.
688 1890 726 1924 et
756 1887 920 1926 Becker.
954 1887 1167 1934 Charicles,

296 1941 340 1980 Τ.
366 1941 393 1981 I.
418 1957 455 1994 p.
481 1946 576 1984 449.
624 1943 726 1981 Inter
749 1945 985 1983 irritamenta
1010 1945 1167 1996 potandi

294 1998 551 2046 referebatur,
599 2000 703 2038 unde
744 2001 809 2039 isti
851 2002 1043 2052 epulones
1080 2015 1168 2039 911111

295 2055 472 2102 ederant,
514 2056 668 2107 poculis
704 2058 779 2096 iam
815 2058 1070 2105 altercantes,
1118 2058 1167 2097 cs.

292 2126 331 2164 p.
357 2116 451 2154 656.
481 2113 642 2166 iamque
673 2114 735 2152 leis
765 2117 807 2152 in
828 2115 997 2166 poculis
1020 2116 1169 2155 mutuis

294 2169 607 2215 altercantibus,
645 2170 751 2220 quod
786 2171 1014 2221 poculorum
1046 2175 1168 2210 certa-

292 2238 380 2263 men
413 2230 505 2277 post
534 2226 736 2277 prandium
766 2227 893 2267 fiebat.
942 2227 1045 2267 Oud.
1075 2241 1168 2266 vero

293 2295 480 2328 caussae,
507 2283 723 2335 depransis
748 2283 890 2322 falsum
917 2298 1029 2330 esse,
1062 2285 1167 2336 quod

293 2339 556 2391 deprandere
591 2340 782 2379 lacrimas
817 2355 891 2379 non
930 2341 1003 2379 dici
1040 2343 1168 2394 possit

291 2395 344 2441 is,
370 2396 434 2447 qui
460 2395 652 2443 lacrimet,
678 2395 754 2434 sed
779 2398 842 2447 qui
870 2397 1048 2437 lacrimas
1074 2398 1166 2436 inhi-

290 2453 384 2491 beat
413 2466 564 2504 easque
599 2453 779 2499 devoret,
815 2455 1065 2493 subscribere
1102 2468 1165 2493 ne-

291 2521 408 2559 que0.
456 2508 559 2547 Oud.
591 2523 683 2548 vero
710 2509 914 2549 lectionem
942 2512 1166 2563 deprensas

289 2565 452 2617 intelligi
479 2579 602 2618 posse
626 2580 777 2617 negans
803 2581 887 2605 cum
913 2568 1001 2606 aliis
1027 2569 1166 2621 probat

292 2622 500 2674 depensis,
533 2623 555 2661 i.
577 2636 611 2661 9.
644 2623 765 2661 solvit
789 2627 828 2662 et
853 2624 960 2663 dedit
985 2624 1163 2664 lacrimas

291 2681 403 2728 quasi
417 2679 639 2718 mercedem
654 2684 692 2718 et
706 2682 868 2731 pretium
884 2681 1049 2732 prandii3
1075 2681 1164 2721 9011.

290 2734 436 2774 Florid.
454 2740 515 2777 18.
531 2750 568 2788 p.
584 2740 649 2777 91.
668 2737 891 2777 mercedem
916 2738 1166 2789 dependo;

291 2791 379 2829 dict.
401 2793 451 2831 ad
471 2792 586 2832 Caes.
605 2792 652 2832 B.
674 2792 714 2832 C.
737 2792 764 2832 Ι.
780 2799 844 2834 44.
872 2793 954 2832 Sed
974 2796 1038 2833 vix
1057 2798 1164 2846 puto,

291 2848 410 2886 talem
435 2850 668 2888 sententiam
694 2851 810 2888 totius
837 2850 908 2889 loci
935 2852 1048 2890 nexui
1075 2866 1164 2890 con-

291 2907 431 2944 venire.
454 2906 656 2945 Lacrimas
671 2907 771 2944 enim
787 2922 859 2945 non
876 2907 970 2946 sudit
983 2908 1163 2955 rusticus,

291 2965 333 2999 ut
362 2966 511 3013 gratum
541 2977 612 3015 pro
644 2977 769 3002 coena
803 2968 966 3015 accepta
997 2966 1164 3004 animum

292 3021 526 3065 ostentaret,
551 3020 661 3058 cuius
686 3021 755 3059 vix
780 3021 816 3059 in
841 3021 907 3059 tali
933 3034 1055 3060 rerum
1082 3036 1164 3073 per-

291 3075 507 3114 turbatione
532 3077 760 3115 meminisse
784 3082 955 3129 poterat,
981 3078 1055 3116 sed
1076 3080 1165 3129 quia

291 3130 454 3169 amicum
486 3133 654 3184 periisse
684 3134 851 3186 eiusque
888 3148 973 3173 cum
1011 3135 1163 3174 interitu

1437 692 1567 722 indicat
1585 696 1620 724 G.
1636 697 1666 724 1.
1680 697 1714 725 Ο.
1761 695 1866 724 milex
1879 698 1916 725 G.
1934 698 1961 725 1.
1996 695 2103 725 un'lics

1232 884 1346 923 spem
1355 872 1557 923 sportulae
1565 886 1680 924 quam
1691 872 1757 912 ille
1764 875 1994 926 promiserat
2008 876 2102 914 acci-

1231 928 1400 979 piendae
1413 930 1624 968 evanuisse
1638 931 1840 970 intellexit.
1870 932 2102 971 Prandium

1231 986 1343 1036 igitur
1355 985 1417 1024 hic
1431 986 1480 1024 de
1494 987 1683 1038 sportula,
1692 988 1741 1026 de
1755 988 1980 1027 munisculis
1994 989 2103 1026 inter-

1230 1046 1378 1092 pretor,
1405 1056 1506 1093 quae
1530 1045 1635 1095 prius
1660 1044 1773 1083 dives
1798 1044 1948 1096 hospes
1973 1044 2101 1083 hortu-

1233 1097 1321 1136 lano
1335 1101 1496 1150 pauperi
1510 1104 1592 1138 erat
1605 1101 1822 1152 pollicitus3
1837 1102 1933 1152 cllp.
1943 1105 2037 1142 656.
2047 1102 2100 1139 de

1225 1156 1417 1207 praediis
1437 1170 1519 1196 sese
1539 1157 1731 1197 datarum
1737 1159 1934 1210 frumenti
1947 1162 1985 1196 et
2005 1158 2102 1196 olivi

1231 1212 1398 1264 aliquid
1406 1213 1627 1265 etamplius
1635 1213 1720 1253 duo
1730 1215 1811 1253 vini
1821 1215 1964 1260 cados:
1973 1227 2100 1265 pran-

1230 1268 1344 1308 diam
1357 1282 1448 1308 vero
1462 1284 1530 1322 pro
1546 1270 1721 1321 sportula
1741 1271 1776 1308 in
1791 1272 2011 1309 universum
2026 1269 2102 1308 dici

1230 1338 1324 1376 prae
1333 1328 1474 1364 ceteris
1485 1327 1756 1378 imperatorum
1765 1327 2006 1378 temporibus
2015 1339 2099 1377 pro-

1228 1381 1297 1419 bat
1313 1381 1420 1420 locus
1435 1382 1603 1421 Mart.V.
1614 1386 1680 1423 49.
1694 1388 1792 1423 tanc
1812 1398 1901 1423 cum
1912 1383 2101 1434 prandia

1229 1439 1336 1476 misit
1349 1439 1592 1490 imperator,
1613 1454 1701 1479 cam
1717 1441 1954 1491 panariolis
1974 1440 2101 1478 tribas

1227 1495 1383 1539 redisti,
1404 1499 1442 1533 et
1455 1496 1679 1547 prandiam
1695 1500 1851 1547 propter
1870 1496 2100 1534 frumentum

1231 1554 1269 1588 et
1279 1552 1403 1589 vinum
1419 1552 1786 1602 dixisseApuleium
1805 1553 2012 1590 verisimile
2026 1556 2100 1590 est.

1231 1606 1347 1653 Quod
1361 1609 1394 1645 si
1409 1609 1535 1659 ponis,
1548 1609 1772 1659 prandiam
1786 1609 1885 1646 bene
1898 1608 2102 1660 respondit

1230 1665 1508 1702 sententiarum
1524 1665 1657 1707 nexui:
1681 1678 1854 1717 suosque
1874 1678 1990 1704 casas
2002 1679 2099 1717 yra-

1233 1721 1335 1758 viter
1354 1721 1625 1772 irzyenzescmzs
1710 1734 1940 1773 vacuasque
1957 1735 2100 1761 manus

1231 1776 1507 1828 complodens.
1562 1777 1881 1828 Deprehcndere
1911 1777 2100 1816 lacrirnas

1227 1845 1317 1870 vero
1337 1832 1494 1885 paulum
1514 1834 1695 1872 inusitata
1714 1835 1862 1872 ratione
1881 1834 2101 1872 dictumest

1227 1889 1276 1927 de
1301 1902 1366 1935 eo,
1394 1890 1457 1941 qui
1472 1903 1588 1941 quum
1604 1891 1835 1941 congiarium
1849 1894 2098 1941 accepturum

1226 1959 1273 1983 se
1298 1959 1390 1984 esse
1414 1951 1660 1997 speraverat,
1691 1948 1885 1997 inopinato
1919 1947 2099 1985 lacrimas

1225 2016 1295 2054 pro
1321 2016 1368 2040 eo
1391 2004 1502 2053 quasi
1523 2004 1677 2042 invenit.
1714 2003 1802 2041 Non
1824 2004 1874 2042 ita
1896 2004 2098 2042 dissimilis

1227 2063 1290 2097 est
1315 2059 1425 2097 locus
1452 2059 1705 2106 Q11int.Vl.3.
1730 2059 1759 2109 ξ.
1775 2064 1839 2101 36.
1865 2065 1910 2100 ut
1931 2074 1991 2099 me
2014 2074 2096 2098 non

1228 2115 1423 2155 lacrimae
1468 2117 1598 2156 solnm
1650 2117 2097 2168 deprehenderenoe

1227 2171 1291 2210 Ill.
1319 2176 1355 2213 6.
1381 2173 1412 2224 ξ.
1431 2178 1469 2212 1:
1497 2187 1668 2225 qnorum
1694 2174 1894 2212 inscitiam
1917 2187 1980 2212 res
2005 2174 2097 2224 ipsa

1228 2229 1575 2280 deprehendet.
1630 2229 1861 2268 Lectionem
1891 2231 2097 2280 genuinam

1225 2285 1336 2324 codd.
1359 2286 1569 2337 deprensis
1589 2285 1714 2324 fuisse
1728 2287 1867 2337 probat
1879 2285 2098 2337 corruptela

1225 2342 1336 2380 codd.
1375 2342 1424 2380 G.
1466 2348 1500 2382 1.
1537 2346 1577 2381 et
1613 2342 1662 2380 Ο.
1701 2343 1983 2393 deprehensis,
2021 2356 2098 2393 qua

1224 2399 1277 2436 nil
1310 2398 1551 2449 frequentius
1589 2402 1664 2437 est.
1738 2399 1798 2437 De
1836 2399 2097 2438 contractione

1224 2456 1448 2507 deprensas
1473 2455 1521 2495 cf.
1544 2454 1645 2494 Cort.
1665 2455 1714 2493 ad
1737 2455 1881 2493 Lucan.
1897 2454 1964 2495 Vl.
1984 2455 2095 2507 505]

1278 2526 1419 2551 manas
1432 2512 1706 2564 complodens.
1737 2512 2007 2564 Complodere
2018 2526 2098 2551 ma-

1221 2582 1296 2608 nns
1320 2568 1533 2607 dolentium
1559 2573 1621 2606 est
1646 2569 1918 2619 adspectuque
1942 2568 2007 2606 vel
2031 2582 2095 2607 au-

1223 2625 1368 2663 ditione
1392 2625 1446 2663 rei
1472 2626 1659 2675 gravioris
1685 2629 1982 2672 commotorumg
2014 2623 2097 2663 He-

1223 2681 1313 2719 liod.
1330 2680 1355 2720 1.
1375 2686 1437 2723 10.
1461 2680 1559 2734 βαρύ
1583 2698 1618 2721 ’τι
1647 2678 1860 2732 ἀνοιμώξας
1955 2679 2019 2720 καὶ
2043 2678 2097 2720 τώ

1222 2746 1318 2791 χᾰΐρε
1344 2741 1565 2792 ὃιατρὴρας,
1593 2737 1691 2776 Plat.
1706 2738 1872 2776 Axioch.
1888 2751 1925 2789 p.
1942 2737 2095 2779 365.A.

1223 2792 1452 2846 στεναγμοὺς
1465 2798 1565 2835 ἱέντα
1577 2793 1643 2835 σὺν
1658 2792 1836 2846 δακρύοις
1849 2791 1911 2833 καὶ
1921 2792 2097 2847 κροτήσε-

1223 2866 1259 2891 σι
1279 2856 1421 2904 χειρῶν.
1449 2851 1569 2904 [Prae
1588 2852 1729 2891 ceteris
1743 2853 1797 2889 ira
1812 2850 2098 2889 effervescente

1222 2907 1449 2947 affectorum
1463 2913 1542 2957 est;
1568 2908 1616 2948 cf.
1627 2908 1709 2946 lntt.
1723 2908 1773 2945 ad
1790 2907 1944 2946 Petron.
1959 2911 2098 2948 c.136.

1222 2979 1260 3016 p.
1276 2969 1370 3006 843.
1386 2965 1535 3012 Burni„
1561 2966 1624 3004 ubi
1644 2963 1747 3002 Pith.
1769 2969 1942 3003 nostrum
1969 2964 2098 3003 locum

1223 3021 1350 3060 affert.
1383 3023 1571 3074 depensis
1603 3021 1764 3072 legens;
1794 3019 2023 3060 Bourdelot.
2047 3021 2098 3060 ad

1221 3079 1347 3117 eiusd.
1363 3093 1395 3118 c.
1414 3083 1474 3119 18.
1490 3092 1526 3130 p.
1543 3082 1606 3120 90.
1621 3092 1655 3117 c.
1669 3081 1732 3119 20.
1747 3091 1784 3129 p.
1805 3081 1871 3119 95.
1896 3078 1947 3117 de
1966 3077 2096 3128 gaudi-

1224 3135 1372 3180 bundo,
1399 3140 1437 3173 et
1462 3136 1498 3174 in
1524 3135 1641 3174 risum
1666 3134 1823 3186 effuso]
