2221 3667
339 169 420 213 320

600 170 649 210 L.
679 169 898 211 APULEII
927 168 1327 210 MADAURENSIS
1356 166 1896 210 METAMORPHOSEON

339 281 512 332 iterans,
545 295 645 336 quae
675 282 779 324 beati
811 283 982 324 carceris
1014 280 1192 321 custodia
1222 287 1333 334 septa
1362 287 1403 320 et
1432 280 1624 321 humanae
1661 282 1973 323 conversationis
2011 281 2129 322 collo-

252 342 315 379 329
342 339 431 391 quio
453 337 460 394 Ι
479 338 660 390 viduata,
694 354 764 380 nec
791 340 993 380 sororibus
1025 337 1178 390 quidem
1204 336 1285 377 suis
1323 337 1368 376 de
1405 350 1448 377 se
1485 337 1752 378 moerentibus
1782 352 1893 391 opem
1919 338 2131 379 salutarem

338 396 444 435 ferre
475 408 521 435 ao
551 409 600 436 ne
629 396 765 437 videre
790 410 856 436 eas
882 395 1034 448 quidem
1060 392 1218 432 omnino
1245 400 1392 447 posset.
1443 392 1530 433 Nec
1554 393 1736 444 lavacro,
1765 407 1837 435 nec
1862 394 1942 434 ulla
1966 395 2130 448 denique

336 451 554 493 refectione
578 460 781 503 recreata,
809 452 905 491 flens
932 450 1099 490 ubertim
1123 449 1292 490 decessit
1316 450 1364 490 ad
1388 464 1583 490 somnum.

338 604 447 631 elnon
459 603 527 632 alia
541 607 589 632 est
601 604 696 632 lectio
710 605 779 631 cod.
794 604 829 630 G.
847 603 874 629 1.
890 608 945 635 pro
961 609 1046 638 quae
1060 597 1100 635 b..
1115 604 1148 629 ut
1163 602 1243 630 oud.
1258 601 1378 639 voluit,
1393 602 1447 636 qui
1461 602 1506 631 ita
1519 602 1691 630 lectionem
1699 608 1799 638 posse
1811 602 1964 631 defendit.
1987 603 2052 631 Sed
2064 609 2136 630 mos

338 650 387 676 cst
401 648 526 677 librarii
541 649 638 677 huius
654 648 792 683 codicis,
819 648 967 674 voculam
988 654 1050 683 que
1068 646 1140 674 sive
1159 650 1208 675 est
1227 647 1388 680 particula
1407 648 1480 676 sive
1500 651 1548 676 est
1568 648 1741 676 relatimm
1761 654 1781 676 a
1799 647 1963 681 praesenti
1976 648 2133 676 vocabulo

337 693 542 729 seiungendi.
580 694 662 721 Hinc
682 693 802 721 facetum
822 695 887 725 est,
915 695 947 719 ut
967 694 1066 727 alter,
1092 691 1146 726 qui
1164 694 1250 721 hunc
1270 692 1413 720 codicem
1432 693 1654 729 interpolavit,
1682 693 1736 721 ubi
1749 700 1811 729 que
1831 693 1993 728 particula
2010 695 2075 728 est,
2101 694 2138 718 et

338 745 435 772 super
447 739 612 773 scriberet,
629 742 661 766 ut
675 740 774 766 lector
786 737 896 765 statim
910 737 1121 773 discerneret,
1142 741 1250 765 utrum
1263 743 1349 766 esset
1361 740 1568 766 vocabulum.
1594 738 1654 766 Hic
1669 745 1743 766 vero
1757 738 1786 766 is
1800 738 1870 772 ipse
1883 738 2004 767 erravit
2018 741 2049 766 et
2061 744 2137 772 par·

337 783 471 812 ticulam
484 792 556 812 esse
569 788 703 818 putans,
729 785 760 809 et
775 782 1052 816 interpretamemi
1066 784 1136 811 loco
1149 782 1329 818 adposuit).

1377 790 1464 820 quae
1476 782 1545 809 bini
1557 783 1708 810 carceris
1723 793 1756 817 φ.
1769 779 1798 812 ὃ.
1811 791 1842 818 p.
1867 781 1971 817 (quae
1984 782 2080 811 lectio
2093 789 2136 811 ex

337 828 524 863 compendio
543 824 588 860 bc'i
604 832 680 856 nata
706 823 789 866 est.)
841 834 901 854 nec
920 827 1094 855 sororibus
1119 828 1155 856 F.
1174 829 1201 856 1.
1215 829 1246 856 3.
1267 829 1302 856 G.
1318 829 1346 856 1.
1362 829 1392 856 2.
1408 825 1437 856 δ.
1450 829 1488 856 D.
1511 837 1540 863 p.
1561 832 1590 856 et
1611 829 1680 857 edd.
1693 830 1771 858 vett.
1786 832 1914 862 praeter
1925 829 2040 857 Venet.
2055 829 2085 856 4.
2106 831 2136 856 et

336 873 442 902 Paris.
489 873 558 900 sm's
573 873 774 901 desideratur
786 872 819 900 in
833 881 862 907 1).
911 875 948 900 ae
963 880 1003 899 ne
1016 874 1087 901 edd.
1100 875 1176 901 vett.
1192 877 1320 907 praeter
1332 874 1380 901 ed.
1395 882 1442 907 pr.
1456 878 1485 902 et
1498 875 1580 902 lunt.
1595 875 1626 902 ⁸2.

1673 869 1732 900 nec
1746 871 1874 909 videre,
1900 874 1983 906 quod
1996 873 2076 902 Oud.
2090 873 2137 902 ait

336 919 370 946 in
383 918 493 947 multis
508 918 604 946 Codd.
618 917 699 953 legi,
726 921 851 947 tantum
864 918 897 946 in
912 919 947 947 G.
964 919 993 946 1.
1007 925 1027 947 a
1040 926 1080 948 m.
1095 926 1122 947 s.
1135 918 1257 947 inveni.
1299 925 1401 954 posse
1418 919 1454 947 F.
1470 920 1497 946 1.
1519 921 1555 948 G.
1573 920 1600 948 1.
1614 920 1646 947 2.
1665 919 1702 947 P.
1725 919 1815 949 110.
1828 915 1857 947 ὃ.
1870 926 1902 953 p.
1915 917 1939 947 f.
1975 915 2135 956 flensque

337 964 372 991 G.
386 965 419 992 2.
432 964 470 992 D.
485 964 521 992 Ρ.
567 961 733 990 uberrime
747 964 783 992 G.
796 964 825 991 1.
838 970 876 992 π.

336 1094 384 1133 cs.
410 1093 525 1133 Ovid.
550 1094 650 1134 Met.
674 1094 718 1133 11.
745 1100 837 1137 575.
865 1101 1081 1148 tempora
1106 1112 1207 1138 cum

337 1151 541 1190 blandis
577 1155 827 1205 consumpsit
860 1154 1003 1193 'inania
1028 1155 1205 1193 verbis.

335 1208 399 1246 ubi
426 1221 538 1253 cave,
573 1222 621 1246 ne
654 1222 738 1247 cum
772 1210 936 1249 blandis
967 1211 1096 1250 verbis
1120 1224 1206 1248 ver-

334 1264 425 1302 bum
457 1267 710 1318 consumpsit
732 1267 880 1317 iungas.
944 1266 1092 1305 Melius
1119 1282 1204 1305 cum

335 1321 656 1359 antecedentibus
711 1324 929 1375 precando
992 1323 1202 1375 copulatur.

333 1376 464 1416 Burni.
491 1378 541 1416 ad
561 1378 719 1416 Anthol.
741 1378 784 1418 T.
806 1379 833 1418 1.
859 1394 895 1431 p.
914 1384 1017 1426 141„
1043 1381 1107 1419 ubi
1127 1380 1204 1419 Ou-

335 1433 537 1485 dendorpii
573 1436 767 1473 sententia
806 1437 1087 1487 comprobatur.
1152 1438 1206 1476 At

333 1488 437 1529 Oud.
462 1491 547 1541 ipse
571 1491 720 1530 videtur
745 1494 1056 1532 emendationem
1081 1496 1123 1532 in
1149 1496 1205 1533 la-

334 1548 470 1586 crimis
495 1549 729 1598 praetulisse
755 1549 841 1588 coll.
870 1550 962 1588 Met.
984 1549 1028 1588 Il.
1055 1564 1090 1601 p.
1115 1556 1206 1592 157.

332 1608 503 1643 moestus
520 1606 563 1643 in
583 1606 773 1645 lacrimis.
835 1605 938 1658 [Ego
958 1612 1089 1645 contra
1109 1609 1205 1658 opti-

333 1673 420 1698 mos
447 1660 558 1699 codd.
585 1661 674 1700 nihil
702 1667 819 1701 muto.
880 1662 1089 1701 Praestare
1114 1664 1206 1702 mihi

332 1716 748 1764 videturalteralectio,
764 1720 1203 1770 quaindicatur,summo

334 1786 508 1812 moerore
528 1779 566 1812 et
581 1774 763 1826 lacrymis
777 1774 978 1827 Psychem
998 1776 1100 1814 diem
1120 1791 1202 1828 per-

335 1829 495 1869 didisse.
543 1829 748 1877 Quomodo
773 1833 963 1883 scriptura
988 1838 1122 1872 exorta
1141 1835 1203 1880 sit,

333 1886 370 1924 in
408 1886 495 1925 adn.
521 1889 598 1926 crit.
632 1902 826 1940 exponere
857 1890 996 1928 studui.
1056 1890 1120 1928 De
1151 1890 1204 1928 di-

334 1943 460 1981 ctione
482 1957 713 1984 consumere
734 1946 850 1991 (Iiem,
877 1951 1061 1998 tempora
1080 1947 1131 1986 al.
1157 1947 1204 1985 cf.

333 1998 402 2038 Dr.
428 2000 477 2038 ad
501 1999 586 2039 Liv.
611 1999 760 2039 XXIX.
788 2006 853 2042 33.
879 2002 908 2052 ξ.
931 2006 968 2043 9.
994 2002 1129 2042 Heius.
1156 2004 1206 2042 ad

334 2055 448 2094 Ovid.
469 2056 577 2095 Fast.
600 2056 660 2095 III.
681 2062 770 2099 166.
792 2058 893 2098 Oud.
914 2059 964 2098 ad
984 2059 1079 2098 Hirt.
1101 2059 1203 2098 Bell.

334 2112 449 2152 Alex.
468 2118 534 2154 47.
560 2113 669 2152 Kritz
694 2115 742 2153 ad
770 2115 866 2154 Sall.
894 2115 972 2167 Ing.
993 2120 1059 2157 25.
1086 2116 1118 2166 §.
1141 2121 1205 2157 11.

335 2168 451 2209 Goer.
481 2170 531 2208 ad
564 2170 639 2209 (fic.
672 2172 722 2209 de
753 2171 852 2223 legg.
886 2172 946 2211 Ill.
982 2177 1045 2214 18.
1076 2173 1106 2224 ᾧ.
1138 2178 1203 2214 40.

334 2225 439 2272 Erat,
465 2240 550 2265 cum
576 2229 694 2266 verba
713 2230 763 2266 ita
782 2229 1071 2281 coniungerem:
1099 2231 1205 2269 dlem

335 2288 460 2322 totum
567 2287 766 2324 consumit
788 2300 828 2324 se
853 2287 875 2325 i.
895 2300 929 2325 e.
955 2290 1105 2333 enecat,
1130 2287 1204 2326 sed

335 2353 434 2379 nunc
457 2342 689 2380 sententiam
714 2342 909 2396 retracta]

390 2454 498 2494 beati
516 2457 705 2495 carceris.
755 2455 938 2495 Codicum
951 2456 1101 2508 aliquot
1112 2459 1203 2496 scri-

333 2515 445 2562 ptura
467 2512 549 2551 bini
568 2511 759 2563 deceptus
773 2513 943 2553 ivon-er.
965 2515 1127 2553 coniecit
1147 2515 1207 2553 di-

332 2568 427 2614 vini,
453 2581 567 2619 quam
594 2569 904 2608 emendationem
929 2570 1070 2610 refutat
1089 2570 1206 2617 Oud.,

335 2625 425 2676 quia
447 2623 608 2677 Psyche
637 2625 765 2665 adhuc
795 2628 996 2673 nescierit,
1022 2641 1108 2666 eam
1138 2628 1205 2666 do-

333 2694 436 2719 mum
468 2695 562 2720 esse
594 2683 773 2723 divinam.
832 2683 974 2734 Neque
1005 2684 1082 2723 huc
1117 2699 1204 2723 con·

332 2740 464 2776 venire
494 2740 689 2778 existimat
719 2740 885 2779 carceris
916 2740 1074 2787 laudes,
1100 2741 1204 2793 quod

334 2793 458 2834 salsus
473 2796 618 2847 vulgari
632 2796 798 2835 lectione
806 2796 1203 2850 putaveritPricaeus‚

333 2865 423 2889 mox
437 2866 504 2903 pro
519 2858 557 2892 et
568 2854 777 2892 coniiciens
790 2859 843 2893 at.
886 2853 1087 2905 Psychem
1102 2855 1204 2893 enim

333 2908 461 2947 solam
482 2910 705 2949 destitutam
725 2912 830 2963 queri
852 2911 915 2956 ait,
936 2911 1041 2962 quod
1056 2911 1206 2950 inclusa

334 2964 385 3002 sit
414 2978 587 3013 carcere,
619 2980 695 3019 quo
727 2981 841 3006 nemo
871 2968 1050 3014 accedat,
1082 2969 1134 3006 ita
1162 2972 1205 3007 ut

334 3019 499 3060 humana
540 3025 835 3064 conversatione
870 3025 1019 3075 privata
1053 3025 1123 3070 sit,
1164 3029 1206 3063 et

1266 1097 1370 1148 quod
1395 1110 1444 1135 ne
1468 1110 1563 1136 suas
1590 1097 1744 1148 quidem
1770 1110 1930 1137 sorores
1955 1097 2029 1135 sibi
2048 1111 2135 1136 con-

1265 1155 1418 1205 spicere
1444 1168 1594 1205 casque
1626 1153 1820 1193 consolari
1849 1154 1976 1193 liceat.
2035 1153 2136 1193 Hinc

1265 1215 1481 1249 commotus
1519 1215 1592 1257 est,
1631 1215 1671 1249 ut
1707 1213 1805 1250 invii
1839 1210 1904 1248 vel
1935 1211 2042 1250 devii
2071 1209 2134 1249 vel

1265 1269 1346 1306 avii
1371 1281 1456 1306 cum
1476 1267 1611 1307 Heius.
1639 1268 1689 1305 ad
1708 1267 1822 1306 Ovid.
1837 1267 1995 1306 Heroid.
2009 1265 2137 1306 XVII.

1265 1326 1283 1361 1
1294 1328 1358 1365 78.
1373 1324 1608 1364 emendaret.
1653 1323 1782 1377 [Errat
1794 1337 1887 1362 vero
1902 1323 2004 1362 Oud.
2022 1337 2136 1375 quam

1264 1381 1443 1420 maxime.
1498 1381 1653 1421 [nolum
1678 1383 1778 1419 enim
1803 1395 1876 1419 non
1903 1380 2027 1419 fuisse
2051 1394 2135 1419 sco—

1263 1438 1415 1489 pulum,
1448 1451 1496 1475 ex
1523 1438 1843 1476 antecedentibus
1869 1437 2046 1483 eflicitur,
2072 1438 2136 1476 ubi

1265 1493 1414 1545 Cupido
1451 1508 1610 1533 uxorem
1648 1495 1890 1539 adhortatur,
1927 1507 1976 1532 ne
2007 1493 2137 1532 clami-

1264 1551 1432 1589 tantibus
1464 1551 1663 1589 sororibus
1696 1551 1935 1602 respondeat
1963 1563 2062 1588 neve
2086 1550 2136 1588 ab

1266 1609 1312 1645 iis
1344 1608 1614 1658 conspiciatur.
1663 1608 1809 1645 (lavere
1841 1608 1953 1658 igitur
1983 1607 2045 1645 his
2071 1605 2135 1646 ad-

1265 1665 1540 1703 monitionibus
1571 1664 1720 1710 studet,
1746 1678 1795 1702 ne
1820 1665 1958 1702 intrare
1983 1664 2138 1716 possint

1267 1721 1496 1766 aedilicium,
1535 1721 1638 1771 quod
1670 1734 1829 1759 monere
1867 1734 1943 1758 non
1981 1720 2136 1758 debuis-

1265 1783 1344 1823 set,
1387 1778 1420 1815 si
1458 1777 1647 1816 accedere
1684 1791 1756 1816 eae
1793 1792 1866 1815 non
1905 1778 2135 1828 potuissent.

1265 1835 1466 1886 Abruptus
1500 1839 1581 1872 erat
1610 1834 1816 1885 scopulus:
1853 1833 1956 1872 unde
1980 1833 2136 1885 Zephy-

1265 1905 1330 1929 rus
1358 1891 1432 1928 levi
1460 1896 1612 1929 vectura
1640 1896 1678 1929 et
1702 1890 1901 1942 Psyebem
1934 1893 1974 1928 et
1997 1893 2137 1941 postca

1267 1962 1424 1985 sorores
1467 1948 1659 1998 adportat.
1729 1948 1884 1987 Beatus
1924 1960 2019 1985 vero
2055 1950 2136 1985 erat

1268 2018 1409 2050 carcer,
1420 2005 1509 2055 quia
1524 2011 1698 2042 summas
1707 2003 1893 2055 Psychae
1907 2003 2135 2042 dulcedines

1266 2061 1461 2112 praebuit,
1488 2074 1727 2114 quamquam
1744 2061 1793 2099 ab
1815 2060 1914 2098 omni
1940 2060 2135 2099 hominum

1266 2119 1454 2156 societate
1480 2122 1560 2156 erat
1585 2117 1795 2156 viduatum.
1832 2115 1970 2155 Hacde
1995 2129 2137 2155 caussa

1267 2188 1412 2213 carcer
1450 2175 1674 2213 nominatur.
1732 2173 1834 2212 Nam
1869 2173 1945 2212 etsi
1975 2171 2135 2224 Psyche

1265 2232 1443 2269 omnibus
1456 2231 1558 2269 vitae
1572 2230 1662 2282 pers
1662 2231 1840 2269 ruebatur
1851 2230 2021 2277 deliciis,
2046 2229 2136 2268 inde

1263 2292 1391 2326 tamen
1424 2301 1617 2326 summum
1648 2287 1761 2326 animi
1793 2286 1970 2325 dolorem
2005 2287 2135 2338 capie-

1263 2344 1350 2390 bat,
1377 2345 1481 2395 quod
1506 2345 1690 2382 obtrusae
1717 2344 1791 2382 sibi
1817 2345 1853 2382 in
1877 2343 1978 2382 hanc
2002 2342 2134 2382 solitu-

1264 2400 1392 2439 dinem
1419 2405 1457 2439 et
1482 2401 1699 2439 custodiam
1731 2413 1906 2439 sororum
1937 2398 2133 2452 colloquio

1265 2457 1502 2495 interdictum
1540 2462 1662 2495 esset.
1711 2456 1769 2495 lta
1805 2458 1944 2496 beatus
1975 2460 2015 2494 et
2045 2469 2134 2494 car-

1269 2529 1336 2554 cer
1349 2515 1448 2552 bene
1462 2518 1593 2566 potest
1607 2513 1775 2551 defendi.
1804 2513 1860 2551 Cf.
1875 2512 1990 2551 velim
2004 2513 2133 2551 verba.

1268 2585 1367 2623 quae
1392 2571 1626 2609 antecedunt
1650 2572 1806 2609 novitas
1827 2583 1905 2621 per
1929 2569 2136 2608 assiduam

1267 2628 1597 2668 consuetudinem
1629 2627 1941 2667 delectationem
1971 2627 2006 2665 ei
2031 2638 2133 2665 com-

1264 2686 1459 2724 momlere
1465 2684 1513 2737 ἀ]

1322 2742 1494 2781 decessit
1517 2741 1576 2780 acl
1599 2754 1786 2779 somnum.
1836 2737 1935 2778 Prie.
1961 2751 2012 2778 ex
2034 2737 2133 2777 Met.

1263 2795 1335 2837 IX.
1362 2812 1396 2849 p.
1420 2802 1530 2843 644„
1556 2797 1619 2835 ubi
1645 2796 1853 2835 nonnullae
1877 2796 1964 2835 edd.
1991 2794 2135 2834 habent

1263 2855 1455 2894 recedere
1479 2854 1612 2892 maluit
1636 2854 1806 2892 recessit.
1845 2852 1928 2891 Sed
1947 2852 2132 2891 nihilmu-

1263 2911 1421 2950 tandum
1451 2917 1525 2950 est.
1572 2910 1784 2949 Decedere
1819 2911 1919 2947 enim
1951 2908 2134 2961 probatur

1262 2982 1332 3021 pro
1357 2968 1523 3019 simplici
1549 2966 1704 3007 cedere.
1730 2966 1836 3017 Virg.
1851 2963 2133 3005 Ecl.V111.89.

1264 3025 1407 3075 Georg.
1434 3022 1498 3062 111.
1525 3027 1619 3064 467.
1643 3026 1682 3061 et
1704 3024 1877 3073 saepius.
