2221 3667
287 128 396 172 1064

288 239 427 294 deligi,
462 244 613 279 sumtus
646 237 763 276 etiam
796 235 1022 276 cerimoniis
1049 235 1300 275 necessarios
1327 235 1444 275 simili
1471 243 1678 290 praecepto
1716 237 1920 278 destinari.

553 125 603 165 L.
632 124 868 177 APULEII·
884 122 1290 164 MADAURENSIS
1321 121 1867 165 METAMORPHOSEON

1983 237 2094 291 Quae

288 303 429 337 cuncta
455 306 527 334 nos
553 306 708 346 quoque
735 292 975 333 observabili
994 292 1184 346 patientia
1204 291 1402 334 sustinere
1424 291 1625 342 censebat,
1653 292 1792 346 quippe
1813 307 1898 333 cum
1918 295 2097 335 aviditati

289 350 638 402 contumaciaeque
674 362 825 389 summe
859 362 1024 399 cavere,
1052 355 1089 388 et
1117 355 1322 401 utramque
1349 348 1500 402 culpam
1526 348 1678 398 vitare,
1712 362 1757 388 ac
1782 362 1909 402 neque
1933 359 2097 391 vocatus

290 407 458 458 morari,
488 420 560 447 nec
587 419 664 445 non
690 406 822 445 iussus
848 405 1039 445 festinare
1066 404 1264 445 deberem.
1314 403 1401 445 Nec
1426 412 1559 445 tamen
1585 418 1672 445 esse
1699 419 1931 459 quemquam
1953 407 2002 448 de
2028 421 2099 447 suo

290 477 454 506 numero
480 470 559 503 tam
585 461 760 516 perditae
786 461 928 502 mentis
954 462 1018 501 vel
1044 461 1160 501 inuno
1193 460 1411 503 destinatae
1441 461 1602 512 mortis,
1636 462 1700 516 qui
1732 476 1810 502 non
1842 462 1916 502 sibi
1948 477 2101 518 quoquc

292 582 389 620 diligt·
399 590 428 617 p.
448 581 490 610 cf.
505 581 547 610 ad
561 581 718 609 Met.v11.
733 588 762 615 p.
774 581 847 609 476.
880 578 984 617 dirigi
995 580 1078 609 G.1).
1091 580 1128 608 P.
1149 577 1268 614 (etiam
1281 579 1315 608 in
1328 579 1492 615 excerptis
1506 581 1547 609 ad
1560 587 1662 615 marg.
1675 581 1724 609 ed.
1739 577 1848 616 Colv.)
1894 581 2016 609 sumtis
2029 578 2058 611 δ.
2074 590 2104 618 p.

293 627 483 657 destinaret
498 634 527 662 p.

575 633 707 663 qnoque
720 626 754 655 in
768 627 804 654 G.
820 629 974 654 contextu
987 632 1052 653 non
1066 628 1113 653 est
1124 646 1132 661 ,
1157 626 1215 653 sed
1229 625 1262 653 in
1276 632 1377 660 marg.
1392 628 1433 654 ab
1447 627 1560 654 eadem
1573 633 1672 654 manu
1685 625 1853 660 scriptum.

1900 625 2058 655 censebat
2077 635 2104 656 s.

293 675 453 703 suadebat
465 680 538 701 cum
553 672 756 701 auctoritate.
797 670 962 699 censebat
981 669 1101 708 quippe
1121 677 1193 697 cum
1208 678 1270 699 non
1284 675 1471 705 comparent
1484 671 1517 700 in
1531 672 1645 700 venet.
1660 667 1690 700 4.
1705 672 1783 700 Bas.
1799 673 1827 699 ’1.
1841 672 1947 701 Paris.
1992 671 2106 701 avide·-

297 723 369 747 lale
382 719 419 748 F.
438 720 465 747 1.
490 715 684 745 adfndicaei
696 719 731 746 G.
746 718 785 746 D.

833 724 983 744 summae
1000 717 1077 745 Bas.
1092 716 1237 744 Scriver.
1284 716 1432 744 irritare
1446 718 1482 745 G.
1498 718 1533 745 P.
1547 718 1586 744 D.

1634 723 1675 743 ne
1687 713 1717 745 ὃ.
1734 716 1755 745 f.
1803 715 1920 744 debere
1932 719 2016 747 lunt.
2031 720 2060 748 1.
2074 720 2106 748 2.

295 767 372 795 Aul.
409 763 588 802 quisquam
603 764 637 792 0.
663 770 867 800 quamquam
882 762 1132 792 Vicent.Ve11et.
1143 762 1174 789 2².
1186 763 1310 790 Iunt.1.
1347 769 1484 789 numeru
1499 763 1587 791 deest
1603 762 1677 796 inp.
1712 760 1766 789 vel
1776 769 1944 797 perperam
1958 766 2068 794 exulat
2077 761 2107 793 δ.

355 864 550 904 (ιυὶιῖἱίαΐὶ
571 863 936 913 contumact'aeque
949 874 1095 901 summe
1110 875 1175 900 ca-

299 935 399 961 vere.
450 919 750 972 [Difficillimum
775 932 823 956 ea
849 918 899 956 (le
924 931 967 956 re
996 922 1057 956 est
1083 917 1175 954 iudi-

299 979 412 1016 cium.
427 977 610 1015 Latinam
624 976 724 1014 enim
741 975 937 1025 vulgatam
951 988 1045 1014 esse
1060 978 1175 1025 negat

300 1033 423 1081 Qud„
449 1033 538 1072 hinc
564 1033 627 1070 vel
653 1032 830 1084 elapsam
857 1045 951 1070 esse
976 1031 1176 1084 praeposi-

300 1093 444 1129 tionem
482 1091 533 1129 ab
570 1088 635 1127 vel
674 1089 857 1127 lineolam
888 1103 957 1141 pro
990 1104 1027 1127 m
1052 1089 1180 1126 existi-

302 1161 425 1187 mans.
474 1146 538 1185 De
573 1147 860 1184 constructione
892 1160 977 1183 cum
1009 1146 1179 1184 ablativo

303 1207 378 1245 iam
410 1204 553 1243 dictum
585 1207 648 1242 est
677 1203 727 1242 ad
758 1202 976 1243 Met.V111.
1000 1217 1039 1255 p.
1065 1206 1179 1246 555..

304 1276 380 1313 quo
401 1262 488 1300 loco
507 1264 652 1299 rectam
671 1273 758 1298 eam
782 1274 878 1298 esse
903 1260 1180 1303 demonstravi.

306 1318 419 1357 codd.
450 1318 678 1355 auctoritate
710 1331 784 1355 non
810 1317 1055 1355 mediocriter
1081 1329 1183 1355 com-

305 1380 449 1414 motus.
496 1374 634 1425 Itaque
660 1375 722 1425 qui
750 1375 874 1412 obiter
891 1386 972 1412 rem
989 1373 1182 1412 tractabit.

307 1433 369 1471 hic
401 1432 563 1470 forsitan
596 1444 683 1470 cum
714 1429 887 1470 Florent.
918 1435 952 1471 1.
985 1431 1184 1470 aviditate

308 1489 648 1541 contumaciaqae
662 1487 902 1533 emendabit,
929 1487 1035 1538 quod
1050 1491 1183 1539 poste-

308 1549 385 1585 rius
411 1546 637 1583 necessario
657 1545 693 1583 in
719 1546 999 1584 contmmzcilte
1020 1557 1185 1582 corrum-

310 1604 476 1655 pebatur
500 1616 523 1640 a
550 1601 730 1647 librariis,
757 1606 967 1652 postquam
999 1601 1191 1640 aviditati

311 1660 386 1710 legi
414 1662 595 1710 coeptum
620 1663 693 1697 est.
742 1656 956 1697 Praeterea
981 1659 1043 1709 qui
1070 1657 1190 1695 auda-

313 1718 390 1754 cior
415 1720 495 1761 est,
522 1716 779 1755 conlzmzacie
803 1715 974 1753 scribere
999 1715 1141 1766 possit.
1169 1726 1193 1750 a

311 1772 578 1813 terminatione
594 1773 891 1818 contmnacies,
918 1784 1034 1822 quam
1053 1774 1191 1808 utram-

314 1844 389 1883 que
416 1829 717 1868 declinationem
742 1828 847 1880 apud
875 1828 1045 1879 optimos
1072 1839 1191 1877 quos-

314 1901 390 1939 que
415 1887 565 1925 variare
591 1890 723 1924 notum
749 1889 788 1924 et
812 1898 837 1923 a
861 1898 924 1923 me
945 1886 980 1922 in
1002 1884 1065 1924 bis
1085 1883 1193 1922 libris

314 1944 477 1995 saepius
519 1941 746 1982 adnotatum
795 1946 867 1980 est.
951 1942 1007 1981 At
1055 1940 1195 1979 eadem

316 2002 481 2045 ratione,
524 2013 602 2050 qua
650 1999 735 2038 loco
786 2000 902 2038 citato
951 1998 1197 2050 pertinaciter

316 2060 351 2097 in
386 2057 552 2096 lectione
586 2070 665 2108 (fita
704 2056 826 2096 clade
862 2055 1092 2100 haerebam,
1129 2055 1193 2093 bic

319 2127 475 2166 quoque
505 2113 697 2153 aviditati
728 2114 1090 2165 contumaciaeque
1121 2112 1193 2150 de·-

320 2171 480 2210 rendere
534 2169 760 2215 maluerim,
816 2169 1068 2220 (lativumque
1122 2182 1192 2220 pro

319 2228 491 2268 ablativo
525 2240 610 2265 cum
634 2227 929 2279 praepositione
961 2241 987 2265 a
1011 2227 1192 2265 adiuncto

319 2284 384 2323 vel
409 2285 632 2324 accusativo
659 2285 816 2323 retineo,
859 2282 1194 2323 Proficiscendum

322 2343 425 2381 enim
455 2341 526 2379 erit
557 2355 579 2380 a
611 2340 780 2379 dictione
816 2354 958 2380 cavere
994 2341 1103 2380 malo
1127 2353 1197 2392 pro

321 2416 346 2439 a
378 2399 488 2438 malo
518 2397 582 2435 vel
608 2398 772 2442 malam,
805 2410 921 2449 quam
954 2397 1197 2449 frequentem

322 2469 418 2494 esse
430 2454 573 2494 Plauto
590 2454 715 2493 lexiea
728 2455 1008 2502 demonstrant,
1022 2454 1199 2494 utPlaut.

325 2513 454 2552 Casin.
469 2511 513 2550 ll.
529 2515 568 2553 6.
582 2515 646 2552 59.
673 2510 819 2550 Bacch.
835 2510 862 2550 I.
879 2516 918 2552 2.
932 2515 999 2552 39.
1024 2512 1073 2552 cs.
1093 2511 1198 2551 Petr.

324 2585 355 2609 c.
383 2574 447 2612 82.
473 2582 510 2621 p.
527 2571 620 2609 526.
645 2567 776 2608 Burni.
803 2568 935 2619 ibique
958 2567 1044 2608 Intt.
1069 2567 1202 2621 Priap.

325 2630 392 2673 52,
411 2630 473 2666 12.
501 2639 630 2678 quare
657 2626 727 2677 qui
745 2627 882 2677 sapiet
898 2626 1008 2665 malo
1029 2627 1198 2666 cavebit.

325 2684 389 2723 ubi
414 2687 544 2721 tamen
575 2681 694 2720 hodie
718 2683 867 2722 malam
886 2684 998 2734 peius
1018 2696 1108 2722 mea
1121 2684 1200 2734 qui-

326 2741 417 2779 dem
429 2739 625 2778 sententia
639 2738 875 2791 praeferunt.
901 2740 956 2778 At
969 2740 1006 2778 in
1021 2740 1201 2791 ambiguo

327 2810 546 2842 versamur,
572 2797 680 2836 malo
705 2800 829 2834 utrum
848 2796 1045 2836 ablativus
1062 2811 1111 2836 an
1137 2796 1202 2836 da-

326 2855 429 2892 tivus
448 2854 512 2899 sit,
539 2853 643 2904 quod
663 2854 770 2904 prius
789 2854 956 2904 probare
976 2854 1064 2905 quis
1076 2853 1205 2906 possit

327 2925 378 2949 ex
402 2910 489 2949 loco
515 2910 675 2962 Apuleii
697 2923 818 2962 supra
849 2911 1030 2950 excitato.
1099 2910 1204 2950 Nam

330 2968 403 3006 nisi
446 2968 605 3019 egregie
649 2966 779 3015 fallor,
823 2967 900 3008 hac
934 2968 1202 3007 tantummodo

330 3024 527 3063 locutione
553 3038 697 3064 carere
721 3024 773 3063 ita
796 3025 1046 3072 construitur,
1081 3025 1133 3064 ita
1162 3028 1204 3064 ut

332 3082 663 3120 exterminatione
693 3081 781 3133 ipsa
800 3082 957 3121 decerni
977 3096 1053 3121 non
1076 3081 1202 3122 liceat.

334 3137 528 3189 Analogia
543 3142 674 3177 tamen
693 3139 801 3177 verbi
822 3140 962 3186 vitare,
990 3139 1096 3191 quod
1117 3152 1201 3178 cum

1235 860 1366 899 dativo
1394 865 1530 913 aperte
1556 875 1579 900 a
1602 859 1745 900 Plauto
1773 863 2004 901 construitur
2018 862 2110 903 Cas.

1236 916 1279 955 ΙΙ.
1307 922 1343 959 2.
1378 920 1442 958 35.
1481 918 1682 970 Insipiens
1717 932 1872 970 semper
1914 924 1962 958 iu
1999 920 2111 960 huic

1235 975 1379 1014 ¹verbo
1406 976 1563 1026 υἰίαίξο
1588 975 1658 1014 abs
1684 979 1753 1014 tao
1781 976 1892 1014 ciro!
1928 975 2007 1016 CL.
2033 978 2113 1017 ειιὶ

1237 1032 1406 1070 verbo?
1443 1045 1559 1082 quum
1592 1031 1701 1070 locus
1730 1030 1831 1070 Prot.
1856 1030 2022 1072 Poenul.
2048 1038 2112 1074 25.

1240 1089 1366 1127 vitent
1389 1089 1568 1139 αηοὶρίἰὶ
1592 1089 1827 1140 infortunio
1863 1089 1932 1140 (cf.
1959 1088 2113 1130 curcul.

1242 1143 1285 1183 ll.
1309 1149 1345 1185 3.
1376 1148 1436 1185 19.
1464 1146 1588 1183 vilent
1610 1146 1862 1197 infortunio)
1888 1147 1922 1184 in
1949 1146 2116 1186 eandem

1240 1201 1521 1240 dubitationem
1561 1203 1689 1240 vocari
1727 1202 1880 1252 possit,
1924 1203 2016 1241 mihi
2054 1208 2117 1243 sat

1240 1272 1436 1309 superque
1445 1259 1598 1304 evincit,
1606 1258 1713 1297 malo
1722 1272 1816 1297 esse
1830 1259 2000 1298 dativum
2015 1274 2118 1299 eum-

1242 1329 1319 1367 que
1343 1315 1407 1354 hic
1431 1329 1589 1367 quoque
1614 1328 1709 1353 esse
1732 1316 1984 1355 retinendum.
2016 1316 2056 1356 In
2071 1331 2118 1356 eo

1241 1376 1389 1410 tantum
1421 1372 1617 1425 Apuleius
1648 1386 1671 1410 a
1700 1372 1818 1411 solito
1852 1373 2034 1425 loquendi
2060 1388 2120 1413 co-

1243 1431 1429 1468 micorum
1460 1443 1534 1467 nsu
1559 1429 1746 1475 recessit,
1781 1430 1885 1480 quod
1912 1445 1985 1469 non
2011 1432 2118 1471 malo

1243 1500 1341 1524 usus
1354 1491 1430 1531 est,
1444 1485 1518 1524 sed
1539 1486 1618 1524 alio
1633 1486 1840 1532 vocabulo.
1856 1488 1960 1538 quod
1979 1488 2120 1527 eadem

1242 1544 1392 1582 ratione
1417 1544 1677 1581 construebat.
1727 1542 1814 1581 Nec
1841 1544 1994 1595 longius
2008 1545 2123 1583 abest

1250 1600 1484 1638 constructio
1512 1600 1716 1637 verborum
1744 1602 2056 1654 propuynandi
2085 1606 2124 1640 et

1246 1657 1474 1709 pugnandi
1488 1669 1573 1694 cum
1588 1656 1609 1694 d
1616 1657 1732 1700 atim,
1752 1655 1802 1694 ‹le
1817 1670 1893 1708 qua
1906 1659 2123 1697 accuratius

1251 1713 1313 1763 egi
1329 1712 1378 1751 ad
1396 1711 1588 1752 MetNH.
1604 1726 1640 1763 p.
1657 1717 1751 1753 500.
1777 1727 1918 1752 arcere
1931 1715 2125 1755 morsibus

1251 1770 1408 1809 misello
1429 1783 1563 1821 puero
1583 1771 1786 1821 potueris.
1829 1769 1883 1809 Ut
1906 1770 2017 1822 igitur
2041 1773 2125 1811 bre·

1252 1827 1350 1864 viter
1373 1826 1608 1864 sententiam
1632 1839 1760 1865 meam
1779 1840 1995 1879 proponam
2008 1833 2048 1868 et
2060 1829 2125 1868 ab·

1254 1883 1414 1922 lativum
1431 1887 1469 1921 et
1495 1883 1664 1922 dativum
1677 1884 1884 1934 ,asciscere
1902 1898 2026 1936 posse
2040 1899 2126 1924 ver-

1254 1941 1346 1979 bum
1363 1940 1552 1986 carendi,
1577 1941 1857 1991 significatione
1872 1942 2127 1989 declinandi,

1257 1998 1441 2037 evitandi
1471 2010 1703 2048 persuasum
1734 1998 1825 2036 mihi
1853 1999 2009 2050 quidem
2034 2000 2127 2053 est.]

1308 2067 1440 2106 neque
1466 2059 1631 2094 cecatus
1731 2069 1806 2094 vec
1830 2070 1924 2094 uon.
1991 2055 2130 2109 [Hunc

1253 2111 1382 2150 locum
1397 2112 1713 2150 commemoravit
1722 2111 1822 2152 Cort.
1832 2112 1883 2151 ad
1891 2112 2127 2153 Lucan.VII.

1255 2172 1368 2215 112„
1387 2172 1429 2206 ut
1443 2169 1702 2207 coniecturam
1715 2170 1788 2208 sed
1806 2183 1958 2222 neque
1977 2172 2129 2210 crimen

1254 2227 1332 2265 erit
1355 2239 1441 2264 nec
1465 2226 1609 2277 (μανία
1635 2226 1811 2265 tii-maret.
1848 2224 2129 2267 particularum

1253 2296 1487 2335 nec-neque
1511 2296 1558 2320 se
1582 2282 1855 2334 excipientium
1886 2297 1982 2322 usus
2007 2285 2129 2325 notis-

1257 2340 1381 2377 simus
1407 2343 1487 2387 est3
1524 2339 1572 2378 cf.
1598 2339 1712 2378 eund.
1736 2339 1788 2378 ad
1813 2339 1960 2379 Lucan.
1974 2340 2002 2380 I.
2016 2342 2127 2395 350]

1309 2397 1386 2436 sibi
1400 2397 1572 2436 iubente.
1597 2396 1823 2435 Notandum
1837 2400 1899 2436 est
1910 2398 2052 2438 iubere
2067 2398 2130 2437 hic

1258 2467 1345 2492 cum
1370 2453 1501 2492 dativo
1533 2467 1602 2506 pro
1634 2454 1855 2506 imperare,
1882 2456 2131 2508 praecipere

1260 2514 1523 2549 constructum
1550 2524 1662 2557 esse,
1697 2514 1740 2549 ut
1771 2509 1908 2550 Claud.
1933 2511 2060 2551 Rufin.
2084 2511 2130 2552 II.

1263 2572 1354 2608 155.
1382 2568 1583 2620 Hispanis
1612 2567 1823 2620 Gallisque
1847 2568 1993 2615 iubet,
2030 2568 2131 2609 Con-

1258 2624 1332 2663 sul.
1361 2624 1446 2663 Stil.
1472 2623 1517 2663 ll.
1544 2628 1609 2665 85.
1636 2625 1727 2676 ipsa
1751 2625 1885 2665 iubet
1907 2626 2054 2678 siquis,
2081 2625 2130 2664 cf.

1261 2682 1389 2721 dictat.
1415 2680 1520 2720 Oud.
1534 2681 1585 2720 ad
1599 2681 1711 2720 Suet.
1725 2681 1898 2732 Vespas.
1912 2685 1950 2722 8.
1977 2681 2130 2734 [Munk.

1259 2738 1311 2777 ad
1336 2737 1481 2789 Hygin.
1508 2737 1605 2777 Fab.
1632 2742 1698 2778 55.
1723 2751 1758 2789 p.
1788 2741 1878 2778 119.
1923 2737 2061 2778 Heius.
2094 2743 2133 2778 et

1260 2795 1392 2834 Burm.
1417 2795 1469 2834 ad
1493 2795 1610 2834 Ovid.
1634 2794 1731 2834 Met.
1746 2793 1850 2834 vlu,
1865 2799 1956 2835 752.
1982 2794 2067 2835 Intt.
2081 2796 2131 2835 ad

1263 2851 1342 2891 Cic.
1381 2852 1432 2891 de
1465 2851 1556 2891 Nat.
1595 2852 1714 2891 Deor.
1751 2850 1814 2890 III.
1851 2854 1915 2892 31.
1963 2851 2050 2892 Intt.
2079 2853 2129 2891 ad

1261 2908 1419 2948 Petron.
1450 2923 1481 2948 c.
1509 2913 1573 2950 71.
1600 2922 1638 2960 p.
1663 2912 1762 2954 458,
1795 2908 1859 2959 qui
1890 2911 1995 2948 totus
2020 2909 2132 2948 locus

1261 2970 1466 3018 corruptus
1480 2967 1531 3005 ita
1544 2965 1811 3005 emendandus
1830 2968 1909 3003 est:
1936 2966 2132 3019 aedificas

1261 3028 1558 3064 monumentum
1571 3037 1696 3063 meum
1705 3054 1716 3070 ,
1744 3022 2081 3075 quemadmodum
2094 3028 2132 3062 te

1260 3081 1383 3121 iussi?
1439 3080 1567 3120 Valde
1602 3084 1640 3119 te
1674 3093 1800 3132 rogo,
1836 3083 1883 3119 nt
1909 3080 2131 3121 secundum

1257 3138 1386 3191 pedes
1408 3141 1566 3178 statuae
1588 3150 1698 3176 meae
1712 3135 1901 3177 catellam
1916 3138 2075 3191 piuyas
2093 3141 2131 3175 et
