2221 3667
346 161 429 204 4⁴20

347 274 525 328 quatiens
551 282 589 316 et
615 275 843 331 adscalpens
869 288 1001 314 aurem
1028 273 1253 313 dexteram:

583 163 632 203 L.
660 163 880 204 APULEII
909 159 1307 203 MADAURENSIS
1337 158 1880 199 METAMORPHOSEON

1283 271 1371 322 Sic,
1399 271 1546 326 inquit,
1575 272 1735 325 dignata
1759 285 1823 323 es,
1851 285 2005 312 socrum
2031 276 2136 310 tuam

345 424 525 462 cupideque
550 427 705 463 quatiens
731 429 765 455 0.
786 434 804 455 a
825 433 864 454 m.
885 434 914 458 p.
940 422 1045 458 [quod
1065 424 1136 451 sine
1156 423 1251 452 dubio
1271 424 1510 457 germanismus
1534 426 1582 452 est
1603 423 1777 459 capiteque
1803 422 1958 459 quatiens
1983 421 2045 449 mit
2069 419 2140 447 dem

345 468 486 507 lluuple
500 471 725 506 seminarat]
773 474 804 497 el
819 468 996 504 ascalpens
1011 470 1046 496 G.
1060 470 1098 497 Ι),
1125 477 1166 495 ac
1179 467 1332 504 scalpens
1348 469 1368 497 f.
1383 473 1410 496 et
1426 470 1461 496 F.
1480 470 1505 497 1.
1522 476 1575 502 pro
1590 471 1620 495 el
1636 466 1846 503 adse-alpens-

1897 465 2027 494 tandem
2043 466 2090 494 sic
2104 467 2141 493 G.

345 516 380 544 P.
395 517 433 544 D.
448 518 529 544 Elin.
545 518 646 546 Scriv.
674 518 714 545 At
734 516 763 543 si
783 515 857 548 qnid
877 514 928 542 nic
950 514 1154 542 inserendum
1173 514 1232 548 sit,
1261 514 1339 542 oud.
1360 516 1483 542 mavult
1504 514 1671 549 effingere,
1698 517 1729 541 ut
1745 513 1843 546 alibi,
1870 519 1906 539 sc
1917 513 1990 540 sive
2003 510 2140 538 scilieet.

345 561 382 588 In
403 561 436 590 F.
457 563 487 589 3.
509 566 556 589 est
577 560 756 588 dea-teram
777 559 826 586 sic
844 558 956 595 inquit
975 556 1117 593 dignata
1136 561 1204 596 est,
1231 559 1275 587 ita
1291 562 1322 586 ut
1339 557 1471 585 taudem
1487 559 1650 593 particula
1663 561 1760 594 plane
1773 558 1947 586 omittatur.
1971 557 2009 585 In
2027 555 2143 584 ceteris

347 607 435 634 codd.
451 610 480 634 et
495 607 564 635 edd.
579 611 652 635 vett.
668 609 756 634 extat
769 603 967 640 ‹lea-teram,
997 601 1161 640 Tandem,
1186 603 1311 641 inquit,
1338 602 1480 641 dignata
1493 611 1539 632 es.

347 727 395 764 ad
412 728 495 765 eius
511 728 745 765 nimietatem
761 726 934 776 respexit
948 729 1092 769 auctor,
1119 738 1220 775 quae

348 783 493 827 effecit,
518 788 558 820 ut
583 783 700 819 herus
726 781 792 818 ille
823 782 1089 820 intestinorum
1115 781 1220 819 dolo-

350 841 452 877 ribus
479 839 706 877 afficeretur.
734 837 865 875 Meam
887 839 1220 888 sententiampro-

347 897 413 934 bat
439 896 552 932 etiam
582 895 691 932 locus
710 893 889 933 Mamert.
911 895 946 932 i·n
962 893 1126 933 Gratiar.
1147 898 1219 932 aet.

347 952 414 989 Iul.
454 965 484 989 c.
523 954 588 990 26.
626 951 656 1002 ᾧ.
684 955 719 990 2.
771 951 872 996 Qats
897 952 1025 990 nescit
1048 951 1224 989 allorum

347 1010 635 1059 imperatorum
656 1007 827 1046 hilarem
842 1007 1048 1045 diritatem
1063 1007 1224 1046 cachin-

347 1068 588 1116 nantemque
618 1065 838 1102 saevitiam.
871 1063 917 1102 cf.
945 1062 1149 1101 Pricaemn
1174 1063 1224 1100 ad

347 1120 386 1159 h.
415 1119 460 1172 l.]

403 1179 609 1228 ferventer
634 1177 742 1215 irati.
794 1176 931 1228 [Hanc
958 1176 1163 1214 lectionem
1191 1190 1224 1214 c.

349 1232 450 1270 Oud.
485 1246 534 1270 ex
570 1247 645 1271 uno
678 1233 761 1270 cod.
796 1233 975 1271 d‘Orvill.
1008 1233 1044 1271 in
1077 1236 1224 1270 textum

348 1290 497 1340 recepi,
536 1290 680 1341 quippe
714 1290 775 1339 qui
809 1294 896 1328 cett.
930 1289 1030 1328 Mss.
1071 1289 1225 1327 lectioni

351 1359 465 1396 quam
492 1347 667 1396 proxime
694 1346 867 1384 accedat.
920 1347 1091 1396 Saepius
1125 1347 1225 1382 enim

350 1403 384 1439 in
419 1401 520 1440 Mss.
554 1402 838 1440 confunduntur
870 1403 1021 1440 litterae
1055 1416 1109 1454 qn.
1139 1406 1177 1439 et
1204 1417 1222 1440 v

350 1463 507 1510 propter
523 1459 848 1510 pronunciationis
862 1459 1164 1503 similitudim·m‚
1185 1462 1225 1495 ut

354 1529 430 1567 qne
456 1520 492 1553 et
519 1529 561 1553 ve
585 1516 744 1565 saepius
772 1519 1051 1553 commutantur
1077 1514 1125 1552 cf.
1143 1514 1224 1552 lntt.

354 1570 404 1609 ad
435 1571 514 1610 Liv.
543 1571 585 1609 ll.
614 1576 676 1611 37.
705 1572 736 1622 δ.
759 1576 794 1611 7.
822 1575 860 1608 et
886 1571 1034 1609 XXIV.
1054 1576 1115 1610 10.
1143 1570 1172 1619 ξ.
1191 1575 1225 1610 2.

354 1629 605 1680 Frequenter
632 1628 731 1665 enim
758 1642 914 1678 quoquo
942 1628 1057 1665 modo
1083 1631 1120 1665 te
1147 1641 1228 1665 ver-

353 1685 464 1729 teris,
493 1685 651 1734 probam
667 1684 899 1722 sententiam
915 1684 1070 1722 efficere
1085 1684 1228 1734 nequit,

354 1754 440 1779 nam
470 1755 540 1778 non
565 1744 805 1793 frequenter
820 1742 918 1778 ι’ναίὶ
939 1740 1057 1779 talem
1080 1741 1229 1778 cachin-

355 1811 444 1835 num
471 1797 670 1835 effundere
694 1796 841 1843 solent,
867 1797 940 1834 sed
966 1798 1029 1847 qui
1056 1797 1104 1835 ad
1131 1798 1229 1835 insa-

355 1854 456 1891 niam
478 1867 605 1903 usque
629 1853 755 1890 surore
776 1853 910 1904 perciti
932 1858 1032 1892 sunt.
1062 1854 1231 1892 Fere-ere

355 1914 433 1948 tum
460 1910 623 1960 saepius
650 1909 699 1947 de
725 1910 851 1948 animo
878 1916 1072 1947 commoto
1101 1913 1140 1947 et
1163 1910 1231 1947 ira-

357 1971 492 2005 scente
519 1966 654 2004 dicitur
680 1965 727 2004 cf.
755 1965 868 2003 ovid.
896 1965 991 2003 Met.
1010 1965 1110 2004 Vlll.
1138 1969 1231 2007 466.

353 2027 513 2076 fervens
538 2024 601 2061 ‘ira
630 2023 759 2062 oculis
781 2026 819 2060 et
834 2021 966 2060 Horat.
983 2022 1059 2061 Od.
1075 2021 1098 2059 l.
1119 2026 1179 2062 13.
1196 2027 1231 2061 4.

359 2081 530 2119 Fert-ens
556 2081 667 2119 *ieeur
694 2079 774 2117 bile
800 2083 921 2117 tumet
946 2082 983 2116 et
1010 2092 1110 2129 quae
1130 2078 1233 2116 Oud.

358 2141 561 2174 enumerat
582 2137 723 2173 Senec.
745 2134 859 2173 Herc.
884 2134 1015 2173 furens
1037 2139 1130 2176 946.
1153 2136 1234 2173 ira-

362 2206 438 2245 que
475 2196 583 2231 totus
617 2195 797 2244 servor.
847 2190 996 2231 Lucan.
1036 2191 1101 2230 IV.
1140 2195 1232 2231 242.

361 2250 531 2288 Ferret
562 2253 598 2286 et
629 2263 653 2286 (ι
686 2249 851 2299 trepido
880 2250 949 2287 rix
974 2249 1147 2287 abstinet
1172 2250 1233 2286 ira

360 2306 573 2356 mngyt'strO.
599 2305 668 2342 Sil.
688 2303 779 2359 XV.
804 2308 896 2344 809.
922 2305 1029 2356 Yirg.
1045 2306 1144 2343 Aen.
1166 2303 1234 2342 lx.

363 2365 455 2402 736.
483 2361 570 2398 coll.
589 2360 950 2400 G1·0n.(‘)bserv.ll.
970 2367 1033 2401 15.
1059 2362 1117 2399 cui
1132 2360 1234 2398 adde

361 2417 493 2456 Burm.
526 2417 574 2455 ad
606 2417 720 2454 Ovid.
747 2417 842 2455 Met.
868 2416 913 2455 ll.
943 2422 1034 2458 602.
1084 2416 1235 2455 Eadem

364 2475 471 2526 prius
497 2474 569 2511 iam
603 2478 839 2524 exposuerat
864 2474 966 2513 Oud.
1000 2475 1034 2512 in
1062 2473 1233 2512 Miscell.

364 2531 532 2569 Obserx'.
565 2530 654 2568 Vol.
688 2528 732 2567 ll.
765 2529 811 2569 T.
844 2529 904 2569 ΠΙ.
943 2545 978 2582 p.
1011 2535 1104 2571 451.
1155 2530 1237 2568 Sed

365 2587 488 2626 altera
525 2600 681 2637 quoque
720 2586 834 2624 lectio
870 2590 1077 2638 furenter,
1122 2601 1236 2638 quam

365 2643 541 2681 Florent.
562 2648 594 2683 1.
615 2647 653 2681 et
680 2643 783 2681 liert.
810 2643 920 2681 codd.
948 2658 1033 2681 cum
1060 2645 1237 2681 omnibus

368 2700 455 2738 edd.
473 2704 563 2737 vett.
578 2705 616 2737 et
630 2703 786 2737 recentt.
808 2705 899 2751 post
914 2699 1114 2738 Pricaeum
1131 2714 1237 2751 prae-

366 2758 475 2802 bent,
515 2760 618 2794 recte
655 2760 789 2807 potest
826 2756 995 2794 defendi.
1045 2756 1101 2794 lta
1138 2758 1238 2794 enim

369 2814 502 2852 Cicero
519 2813 606 2864 ipse
620 2813 710 2850 dicit:
734 2813 768 2850 in
786 2812 913 2863 Epist.
927 2813 973 2850 ad
990 2813 1103 2852 Attic.
1119 2813 1173 2851 Vl
1206 2818 1237 2853 1.

368 2869 466 2920 §.12
480 2870 609 2908 Pueri
623 2870 725 2907 enim
740 2871 857 2908 aiunt
869 2872 1147 2921 eumfurenter
1159 2871 1239 2908 ira-

369 2928 438 2971 sci,
454 2940 525 2964 nec
538 2927 664 2964 solum
682 2926 779 2963 haec
793 2926 909 2963 verba
925 2930 1096 2963 nostrum
1114 2925 1240 2964 locum

369 2982 645 3028 adiuvantsed
662 2984 775 3020 etiam
792 2995 928 3021 manus
942 2982 1099 3032 antiqua
1114 2996 1242 3020 emen-

371 3038 511 3084 datrix,
538 3040 691 3090 quaein
714 3038 758 3078 F.
773 3043 810 3079 3.
832 3039 1042 3089 conspicua
1069 3042 1142 3078 cst.
1190 3043 1245 3077 At

372 3095 536 3144 ingenue
562 3096 762 3140 confiteor,
785 3099 974 3148 furenter
998 3096 1124 3145 magis
1140 3095 1244 3146 glos-

371 3165 455 3189 sam
470 3166 610 3203 sapere
626 3153 780 3198 librarii,
807 3153 869 3203 qui
881 3155 1039 3204 fert-ere
1054 3155 1092 3189 et
1107 3153 1243 3198 irasci,

1281 725 1383 775 quod
1398 725 1500 762 idem
1515 725 1548 762 ei
1563 725 1779 776 significare
1787 724 2000 767 videbatur,
2010 735 2145 760 conco-

1281 795 1398 832 quere
1413 796 1486 819 non
1502 785 1664 831 poterat.
1684 779 1946 818 Nihilominus
1959 779 2049 818 mihi
2064 793 2146 831 per-

1279 838 1448 875 suadere
1463 852 1537 875 non
1558 838 1684 888 potui,
1709 836 1811 874 hunc
1827 836 1952 874 locum
1966 849 2039 874 non
2054 848 2148 873 esse
2198 881 2200 886 ι

1280 898 1514 946 corruptum,
1540 893 1706 943 hincque
1732 892 1890 931 coniicio
1913 895 2147 944 frementem

1285 950 1389 1000 quod
1399 951 1446 988 ad
1459 950 1666 989 litterarum
1674 949 1840 999 vestigia
1849 961 1963 999 quam
1978 949 2151 999 proxime

1284 1007 1451 1051 accedit,
1489 1011 1527 1044 et
1558 1020 1626 1057 pro
1655 1008 1806 1044 saevire
1838 1010 1876 1043 et
1907 1018 1998 1056 prae
2029 1005 2082 1043 ira
2114 1007 2153 1041 et

1284 1063 1544 1113 indignatione
1566 1066 1709 1114 furere
1733 1062 1894 1112 saepius
1919 1061 1954 1100 in
1979 1074 2052 1099 usu
2077 1064 2151 1105 est,

1285 1119 1322 1157 id
1348 1120 1451 1170 quod
1481 1119 1605 1156 lexica
1629 1118 1727 1156 satis
1760 1118 2037 1156 demonstrant.
2087 1116 2152 1155 Di-

1285 1176 1449 1213 ctionem
1472 1190 1561 1214 'non
1599 1175 1816 1225 negandum
1856 1178 1917 1212 est
1960 1173 2154 1212 insolitam

1284 1246 1396 1277 esse,
1424 1246 1501 1282 qua
1526 1246 1565 1270 re
1594 1231 1744 1270 facilius
1770 1245 1857 1269 eam
1890 1231 2029 1268 librarii
2061 1229 2155 1269 allu-

1286 1290 1461 1327 cinantes
1487 1289 1694 1328 emendare
1719 1291 1908 1338 poterant.
1959 1286 2039 1325 Sed
2067 1287 2157 1337 quia

1286 1342 1387 1384 Mss.
1409 1349 1542 1384 extant
1562 1345 1769 1390 lectiones,
1796 1358 1893 1394 quas
1914 1343 2156 1395 comprobari
2207 1342 2209 1348 ’

1286 1402 1384 1447 licet,
1411 1406 1556 1440 temere
1572 1402 1875 1440 coniecturamin
1891 1404 1998 1438 textu
2013 1412 2157 1451 ponere
2205 1399 2207 1401 ’

1284 1458 1424 1510 nolui]

1356 1519 1564 1567 caputque
1608 1516 1791 1566 qzmte'ens
1835 1518 1874 1551 et
1915 1512 2158 1563 adscalpens
2207 1546 2210 1555 ,

1288 1585 1425 1610 aurem
1452 1572 1677 1609 dexteram.
1728 1569 1961 1621 [Utrumque
1977 1582 2068 1607 esse
2093 1568 2159 1606 ho·
2207 1579 2216 1622 ᾗ

1288 1628 1400 1666 minis
1439 1627 1653 1672 iratissimi,
1686 1640 1734 1664 ex
1765 1630 1845 1664 toto
1884 1626 2160 1664 sententiarum

1292 1697 1393 1721 nexu
1417 1688 1551 1734 potest
1582 1683 1699 1731 ellici3
1737 1682 1786 1721 cf.
1811 1681 1910 1721 Prie.
1938 1682 1986 1721 ad
2012 1682 2051 1720 h.
2074 1682 2096 1720 l.
2124 1685 2162 1719 et
2212 1694 2215 1724 ¹,

1290 1740 1375 1778 Intt.
1402 1740 1451 1777 ad
1477 1739 1631 1778 Petron.
1660 1754 1693 1778 e.
1723 1743 1812 1779 113.
1841 1739 1895 1778 At
1918 1753 2000 1777 non
2027 1738 2163 1792 Lycas
2206 1760 2219 1798 s

1290 1798 1382 1835 risit
1424 1797 1497 1835 sed
1539 1798 1689 1835 iratum
1732 1809 1980 1835 commovens
2024 1799 2162 1847 caput.
2207 1814 2213 1846 ῃ

1294 1853 1495 1904 Scalpere
1521 1858 1649 1904 caput
1673 1866 1789 1903 quum
1815 1852 1905 1889 alibi
1931 1864 2090 1903 semper
2115 1851 2164 1889 de
2213 1894 2215 1900 Ι

1291 1909 1512 1947 hominibus
1543 1909 1704 1946 mollitie
1737 1908 1969 1946 effeminatis
2007 1908 2165 1953 dicatur,
2208 1903 2213 1909 '¹

1294 1968 1355 2016 qui
1369 1966 1656 2009 leviter-tantum
1666 1969 1826 2016 tangunt
1835 1965 2014 2015 capillos,
2024 1978 2073 2003 ne
2082 1964 2166 2002 arti-

1294 2023 1426 2060 ficiose
1442 2023 1682 2073 compositos
1697 2022 1931 2067 disturbent,
1952 2021 1999 2060 cs.
2018 2020 2101 2059 lntt.
2117 2020 2167 2059 ad
2208 2063 2212 2066 .

1294 2078 1424 2117 luven.
1440 2077 1507 2116 lX.
1527 2082 1588 2119 13.
1604 2078 1666 2116 bic
1680 2079 1727 2117 de
1743 2079 1836 2116 irato
1849 2082 2075 2129 usurpatum
2093 2080 2168 2122 est,
2203 2089 2208 2112 ε

1295 2137 1358 2185 qui
1386 2148 1476 2186 prae
1503 2135 1773 2173 vehementiae
1793 2134 2032 2185 impatientia
2057 2133 2168 2184 quasi

1293 2193 1482 2242 pruriscit.
1498 2190 1737 2230 cs.Orell.ad
1749 2189 2167 2242 Horat.sat.1.10.71.]
2205 2230 2208 2235 ⁴

1351 2249 1409 2287 sic
1435 2248 1609 2300 (liquata
1637 2263 1687 2287 es.
1737 2247 1812 2299 [lta
1837 2260 1886 2284 ex
1912 2247 2057 2298 optimo
2083 2246 2168 2284 cod.
2205 2263 2214 2300 j,

1293 2303 1340 2343 F.
1356 2308 1390 2344 3.
1417 2306 1565 2357 recepi,
1592 2318 1709 2355 quum
1729 2304 1845 2341 ceteri
1861 2304 1972 2342 codd.
1987 2303 2167 2341 meliores

1295 2361 1459 2399 tandem
1490 2363 1549 2411 sic
1579 2361 1803 2412 praebeant.
1852 2360 1907 2398 At
1944 2358 2168 2411 particulam

1295 2418 1458 2456 tandem
1483 2419 1622 2455 vitiose
1647 2417 1827 2455 adsutam
1854 2430 1946 2454 esse
1972 2420 2064 2466 puto
2087 2429 2109 2454 a
2131 2414 2169 2453 li-
2203 2460 2207 2469 Ι

1295 2474 1450 2520 brariis,
1478 2475 1540 2525 qui
1562 2474 1652 2525 quid
1667 2473 1891 2511 adverbium
1906 2474 1964 2511 sic
1977 2473 2052 2510 sibi
2066 2473 2170 2516 velit,

1296 2544 1370 2568 non
1398 2530 1683 2582 intelligebant,
1711 2531 1839 2581 itaque
1866 2529 2007 2568 factum
2034 2533 2106 2574 est,
2132 2531 2172 2567 ut

1296 2601 1320 2626 a
1345 2586 1540 2624 nonnullis
1573 2587 1689 2638 plane
1723 2586 1941 2629 eiiceretur.
1973 2585 2038 2624 alii
2068 2585 2172 2636 glos·
2212 2616 2213 2619 ,

1296 2656 1409 2681 sema
1433 2644 1662 2694 reciperent.
1711 2643 1881 2693 Decepit
1910 2642 2062 2680 scilicet
2087 2655 2171 2687 eos,
2204 2649 2215 2676 ‚g

1299 2699 1403 2751 quod
1447 2699 1585 2737 iisdem
1634 2700 1713 2737 sere
1750 2700 1879 2738 verbis
1919 2697 2171 2736 Consuetudo
2200 2739 2202 2749 ,

1297 2755 1498 2807 Psychem
1529 2760 1755 2808 exceperat:
1787 2769 1823 2807 p.
1851 2759 1944 2795 396.
1976 2755 2172 2800 Tandem,

1299 2813 1456 2852 ancilla
1492 2814 1752 2866 nequissima,
1792 2812 1991 2849 dominam
2027 2810 2204 2858 habere}

1298 2874 1337 2907 te
1349 2870 1455 2908 scire
1470 2871 1654 2922 coepisti.
1690 2869 1761 2908 Sic
1776 2868 1876 2906 enim
1891 2867 1954 2905 hic
1969 2871 2062 2919 puto
2080 2879 2172 2905 esse
2198 2877 2202 2918 ,ζ

1299 2925 1534 2977 indignantis
1566 2931 1604 2964 et
1628 2924 1907 2963 stomachantis
1933 2924 2172 2974 particulam,
2198 2942 2203 2962 ι

1303 2983 1410 3020 cuius
1436 2996 1531 3021 usus
1559 2995 1791 3033 quamquam
1817 2980 1922 3019 aliud
1952 2979 2173 3031 exemplum
2196 2987 2201 3001 ¹¹

1303 3039 1472 3077 invenire
1486 3053 1560 3077 non
1576 3042 1763 3089 poteram,
1789 3041 1916 3075 tamen
1933 3050 1982 3075 ex
1996 3036 2174 3087 analogia
2199 3065 2201 3071 .

1302 3096 1517 3146 particulae
1549 3108 1653 3146 erqo
1684 3094 1928 3145 comprobari
1962 3094 2066 3141 licet3
2102 3105 2173 3130 nec
2196 3098 2211 3146 t

1303 3156 1491 3190 nostrum:
1519 3152 1576 3191 So
1589 3151 1795 3203 witrdt'yst
1808 3151 1876 3196 (In,
1897 3151 2086 3189 absonum
2100 3151 2173 3196 est,
2196 3147 2201 3212 l

2197 3213 2200 3233 l

2194 3287 2200 3369 t

2196 3427 2199 3575 2

2195 3577 2198 3667 t
