2155 3590
627 135 815 177 LIBER
838 135 912 176 Vl.

969 134 1093 175 CAP.
1123 131 1266 173 XXII.

1767 126 1851 169 473

77 254 238 302 vertice,
267 265 408 305 magno
433 249 517 291 Iovi
547 249 736 304 supplicat
759 262 944 302 suamque
971 261 1127 287 eausam
1153 244 1303 300 probat.
1353 242 1466 283 Tunc
1490 241 1638 296 Iupiter
1661 239 1852 294 prehensa

79 308 278 363 Cupidinis
303 307 485 357 buccula,
520 319 711 358 manuque
737 306 782 345 ad
810 320 853 345 os
881 319 992 345 suum
1017 303 1141 344 relata
1178 300 1402 347 consen-iat,
1429 305 1544 350 atque
1569 298 1624 337 sie
1650 297 1697 336 ad
1721 296 1849 335 illum:

76 365 190 408 Licet
212 372 274 415 tu,
300 363 445 416 inquit,
475 362 626 402 domine
652 362 725 411 fili,
754 375 961 414 numquam
987 360 1079 400 mihi
1105 371 1293 399 concessu
1307 355 1432 396 Defim
1458 355 1654 394 decretum
1679 351 1853 392 servaris

78 420 308 477 holuorem,
347 420 413 460 sed
444 419 546 459 istud
577 425 710 472 pectus
742 432 890 467 meum,
930 431 1004 470 quo
1038 417 1143 468 leges
1177 414 1457 454 elementorum
1488 417 1528 449 et
1550 409 1656 449 vices
1682 408 1851 448 siderum
1877 415 1943 447 424

77 478 354 531 disponuntur,
388 474 684 516 convulneraris
716 474 883 513 assiduis
914 473 1075 521 ictibus,
1116 470 1340 522 crebrisque
1373 475 1552 507 terrenae
1578 465 1747 504 libidinis
1773 465 1854 503 foe-

77 533 230 574 daveris
252 532 426 582 casibus,
456 538 668 584 contraque
688 531 795 583 leges
811 530 982 583 etipsam
998 527 1133 568 Iuliam
1149 526 1464 579 disciplinamque
1478 521 1666 576 publicam
1681 520 1855 574 turpibus

78 668 233 689 caussam
255 662 336 689 delet
357 662 395 689 D.
439 657 610 697 prehensa
629 660 666 688 F.
687 660 717 687 3.
738 661 772 687 G.
792 660 828 687 P.
847 659 884 686 D.
908 658 941 686 Ο.
962 654 991 685 δ.
1012 665 1046 685 π.
1072 657 1197 685 Ιιιιιῐ.2.
1218 656 1328 682 Woxv.
1348 650 1567 680 Pric.F101·iu.
1582 651 1771 684 praetensa
1783 649 1821 675 R.
1836 647 1858 675 f.

71 713 260 743 perprensa
273 707 367 735 Vulc.
383 707 413 734 2.
434 706 596 742 praecisa
610 708 671 733 ΜΞ.
696 706 811 732 Incert.
822 709 942 739 pressa
957 703 992 731 F.
1011 704 1036 729 l.
1053 711 1085 735 φ.
1098 703 1199 736 Elm.‚
1226 700 1309 727 unde
1323 698 1459 725 Sei-iver.
1475 695 1593 723 rectius
1612 693 1708 722 edidit
1720 699 1858 728 prensa.

74 754 110 780 In
122 753 193 780 edd.
207 754 283 780 vett.
296 751 613 786 legum-perpressa.
651 747 790 776 buccula
803 750 836 776 P.
876 746 1051 774 cons-abiae
1066 749 1101 774 G.
1117 748 1152 774 P.
1166 746 1203 773 D.
1219 742 1247 772 ὃ.
1272 740 1474 770 consum-fat
1485 742 1534 768 ed.
1548 739 1650 766 Seriv.
1660 760 1667 772 ,
1682 738 1764 765 inter
1778 744 1859 771 quas

76 797 255 832 scripturas
274 796 391 829 ubique
411 797 500 824 codd.
520 795 684 824 fluctuant.
708 796 745 822 ln
762 795 876 822 Venet.
895 794 926 821 2.
947 792 1063 820 vitiose
1077 791 1195 825 legitur
1213 788 1403 816 consen-ias.

76 842 193 877 legitur
206 842 239 869 in
252 849 281 876 p.
329 839 482 867 dmniuae
493 844 604 868 contra
617 847 733 868 morem
747 839 873 868 vicent.
887 838 1000 866 Venet.
1015 839 1044 865 ⁸2.
1063 838 1146 864 lunt.
1170 837 1198 862 1.

1452 782 1587 820 thffifilz·
1599 791 1654 818 pro
1668 778 1863 817 dmuinefilt'

1244 839 1433 860 concessam
1449 840 1478 866 p.
1526 828 1618 856 deum
1637 830 1747 856 exulat
1768 829 1807 856 ab
1824 827 1859 856 0.

75 889 239 914 secretum
259 883 288 914 δ.
335 885 525 913 servat-eris
551 887 586 913 G.
607 881 635 913 ὃ.
683 882 934 910 σιηιοιιῐηιειπιίε
954 884 990 910 G.
1009 883 1047 910 D.
1068 889 1103 909 π.
1150 878 1270 907 ictibus
1284 875 1427 906 assiduis
1444 878 1478 905 G.
1492 877 1530 904 D.
1569 871 1809 914 foederat-eris
1824 874 1860 900 G.

76 939 106 966 p.
120 933 158 960 Β.
205 933 327 958 contra
340 929 426 968 leges
440 931 562 958 omissa
575 932 692 964 copula
704 925 733 958 δ.

28 1042 32 1045 ’
77 1041 124 1078 iis
135 1041 374 1079 desuescere
384 1043 525 1090 potest.
540 1038 646 1078 Idem
660 1042 820 1077 testatur
835 1039 942 1076 locus

76 1096 192 1147 Apul.
217 1097 314 1135 Met.
334 1095 401 1134 IX.
421 1109 457 1147 p.
475 1099 565 1136 638.
595 1096 744 1133 Annum
771 1109 855 1132 eum
878 1107 943 1131 vo-

77 1153 219 1191 racitas
251 1157 331 1191 tum
362 1152 551 1190 vinositas
579 1151 844 1189 famosissima
870 1153 941 1187 est.

79 1209 127 1246 cf.
153 1206 272 1259 Apul.
297 1208 394 1246 Met.
421 1207 487 1246 IV.
516 1222 550 1258 p.
578 1212 670 1247 251.
697 1207 746 1244 de
771 1221 864 1253 unu,
892 1205 943 1243 ln-

76 1269 225 1302 tronum
251 1264 423 1314 hospita:
451 1278 554 1315 qnae
579 1264 720 1302 diebus
744 1277 793 1301 ac
818 1263 942 1300 nocti-

79 1321 150 1360 bus
184 1320 246 1358 m'l
281 1321 496 1372 quicquum
533 1321 609 1365 rei,
649 1333 769 1371 quam
799 1332 945 1356 merum

79 1377 268 1416 saevienti
297 1377 425 1415 ventri
455 1380 526 1414 tuo
557 1375 658 1414 coles
689 1374 865 1412 aviditer
888 1375 945 1411 in-

80 1434 313 1485 qurqitttre.
362 1430 575 1470 Armillum
600 1435 801 1482 praeterea
826 1428 945 1481 expli-

79 1492 167 1527 cant
182 1487 286 1526 Fest.
308 1501 344 1539 p.
360 1492 396 1527 2.
423 1487 625 1526 armillum
653 1501 719 1526 ras
744 1487 945 1525 vinnrimn

80 1547 122 1583 in
146 1545 274 1584 sacris
298 1544 470 1588 dictum,
499 1543 612 1595 quod
637 1557 749 1582 armo
776 1544 800 1580 i.
817 1556 847 1580 e.
875 1542 944 1580 ltu-

80 1615 186 1640 mero
212 1601 466 1652 deportetur,
492 1599 541 1637 ad
567 1612 681 1649 quem
709 1599 729 1636 l.
745 1597 943 1637 confilntt.

80 1671 116 1708 p.
142 1659 234 1697 300.
281 1655 394 1694 Lind.
426 1659 464 1693 et
495 1655 628 1694 Gloss.
659 1655 749 1693 Isid.
783 1668 817 1705 p.
851 1658 942 1694 668.

82 1713 300 1759 armillum,
327 1716 477 1756 crater,
504 1725 570 1751 vas
595 1711 824 1763 vinarium]

133 1770 345 1822 prehensa.
371 1767 431 1806 Ex
444 1771 550 1806 tanta
564 1767 742 1806 librorum
758 1767 946 1817 farragine

83 1825 182 1863 Oud.
220 1824 400 1876 praetulit
436 1824 639 1862 lectionem
677 1823 819 1862 Roaldi
852 1837 945 1874 per-

80 1895 247 1934 prensa,
285 1894 402 1931 quum
432 1883 537 1918 certe
561 1894 703 1931 pressa
735 1879 795 1918 hie
821 1880 947 1917 locum

84 1938 226 1976 habere
248 1935 428 1987 nequeat.
478 1936 560 1974 Sed
584 1937 716 1981 miror,
753 1935 948 1987 quomodo

85 1994 192 2032 locus
202 1992 466 2032 Suet.Galb.4.
478 2006 590 2043 quem
601 1993 687 2043 ipse
699 1991 828 2029 affert:
846 1992 950 2030 Pne-

88 2065 132 2088 ro
143 2050 281 2088 adhue
289 2048 485 2087 salutanti
495 2062 536 2086 se
549 2050 652 2086 inter
667 2049 858 2100 aequales
873 2062 896 2085 α
904 2061 951 2098 p-

85 2105 319 2157 prehensa
347 2105 497 2144 buccu
508 2104 553 2142 la
574 2104 739 2149 dixisse,
754 2103 858 2141 Oud.
873 2116 948 2140 non

87 2160 358 2205 commoverit,
400 2164 441 2198 ut
478 2159 682 2197 lectionem
722 2161 951 2210 optimorum

88 2217 198 2256 codd.
212 2216 411 2268 prehensa
431 2217 633 2266 reciperet,
656 2230 756 2266 quae
772 2228 953 2266 compen-

87 2274 149 2312 dio
167 2273 297 2325 fiensa
316 2275 495 2322 corrupta
514 2274 586 2309 est.
613 2272 844 2312 Baeculam
863 2284 955 2308 vero

85 2329 338 2382 prehendere
346 2328 430 2366 eius
439 2332 512 2374 est,
522 2328 584 2378 qui
594 2328 798 2373 blanditur,
808 2326 952 2365 utOud.

88 2386 326 2424 demonstrat
340 2397 387 2422 ex
402 2384 498 2422 locis
507 2383 639 2435 Apoll.
649 2383 696 2422 R.
708 2383 770 2422 Ill.
780 2389 794 2424 1
805 2383 954 2430 28.‚ubi

87 2442 123 2478 V
129 2455 225 2479 enus
263 2440 491 2491 Cupidinem
532 2439 754 2478 blandiendi
795 2452 954 2478 caussa:

88 2500 128 2537 Γ
124 2501 279 2548 ναδμοῖο
293 2499 551 2549 κατασχομένη
564 2495 763 2547 προσέειπε
773 2499 811 2534 et
819 2509 852 2535 v.
866 2498 955 2536 149.

85 2550 339 2606 Ἐπειρὺσασα
369 2552 527 2604 παρειὰς
560 2553 651 2591 zea&
690 2554 955 2604 ποτισχομένη·

88 2610 203 2648 Plura
218 2609 398 2660 exempla
422 2609 570 2661 profert
583 2608 754 2647 folvius.
783 2609 891 2646 Serv.
905 2608 956 2646 ad

88 2665 425 2717 Virg.Aen.l.260.
436 2665 536 2704 hunc
546 2679 687 2703 morem
697 2665 748 2703 ita
757 2665 955 2716 exposuit:

93 2723 244 2762 Oscula
260 2723 404 2761 libavit
414 2727 556 2761 natae.-
582 2722 686 2760 Sane
701 2721 808 2759 multi
822 2720 957 2758 nolunt

91 2778 143 2817 ita
166 2778 347 2829 intelligi,
371 2782 414 2817 ut
436 2791 628 2816 summum
654 2777 830 2816 osculum
854 2776 956 2814 filiae

93 2834 259 2880 dederit,
283 2834 321 2872 id
335 2838 408 2879 est,
422 2849 497 2872 non
510 2847 705 2886 pressum,
719 2833 792 2872 sed
806 2846 957 2872 summa

97 2889 238 2928 labella
262 2892 504 2942 contingens:
542 2890 615 2928 sed
645 2891 697 2928 ita
721 2891 842 2928 aiunt:
879 2892 958 2927 tum

95 2944 228 2984 hilaris
251 2945 393 3000 Iupiter
417 2946 546 2986 vultus
582 2950 697 2985 natae
736 2945 884 2991 libavit,
921 2944 959 2983 id

97 3005 176 3047 est,
206 3003 376 3054 contigit,
408 3004 560 3042 seilicet
590 3007 629 3041 ut
660 3016 735 3041 nos
767 3002 957 3048 solemus,

96 3071 181 3096 cum
204 3058 474 3099 blandimentis
501 3059 732 3112 quibusdam
763 3058 959 3097 sinistram

97 3114 291 3154 maxillam
309 3118 528 3169 contingere
542 3117 749 3156 liberorum
763 3119 802 3154 et
815 3113 958 3154 deinde

1001 1038 1049 1075 ad
1086 1050 1131 1074 os
1174 1038 1343 1073 nostrum
1386 1033 1559 1070 dextram
1599 1028 1743 1071 referte
1791 1025 1864 1078 [cf.

1000 1092 1153 1131 Ruhnk.
1180 1091 1281 1128 Dict.
1308 1089 1357 1128 ad
1383 1089 1490 1126 Suet.
1516 1087 1615 1135 Aug.
1631 1089 1694 1125 94.
1716 1098 1752 1135 p.
1769 1087 1863 1124 203.

1002 1146 1343 1197 etBauing.-Cr11s.
1366 1144 1414 1182 ad
1429 1144 1463 1182 h.
1481 1144 1502 1181 l.
1518 1142 1625 1180 Male
1642 1140 1800 1179 Erhard.
1814 1139 1866 1177 ad

1002 1204 1155 1242 Petron.
1173 1216 1203 1240 c.
1222 1206 1310 1242 126.
1334 1215 1370 1251 p.
1387 1204 1477 1240 781.
1504 1202 1633 1236 nostro
1661 1197 1744 1234 loco
1771 1197 1867 1235 bac-

1003 1261 1095 1300 cula
1122 1258 1290 1308 explieat
1312 1270 1482 1308 parcum
1509 1254 1584 1306 οὑκ]

1060 1328 1249 1355 concessu
1277 1313 1419 1351 Decime.
1462 1311 1571 1349 Male
1598 1309 1756 1348 Cotvius
1781 1321 1867 1346 cum

1005 1370 1200 1410 Stewech.
1238 1369 1287 1406 ad
1323 1368 1467 1406 Arnob.
1483 1366 1568 1404 Vll.
1605 1379 1641 1415 μ.
1679 1368 1768 1404 142.
1805 1363 1869 1402 ed.

1003 1427 1130 1478 Lugd.
1157 1425 1338 1463 emendat
1363 1437 1556 1463 consessu.
1586 1419 1775 1460 Decretus
1788 1418 1868 1457 Iovi

1003 1485 1124 1522 honor
1138 1483 1272 1521 dicitur
1287 1494 1478 1520 concessa
1499 1480 1681 1522 deorum,
1709 1478 1798 1526 quia
1816 1475 1869 1513 illi

1005 1539 1194 1579 communi
1221 1538 1376 1576 decreto
1403 1537 1564 1588 primum
1577 1533 1659 1572 Iovi
1683 1533 1870 1571 honorem

1003 1600 1292 1636 concesserunt.

1062 1652 1291 1703 erebi-[sque
1316 1656 1498 1689 terrenae
1525 1647 1705 1686 libidinis
1725 1646 1871 1698 foeda-

1008 1711 1106 1749 veris
1120 1708 1287 1747 casibus.
1336 1705 1505 1745 Primum
1520 1704 1654 1741 wass.
1670 1715 1873 1754 perperam

1006 1765 1165 1804 offendit
1180 1765 1214 1801 in
1231 1776 1326 1801 voce
1340 1763 1509 1803 casibus.
1520 1775 1587 1811 pro
1604 1773 1679 1810 qua
1693 1758 1874 1796 emendat

1002 1822 1184 1875 sacellum,
1209 1818 1413 1857 temeraria
1426 1817 1617 1870 prurigine
1632 1813 1873 1854 coniectandi

1008 1880 1205 1929 abreptus,
1232 1888 1346 1925 quum
1373 1876 1459 1926 ipse
1486 1873 1643 1912 casibus
1668 1872 1874 1909 lectionem

1008 1935 1095 1972 (lein
1116 1931 1302 1971 defendat
1322 1944 1370 1968 ex
1391 1932 1475 1970 loco
1490 1928 1575 1967 Vll.
1595 1942 1632 1979 p.
1648 1932 1740 1968 454.
1760 1941 1875 1966 casus

1007 1990 1260 2042 iniquissimo
1287 1987 1499 2026 dolendus.
1538 1984 1644 2022 Idem
1670 1998 1760 2021 vero
1787 1997 1875 2020 con-

1009 2047 1093 2097 tigit
1105 2044 1320 2089 Beroah10,
1348 2044 1410 2093 qui
1425 2042 1602 2081 cassibus
1626 2041 1648 2079 i.
1664 2055 1696 2078 e.
1724 2039 1874 2090 laqueis

1010 2107 1047 2141 et
1072 2101 1221 2154 pedicis
1235 2100 1408 2141 coniecit,
1436 2102 1474 2136 et
1491 2097 1679 2136 Pricaeus
1706 2097 1819 2135 etiam
1839 2097 1876 2133 in

1010 2158 1114 2198 Add.
1153 2157 1238 2194 ferri
1274 2159 1467 2206 utcunque
1508 2154 1712 2192 lectionem
1753 2165 1878 2203 posse

1013 2215 1207 2258 scribens,
1233 2212 1418 2250 ariolatus
1444 2215 1571 2249 tamen
1598 2214 1660 2248 est
1689 2209 1878 2248 sordibus

1015 2285 1064 2309 ex
1079 2270 1174 2309 Met.
1188 2268 1254 2307 IV.
1276 2282 1312 2320 p.
1327 2272 1425 2309 303:
1451 2281 1592 2306 nomen
1617 2280 1741 2305 meum
1762 2265 1878 2303 coelo

1013 2327 1222 2368 eonditum
1247 2325 1457 2363 terrenis
1481 2323 1709 2363 sordibus
1731 2323 1878 2374 profa-

1012 2389 1145 2423 ποίοιν.
1171 2380 1274 2419 Oud.
1307 2393 1540 2433 quamquam
1572 2379 1738 2423 dubitat,
1777 2377 1879 2427 quic-

1014 2453 1128 2492 quain
1154 2438 1288 2476 mutari
1308 2450 1447 2489 posse,
1473 2441 1601 2474 tamen
1616 2435 1766 2485 corrigit
1781 2433 1879 2472 labi-

1015 2497 1085 2535 bus
1108 2496 1129 2533 i.
1145 2508 1177 2533 e.
1204 2493 1366 2532 maculis
1387 2496 1425 2531 et
1439 2493 1634 2538 sordibus,
1649 2503 1879 2542 comparans

1014 2552 1112 2591 Met.
1127 2550 1170 2589 ll.
1186 2565 1221 2602 p.
1240 2554 1330 2591 123.
1344 2549 1623 2602 impudentiae
1636 2561 1730 2586 snae
1745 2547 1796 2585 la
1811 2546 1833 2584 b
1849 2560 1880 2584 e.

1016 2607 1262 2658 VIILp.529.
1283 2605 1617 2658 impudentiae
1637 2603 1727 2642 labe
1740 2603 1881 2640 tacita.

1013 2664 1132 2717 Apol.
1161 2678 1198 2716 p.
1226 2666 1318 2704 393.
1345 2662 1475 2701 labes
1499 2661 1691 2700 sordimn.
1718 2659 1767 2696 de
1793 2658 1880 2696 Deo

1015 2721 1271 2772 Socr.p.169.
1287 2720 1371 2758 sine
1384 2717 1650 2770 turpitudine,
1664 2716 1748 2754 sine
1762 2714 1808 2753 la
1818 2715 1840 2753 b
1851 2728 1882 2753 e.

1016 2775 1225 2816 Ge11.11.1,
1240 2792 1265 2814 a
1285 2775 1591 2826 voluptatum
1612 2772 1717 2810 labe
1737 2772 1884 2810 cavisse

1014 2833 1157 2871 Minue.
1195 2832 1279 2871 Fet.
1306 2846 1335 2870 c.
1364 2833 1428 2871 26.
1464 2830 1633 2881 spiritus
1664 2842 1688 2865 a
1721 2827 1884 2866 coelesti

1017 2890 1161 2941 riyore
1186 2888 1355 2928 terrenis
1382 2885 1577 2925 labibus
1602 2898 1652 2923 ac
1677 2883 1883 2934 cupidita-

1016 2946 1121 2985 tilius
1135 2945 1366 2997 deqravatae'.
1384 2941 1503 2979 Immo
1517 2953 1641 2991 saepe
1656 2939 1884 2978 vocabulum

1018 3001 1127 3041 labes
1151 3001 1201 3052 de
1225 2999 1415 3038 adulterio
1441 2997 1555 3042 sumi,
1581 2996 1822 3035 demonstrat
1835 3009 1885 3034 ex

1018 3057 1157 3096 Senec.
1183 3054 1344 3107 Hippol.
1357 3067 1392 3093 v.
1408 3057 1500 3095 667.
1515 3052 1628 3092 Ovid.
1644 3051 1802 3091 Heroid.
1818 3051 1883 3091 IV.

1017 3118 1082 3155 32.
1109 3114 1190 3163 (ubi
1216 3111 1264 3152 cf.
1288 3110 1462 3160 Ruhnk.)
1490 3114 1529 3148 et
1542 3109 1674 3149 Amor.
1688 3107 1752 3149 111.
1765 3112 1801 3150 5.
1818 3112 1883 3150 43.
