<?xml version="1.0" encoding="UTF-8"?>
<!DOCTYPE html PUBLIC "-//W3C//DTD XHTML 1.0 Transitional//EN"
    "http://www.w3.org/TR/xhtml1/DTD/xhtml1-transitional.dtd">
<html xmlns="http://www.w3.org/1999/xhtml" xml:lang="en" lang="en">
 <head>
  <title>
</title>
<meta http-equiv="Content-Type" content="text/html;charset=utf-8" />
  <meta name='ocr-system' content='tesseract 3.04.00' />
  <meta name='ocr-capabilities' content='ocr_page ocr_carea ocr_par ocr_line ocrx_word'/>
</head>
<body>
  <div class='ocr_page' id='page_1' title='image "./operaomnia01apuluoft/operaomnia01apuluoft_1055.png"; bbox 0 0 2155 3590; ppageno 0'>
   <div class='ocr_carea' id='block_1_1' title="bbox 659 123 1322 165">
    <p class='ocr_par' dir='ltr' id='par_1_1' title="bbox 659 123 1322 165">
     <span class='ocr_line' id='line_1_1' title="bbox 659 123 1322 165; baseline -0.005 0"><span class='ocrx_word' id='word_1_1' title='bbox 659 125 845 165; x_wconf 78' lang='lat' dir='ltr'>LIBER</span> <span class='ocrx_word' id='word_1_2' title='bbox 875 124 947 164; x_wconf 81' lang='lat' dir='ltr'>IX.</span> <span class='ocrx_word' id='word_1_3' title='bbox 1001 123 1125 164; x_wconf 85' lang='lat' dir='ltr'>CAP.</span> <span class='ocrx_word' id='word_1_4' title='bbox 1155 123 1322 163; x_wconf 85' lang='lat' dir='ltr'>XXIX.</span> 
     </span>
    </p>
   </div>
   <div class='ocr_carea' id='block_1_2' title="bbox 615 330 1053 377">
    <p class='ocr_par' dir='ltr' id='par_1_2' title="bbox 615 330 1053 377">
     <span class='ocr_line' id='line_1_2' title="bbox 615 330 1053 377; baseline -0.005 0"><span class='ocrx_word' id='word_1_5' title='bbox 615 330 1053 377; x_wconf 85' lang='lat' dir='ltr'><strong>CAPUT</strong></span> 
     </span>
    </p>
   </div>
   <div class='ocr_carea' id='block_1_3' title="bbox 1812 119 1894 162">
    <p class='ocr_par' dir='ltr' id='par_1_3' title="bbox 1812 119 1894 162">
     <span class='ocr_line' id='line_1_3' title="bbox 1812 119 1894 162; baseline 0.012 -1"><span class='ocrx_word' id='word_1_6' title='bbox 1812 119 1894 162; x_wconf 65' lang='lat'>8⁶27</span> 
     </span>
    </p>
   </div>
   <div class='ocr_carea' id='block_1_4' title="bbox 1145 328 1375 375">
    <p class='ocr_par' dir='ltr' id='par_1_4' title="bbox 1145 328 1375 375">
     <span class='ocr_line' id='line_1_4' title="bbox 1145 328 1375 375; baseline -0.009 0"><span class='ocrx_word' id='word_1_7' title='bbox 1145 329 1258 375; x_wconf 86' lang='lat' dir='ltr'>XX</span> <span class='ocrx_word' id='word_1_8' title='bbox 1308 328 1375 374; x_wconf 87' lang='lat' dir='ltr'>X.</span> 
     </span>
    </p>
   </div>
   <div class='ocr_carea' id='block_1_5' title="bbox 109 447 1892 616">
    <p class='ocr_par' dir='ltr' id='par_1_5' title="bbox 109 447 1892 616">
     <span class='ocr_line' id='line_1_5' title="bbox 221 447 1892 504; baseline -0.003 -15"><span class='ocrx_word' id='word_1_9' title='bbox 221 450 277 490; x_wconf 78' lang='lat' dir='ltr'>At</span> <span class='ocrx_word' id='word_1_10' title='bbox 299 449 366 489; x_wconf 85' lang='lat' dir='ltr'>illa</span> <span class='ocrx_word' id='word_1_11' title='bbox 389 457 546 504; x_wconf 84' lang='lat' dir='ltr'>praeter</span> <span class='ocrx_word' id='word_1_12' title='bbox 572 450 781 503; x_wconf 82' lang='lat' dir='ltr'>genuinam</span> <span class='ocrx_word' id='word_1_13' title='bbox 806 449 1017 504; x_wconf 80' lang='lat' dir='ltr'>nequitiam</span> <span class='ocrx_word' id='word_1_14' title='bbox 1044 448 1280 490; x_wconf 79' lang='lat' dir='ltr'>contumelia</span> <span class='ocrx_word' id='word_1_15' title='bbox 1306 447 1423 488; x_wconf 78' lang='lat' dir='ltr'>etiam</span> <span class='ocrx_word' id='word_1_16' title='bbox 1443 447 1620 500; x_wconf 78' lang='lat' dir='ltr'>quamvis</span> <span class='ocrx_word' id='word_1_17' title='bbox 1639 447 1742 487; x_wconf 81' lang='lat' dir='ltr'>iusta</span> <span class='ocrx_word' id='word_1_18' title='bbox 1765 453 1892 485; x_wconf 79' lang='lat' dir='ltr'>tamen</span> 
     </span>
     <span class='ocr_line' id='line_1_6' title="bbox 109 502 1892 560; baseline -0.003 -14"><span class='ocrx_word' id='word_1_19' title='bbox 109 506 223 546; x_wconf 84' lang='lat' dir='ltr'>altius</span> <span class='ocrx_word' id='word_1_20' title='bbox 259 512 451 545; x_wconf 77' lang='lat' dir='ltr'>commota</span> <span class='ocrx_word' id='word_1_21' title='bbox 487 513 602 559; x_wconf 83' lang='lat' dir='ltr'>atque</span> <span class='ocrx_word' id='word_1_22' title='bbox 639 513 895 560; x_wconf 77' lang='lat' dir='ltr'>exasperata,</span> <span class='ocrx_word' id='word_1_23' title='bbox 934 506 983 546; x_wconf 82' lang='lat' dir='ltr'>ad</span> <span class='ocrx_word' id='word_1_24' title='bbox 1018 505 1211 545; x_wconf 84' lang='lat' dir='ltr'>armillum</span> <span class='ocrx_word' id='word_1_25' title='bbox 1246 503 1481 552; x_wconf 78' lang='lat' dir='ltr'>revertitur,</span> <span class='ocrx_word' id='word_1_26' title='bbox 1507 502 1572 557; x_wconf 65' lang='lat' dir='ltr'>iet</span> <span class='ocrx_word' id='word_1_27' title='bbox 1601 503 1648 542; x_wconf 86' lang='lat' dir='ltr'>ad</span> <span class='ocrx_word' id='word_1_28' title='bbox 1679 502 1892 542; x_wconf 82' lang='lat' dir='ltr'>familiares</span> 
     </span>
     <span class='ocr_line' id='line_1_7' title="bbox 110 558 1890 616; baseline -0.003 -15"><span class='ocrx_word' id='word_1_29' title='bbox 110 562 341 602; x_wconf 82' lang='lat' dir='ltr'>feminarum</span> <span class='ocrx_word' id='word_1_30' title='bbox 366 569 473 602; x_wconf 83' lang='lat' dir='ltr'>artes</span> <span class='ocrx_word' id='word_1_31' title='bbox 499 562 745 613; x_wconf 84' lang='lat' dir='ltr'>accenditur3</span> <span class='ocrx_word' id='word_1_32' title='bbox 771 575 992 616; x_wconf 84' lang='lat' dir='ltr'>magnaque</span> <span class='ocrx_word' id='word_1_33' title='bbox 1017 575 1112 602; x_wconf 85' lang='lat' dir='ltr'>cura</span> <span class='ocrx_word' id='word_1_34' title='bbox 1134 560 1360 614; x_wconf 78' lang='lat' dir='ltr'>requisitam</span> <span class='ocrx_word' id='word_1_35' title='bbox 1386 558 1662 599; x_wconf 74' lang='lat' dir='ltr'>veteratricem</span> <span class='ocrx_word' id='word_1_36' title='bbox 1689 558 1890 611; x_wconf 83' lang='lat' dir='ltr'>quamdam</span> 
     </span>
    </p>
   </div>
   <div class='ocr_carea' id='block_1_6' title="bbox 106 684 1892 860">
    <p class='ocr_par' dir='ltr' id='par_1_6' title="bbox 106 684 1892 860">
     <span class='ocr_line' id='line_1_8' title="bbox 197 684 1892 724; baseline -0.003 -7"><span class='ocrx_word' id='word_1_37' title='bbox 197 689 407 717; x_wconf 70' lang='lat' dir='ltr'>continentia</span> <span class='ocrx_word' id='word_1_38' title='bbox 421 697 475 724; x_wconf 82' lang='lat' dir='ltr'>pro</span> <span class='ocrx_word' id='word_1_39' title='bbox 490 688 692 718; x_wconf 67' lang='lat' dir='ltr'>contumelia</span> <span class='ocrx_word' id='word_1_40' title='bbox 705 692 744 719; x_wconf 92' lang='lat' dir='ltr'>D.</span> <span class='ocrx_word' id='word_1_41' title='bbox 790 690 895 718; x_wconf 62' lang='lat' dir='ltr'>susm</span> <span class='ocrx_word' id='word_1_42' title='bbox 908 690 944 718; x_wconf 78' lang='lat' dir='ltr'>G.</span> <span class='ocrx_word' id='word_1_43' title='bbox 959 691 988 718; x_wconf 75' lang='lat'>⁴2.</span> <span class='ocrx_word' id='word_1_44' title='bbox 1002 690 1038 718; x_wconf 90' lang='lat' dir='ltr'>P.</span> <span class='ocrx_word' id='word_1_45' title='bbox 1052 690 1090 717; x_wconf 88' lang='lat' dir='ltr'>D.</span> <span class='ocrx_word' id='word_1_46' title='bbox 1138 686 1294 716; x_wconf 70' lang='lat' dir='ltr'>armt‘lrcm</span> <span class='ocrx_word' id='word_1_47' title='bbox 1308 685 1339 716; x_wconf 75' lang='grc' dir='ltr'>ὃ.</span> <span class='ocrx_word' id='word_1_48' title='bbox 1369 685 1459 714; x_wconf 66' lang='lat' dir='ltr'>alius</span> <span class='ocrx_word' id='word_1_49' title='bbox 1473 684 1603 714; x_wconf 78' lang='lat' dir='ltr'>armile.</span> <span class='ocrx_word' id='word_1_50' title='bbox 1630 685 1671 713; x_wconf 88' lang='lat' dir='ltr'>cf.</span> <span class='ocrx_word' id='word_1_51' title='bbox 1693 686 1733 713; x_wconf 88' lang='lat' dir='ltr'>ad</span> <span class='ocrx_word' id='word_1_52' title='bbox 1747 688 1822 713; x_wconf 82' lang='lat' dir='ltr'>Met.</span> <span class='ocrx_word' id='word_1_53' title='bbox 1838 686 1892 713; x_wconf 73' lang='lat' dir='ltr'>VI.</span> 
     </span>
     <span class='ocr_line' id='line_1_9' title="bbox 109 731 1892 764; baseline -0.003 -2"><span class='ocrx_word' id='word_1_54' title='bbox 109 743 138 763; x_wconf 83' lang='lat' dir='ltr'>n.</span> <span class='ocrx_word' id='word_1_55' title='bbox 153 736 228 763; x_wconf 72' lang='lat'>423.</span> <span class='ocrx_word' id='word_1_56' title='bbox 276 735 464 762; x_wconf 69' lang='lat' dir='ltr'>revertitur</span> <span class='ocrx_word' id='word_1_57' title='bbox 477 736 512 763; x_wconf 83' lang='lat' dir='ltr'>F.</span> <span class='ocrx_word' id='word_1_58' title='bbox 528 736 557 764; x_wconf 90' lang='lat'>1.</span> <span class='ocrx_word' id='word_1_59' title='bbox 574 736 603 764; x_wconf 86' lang='lat'>3.</span> <span class='ocrx_word' id='word_1_60' title='bbox 619 737 654 763; x_wconf 87' lang='lat' dir='ltr'>G.</span> <span class='ocrx_word' id='word_1_61' title='bbox 672 737 698 764; x_wconf 92' lang='lat'>1.</span> <span class='ocrx_word' id='word_1_62' title='bbox 712 737 743 764; x_wconf 82' lang='grc'>,2.</span> <span class='ocrx_word' id='word_1_63' title='bbox 760 736 796 764; x_wconf 87' lang='grc' dir='ltr'>Ρ.</span> <span class='ocrx_word' id='word_1_64' title='bbox 809 736 850 763; x_wconf 91' lang='grc' dir='ltr'>Ι).</span> <span class='ocrx_word' id='word_1_65' title='bbox 862 736 901 764; x_wconf 88' lang='lat' dir='ltr'>R.</span> <span class='ocrx_word' id='word_1_66' title='bbox 916 734 937 763; x_wconf 86' lang='lat' dir='ltr'>f.</span> <span class='ocrx_word' id='word_1_67' title='bbox 953 732 981 762; x_wconf 70' lang='grc' dir='ltr'>δ’.</span> <span class='ocrx_word' id='word_1_68' title='bbox 997 735 1076 762; x_wconf 84' lang='lat' dir='ltr'>Coll.</span> <span class='ocrx_word' id='word_1_69' title='bbox 1090 733 1187 762; x_wconf 73' lang='lat' dir='ltr'>Voss.</span> <span class='ocrx_word' id='word_1_70' title='bbox 1212 735 1248 761; x_wconf 86' lang='lat' dir='ltr'>In</span> <span class='ocrx_word' id='word_1_71' title='bbox 1264 736 1336 761; x_wconf 75' lang='lat' dir='ltr'>cett.</span> <span class='ocrx_word' id='word_1_72' title='bbox 1348 731 1503 760; x_wconf 62' lang='lat' dir='ltr'>ret-ertit.</span> <span class='ocrx_word' id='word_1_73' title='bbox 1549 733 1680 758; x_wconf 81' lang='lat' dir='ltr'>artetes</span> <span class='ocrx_word' id='word_1_74' title='bbox 1694 731 1731 758; x_wconf 91' lang='lat' dir='ltr'>B.</span> <span class='ocrx_word' id='word_1_75' title='bbox 1779 732 1892 756; x_wconf 79' lang='lat' dir='ltr'>allen-</span> 
     </span>
     <span class='ocr_line' id='line_1_10' title="bbox 106 774 1892 816; baseline -0.003 -10"><span class='ocrx_word' id='word_1_76' title='bbox 106 778 199 806; x_wconf 71' lang='lat' dir='ltr'>dt‘lur</span> <span class='ocrx_word' id='word_1_77' title='bbox 217 781 251 808; x_wconf 92' lang='grc'>0.</span> <span class='ocrx_word' id='word_1_78' title='bbox 297 779 501 816; x_wconf 76' lang='lat' dir='ltr'>nequz‘sz&#39;tam</span> <span class='ocrx_word' id='word_1_79' title='bbox 521 782 555 809; x_wconf 88' lang='lat' dir='ltr'>G.</span> <span class='ocrx_word' id='word_1_80' title='bbox 575 782 607 809; x_wconf 82' lang='lat'>2.</span> <span class='ocrx_word' id='word_1_81' title='bbox 654 779 858 808; x_wconf 73' lang='lat' dir='ltr'>veratrz&#39;cem</span> <span class='ocrx_word' id='word_1_82' title='bbox 876 781 924 808; x_wconf 90' lang='lat' dir='ltr'>ed.</span> <span class='ocrx_word' id='word_1_83' title='bbox 945 787 990 814; x_wconf 86' lang='lat' dir='ltr'>pr.</span> <span class='ocrx_word' id='word_1_84' title='bbox 1010 779 1081 807; x_wconf 76' lang='lat' dir='ltr'>Vic.</span> <span class='ocrx_word' id='word_1_85' title='bbox 1105 780 1189 807; x_wconf 85' lang='lat' dir='ltr'>Iunt.</span> <span class='ocrx_word' id='word_1_86' title='bbox 1216 780 1241 806; x_wconf 89' lang='lat'>1.</span> <span class='ocrx_word' id='word_1_87' title='bbox 1260 779 1335 807; x_wconf 71' lang='lat' dir='ltr'>Am.</span> <span class='ocrx_word' id='word_1_88' title='bbox 1359 778 1454 806; x_wconf 73' lang='lat' dir='ltr'>Vulc.</span> <span class='ocrx_word' id='word_1_89' title='bbox 1475 778 1505 804; x_wconf 82' lang='lat'>2.</span> <span class='ocrx_word' id='word_1_90' title='bbox 1527 774 1639 804; x_wconf 61' lang='lat' dir='ltr'>U&#39;ow.</span> <span class='ocrx_word' id='word_1_91' title='bbox 1669 776 1748 804; x_wconf 84' lang='lat' dir='ltr'>Oud.</span> <span class='ocrx_word' id='word_1_92' title='bbox 1774 775 1892 802; x_wconf 86' lang='lat' dir='ltr'>Theod.</span> 
     </span>
     <span class='ocr_line' id='line_1_11' title="bbox 107 818 1891 860; baseline -0.004 -7"><span class='ocrx_word' id='word_1_93' title='bbox 107 825 236 853; x_wconf 71' lang='lat' dir='ltr'>Marcii.</span> <span class='ocrx_word' id='word_1_94' title='bbox 250 828 314 853; x_wconf 76' lang='lat' dir='ltr'>not.</span> <span class='ocrx_word' id='word_1_95' title='bbox 330 826 503 854; x_wconf 82' lang='lat' dir='ltr'>Grammat.</span> <span class='ocrx_word' id='word_1_96' title='bbox 517 826 558 853; x_wconf 85' lang='lat' dir='ltr'>ad</span> <span class='ocrx_word' id='word_1_97' title='bbox 575 826 601 853; x_wconf 90' lang='lat'>1.</span> <span class='ocrx_word' id='word_1_98' title='bbox 615 825 736 854; x_wconf 83' lang='lat' dir='ltr'>Florid.</span> <span class='ocrx_word' id='word_1_99' title='bbox 748 825 894 860; x_wconf 81' lang='lat' dir='ltr'>Apuleii,</span> <span class='ocrx_word' id='word_1_100' title='bbox 925 832 997 852; x_wconf 87' lang='lat' dir='ltr'>cum</span> <span class='ocrx_word' id='word_1_101' title='bbox 1011 823 1145 852; x_wconf 86' lang='lat' dir='ltr'>Pricaeo</span> <span class='ocrx_word' id='word_1_102' title='bbox 1156 845 1163 858; x_wconf 83' lang='lat'>,</span> <span class='ocrx_word' id='word_1_103' title='bbox 1189 823 1243 856; x_wconf 85' lang='lat' dir='ltr'>qui</span> <span class='ocrx_word' id='word_1_104' title='bbox 1258 826 1362 851; x_wconf 77' lang='lat' dir='ltr'>tamen</span> <span class='ocrx_word' id='word_1_105' title='bbox 1377 822 1523 857; x_wconf 76' lang='lat' dir='ltr'>probavit</span> <span class='ocrx_word' id='word_1_106' title='bbox 1538 821 1636 850; x_wconf 82' lang='lat' dir='ltr'>eliam</span> <span class='ocrx_word' id='word_1_107' title='bbox 1654 818 1891 847; x_wconf 70' lang='lat' dir='ltr'>veteratricem</span> 
     </span>
    </p>
   </div>
   <div class='ocr_carea' id='block_1_7' title="bbox 106 869 1090 905">
    <p class='ocr_par' dir='ltr' id='par_1_7' title="bbox 106 869 1090 905">
     <span class='ocr_line' id='line_1_12' title="bbox 106 869 1090 905; baseline -0.002 -8"><span class='ocrx_word' id='word_1_108' title='bbox 106 877 178 898; x_wconf 91' lang='lat' dir='ltr'>cum</span> <span class='ocrx_word' id='word_1_109' title='bbox 191 870 356 905; x_wconf 82' lang='lat' dir='ltr'>scaligero</span> <span class='ocrx_word' id='word_1_110' title='bbox 369 869 445 899; x_wconf 85' lang='lat' dir='ltr'>ibid.</span> <span class='ocrx_word' id='word_1_111' title='bbox 460 877 489 904; x_wconf 83' lang='lat' dir='ltr'>p.</span> <span class='ocrx_word' id='word_1_112' title='bbox 504 870 556 899; x_wconf 89' lang='grc'>76.</span> <span class='ocrx_word' id='word_1_113' title='bbox 571 874 602 899; x_wconf 80' lang='lat' dir='ltr'>et</span> <span class='ocrx_word' id='word_1_114' title='bbox 613 871 754 899; x_wconf 81' lang='lat' dir='ltr'>Broukh.</span> <span class='ocrx_word' id='word_1_115' title='bbox 768 870 810 898; x_wconf 85' lang='lat' dir='ltr'>ad</span> <span class='ocrx_word' id='word_1_116' title='bbox 821 869 940 898; x_wconf 84' lang='lat' dir='ltr'>Tibull.</span> <span class='ocrx_word' id='word_1_117' title='bbox 954 871 978 897; x_wconf 95' lang='lat'>1.</span> <span class='ocrx_word' id='word_1_118' title='bbox 994 870 1024 896; x_wconf 84' lang='lat'>2.</span> <span class='ocrx_word' id='word_1_119' title='bbox 1039 869 1090 896; x_wconf 73' lang='lat'>41.</span> 
     </span>
    </p>
   </div>
   <div class='ocr_carea' id='block_1_8' title="bbox 98 976 971 1816">
    <p class='ocr_par' dir='ltr' id='par_1_8' title="bbox 98 976 971 1816">
     <span class='ocr_line' id='line_1_13' title="bbox 105 976 968 1030; baseline 0.001 -16"><span class='ocrx_word' id='word_1_120' title='bbox 105 976 311 1016; x_wconf 89' lang='lat' dir='ltr'>lectionem</span> <span class='ocrx_word' id='word_1_121' title='bbox 356 979 612 1030; x_wconf 73' lang='lat' dir='ltr'>perturbavit</span> <span class='ocrx_word' id='word_1_122' title='bbox 656 991 706 1016; x_wconf 82' lang='lat' dir='ltr'>ex</span> <span class='ocrx_word' id='word_1_123' title='bbox 760 977 968 1024; x_wconf 79' lang='lat' dir='ltr'>Ciceronis,</span> 
     </span>
     <span class='ocr_line' id='line_1_14' title="bbox 106 1031 968 1080; baseline 0 -9"><span class='ocrx_word' id='word_1_124' title='bbox 106 1031 305 1080; x_wconf 81' lang='lat' dir='ltr'>Caesaris,</span> <span class='ocrx_word' id='word_1_125' title='bbox 331 1034 479 1073; x_wconf 82' lang='lat' dir='ltr'>Valerii</span> <span class='ocrx_word' id='word_1_126' title='bbox 492 1035 652 1073; x_wconf 81' lang='lat' dir='ltr'>Maximi</span> <span class='ocrx_word' id='word_1_127' title='bbox 668 1034 765 1073; x_wconf 87' lang='lat' dir='ltr'>locis</span> <span class='ocrx_word' id='word_1_128' title='bbox 789 1035 968 1073; x_wconf 85' lang='lat' dir='ltr'>asseruit.</span> 
     </span>
     <span class='ocr_line' id='line_1_15' title="bbox 103 1088 970 1137; baseline 0.001 -11"><span class='ocrx_word' id='word_1_129' title='bbox 103 1088 321 1129; x_wconf 82' lang='lat' dir='ltr'>Revocavit</span> <span class='ocrx_word' id='word_1_130' title='bbox 362 1091 448 1129; x_wconf 91' lang='lat' dir='ltr'>dein</span> <span class='ocrx_word' id='word_1_131' title='bbox 492 1093 607 1130; x_wconf 86' lang='lat' dir='ltr'>tacite</span> <span class='ocrx_word' id='word_1_132' title='bbox 642 1091 830 1137; x_wconf 49' lang='lat' dir='ltr'>YVowcr„</span> <span class='ocrx_word' id='word_1_133' title='bbox 866 1090 970 1128; x_wconf 89' lang='lat' dir='ltr'>unde</span> 
     </span>
     <span class='ocr_line' id='line_1_16' title="bbox 103 1146 969 1197; baseline 0.001 -15"><span class='ocrx_word' id='word_1_134' title='bbox 103 1146 219 1183; x_wconf 83' lang='lat' dir='ltr'>etiam</span> <span class='ocrx_word' id='word_1_135' title='bbox 253 1147 440 1185; x_wconf 79' lang='lat' dir='ltr'>remansit</span> <span class='ocrx_word' id='word_1_136' title='bbox 470 1148 506 1185; x_wconf 86' lang='lat' dir='ltr'>in</span> <span class='ocrx_word' id='word_1_137' title='bbox 542 1151 650 1186; x_wconf 82' lang='lat' dir='ltr'>textu</span> <span class='ocrx_word' id='word_1_138' title='bbox 679 1146 850 1192; x_wconf 77' lang='lat' dir='ltr'>Pricaei,</span> <span class='ocrx_word' id='word_1_139' title='bbox 886 1160 969 1197; x_wconf 90' lang='lat' dir='ltr'>pro-</span> 
     </span>
     <span class='ocr_line' id='line_1_17' title="bbox 101 1202 971 1253; baseline 0.001 -15"><span class='ocrx_word' id='word_1_140' title='bbox 101 1203 308 1253; x_wconf 78' lang='lat' dir='ltr'>pugnantis</span> <span class='ocrx_word' id='word_1_141' title='bbox 333 1203 507 1242; x_wconf 86' lang='lat' dir='ltr'>alterum.</span> <span class='ocrx_word' id='word_1_142' title='bbox 555 1202 824 1248; x_wconf 76' lang='lat' dir='ltr'>proturbare,</span> <span class='ocrx_word' id='word_1_143' title='bbox 850 1203 971 1252; x_wconf 86' lang='lat' dir='ltr'>inquit</span> 
     </span>
     <span class='ocr_line' id='line_1_18' title="bbox 101 1257 967 1308; baseline 0.001 -14"><span class='ocrx_word' id='word_1_144' title='bbox 101 1257 223 1303; x_wconf 89' lang='lat' dir='ltr'>Oud.,</span> <span class='ocrx_word' id='word_1_145' title='bbox 249 1260 401 1297; x_wconf 88' lang='lat' dir='ltr'>omnino</span> <span class='ocrx_word' id='word_1_146' title='bbox 415 1260 658 1297; x_wconf 88' lang='lat' dir='ltr'>scribendum</span> <span class='ocrx_word' id='word_1_147' title='bbox 672 1262 745 1303; x_wconf 87' lang='lat' dir='ltr'>est,</span> <span class='ocrx_word' id='word_1_148' title='bbox 764 1258 828 1296; x_wconf 90' lang='lat' dir='ltr'>ubi</span> <span class='ocrx_word' id='word_1_149' title='bbox 844 1259 967 1308; x_wconf 83' lang='lat' dir='ltr'>agitur</span> 
     </span>
     <span class='ocr_line' id='line_1_19' title="bbox 101 1312 967 1366; baseline -0.001 -15"><span class='ocrx_word' id='word_1_150' title='bbox 101 1313 151 1351; x_wconf 86' lang='lat' dir='ltr'>de</span> <span class='ocrx_word' id='word_1_151' title='bbox 176 1312 325 1364; x_wconf 85' lang='lat' dir='ltr'>aliquo.</span> <span class='ocrx_word' id='word_1_152' title='bbox 363 1316 426 1366; x_wconf 91' lang='lat' dir='ltr'>qui</span> <span class='ocrx_word' id='word_1_153' title='bbox 450 1328 523 1353; x_wconf 91' lang='lat' dir='ltr'>suo</span> <span class='ocrx_word' id='word_1_154' title='bbox 554 1314 639 1353; x_wconf 90' lang='lat' dir='ltr'>loco</span> <span class='ocrx_word' id='word_1_155' title='bbox 665 1315 874 1352; x_wconf 83' lang='lat' dir='ltr'>detruditur</span> <span class='ocrx_word' id='word_1_156' title='bbox 902 1313 967 1351; x_wconf 80' lang='lat' dir='ltr'>vel</span> 
     </span>
     <span class='ocr_line' id='line_1_20' title="bbox 101 1369 966 1423; baseline 0 -16"><span class='ocrx_word' id='word_1_157' title='bbox 101 1369 208 1408; x_wconf 86' lang='lat' dir='ltr'>foras</span> <span class='ocrx_word' id='word_1_158' title='bbox 233 1370 295 1407; x_wconf 84' lang='lat' dir='ltr'>vel</span> <span class='ocrx_word' id='word_1_159' title='bbox 320 1370 442 1418; x_wconf 88' lang='lat' dir='ltr'>humi;</span> <span class='ocrx_word' id='word_1_160' title='bbox 461 1372 720 1423; x_wconf 75' lang='lat' dir='ltr'>perturbare,</span> <span class='ocrx_word' id='word_1_161' title='bbox 741 1370 894 1421; x_wconf 87' lang='lat' dir='ltr'>quando</span> <span class='ocrx_word' id='word_1_162' title='bbox 917 1369 966 1407; x_wconf 89' lang='lat' dir='ltr'>de</span> 
     </span>
     <span class='ocr_line' id='line_1_21' title="bbox 98 1426 969 1478; baseline 0 -15"><span class='ocrx_word' id='word_1_163' title='bbox 98 1426 266 1477; x_wconf 86' lang='lat' dir='ltr'>simplici</span> <span class='ocrx_word' id='word_1_164' title='bbox 290 1428 462 1478; x_wconf 88' lang='lat' dir='ltr'>corporis</span> <span class='ocrx_word' id='word_1_165' title='bbox 486 1426 550 1465; x_wconf 84' lang='lat' dir='ltr'>vel</span> <span class='ocrx_word' id='word_1_166' title='bbox 575 1427 687 1466; x_wconf 87' lang='lat' dir='ltr'>animi</span> <span class='ocrx_word' id='word_1_167' title='bbox 709 1426 969 1465; x_wconf 77' lang='lat' dir='ltr'>commotione</span> 
     </span>
     <span class='ocr_line' id='line_1_22' title="bbox 98 1482 963 1534; baseline -0.001 -14"><span class='ocrx_word' id='word_1_168' title='bbox 98 1483 239 1533; x_wconf 82' lang='lat' dir='ltr'>agitur,</span> <span class='ocrx_word' id='word_1_169' title='bbox 262 1488 442 1522; x_wconf 84' lang='lat' dir='ltr'>manente</span> <span class='ocrx_word' id='word_1_170' title='bbox 462 1488 589 1522; x_wconf 89' lang='lat' dir='ltr'>tamen</span> <span class='ocrx_word' id='word_1_171' title='bbox 611 1496 778 1534; x_wconf 84' lang='lat' dir='ltr'>persona</span> <span class='ocrx_word' id='word_1_172' title='bbox 789 1495 862 1521; x_wconf 90' lang='lat' dir='ltr'>suo</span> <span class='ocrx_word' id='word_1_173' title='bbox 879 1482 963 1520; x_wconf 87' lang='lat' dir='ltr'>Ioco</span> 
     </span>
     <span class='ocr_line' id='line_1_23' title="bbox 99 1538 965 1591; baseline 0.001 -16"><span class='ocrx_word' id='word_1_174' title='bbox 99 1538 165 1576; x_wconf 78' lang='lat' dir='ltr'>vei</span> <span class='ocrx_word' id='word_1_175' title='bbox 198 1542 313 1577; x_wconf 84' lang='lat' dir='ltr'>statu.</span> <span class='ocrx_word' id='word_1_176' title='bbox 351 1539 400 1578; x_wconf 84' lang='lat' dir='ltr'>cf.</span> <span class='ocrx_word' id='word_1_177' title='bbox 436 1539 533 1579; x_wconf 81' lang='lat' dir='ltr'>Met.</span> <span class='ocrx_word' id='word_1_178' title='bbox 558 1539 604 1578; x_wconf 90' lang='lat' dir='ltr'>II.</span> <span class='ocrx_word' id='word_1_179' title='bbox 641 1553 678 1591; x_wconf 88' lang='lat' dir='ltr'>p.</span> <span class='ocrx_word' id='word_1_180' title='bbox 708 1544 798 1580; x_wconf 83' lang='lat'>156.</span> <span class='ocrx_word' id='word_1_181' title='bbox 848 1538 965 1590; x_wconf 85' lang='lat' dir='ltr'>[Huic</span> 
     </span>
     <span class='ocr_line' id='line_1_24' title="bbox 99 1596 966 1648; baseline -0.002 -16"><span class='ocrx_word' id='word_1_182' title='bbox 99 1596 317 1633; x_wconf 84' lang='lat' dir='ltr'>sententiae</span> <span class='ocrx_word' id='word_1_183' title='bbox 351 1609 424 1647; x_wconf 85' lang='lat' dir='ltr'>ego</span> <span class='ocrx_word' id='word_1_184' title='bbox 450 1609 605 1648; x_wconf 88' lang='lat' dir='ltr'>quoque</span> <span class='ocrx_word' id='word_1_185' title='bbox 629 1596 848 1642; x_wconf 76' lang='lat' dir='ltr'>subscribo,</span> <span class='ocrx_word' id='word_1_186' title='bbox 881 1607 966 1633; x_wconf 88' lang='lat' dir='ltr'>cum</span> 
     </span>
     <span class='ocr_line' id='line_1_25' title="bbox 98 1651 966 1704; baseline 0 -15"><span class='ocrx_word' id='word_1_187' title='bbox 98 1652 134 1690; x_wconf 87' lang='lat' dir='ltr'>in</span> <span class='ocrx_word' id='word_1_188' title='bbox 158 1651 271 1690; x_wconf 89' lang='lat' dir='ltr'>codd.</span> <span class='ocrx_word' id='word_1_189' title='bbox 292 1652 518 1690; x_wconf 86' lang='lat' dir='ltr'>confusione</span> <span class='ocrx_word' id='word_1_190' title='bbox 539 1665 698 1703; x_wconf 82' lang='lat' dir='ltr'>praepp.</span> <span class='ocrx_word' id='word_1_191' title='bbox 719 1665 798 1704; x_wconf 79' lang='lat' dir='ltr'>per</span> <span class='ocrx_word' id='word_1_192' title='bbox 823 1655 863 1689; x_wconf 88' lang='lat' dir='ltr'>et</span> <span class='ocrx_word' id='word_1_193' title='bbox 883 1664 966 1703; x_wconf 82' lang='lat' dir='ltr'>pro</span> 
     </span>
     <span class='ocr_line' id='line_1_26' title="bbox 98 1706 966 1758; baseline 0.001 -14"><span class='ocrx_word' id='word_1_194' title='bbox 98 1706 191 1745; x_wconf 87' lang='lat' dir='ltr'>nihil</span> <span class='ocrx_word' id='word_1_195' title='bbox 204 1706 443 1758; x_wconf 82' lang='lat' dir='ltr'>frequentius</span> <span class='ocrx_word' id='word_1_196' title='bbox 455 1709 517 1747; x_wconf 86' lang='lat' dir='ltr'>sit.</span> <span class='ocrx_word' id='word_1_197' title='bbox 555 1708 733 1747; x_wconf 86' lang='lat' dir='ltr'>Ceterum</span> <span class='ocrx_word' id='word_1_198' title='bbox 758 1707 808 1746; x_wconf 84' lang='lat' dir='ltr'>cf.</span> <span class='ocrx_word' id='word_1_199' title='bbox 827 1707 876 1745; x_wconf 90' lang='lat' dir='ltr'>de</span> <span class='ocrx_word' id='word_1_200' title='bbox 891 1707 966 1745; x_wconf 91' lang='lat' dir='ltr'>hoc</span> 
     </span>
     <span class='ocr_line' id='line_1_27' title="bbox 100 1762 963 1816; baseline 0.001 -16"><span class='ocrx_word' id='word_1_201' title='bbox 100 1777 185 1801; x_wconf 84' lang='lat' dir='ltr'>voc.</span> <span class='ocrx_word' id='word_1_202' title='bbox 213 1764 376 1815; x_wconf 89' lang='lat' dir='ltr'>eiusque</span> <span class='ocrx_word' id='word_1_203' title='bbox 401 1763 682 1816; x_wconf 86' lang='lat' dir='ltr'>significatione</span> <span class='ocrx_word' id='word_1_204' title='bbox 706 1763 792 1802; x_wconf 82' lang='lat' dir='ltr'>lntt.</span> <span class='ocrx_word' id='word_1_205' title='bbox 818 1763 866 1801; x_wconf 85' lang='lat' dir='ltr'>ad</span> <span class='ocrx_word' id='word_1_206' title='bbox 887 1762 963 1802; x_wconf 79' lang='lat' dir='ltr'>Cic.</span> 
     </span>
    </p>
   </div>
   <div class='ocr_carea' id='block_1_9' title="bbox 93 1818 964 3166">
    <p class='ocr_par' dir='ltr' id='par_1_9' title="bbox 98 1818 963 1927">
     <span class='ocr_line' id='line_1_28' title="bbox 98 1818 963 1861; baseline -0.001 -2"><span class='ocrx_word' id='word_1_207' title='bbox 98 1820 148 1859; x_wconf 84' lang='lat' dir='ltr'>ad</span> <span class='ocrx_word' id='word_1_208' title='bbox 173 1819 340 1859; x_wconf 88' lang='lat' dir='ltr'>Herenn.</span> <span class='ocrx_word' id='word_1_209' title='bbox 366 1820 435 1860; x_wconf 78' lang='lat' dir='ltr'>lv,</span> <span class='ocrx_word' id='word_1_210' title='bbox 459 1825 496 1861; x_wconf 91' lang='lat'>8.</span> <span class='ocrx_word' id='word_1_211' title='bbox 523 1820 636 1860; x_wconf 83' lang='lat' dir='ltr'>Caes.</span> <span class='ocrx_word' id='word_1_212' title='bbox 660 1820 706 1858; x_wconf 88' lang='grc' dir='ltr'>Β.</span> <span class='ocrx_word' id='word_1_213' title='bbox 734 1818 880 1858; x_wconf 74' lang='lat' dir='ltr'>G.v11.</span> <span class='ocrx_word' id='word_1_214' title='bbox 899 1824 963 1860; x_wconf 86' lang='lat'>81.</span> 
     </span>
     <span class='ocr_line' id='line_1_29' title="bbox 98 1875 839 1927; baseline 0 -13"><span class='ocrx_word' id='word_1_215' title='bbox 98 1880 137 1914; x_wconf 89' lang='lat' dir='ltr'>et</span> <span class='ocrx_word' id='word_1_216' title='bbox 160 1875 297 1915; x_wconf 88' lang='lat' dir='ltr'>Heius.</span> <span class='ocrx_word' id='word_1_217' title='bbox 324 1877 374 1916; x_wconf 86' lang='lat' dir='ltr'>ad</span> <span class='ocrx_word' id='word_1_218' title='bbox 398 1876 512 1915; x_wconf 82' lang='lat' dir='ltr'>Ovid.</span> <span class='ocrx_word' id='word_1_219' title='bbox 538 1877 635 1916; x_wconf 84' lang='lat' dir='ltr'>Met.</span> <span class='ocrx_word' id='word_1_220' title='bbox 660 1875 723 1915; x_wconf 87' lang='lat' dir='ltr'>III.</span> <span class='ocrx_word' id='word_1_221' title='bbox 750 1875 839 1927; x_wconf 90' lang='lat'>80.]</span> 
     </span>
    </p>

    <p class='ocr_par' dir='ltr' id='par_1_10' title="bbox 93 1930 964 3166">
     <span class='ocr_line' id='line_1_30' title="bbox 155 1930 962 1984; baseline -0.002 -13"><span class='ocrx_word' id='word_1_222' title='bbox 155 1931 245 1971; x_wconf 77' lang='lat' dir='ltr'>CAP.</span> <span class='ocrx_word' id='word_1_223' title='bbox 269 1930 421 1972; x_wconf 82' lang='lat' dir='ltr'>XXIX.</span> <span class='ocrx_word' id='word_1_224' title='bbox 458 1935 683 1972; x_wconf 71' lang='lat' dir='ltr'>revertitur.</span> <span class='ocrx_word' id='word_1_225' title='bbox 722 1931 962 1984; x_wconf 78' lang='lat' dir='ltr'>[inconsulte</span> 
     </span>
     <span class='ocr_line' id='line_1_31' title="bbox 98 1988 963 2040; baseline 0 -14"><span class='ocrx_word' id='word_1_226' title='bbox 98 1989 160 2027; x_wconf 90' lang='lat' dir='ltr'>hic</span> <span class='ocrx_word' id='word_1_227' title='bbox 191 1989 271 2039; x_wconf 83' lang='lat' dir='ltr'>egit</span> <span class='ocrx_word' id='word_1_228' title='bbox 299 1988 574 2035; x_wconf 83' lang='lat' dir='ltr'>Ruhnkenius,</span> <span class='ocrx_word' id='word_1_229' title='bbox 613 1989 694 2040; x_wconf 86' lang='lat' dir='ltr'>qui,</span> <span class='ocrx_word' id='word_1_230' title='bbox 732 2001 963 2039; x_wconf 87' lang='lat' dir='ltr'>quamquam</span> 
     </span>
     <span class='ocr_line' id='line_1_32' title="bbox 100 2044 964 2096; baseline 0 -14"><span class='ocrx_word' id='word_1_231' title='bbox 100 2045 202 2083; x_wconf 91' lang='lat' dir='ltr'>Oud.</span> <span class='ocrx_word' id='word_1_232' title='bbox 228 2045 434 2083; x_wconf 87' lang='lat' dir='ltr'>lectionem</span> <span class='ocrx_word' id='word_1_233' title='bbox 458 2047 621 2084; x_wconf 75' lang='lat' dir='ltr'>revertit</span> <span class='ocrx_word' id='word_1_234' title='bbox 642 2046 679 2083; x_wconf 90' lang='lat' dir='ltr'>in</span> <span class='ocrx_word' id='word_1_235' title='bbox 704 2044 791 2083; x_wconf 90' lang='lat' dir='ltr'>edd.</span> <span class='ocrx_word' id='word_1_236' title='bbox 813 2045 964 2096; x_wconf 87' lang='lat' dir='ltr'>conspi-</span> 
     </span>
     <span class='ocr_line' id='line_1_33' title="bbox 97 2101 964 2147; baseline -0.001 -8"><span class='ocrx_word' id='word_1_237' title='bbox 97 2114 208 2140; x_wconf 82' lang='lat' dir='ltr'>cuam</span> <span class='ocrx_word' id='word_1_238' title='bbox 237 2101 438 2147; x_wconf 76' lang='lat' dir='ltr'>refutavit,</span> <span class='ocrx_word' id='word_1_239' title='bbox 468 2106 597 2140; x_wconf 89' lang='lat' dir='ltr'>tamen</span> <span class='ocrx_word' id='word_1_240' title='bbox 629 2102 665 2139; x_wconf 90' lang='lat' dir='ltr'>in</span> <span class='ocrx_word' id='word_1_241' title='bbox 695 2105 844 2139; x_wconf 84' lang='lat' dir='ltr'>textum</span> <span class='ocrx_word' id='word_1_242' title='bbox 878 2114 964 2140; x_wconf 87' lang='lat' dir='ltr'>eam</span> 
     </span>
     <span class='ocr_line' id='line_1_34' title="bbox 95 2157 962 2208; baseline -0.001 -13"><span class='ocrx_word' id='word_1_243' title='bbox 95 2158 213 2208; x_wconf 87' lang='lat' dir='ltr'>recipi</span> <span class='ocrx_word' id='word_1_244' title='bbox 239 2157 362 2196; x_wconf 79' lang='lat' dir='ltr'>iussit.</span> <span class='ocrx_word' id='word_1_245' title='bbox 397 2157 439 2196; x_wconf 91' lang='lat' dir='ltr'>In</span> <span class='ocrx_word' id='word_1_246' title='bbox 466 2171 514 2195; x_wconf 91' lang='lat' dir='ltr'>eo</span> <span class='ocrx_word' id='word_1_247' title='bbox 538 2162 667 2196; x_wconf 85' lang='lat' dir='ltr'>tamen</span> <span class='ocrx_word' id='word_1_248' title='bbox 690 2157 783 2195; x_wconf 82' lang='lat' dir='ltr'>mihi</span> <span class='ocrx_word' id='word_1_249' title='bbox 807 2170 962 2196; x_wconf 87' lang='lat' dir='ltr'>errasse</span> 
     </span>
     <span class='ocr_line' id='line_1_35' title="bbox 95 2213 962 2265; baseline 0 -14"><span class='ocrx_word' id='word_1_250' title='bbox 95 2214 246 2252; x_wconf 77' lang='lat' dir='ltr'>videtur</span> <span class='ocrx_word' id='word_1_251' title='bbox 271 2213 391 2259; x_wconf 87' lang='lat' dir='ltr'>Oud.,</span> <span class='ocrx_word' id='word_1_252' title='bbox 417 2214 520 2265; x_wconf 91' lang='lat' dir='ltr'>quod</span> <span class='ocrx_word' id='word_1_253' title='bbox 534 2215 699 2253; x_wconf 73' lang='lat' dir='ltr'>revertit</span> <span class='ocrx_word' id='word_1_254' title='bbox 715 2214 962 2264; x_wconf 86' lang='lat' dir='ltr'>praeteritum</span> 
     </span>
     <span class='ocr_line' id='line_1_36' title="bbox 95 2270 962 2322; baseline -0.001 -14"><span class='ocrx_word' id='word_1_255' title='bbox 95 2283 191 2308; x_wconf 87' lang='lat' dir='ltr'>esse</span> <span class='ocrx_word' id='word_1_256' title='bbox 215 2271 421 2317; x_wconf 82' lang='lat' dir='ltr'>existimat,</span> <span class='ocrx_word' id='word_1_257' title='bbox 447 2271 590 2322; x_wconf 84' lang='lat' dir='ltr'>quippe</span> <span class='ocrx_word' id='word_1_258' title='bbox 615 2270 718 2321; x_wconf 90' lang='lat' dir='ltr'>quod</span> <span class='ocrx_word' id='word_1_259' title='bbox 744 2283 830 2308; x_wconf 90' lang='lat' dir='ltr'>cum</span> <span class='ocrx_word' id='word_1_260' title='bbox 853 2283 962 2320; x_wconf 82' lang='lat' dir='ltr'>prae-</span> 
     </span>
     <span class='ocr_line' id='line_1_37' title="bbox 93 2325 961 2378; baseline -0.001 -13"><span class='ocrx_word' id='word_1_261' title='bbox 93 2327 195 2365; x_wconf 85' lang='lat' dir='ltr'>senti</span> <span class='ocrx_word' id='word_1_262' title='bbox 219 2325 343 2364; x_wconf 85' lang='lat' dir='ltr'>sorma</span> <span class='ocrx_word' id='word_1_263' title='bbox 365 2328 580 2366; x_wconf 69' lang='lat' dir='ltr'>revertitur</span> <span class='ocrx_word' id='word_1_264' title='bbox 609 2327 770 2378; x_wconf 84' lang='lat' dir='ltr'>saepius</span> <span class='ocrx_word' id='word_1_265' title='bbox 804 2326 961 2364; x_wconf 88' lang='lat' dir='ltr'>confun-</span> 
     </span>
     <span class='ocr_line' id='line_1_38' title="bbox 96 2381 960 2432; baseline -0.002 -10"><span class='ocrx_word' id='word_1_266' title='bbox 96 2383 226 2429; x_wconf 83' lang='lat' dir='ltr'>datur,</span> <span class='ocrx_word' id='word_1_267' title='bbox 274 2382 361 2421; x_wconf 85' lang='lat' dir='ltr'>coii.</span> <span class='ocrx_word' id='word_1_268' title='bbox 393 2382 462 2421; x_wconf 90' lang='lat' dir='ltr'>Dr.</span> <span class='ocrx_word' id='word_1_269' title='bbox 493 2383 542 2421; x_wconf 88' lang='lat' dir='ltr'>ad</span> <span class='ocrx_word' id='word_1_270' title='bbox 570 2382 656 2421; x_wconf 80' lang='lat' dir='ltr'>Liv.</span> <span class='ocrx_word' id='word_1_271' title='bbox 676 2381 745 2422; x_wconf 76' lang='lat' dir='ltr'>Vl.</span> <span class='ocrx_word' id='word_1_272' title='bbox 771 2385 835 2422; x_wconf 84' lang='lat'>29.</span> <span class='ocrx_word' id='word_1_273' title='bbox 869 2382 898 2432; x_wconf 65' lang='grc' dir='ltr'>ξ.</span> <span class='ocrx_word' id='word_1_274' title='bbox 924 2386 960 2423; x_wconf 83' lang='grc'>8.</span> 
     </span>
     <span class='ocr_line' id='line_1_39' title="bbox 96 2438 961 2490; baseline -0.002 -12"><span class='ocrx_word' id='word_1_275' title='bbox 96 2439 179 2490; x_wconf 90' lang='lat' dir='ltr'>(ubi</span> <span class='ocrx_word' id='word_1_276' title='bbox 197 2440 282 2477; x_wconf 89' lang='lat' dir='ltr'>sine</span> <span class='ocrx_word' id='word_1_277' title='bbox 303 2439 419 2477; x_wconf 86' lang='lat' dir='ltr'>dubio</span> <span class='ocrx_word' id='word_1_278' title='bbox 439 2440 653 2478; x_wconf 74' lang='lat' dir='ltr'>revertitur</span> <span class='ocrx_word' id='word_1_279' title='bbox 665 2438 961 2490; x_wconf 84' lang='lat' dir='ltr'>praeferendum</span> 
     </span>
     <span class='ocr_line' id='line_1_40' title="bbox 95 2493 962 2547; baseline 0.001 -14"><span class='ocrx_word' id='word_1_280' title='bbox 95 2497 186 2546; x_wconf 87' lang='lat' dir='ltr'>est.)</span> <span class='ocrx_word' id='word_1_281' title='bbox 211 2494 401 2546; x_wconf 82' lang='lat' dir='ltr'>Heusing.</span> <span class='ocrx_word' id='word_1_282' title='bbox 426 2496 462 2533; x_wconf 90' lang='lat' dir='ltr'>in</span> <span class='ocrx_word' id='word_1_283' title='bbox 488 2495 596 2533; x_wconf 80' lang='lat' dir='ltr'>Diss.</span> <span class='ocrx_word' id='word_1_284' title='bbox 623 2495 672 2533; x_wconf 86' lang='lat' dir='ltr'>ad</span> <span class='ocrx_word' id='word_1_285' title='bbox 697 2494 800 2547; x_wconf 88' lang='lat' dir='ltr'>Nep.</span> <span class='ocrx_word' id='word_1_286' title='bbox 824 2493 962 2534; x_wconf 89' lang='lat' dir='ltr'>Them.</span> 
     </span>
     <span class='ocr_line' id='line_1_41' title="bbox 96 2550 962 2601; baseline -0.003 -11"><span class='ocrx_word' id='word_1_287' title='bbox 96 2565 130 2590; x_wconf 90' lang='lat' dir='ltr'>c.</span> <span class='ocrx_word' id='word_1_288' title='bbox 154 2556 197 2600; x_wconf 85' lang='lat'>53</span> <span class='ocrx_word' id='word_1_289' title='bbox 221 2551 309 2590; x_wconf 86' lang='lat' dir='ltr'>dict.</span> <span class='ocrx_word' id='word_1_290' title='bbox 335 2551 385 2589; x_wconf 84' lang='lat' dir='ltr'>ad</span> <span class='ocrx_word' id='word_1_291' title='bbox 411 2550 524 2590; x_wconf 87' lang='lat' dir='ltr'>Caes.</span> <span class='ocrx_word' id='word_1_292' title='bbox 550 2551 596 2589; x_wconf 92' lang='lat' dir='ltr'>B.</span> <span class='ocrx_word' id='word_1_293' title='bbox 623 2551 669 2590; x_wconf 86' lang='lat' dir='ltr'>G.</span> <span class='ocrx_word' id='word_1_294' title='bbox 684 2550 768 2591; x_wconf 85' lang='lat' dir='ltr'>VII.</span> <span class='ocrx_word' id='word_1_295' title='bbox 783 2555 819 2591; x_wconf 87' lang='lat'>5.</span> <span class='ocrx_word' id='word_1_296' title='bbox 846 2563 962 2601; x_wconf 89' lang='lat' dir='ltr'>quum</span> 
     </span>
     <span class='ocr_line' id='line_1_42' title="bbox 94 2606 962 2660; baseline -0.002 -14"><span class='ocrx_word' id='word_1_297' title='bbox 94 2608 223 2660; x_wconf 86' lang='lat' dir='ltr'>potius</span> <span class='ocrx_word' id='word_1_298' title='bbox 252 2621 444 2659; x_wconf 84' lang='lat' dir='ltr'>praesens</span> <span class='ocrx_word' id='word_1_299' title='bbox 480 2621 574 2646; x_wconf 88' lang='lat' dir='ltr'>esse</span> <span class='ocrx_word' id='word_1_300' title='bbox 602 2607 788 2646; x_wconf 79' lang='lat' dir='ltr'>videatur.</span> <span class='ocrx_word' id='word_1_301' title='bbox 820 2606 962 2654; x_wconf 84' lang='lat' dir='ltr'>Quam-</span> 
     </span>
     <span class='ocr_line' id='line_1_43' title="bbox 96 2664 960 2715; baseline -0.001 -13"><span class='ocrx_word' id='word_1_302' title='bbox 96 2677 212 2714; x_wconf 88' lang='lat' dir='ltr'>quam</span> <span class='ocrx_word' id='word_1_303' title='bbox 235 2665 336 2702; x_wconf 85' lang='lat' dir='ltr'>enim</span> <span class='ocrx_word' id='word_1_304' title='bbox 360 2664 465 2715; x_wconf 84' lang='lat' dir='ltr'>apud</span> <span class='ocrx_word' id='word_1_305' title='bbox 482 2664 650 2715; x_wconf 89' lang='lat' dir='ltr'>optimos</span> <span class='ocrx_word' id='word_1_306' title='bbox 670 2676 850 2715; x_wconf 89' lang='lat' dir='ltr'>quosque</span> <span class='ocrx_word' id='word_1_307' title='bbox 869 2664 960 2701; x_wconf 88' lang='lat' dir='ltr'>scri-</span> 
     </span>
     <span class='ocr_line' id='line_1_44' title="bbox 95 2719 961 2772; baseline -0.001 -14"><span class='ocrx_word' id='word_1_308' title='bbox 95 2723 230 2770; x_wconf 85' lang='lat' dir='ltr'>ptores</span> <span class='ocrx_word' id='word_1_309' title='bbox 254 2719 353 2758; x_wconf 84' lang='lat' dir='ltr'>haec</span> <span class='ocrx_word' id='word_1_310' title='bbox 376 2733 532 2772; x_wconf 85' lang='lat' dir='ltr'>semper</span> <span class='ocrx_word' id='word_1_311' title='bbox 555 2724 706 2759; x_wconf 85' lang='lat' dir='ltr'>tenetur</span> <span class='ocrx_word' id='word_1_312' title='bbox 734 2719 888 2771; x_wconf 80' lang='lat' dir='ltr'>regula,</span> <span class='ocrx_word' id='word_1_313' title='bbox 919 2722 961 2758; x_wconf 91' lang='lat' dir='ltr'>ut</span> 
     </span>
     <span class='ocr_line' id='line_1_45' title="bbox 96 2775 960 2829; baseline 0.002 -17"><span class='ocrx_word' id='word_1_314' title='bbox 96 2775 132 2813; x_wconf 86' lang='lat' dir='ltr'>in</span> <span class='ocrx_word' id='word_1_315' title='bbox 156 2776 352 2827; x_wconf 80' lang='lat' dir='ltr'>praesenti</span> <span class='ocrx_word' id='word_1_316' title='bbox 372 2790 446 2815; x_wconf 89' lang='lat' dir='ltr'>non</span> <span class='ocrx_word' id='word_1_317' title='bbox 462 2776 538 2816; x_wconf 83' lang='lat' dir='ltr'>alia</span> <span class='ocrx_word' id='word_1_318' title='bbox 551 2789 663 2828; x_wconf 82' lang='lat' dir='ltr'>quam</span> <span class='ocrx_word' id='word_1_319' title='bbox 676 2778 838 2829; x_wconf 81' lang='lat' dir='ltr'>passiva</span> <span class='ocrx_word' id='word_1_320' title='bbox 849 2779 960 2814; x_wconf 88' lang='lat' dir='ltr'>utan-</span> 
     </span>
     <span class='ocr_line' id='line_1_46' title="bbox 95 2830 960 2884; baseline 0 -15"><span class='ocrx_word' id='word_1_321' title='bbox 95 2835 156 2869; x_wconf 85' lang='lat' dir='ltr'>tur</span> <span class='ocrx_word' id='word_1_322' title='bbox 189 2830 328 2879; x_wconf 80' lang='lat' dir='ltr'>forma,</span> <span class='ocrx_word' id='word_1_323' title='bbox 372 2833 408 2871; x_wconf 92' lang='lat' dir='ltr'>in</span> <span class='ocrx_word' id='word_1_324' title='bbox 450 2833 658 2884; x_wconf 82' lang='lat' dir='ltr'>praeterito</span> <span class='ocrx_word' id='word_1_325' title='bbox 693 2833 960 2871; x_wconf 85' lang='lat' dir='ltr'>terminatione</span> 
     </span>
     <span class='ocr_line' id='line_1_47' title="bbox 94 2887 962 2940; baseline 0 -15"><span class='ocrx_word' id='word_1_326' title='bbox 94 2887 220 2926; x_wconf 85' lang='lat' dir='ltr'>activa</span> <span class='ocrx_word' id='word_1_327' title='bbox 244 2888 290 2928; x_wconf 85' lang='lat' dir='ltr'>cf.</span> <span class='ocrx_word' id='word_1_328' title='bbox 301 2889 419 2927; x_wconf 86' lang='lat' dir='ltr'>Voss.</span> <span class='ocrx_word' id='word_1_329' title='bbox 435 2889 554 2928; x_wconf 85' lang='lat' dir='ltr'>Arist.</span> <span class='ocrx_word' id='word_1_330' title='bbox 564 2888 663 2927; x_wconf 88' lang='grc' dir='ltr'><strong>Τ.Π.</strong></span> <span class='ocrx_word' id='word_1_331' title='bbox 677 2902 713 2940; x_wconf 89' lang='lat' dir='ltr'>p.</span> <span class='ocrx_word' id='word_1_332' title='bbox 724 2893 817 2930; x_wconf 86' lang='lat'>771.</span> <span class='ocrx_word' id='word_1_333' title='bbox 832 2889 962 2939; x_wconf 88' lang='lat' dir='ltr'>ibique</span> 
     </span>
     <span class='ocr_line' id='line_1_48' title="bbox 96 2942 960 2996; baseline 0.003 -16"><span class='ocrx_word' id='word_1_334' title='bbox 96 2942 250 2990; x_wconf 64' lang='lat' dir='ltr'>Eekst„</span> <span class='ocrx_word' id='word_1_335' title='bbox 268 2949 397 2984; x_wconf 84' lang='lat' dir='ltr'>tamen</span> <span class='ocrx_word' id='word_1_336' title='bbox 411 2946 651 2983; x_wconf 75' lang='lat' dir='ltr'>inveniuntur</span> <span class='ocrx_word' id='word_1_337' title='bbox 664 2944 846 2996; x_wconf 82' lang='lat' dir='ltr'>exempla</span> <span class='ocrx_word' id='word_1_338' title='bbox 861 2957 960 2995; x_wconf 84' lang='lat' dir='ltr'>quae</span> 
     </span>
     <span class='ocr_line' id='line_1_49' title="bbox 96 3000 960 3053; baseline 0.001 -16"><span class='ocrx_word' id='word_1_339' title='bbox 96 3000 323 3039; x_wconf 83' lang='lat' dir='ltr'>contrarium</span> <span class='ocrx_word' id='word_1_340' title='bbox 347 3003 616 3053; x_wconf 83' lang='lat' dir='ltr'>comprobant3</span> <span class='ocrx_word' id='word_1_341' title='bbox 641 3001 690 3040; x_wconf 86' lang='lat' dir='ltr'>cs.</span> <span class='ocrx_word' id='word_1_342' title='bbox 715 3001 870 3040; x_wconf 86' lang='lat' dir='ltr'>Lucret.</span> <span class='ocrx_word' id='word_1_343' title='bbox 892 3000 960 3039; x_wconf 76' lang='lat' dir='ltr'>lv,</span> 
     </span>
     <span class='ocr_line' id='line_1_50' title="bbox 98 3057 961 3109; baseline -0.001 -14"><span class='ocrx_word' id='word_1_344' title='bbox 98 3059 223 3101; x_wconf 79' lang='lat'>1074,</span> <span class='ocrx_word' id='word_1_345' title='bbox 263 3057 328 3095; x_wconf 90' lang='lat' dir='ltr'>ubi</span> <span class='ocrx_word' id='word_1_346' title='bbox 368 3061 497 3097; x_wconf 88' lang='lat' dir='ltr'>tamen</span> <span class='ocrx_word' id='word_1_347' title='bbox 534 3071 620 3097; x_wconf 89' lang='lat' dir='ltr'>cum</span> <span class='ocrx_word' id='word_1_348' title='bbox 657 3058 812 3109; x_wconf 89' lang='lat' dir='ltr'>optimis</span> <span class='ocrx_word' id='word_1_349' title='bbox 848 3057 961 3095; x_wconf 86' lang='lat' dir='ltr'>codd.</span> 
     </span>
     <span class='ocr_line' id='line_1_51' title="bbox 96 3112 960 3166; baseline 0 -15"><span class='ocrx_word' id='word_1_350' title='bbox 96 3117 274 3152; x_wconf 66' lang='lat' dir='ltr'>retentat</span> <span class='ocrx_word' id='word_1_351' title='bbox 285 3112 491 3166; x_wconf 86' lang='lat' dir='ltr'>legendum</span> <span class='ocrx_word' id='word_1_352' title='bbox 505 3118 578 3153; x_wconf 81' lang='lat' dir='ltr'>est.</span> <span class='ocrx_word' id='word_1_353' title='bbox 605 3113 759 3153; x_wconf 85' lang='lat' dir='ltr'>Certum</span> <span class='ocrx_word' id='word_1_354' title='bbox 773 3117 835 3153; x_wconf 83' lang='lat' dir='ltr'>est</span> <span class='ocrx_word' id='word_1_355' title='bbox 846 3112 960 3152; x_wconf 89' lang='lat' dir='ltr'>Pom-</span> 
     </span>
    </p>
   </div>
   <div class='ocr_carea' id='block_1_10' title="bbox 1138 864 1772 895">
    <p class='ocr_par' dir='ltr' id='par_1_11' title="bbox 1138 864 1772 895">
     <span class='ocr_line' id='line_1_52' title="bbox 1138 864 1772 895; baseline -0.003 0"><span class='ocrx_word' id='word_1_356' title='bbox 1138 867 1327 895; x_wconf 67' lang='lat' dir='ltr'>zv‘lacricem</span> <span class='ocrx_word' id='word_1_357' title='bbox 1341 867 1363 895; x_wconf 83' lang='lat' dir='ltr'>f.</span> <span class='ocrx_word' id='word_1_358' title='bbox 1387 869 1425 895; x_wconf 85' lang='lat' dir='ltr'>In</span> <span class='ocrx_word' id='word_1_359' title='bbox 1437 870 1508 895; x_wconf 74' lang='lat' dir='ltr'>cett.</span> <span class='ocrx_word' id='word_1_360' title='bbox 1522 864 1772 894; x_wconf 73' lang='lat' dir='ltr'>veteratricem.</span> 
     </span>
    </p>
   </div>
   <div class='ocr_carea' id='block_1_11' title="bbox 1017 974 1893 3152">
    <p class='ocr_par' dir='ltr' id='par_1_12' title="bbox 1023 974 1893 1366">
     <span class='ocr_line' id='line_1_53' title="bbox 1027 974 1891 1030; baseline -0.005 -15"><span class='ocrx_word' id='word_1_361' title='bbox 1027 979 1129 1030; x_wconf 90' lang='lat' dir='ltr'>ponii</span> <span class='ocrx_word' id='word_1_362' title='bbox 1143 976 1278 1016; x_wconf 72' lang='lat' dir='ltr'>Maian</span> <span class='ocrx_word' id='word_1_363' title='bbox 1294 975 1512 1028; x_wconf 80' lang='lat' dir='ltr'>exemplum</span> <span class='ocrx_word' id='word_1_364' title='bbox 1527 975 1630 1026; x_wconf 82' lang='lat' dir='ltr'>apud</span> <span class='ocrx_word' id='word_1_365' title='bbox 1643 974 1891 1025; x_wconf 49' lang='lat' dir='ltr'>Noun-476.</span> 
     </span>
     <span class='ocr_line' id='line_1_54' title="bbox 1028 1033 1893 1086; baseline -0.005 -12"><span class='ocrx_word' id='word_1_366' title='bbox 1028 1048 1192 1074; x_wconf 82' lang='lat' dir='ltr'>caenam</span> <span class='ocrx_word' id='word_1_367' title='bbox 1219 1035 1440 1086; x_wconf 50' lang='lat' dir='ltr'>quaeritam-</span> <span class='ocrx_word' id='word_1_368' title='bbox 1467 1033 1514 1071; x_wconf 76' lang='lat' dir='ltr'>Si</span> <span class='ocrx_word' id='word_1_369' title='bbox 1532 1046 1617 1070; x_wconf 80' lang='lat' dir='ltr'>eum</span> <span class='ocrx_word' id='word_1_370' title='bbox 1637 1034 1893 1070; x_wconf 75' lang='lat' dir='ltr'>nemovacat.</span> 
     </span>
     <span class='ocr_line' id='line_1_55' title="bbox 1026 1087 1893 1129; baseline -0.007 0"><span class='ocrx_word' id='word_1_371' title='bbox 1026 1090 1241 1129; x_wconf 73' lang='lat' dir='ltr'>reem-tit</span> <span class='ocrx_word' id='word_1_372' title='bbox 1270 1094 1438 1129; x_wconf 77' lang='lat' dir='ltr'>moestus</span> <span class='ocrx_word' id='word_1_373' title='bbox 1467 1089 1525 1127; x_wconf 76' lang='lat' dir='ltr'>ad</span> <span class='ocrx_word' id='word_1_374' title='bbox 1554 1101 1726 1126; x_wconf 78' lang='lat' dir='ltr'>mensam</span> <span class='ocrx_word' id='word_1_375' title='bbox 1750 1087 1893 1125; x_wconf 71' lang='lat' dir='ltr'>miseri.</span> 
     </span>
     <span class='ocr_line' id='line_1_56' title="bbox 1027 1144 1893 1197; baseline -0.006 -13"><span class='ocrx_word' id='word_1_376' title='bbox 1027 1146 1127 1184; x_wconf 86' lang='lat' dir='ltr'>Hinc</span> <span class='ocrx_word' id='word_1_377' title='bbox 1150 1146 1184 1183; x_wconf 89' lang='lat' dir='ltr'>si</span> <span class='ocrx_word' id='word_1_378' title='bbox 1209 1145 1342 1197; x_wconf 88' lang='lat' dir='ltr'>piures</span> <span class='ocrx_word' id='word_1_379' title='bbox 1368 1145 1481 1184; x_wconf 87' lang='lat' dir='ltr'>codd.</span> <span class='ocrx_word' id='word_1_380' title='bbox 1505 1144 1664 1196; x_wconf 78' lang='lat' dir='ltr'>Apuieii</span> <span class='ocrx_word' id='word_1_381' title='bbox 1690 1144 1792 1193; x_wconf 84' lang='lat' dir='ltr'>iique</span> <span class='ocrx_word' id='word_1_382' title='bbox 1815 1155 1893 1179; x_wconf 90' lang='lat' dir='ltr'>me-</span> 
     </span>
     <span class='ocr_line' id='line_1_57' title="bbox 1027 1200 1892 1251; baseline -0.005 -12"><span class='ocrx_word' id='word_1_383' title='bbox 1027 1202 1145 1239; x_wconf 90' lang='lat' dir='ltr'>liores</span> <span class='ocrx_word' id='word_1_384' title='bbox 1168 1203 1331 1240; x_wconf 72' lang='lat' dir='ltr'>revertit</span> <span class='ocrx_word' id='word_1_385' title='bbox 1354 1201 1556 1240; x_wconf 86' lang='lat' dir='ltr'>lectionem</span> <span class='ocrx_word' id='word_1_386' title='bbox 1582 1200 1806 1251; x_wconf 79' lang='lat' dir='ltr'>probarent.</span> <span class='ocrx_word' id='word_1_387' title='bbox 1835 1211 1892 1235; x_wconf 88' lang='lat' dir='ltr'>re-</span> 
     </span>
     <span class='ocr_line' id='line_1_58' title="bbox 1026 1254 1891 1309; baseline -0.005 -13"><span class='ocrx_word' id='word_1_388' title='bbox 1026 1259 1154 1309; x_wconf 89' lang='lat' dir='ltr'>cipere</span> <span class='ocrx_word' id='word_1_389' title='bbox 1179 1271 1264 1295; x_wconf 84' lang='lat' dir='ltr'>eam</span> <span class='ocrx_word' id='word_1_390' title='bbox 1288 1272 1363 1296; x_wconf 92' lang='lat' dir='ltr'>non</span> <span class='ocrx_word' id='word_1_391' title='bbox 1389 1258 1615 1296; x_wconf 85' lang='lat' dir='ltr'>dubitarem.</span> <span class='ocrx_word' id='word_1_392' title='bbox 1642 1254 1816 1306; x_wconf 24' lang='lat' dir='ltr'>cti-Oud.</span> <span class='ocrx_word' id='word_1_393' title='bbox 1842 1254 1891 1292; x_wconf 83' lang='lat' dir='ltr'>ad</span> 
     </span>
     <span class='ocr_line' id='line_1_59' title="bbox 1023 1313 1350 1366; baseline -0.003 -14"><span class='ocrx_word' id='word_1_394' title='bbox 1023 1314 1120 1352; x_wconf 80' lang='lat' dir='ltr'>Met.</span> <span class='ocrx_word' id='word_1_395' title='bbox 1146 1313 1172 1352; x_wconf 90' lang='lat' dir='ltr'>I.</span> <span class='ocrx_word' id='word_1_396' title='bbox 1198 1327 1234 1364; x_wconf 89' lang='lat' dir='ltr'>p.</span> <span class='ocrx_word' id='word_1_397' title='bbox 1262 1315 1350 1366; x_wconf 87' lang='lat'>33.]</span> 
     </span>
    </p>

    <p class='ocr_par' dir='ltr' id='par_1_13' title="bbox 1018 1365 1892 2378">
     <span class='ocr_line' id='line_1_60' title="bbox 1081 1365 1892 1422; baseline -0.007 -13"><span class='ocrx_word' id='word_1_398' title='bbox 1081 1370 1139 1409; x_wconf 78' lang='lat' dir='ltr'>acl</span> <span class='ocrx_word' id='word_1_399' title='bbox 1156 1370 1384 1422; x_wconf 78' lang='lat' dir='ltr'>familiares</span> <span class='ocrx_word' id='word_1_400' title='bbox 1400 1370 1645 1421; x_wconf 71' lang='lat' dir='ltr'>feminarum</span> <span class='ocrx_word' id='word_1_401' title='bbox 1658 1371 1774 1406; x_wconf 76' lang='lat' dir='ltr'>artes,</span> <span class='ocrx_word' id='word_1_402' title='bbox 1801 1365 1892 1404; x_wconf 80' lang='lat' dir='ltr'>Col-</span> 
     </span>
     <span class='ocr_line' id='line_1_61' title="bbox 1025 1425 1891 1477; baseline -0.005 -13"><span class='ocrx_word' id='word_1_403' title='bbox 1025 1427 1109 1464; x_wconf 81' lang='lat' dir='ltr'>vius</span> <span class='ocrx_word' id='word_1_404' title='bbox 1135 1426 1332 1464; x_wconf 83' lang='lat' dir='ltr'>emendat:</span> <span class='ocrx_word' id='word_1_405' title='bbox 1363 1427 1420 1465; x_wconf 76' lang='lat' dir='ltr'>ad</span> <span class='ocrx_word' id='word_1_406' title='bbox 1447 1427 1546 1477; x_wconf 83' lang='lat' dir='ltr'>fam.</span> <span class='ocrx_word' id='word_1_407' title='bbox 1574 1425 1669 1474; x_wconf 85' lang='lat' dir='ltr'>fem.</span> <span class='ocrx_word' id='word_1_408' title='bbox 1696 1427 1802 1461; x_wconf 79' lang='lat' dir='ltr'>artes</span> <span class='ocrx_word' id='word_1_409' title='bbox 1826 1437 1891 1461; x_wconf 87' lang='lat' dir='ltr'>ac·</span> 
     </span>
     <span class='ocr_line' id='line_1_62' title="bbox 1023 1479 1891 1535; baseline -0.008 -13"><span class='ocrx_word' id='word_1_410' title='bbox 1023 1483 1205 1535; x_wconf 69' lang='lat' dir='ltr'>cinyitm·</span> <span class='ocrx_word' id='word_1_411' title='bbox 1230 1481 1316 1520; x_wconf 80' lang='lat' dir='ltr'>coll.</span> <span class='ocrx_word' id='word_1_412' title='bbox 1343 1481 1440 1520; x_wconf 78' lang='lat' dir='ltr'>Met.</span> <span class='ocrx_word' id='word_1_413' title='bbox 1458 1479 1525 1519; x_wconf 73' lang='lat' dir='ltr'>IX.</span> <span class='ocrx_word' id='word_1_414' title='bbox 1550 1493 1589 1531; x_wconf 88' lang='lat' dir='ltr'>p.</span> <span class='ocrx_word' id='word_1_415' title='bbox 1604 1483 1716 1521; x_wconf 79' lang='lat'>627.:</span> <span class='ocrx_word' id='word_1_416' title='bbox 1742 1479 1800 1517; x_wconf 78' lang='lat' dir='ltr'>ml</span> <span class='ocrx_word' id='word_1_417' title='bbox 1824 1491 1891 1516; x_wconf 73' lang='lat' dir='ltr'>esc·</span> 
     </span>
     <span class='ocr_line' id='line_1_63' title="bbox 1019 1534 1891 1591; baseline -0.006 -14"><span class='ocrx_word' id='word_1_418' title='bbox 1019 1539 1293 1591; x_wconf 70' lang='lat' dir='ltr'>paquandam</span> <span class='ocrx_word' id='word_1_419' title='bbox 1324 1538 1467 1576; x_wconf 77' lang='lat' dir='ltr'>(lomus</span> <span class='ocrx_word' id='word_1_420' title='bbox 1499 1541 1680 1575; x_wconf 76' lang='lat' dir='ltr'>tenacem</span> <span class='ocrx_word' id='word_1_421' title='bbox 1706 1534 1891 1586; x_wconf 75' lang='lat' dir='ltr'>discipli-</span> 
     </span>
     <span class='ocr_line' id='line_1_64' title="bbox 1022 1591 1892 1646; baseline -0.003 -13"><span class='ocrx_word' id='word_1_422' title='bbox 1022 1608 1114 1634; x_wconf 73' lang='lat' dir='ltr'>nam</span> <span class='ocrx_word' id='word_1_423' title='bbox 1128 1595 1222 1633; x_wconf 72' lang='lat' dir='ltr'>totis</span> <span class='ocrx_word' id='word_1_424' title='bbox 1241 1595 1530 1646; x_wconf 70' lang='lat' dir='ltr'>accinyitur</span> <span class='ocrx_word' id='word_1_425' title='bbox 1549 1592 1718 1637; x_wconf 67' lang='lat' dir='ltr'>viribusg</span> <span class='ocrx_word' id='word_1_426' title='bbox 1739 1591 1892 1641; x_wconf 80' lang='lat' dir='ltr'>etvirg.</span> 
     </span>
     <span class='ocr_line' id='line_1_65' title="bbox 1024 1648 1889 1702; baseline -0.005 -13"><span class='ocrx_word' id='word_1_427' title='bbox 1024 1651 1124 1689; x_wconf 90' lang='lat' dir='ltr'>Aen.</span> <span class='ocrx_word' id='word_1_428' title='bbox 1139 1649 1204 1688; x_wconf 80' lang='lat' dir='ltr'>lv.</span> <span class='ocrx_word' id='word_1_429' title='bbox 1225 1654 1317 1691; x_wconf 87' lang='grc'><strong>493.</strong></span> <span class='ocrx_word' id='word_1_430' title='bbox 1337 1651 1521 1702; x_wconf 74' lang='lat' dir='ltr'>maffl&#39;cas</span> <span class='ocrx_word' id='word_1_431' title='bbox 1543 1650 1705 1688; x_wconf 76' lang='lat' dir='ltr'>invitum</span> <span class='ocrx_word' id='word_1_432' title='bbox 1730 1648 1889 1686; x_wconf 83' lang='lat' dir='ltr'>accin-</span> 
     </span>
     <span class='ocr_line' id='line_1_66' title="bbox 1021 1703 1891 1758; baseline -0.006 -13"><span class='ocrx_word' id='word_1_433' title='bbox 1021 1708 1130 1758; x_wconf 67' lang='lat' dir='ltr'>yier</span> <span class='ocrx_word' id='word_1_434' title='bbox 1155 1709 1276 1745; x_wconf 76' lang='lat' dir='ltr'>artes.</span> <span class='ocrx_word' id='word_1_435' title='bbox 1322 1706 1426 1744; x_wconf 87' lang='lat' dir='ltr'>Idem</span> <span class='ocrx_word' id='word_1_436' title='bbox 1454 1709 1615 1743; x_wconf 83' lang='lat' dir='ltr'>censent</span> <span class='ocrx_word' id='word_1_437' title='bbox 1639 1703 1826 1742; x_wconf 83' lang='lat' dir='ltr'>Pricaeus</span> <span class='ocrx_word' id='word_1_438' title='bbox 1852 1707 1891 1740; x_wconf 88' lang='lat' dir='ltr'>et</span> 
     </span>
     <span class='ocr_line' id='line_1_67' title="bbox 1021 1760 1888 1811; baseline -0.003 -11"><span class='ocrx_word' id='word_1_439' title='bbox 1021 1763 1241 1808; x_wconf 51' lang='lat' dir='ltr'>XVasseus,</span> <span class='ocrx_word' id='word_1_440' title='bbox 1267 1762 1316 1802; x_wconf 85' lang='lat' dir='ltr'>cs.</span> <span class='ocrx_word' id='word_1_441' title='bbox 1343 1762 1391 1799; x_wconf 84' lang='lat' dir='ltr'>ad</span> <span class='ocrx_word' id='word_1_442' title='bbox 1415 1761 1511 1800; x_wconf 84' lang='lat' dir='ltr'>Met.</span> <span class='ocrx_word' id='word_1_443' title='bbox 1526 1760 1630 1799; x_wconf 85' lang='lat' dir='ltr'>VIII.</span> <span class='ocrx_word' id='word_1_444' title='bbox 1644 1774 1680 1811; x_wconf 88' lang='lat' dir='ltr'>p.</span> <span class='ocrx_word' id='word_1_445' title='bbox 1697 1763 1788 1799; x_wconf 87' lang='grc'><strong>508.</strong></span> <span class='ocrx_word' id='word_1_446' title='bbox 1809 1772 1888 1798; x_wconf 84' lang='lat' dir='ltr'>sce-</span> 
     </span>
     <span class='ocr_line' id='line_1_68' title="bbox 1024 1815 1890 1871; baseline -0.007 -13"><span class='ocrx_word' id='word_1_447' title='bbox 1024 1819 1099 1858; x_wconf 75' lang='lat' dir='ltr'>leri</span> <span class='ocrx_word' id='word_1_448' title='bbox 1135 1819 1434 1871; x_wconf 68' lang='lat' dir='ltr'>accivzyitzcr.</span> <span class='ocrx_word' id='word_1_449' title='bbox 1474 1816 1681 1869; x_wconf 80' lang='lat' dir='ltr'>[Quamvis</span> <span class='ocrx_word' id='word_1_450' title='bbox 1706 1815 1890 1867; x_wconf 85' lang='lat' dir='ltr'>probetur</span> 
     </span>
     <span class='ocr_line' id='line_1_69' title="bbox 1021 1870 1886 1919; baseline -0.005 -7"><span class='ocrx_word' id='word_1_451' title='bbox 1021 1874 1122 1912; x_wconf 88' lang='lat' dir='ltr'>haec</span> <span class='ocrx_word' id='word_1_452' title='bbox 1158 1875 1392 1919; x_wconf 85' lang='lat' dir='ltr'>emendatio,</span> <span class='ocrx_word' id='word_1_453' title='bbox 1434 1878 1561 1912; x_wconf 85' lang='lat' dir='ltr'>tamen</span> <span class='ocrx_word' id='word_1_454' title='bbox 1603 1877 1735 1911; x_wconf 80' lang='lat' dir='ltr'>contra</span> <span class='ocrx_word' id='word_1_455' title='bbox 1775 1870 1886 1909; x_wconf 90' lang='lat' dir='ltr'>codd.</span> 
     </span>
     <span class='ocr_line' id='line_1_70' title="bbox 1022 1928 1888 1982; baseline -0.006 -12"><span class='ocrx_word' id='word_1_456' title='bbox 1022 1932 1288 1970; x_wconf 83' lang='lat' dir='ltr'>auctoritatem</span> <span class='ocrx_word' id='word_1_457' title='bbox 1324 1931 1359 1968; x_wconf 85' lang='lat' dir='ltr'>in</span> <span class='ocrx_word' id='word_1_458' title='bbox 1408 1931 1597 1982; x_wconf 84' lang='lat' dir='ltr'>scriptura</span> <span class='ocrx_word' id='word_1_459' title='bbox 1644 1928 1888 1968; x_wconf 75' lang='lat' dir='ltr'>accenditur</span> 
     </span>
     <span class='ocr_line' id='line_1_71' title="bbox 1023 1985 1888 2038; baseline -0.006 -13"><span class='ocrx_word' id='word_1_460' title='bbox 1023 1987 1341 2026; x_wconf 84' lang='lat' dir='ltr'>consentientium</span> <span class='ocrx_word' id='word_1_461' title='bbox 1368 1987 1577 2038; x_wconf 81' lang='lat' dir='ltr'>quidquam</span> <span class='ocrx_word' id='word_1_462' title='bbox 1601 1985 1737 2023; x_wconf 83' lang='lat' dir='ltr'>mutari</span> <span class='ocrx_word' id='word_1_463' title='bbox 1764 1996 1888 2035; x_wconf 84' lang='lat' dir='ltr'>posse</span> 
     </span>
     <span class='ocr_line' id='line_1_72' title="bbox 1022 2039 1888 2095; baseline -0.005 -13"><span class='ocrx_word' id='word_1_464' title='bbox 1022 2056 1135 2095; x_wconf 67' lang='lat' dir='ltr'>nego.</span> <span class='ocrx_word' id='word_1_465' title='bbox 1161 2042 1282 2081; x_wconf 91' lang='lat' dir='ltr'>Porro</span> <span class='ocrx_word' id='word_1_466' title='bbox 1302 2043 1557 2081; x_wconf 86' lang='lat' dir='ltr'>usitatissima</span> <span class='ocrx_word' id='word_1_467' title='bbox 1578 2045 1640 2079; x_wconf 87' lang='lat' dir='ltr'>est</span> <span class='ocrx_word' id='word_1_468' title='bbox 1652 2041 1765 2079; x_wconf 89' lang='lat' dir='ltr'>huius</span> <span class='ocrx_word' id='word_1_469' title='bbox 1781 2039 1888 2078; x_wconf 84' lang='lat' dir='ltr'>vocis</span> 
     </span>
     <span class='ocr_line' id='line_1_73' title="bbox 1021 2097 1887 2151; baseline -0.005 -13"><span class='ocrx_word' id='word_1_470' title='bbox 1021 2099 1248 2151; x_wconf 79' lang='lat' dir='ltr'>significatio</span> <span class='ocrx_word' id='word_1_471' title='bbox 1262 2098 1506 2144; x_wconf 75' lang='lat' dir='ltr'>stimulandi,</span> <span class='ocrx_word' id='word_1_472' title='bbox 1532 2097 1714 2142; x_wconf 84' lang='lat' dir='ltr'>irritandi,</span> <span class='ocrx_word' id='word_1_473' title='bbox 1740 2101 1782 2134; x_wconf 88' lang='lat' dir='ltr'>ut</span> <span class='ocrx_word' id='word_1_474' title='bbox 1799 2110 1887 2134; x_wconf 90' lang='lat' dir='ltr'>con-</span> 
     </span>
     <span class='ocr_line' id='line_1_74' title="bbox 1019 2152 1888 2206; baseline -0.003 -13"><span class='ocrx_word' id='word_1_475' title='bbox 1019 2157 1189 2195; x_wconf 83' lang='lat' dir='ltr'>iecturae</span> <span class='ocrx_word' id='word_1_476' title='bbox 1213 2169 1262 2194; x_wconf 93' lang='lat' dir='ltr'>ne</span> <span class='ocrx_word' id='word_1_477' title='bbox 1287 2155 1397 2194; x_wconf 90' lang='lat' dir='ltr'>locus</span> <span class='ocrx_word' id='word_1_478' title='bbox 1424 2155 1579 2206; x_wconf 89' lang='lat' dir='ltr'>quidem</span> <span class='ocrx_word' id='word_1_479' title='bbox 1605 2156 1668 2192; x_wconf 86' lang='lat' dir='ltr'>sit.</span> <span class='ocrx_word' id='word_1_480' title='bbox 1715 2152 1778 2190; x_wconf 85' lang='lat' dir='ltr'>De</span> <span class='ocrx_word' id='word_1_481' title='bbox 1802 2166 1888 2190; x_wconf 90' lang='lat' dir='ltr'>sen-</span> 
     </span>
     <span class='ocr_line' id='line_1_75' title="bbox 1018 2209 1889 2262; baseline -0.007 -11"><span class='ocrx_word' id='word_1_482' title='bbox 1018 2213 1137 2251; x_wconf 87' lang='lat' dir='ltr'>tentia</span> <span class='ocrx_word' id='word_1_483' title='bbox 1157 2212 1205 2251; x_wconf 79' lang='lat' dir='ltr'>ci.</span> <span class='ocrx_word' id='word_1_484' title='bbox 1220 2225 1320 2262; x_wconf 85' lang='lat' dir='ltr'>quae</span> <span class='ocrx_word' id='word_1_485' title='bbox 1332 2210 1521 2250; x_wconf 88' lang='lat' dir='ltr'>Pricaeus</span> <span class='ocrx_word' id='word_1_486' title='bbox 1536 2210 1694 2262; x_wconf 86' lang='lat' dir='ltr'>protulit</span> <span class='ocrx_word' id='word_1_487' title='bbox 1705 2209 1889 2260; x_wconf 83' lang='lat' dir='ltr'>exempla</span> 
     </span>
     <span class='ocr_line' id='line_1_76' title="bbox 1020 2266 1886 2318; baseline -0.005 -11"><span class='ocrx_word' id='word_1_488' title='bbox 1020 2273 1059 2307; x_wconf 86' lang='lat' dir='ltr'>et</span> <span class='ocrx_word' id='word_1_489' title='bbox 1083 2268 1258 2308; x_wconf 75' lang='lat' dir='ltr'>d’Orvill.</span> <span class='ocrx_word' id='word_1_490' title='bbox 1282 2268 1333 2306; x_wconf 88' lang='lat' dir='ltr'>ad</span> <span class='ocrx_word' id='word_1_491' title='bbox 1358 2267 1498 2306; x_wconf 86' lang='lat' dir='ltr'>Charit.</span> <span class='ocrx_word' id='word_1_492' title='bbox 1522 2266 1567 2306; x_wconf 86' lang='grc' dir='ltr'>ΙΙ.</span> <span class='ocrx_word' id='word_1_493' title='bbox 1595 2271 1631 2307; x_wconf 90' lang='grc'>8.</span> <span class='ocrx_word' id='word_1_494' title='bbox 1655 2280 1694 2318; x_wconf 88' lang='lat' dir='ltr'>p.</span> <span class='ocrx_word' id='word_1_495' title='bbox 1720 2270 1802 2306; x_wconf 81' lang='lat'>324</span> <span class='ocrx_word' id='word_1_496' title='bbox 1826 2278 1886 2316; x_wconf 90' lang='lat' dir='ltr'>sq.</span> 
     </span>
     <span class='ocr_line' id='line_1_77' title="bbox 1024 2323 1239 2378; baseline 0 -15"><span class='ocrx_word' id='word_1_497' title='bbox 1024 2325 1085 2364; x_wconf 89' lang='lat' dir='ltr'>ed.</span> <span class='ocrx_word' id='word_1_498' title='bbox 1110 2323 1239 2378; x_wconf 88' lang='lat' dir='ltr'>Lips.]</span> 
     </span>
    </p>

    <p class='ocr_par' dir='ltr' id='par_1_14' title="bbox 1017 2378 1888 3152">
     <span class='ocr_line' id='line_1_78' title="bbox 1076 2378 1887 2432; baseline -0.007 -12"><span class='ocrx_word' id='word_1_499' title='bbox 1076 2382 1360 2421; x_wconf 74' lang='lat' dir='ltr'>veteratricem.</span> <span class='ocrx_word' id='word_1_500' title='bbox 1410 2379 1539 2432; x_wconf 87' lang='lat' dir='ltr'>[Hanc</span> <span class='ocrx_word' id='word_1_501' title='bbox 1570 2391 1726 2430; x_wconf 86' lang='lat' dir='ltr'>quoque</span> <span class='ocrx_word' id='word_1_502' title='bbox 1758 2378 1887 2416; x_wconf 88' lang='lat' dir='ltr'>iectio-</span> 
     </span>
     <span class='ocr_line' id='line_1_79' title="bbox 1017 2433 1888 2488; baseline -0.008 -11"><span class='ocrx_word' id='word_1_503' title='bbox 1017 2451 1124 2483; x_wconf 89' lang='lat' dir='ltr'>nem,</span> <span class='ocrx_word' id='word_1_504' title='bbox 1151 2450 1250 2488; x_wconf 90' lang='lat' dir='ltr'>quae</span> <span class='ocrx_word' id='word_1_505' title='bbox 1277 2437 1505 2488; x_wconf 88' lang='lat' dir='ltr'>optimorum</span> <span class='ocrx_word' id='word_1_506' title='bbox 1527 2435 1639 2474; x_wconf 90' lang='lat' dir='ltr'>codd.</span> <span class='ocrx_word' id='word_1_507' title='bbox 1659 2435 1734 2472; x_wconf 85' lang='lat' dir='ltr'>tide</span> <span class='ocrx_word' id='word_1_508' title='bbox 1754 2433 1888 2471; x_wconf 87' lang='lat' dir='ltr'>defen-</span> 
     </span>
     <span class='ocr_line' id='line_1_80' title="bbox 1020 2491 1886 2542; baseline -0.007 -9"><span class='ocrx_word' id='word_1_509' title='bbox 1020 2494 1135 2541; x_wconf 87' lang='lat' dir='ltr'>ditur,</span> <span class='ocrx_word' id='word_1_510' title='bbox 1168 2498 1298 2533; x_wconf 81' lang='lat' dir='ltr'>contra</span> <span class='ocrx_word' id='word_1_511' title='bbox 1322 2497 1490 2531; x_wconf 87' lang='lat' dir='ltr'>mentem</span> <span class='ocrx_word' id='word_1_512' title='bbox 1515 2491 1618 2530; x_wconf 90' lang='lat' dir='ltr'>Oud.</span> <span class='ocrx_word' id='word_1_513' title='bbox 1643 2495 1886 2542; x_wconf 86' lang='lat' dir='ltr'>postponens</span> 
     </span>
     <span class='ocr_line' id='line_1_81' title="bbox 1018 2547 1886 2600; baseline -0.005 -12"><span class='ocrx_word' id='word_1_514' title='bbox 1018 2550 1228 2590; x_wconf 89' lang='lat' dir='ltr'>Ruhnken.</span> <span class='ocrx_word' id='word_1_515' title='bbox 1264 2550 1300 2588; x_wconf 94' lang='lat' dir='ltr'>in</span> <span class='ocrx_word' id='word_1_516' title='bbox 1331 2553 1440 2588; x_wconf 85' lang='lat' dir='ltr'>textu</span> <span class='ocrx_word' id='word_1_517' title='bbox 1470 2548 1603 2600; x_wconf 87' lang='lat' dir='ltr'>posuit</span> <span class='ocrx_word' id='word_1_518' title='bbox 1637 2547 1886 2590; x_wconf 59' lang='lat' dir='ltr'>ve‘ratricem³</span> 
     </span>
     <span class='ocr_line' id='line_1_82' title="bbox 1020 2605 1888 2658; baseline -0.007 -12"><span class='ocrx_word' id='word_1_519' title='bbox 1020 2619 1120 2658; x_wconf 85' lang='lat' dir='ltr'>quae</span> <span class='ocrx_word' id='word_1_520' title='bbox 1145 2608 1336 2658; x_wconf 83' lang='lat' dir='ltr'>scriptura</span> <span class='ocrx_word' id='word_1_521' title='bbox 1359 2607 1408 2644; x_wconf 83' lang='lat' dir='ltr'>ab</span> <span class='ocrx_word' id='word_1_522' title='bbox 1434 2605 1532 2644; x_wconf 81' lang='lat' dir='ltr'>Edd.</span> <span class='ocrx_word' id='word_1_523' title='bbox 1558 2608 1704 2643; x_wconf 84' lang='lat' dir='ltr'>tantum</span> <span class='ocrx_word' id='word_1_524' title='bbox 1727 2606 1888 2653; x_wconf 85' lang='lat' dir='ltr'>recepta</span> 
     </span>
     <span class='ocr_line' id='line_1_83' title="bbox 1018 2658 1886 2712; baseline -0.006 -11"><span class='ocrx_word' id='word_1_525' title='bbox 1018 2664 1168 2701; x_wconf 78' lang='lat' dir='ltr'>videtur</span> <span class='ocrx_word' id='word_1_526' title='bbox 1182 2663 1319 2701; x_wconf 86' lang='lat' dir='ltr'>fuisse.</span> <span class='ocrx_word' id='word_1_527' title='bbox 1365 2661 1452 2700; x_wconf 87' lang='lat' dir='ltr'>Nec</span> <span class='ocrx_word' id='word_1_528' title='bbox 1466 2660 1676 2712; x_wconf 62' lang='lat' dir='ltr'>Scaliger„</span> <span class='ocrx_word' id='word_1_529' title='bbox 1697 2658 1760 2711; x_wconf 88' lang='lat' dir='ltr'>qui</span> <span class='ocrx_word' id='word_1_530' title='bbox 1776 2672 1886 2697; x_wconf 75' lang='lat' dir='ltr'>vera-</span> 
     </span>
     <span class='ocr_line' id='line_1_84' title="bbox 1017 2714 1887 2767; baseline -0.009 -9"><span class='ocrx_word' id='word_1_531' title='bbox 1017 2721 1104 2759; x_wconf 73' lang='lat' dir='ltr'>trix</span> <span class='ocrx_word' id='word_1_532' title='bbox 1126 2719 1358 2758; x_wconf 85' lang='lat' dir='ltr'>vocabulum</span> <span class='ocrx_word' id='word_1_533' title='bbox 1384 2718 1434 2756; x_wconf 85' lang='lat' dir='ltr'>ad</span> <span class='ocrx_word' id='word_1_534' title='bbox 1458 2717 1563 2767; x_wconf 82' lang='lat' dir='ltr'>Virg.</span> <span class='ocrx_word' id='word_1_535' title='bbox 1591 2716 1661 2756; x_wconf 90' lang='lat' dir='ltr'>Cir.</span> <span class='ocrx_word' id='word_1_536' title='bbox 1692 2730 1729 2767; x_wconf 87' lang='lat' dir='ltr'>p.</span> <span class='ocrx_word' id='word_1_537' title='bbox 1756 2719 1819 2755; x_wconf 83' lang='lat'>75.</span> <span class='ocrx_word' id='word_1_538' title='bbox 1846 2714 1887 2751; x_wconf 87' lang='lat' dir='ltr'>il-</span> 
     </span>
     <span class='ocr_line' id='line_1_85' title="bbox 1017 2771 1888 2828; baseline -0.009 -14"><span class='ocrx_word' id='word_1_539' title='bbox 1017 2776 1211 2822; x_wconf 84' lang='lat' dir='ltr'>lustravit,</span> <span class='ocrx_word' id='word_1_540' title='bbox 1248 2777 1334 2828; x_wconf 87' lang='lat' dir='ltr'>ipse</span> <span class='ocrx_word' id='word_1_541' title='bbox 1371 2775 1424 2812; x_wconf 83' lang='lat' dir='ltr'>ita</span> <span class='ocrx_word' id='word_1_542' title='bbox 1460 2772 1571 2823; x_wconf 79' lang='lat' dir='ltr'>legit,</span> <span class='ocrx_word' id='word_1_543' title='bbox 1607 2773 1681 2811; x_wconf 87' lang='lat' dir='ltr'>sed</span> <span class='ocrx_word' id='word_1_544' title='bbox 1712 2771 1888 2822; x_wconf 84' lang='lat' dir='ltr'>probavit</span> 
     </span>
     <span class='ocr_line' id='line_1_86' title="bbox 1017 2827 1887 2879; baseline -0.009 -8"><span class='ocrx_word' id='word_1_545' title='bbox 1017 2833 1311 2877; x_wconf 72' lang='lat' dir='ltr'>veteratricem,</span> <span class='ocrx_word' id='word_1_546' title='bbox 1336 2831 1357 2868; x_wconf 89' lang='lat' dir='ltr'>i.</span> <span class='ocrx_word' id='word_1_547' title='bbox 1373 2844 1406 2868; x_wconf 87' lang='lat' dir='ltr'>e.</span> <span class='ocrx_word' id='word_1_548' title='bbox 1422 2829 1620 2874; x_wconf 83' lang='lat' dir='ltr'>feminam,</span> <span class='ocrx_word' id='word_1_549' title='bbox 1641 2840 1741 2879; x_wconf 88' lang='lat' dir='ltr'>quae</span> <span class='ocrx_word' id='word_1_550' title='bbox 1755 2827 1790 2865; x_wconf 89' lang='lat' dir='ltr'>in</span> <span class='ocrx_word' id='word_1_551' title='bbox 1805 2830 1887 2864; x_wconf 88' lang='lat' dir='ltr'>arte</span> 
     </span>
     <span class='ocr_line' id='line_1_87' title="bbox 1017 2886 1886 2939; baseline -0.008 -13"><span class='ocrx_word' id='word_1_552' title='bbox 1017 2889 1168 2939; x_wconf 80' lang='lat' dir='ltr'>magica</span> <span class='ocrx_word' id='word_1_553' title='bbox 1183 2891 1222 2925; x_wconf 87' lang='lat' dir='ltr'>et</span> <span class='ocrx_word' id='word_1_554' title='bbox 1235 2886 1507 2925; x_wconf 83' lang='lat' dir='ltr'>devotionibus</span> <span class='ocrx_word' id='word_1_555' title='bbox 1520 2889 1675 2923; x_wconf 83' lang='lat' dir='ltr'>versata</span> <span class='ocrx_word' id='word_1_556' title='bbox 1689 2887 1763 2927; x_wconf 82' lang='lat' dir='ltr'>est,</span> <span class='ocrx_word' id='word_1_557' title='bbox 1782 2887 1886 2920; x_wconf 82' lang='lat' dir='ltr'>astu-</span> 
     </span>
     <span class='ocr_line' id='line_1_88' title="bbox 1018 2940 1885 2989; baseline -0.006 -7"><span class='ocrx_word' id='word_1_558' title='bbox 1018 2948 1114 2989; x_wconf 86' lang='lat' dir='ltr'>tam,</span> <span class='ocrx_word' id='word_1_559' title='bbox 1149 2943 1348 2989; x_wconf 82' lang='lat' dir='ltr'>callidam3</span> <span class='ocrx_word' id='word_1_560' title='bbox 1385 2941 1434 2980; x_wconf 86' lang='lat' dir='ltr'>cf.</span> <span class='ocrx_word' id='word_1_561' title='bbox 1460 2940 1544 2980; x_wconf 84' lang='lat' dir='ltr'>lntt.</span> <span class='ocrx_word' id='word_1_562' title='bbox 1575 2942 1627 2979; x_wconf 86' lang='lat' dir='ltr'>ad</span> <span class='ocrx_word' id='word_1_563' title='bbox 1651 2940 1760 2978; x_wconf 86' lang='lat' dir='ltr'>Fest.</span> <span class='ocrx_word' id='word_1_564' title='bbox 1791 2952 1825 2977; x_wconf 90' lang='lat' dir='ltr'>s.</span> <span class='ocrx_word' id='word_1_565' title='bbox 1849 2951 1885 2977; x_wconf 76' lang='lat' dir='ltr'>v.</span> 
     </span>
     <span class='ocr_line' id='line_1_89' title="bbox 1020 2997 1886 3049; baseline -0.008 -10"><span class='ocrx_word' id='word_1_566' title='bbox 1020 3004 1260 3039; x_wconf 64' lang='lat' dir='ltr'>veter-atores</span> <span class='ocrx_word' id='word_1_567' title='bbox 1284 3012 1322 3049; x_wconf 88' lang='lat' dir='ltr'>p.</span> <span class='ocrx_word' id='word_1_568' title='bbox 1341 3001 1431 3038; x_wconf 88' lang='lat'>158.</span> <span class='ocrx_word' id='word_1_569' title='bbox 1445 2997 1624 3036; x_wconf 90' lang='lat' dir='ltr'>Lindem.</span> <span class='ocrx_word' id='word_1_570' title='bbox 1652 2999 1886 3036; x_wconf 78' lang='lat' dir='ltr'>veterato-</span> 
     </span>
     <span class='ocr_line' id='line_1_90' title="bbox 1018 3051 1886 3104; baseline -0.006 -10"><span class='ocrx_word' id='word_1_571' title='bbox 1018 3070 1092 3096; x_wconf 85' lang='lat' dir='ltr'>res</span> <span class='ocrx_word' id='word_1_572' title='bbox 1105 3055 1236 3094; x_wconf 84' lang='lat' dir='ltr'>callidi</span> <span class='ocrx_word' id='word_1_573' title='bbox 1249 3055 1340 3093; x_wconf 88' lang='lat' dir='ltr'>dicti</span> <span class='ocrx_word' id='word_1_574' title='bbox 1352 3068 1375 3093; x_wconf 89' lang='lat' dir='ltr'>a</span> <span class='ocrx_word' id='word_1_575' title='bbox 1386 3053 1638 3092; x_wconf 82' lang='lat' dir='ltr'>multarerum</span> <span class='ocrx_word' id='word_1_576' title='bbox 1651 3051 1886 3104; x_wconf 83' lang='lat' dir='ltr'>agendarum</span> 
     </span>
     <span class='ocr_line' id='line_1_91' title="bbox 1019 3110 1885 3152; baseline -0.003 -2"><span class='ocrx_word' id='word_1_577' title='bbox 1019 3116 1224 3152; x_wconf 78' lang='lat' dir='ltr'>vetustate.</span> <span class='ocrx_word' id='word_1_578' title='bbox 1260 3110 1454 3151; x_wconf 85' lang='lat' dir='ltr'>Gannius:</span> <span class='ocrx_word' id='word_1_579' title='bbox 1479 3110 1642 3151; x_wconf 74' lang='lat' dir='ltr'>mulieri</span> <span class='ocrx_word' id='word_1_580' title='bbox 1671 3122 1752 3149; x_wconf 84' lang='lat' dir='ltr'>non</span> <span class='ocrx_word' id='word_1_581' title='bbox 1779 3112 1885 3148; x_wconf 74' lang='lat' dir='ltr'>astu-</span> 
     </span>
    </p>
   </div>
   <div class='ocr_carea' id='block_1_12' title="bbox 1918 511 1980 543">
    <p class='ocr_par' dir='ltr' id='par_1_15' title="bbox 1918 511 1980 543">
     <span class='ocr_line' id='line_1_92' title="bbox 1918 511 1980 543; baseline -0.016 0"><span class='ocrx_word' id='word_1_582' title='bbox 1918 511 1980 543; x_wconf 76' lang='lat'>649</span> 
     </span>
    </p>
   </div>
  </div>
 </body>
</html>
