2155 3590
636 204 825 244 LIBER
862 201 982 243 VIII.
1047 202 1178 242 CAP.
1210 200 1281 241 Vl.

1792 200 1877 244 (359

73 331 167 358 vere
199 316 512 357 lamentabamur
536 317 829 366 conformatus,
858 316 1175 371 culpam'manus
1197 314 1301 370 [suae
1332 314 1526 354 mentiens
1559 314 1708 355 bestiae
1740 314 1871 354 dabat.

72 373 251 414 Nec-dum
276 374 373 414 satis
404 374 554 414 scelere
586 381 790 414 transacto
814 373 938 414 Fama
970 373 1177 422 dilabitur,
1211 378 1251 412 et
1276 384 1420 410 cursus
1450 370 1619 425 prilmos
1646 371 1693 410 ad
1720 371 1873 411 domum
1900 380 1965 412 522¹

72 430 290 484 Tlepolemi
326 431 553 483 detorquet,
593 438 632 470 et
668 444 785 470 aures
824 430 994 470 infelicis
1025 436 1169 483 nuptae
1199 434 1391 482 percutit.
1435 426 1547 480 Quae
1579 428 1731 480 quidem
1759 428 1874 468 simul

74 487 246 540 percepit
270 486 347 526 tale
373 487 575 536 nuntium,
604 487 718 539 quale
744 501 823 526 non
849 487 981 526 audiet
1005 486 1130 536 aliud,
1164 498 1299 524 amens
1331 490 1370 524 et
1393 484 1579 524 vecordia
1610 484 1759 537 percita
1785 498 1874 524 cur-

73 557 195 596 suque
219 543 411 583 bacchata
438 543 646 583 furibundo
673 557 743 597 per
768 544 916 597 plateas
943 543 1152 597 populosas
1173 549 1213 582 et
1232 554 1330 581 arva
1347 540 1543 580 rurestria
1565 541 1706 589 fertur,
1734 541 1876 580 insana

72 613 169 640 voce
195 613 330 639 casum
356 599 487 639 mariti
513 599 725 653 quiritans.
778 598 995 641 confluunt
1027 599 1170 639 civium
1202 603 1378 638 moestae
1409 603 1619 646 catervae,
1658 604 1879 650 sequuntur

72 747 186 767 cerum
212 736 445 766 dementamur
469 741 538 768 cod.
565 742 680 768 Incert.
725 747 840 767 verum
865 737 1183 767 elemenmbamurf.
1233 745 1347 765 verum
1373 734 1563 764 demtabam
1582 737 1619 765 L.
1644 739 1727 764 teste
1752 736 1877 771 conio,

72 791 188 812 verum
213 782 486 812 dimenlabamur
510 787 584 814 coll.
610 786 707 813 Voss.
756 785 992 823 conformatus
1019 783 1151 820 eulpam
1176 790 1298 810 mames
1319 789 1404 810 suae
1428 781 1590 809 mentiens
1615 782 1651 810 F.
1677 783 1709 809 3.
1746 784 1781 808 et
1804 780 1877 808 cul-

67 837 149 866 pam
167 837 271 857 manu
291 836 356 857 sua
375 830 540 858 mentiens
559 832 595 858 G.
612 832 641 859 1.
678 833 710 857 el
726 829 857 867 culpam
872 838 991 857 manus
1006 837 1089 856 snae
1102 829 1264 856 mentiens
1278 829 1314 856 G.
1328 829 1359 856 2.
1373 829 1413 856 D.
1427 829 1465 856 P.
1513 834 1634 854 manus
1648 833 1732 854 suae
1745 825 1878 862 culpam

71 874 237 902 mentiens
250 872 280 903 δ.
294 883 325 909 p.
339 876 374 904 Ο.
388 883 452 904 non
466 876 578 904 addita
591 878 710 910 copula
723 878 772 910 ει,
798 877 880 910 quod
894 876 991 904 etiam
1007 877 1043 903 B.
1057 875 1092 903 F.
1110 876 1138 903 1.
1153 875 1223 902 edd.
1240 877 1315 902 vett.
1328 875 1466 909 habent,
1493 873 1559 900 nisi
1574 873 1656 906 quod
1671 871 1760 900 iniis
1776 872 1879 906 parii-

71 920 194 955 cipium
212 920 376 948 mentiens
396 923 504 957 abest,
532 922 669 955 primum
689 929 708 949 a
727 922 816 950 Colv.
840 921 1033 949 restitutum.
1061 918 1228 946 mentiens
1246 918 1388 946 ScriVer.
1407 919 1491 946 Elm.
1512 922 1540 946 et
1559 919 1691 946 Ruhnk.
1711 917 1880 945 uncinulis

72 966 364 994 circumdederunt.
412 964 660 993 dabaebestiae
674 968 709 995 G.
727 968 754 995 1.
768 968 799 994 2.
814 968 852 994 D.
868 968 904 994 R.
920 965 942 994 f.
991 963 1108 992 nedum
1129 965 1176 992 ed.
1198 972 1243 998 pr.
1264 964 1393 992 vicent.
1411 964 1527 992 Venet.
1542 964 1572 991 2.
1587 964 1617 991 4.
1632 962 1740 991 Paris.
1788 960 1878 989 dila-

74 1013 173 1038 tatur
186 1012 223 1039 B.
271 1018 391 1042 aceres
403 1019 460 1046 pro
474 1019 576 1039 aures
591 1013 628 1039 D.
671 1003 838 1048 p'ercural
854 1019 907 1045 pro
916 1011 1069 1047 percutit
1083 1013 1119 1038 G.
1136 1011 1164 1037 1.
1207 1009 1361 1045 percepit
1380 1016 1444 1036 non
1462 1009 1662 1043 conspicitur
1678 1008 1711 1035 in
1732 1004 1760 1036 δ.
1811 1005 1882 1034 tale

72 1057 109 1085 F.
123 1058 154 1085 3.
169 1057 204 1084 G.
222 1057 249 1084 1.
263 1058 295 1084 2.
308 1057 343 1084 O.
356 1057 393 1084 P.
408 1056 430 1085 f.
444 1058 484 1085 Ι).
508 1059 624 1085 Incert.
649 1058 686 1085 In
700 1061 774 1085 ceu.
790 1055 905 1084 talem.
932 1055 971 1084 cf.
987 1057 1139 1084 Mehvll.
1156 1062 1183 1088 p.
1199 1055 1275 1082 446.
1312 1052 1498 1090 numpea'um
1512 1055 1548 1081 G.
1565 1055 1593 1081 1.
1608 1053 1641 1081 in
1655 1059 1758 1088 marg.
1772 1060 1880 1081 corre-

72 1104 161 1129 ctum
173 1108 194 1130 a
206 1109 246 1130 m.
261 1109 287 1130 s.
336 1100 436 1138 quale
449 1103 486 1130 F.
499 1103 530 1131 3.
546 1103 581 1132 G.
602 1104 672 1130 1.2.
687 1103 721 1130 0.
735 1104 774 1131 D.
790 1103 826 1130 P.
841 1102 862 1130 f.
886 1103 1003 1129 Incert.
1027 1103 1065 1129 Iu
1079 1104 1151 1130 cett.
1167 1097 1310 1136 qualem.
1359 1097 1457 1125 aliud
1466 1097 1503 1126 F.
1519 1100 1547 1126 1.
1562 1100 1593 1127 3.
1608 1100 1644 1127 G.
1658 1100 1689 1126 2.
1705 1099 1742 1126 D.
1757 1099 1792 1126 0.
1807 1099 1843 1126 P.
1860 1096 1881 1126 f.

72 1147 189 1175 Incert.
203 1154 232 1181 p.
247 1147 328 1176 coll.
342 1147 438 1175 voss.
454 1145 544 1175 alius
558 1144 587 1176 δ.
613 1148 693 1176 Oud.
709 1148 856 1175 emendat
870 1146 972 1174 alias.
998 1148 1036 1174 ln
1049 1150 1123 1174 cett.
1138 1144 1254 1172 alium.
1302 1145 1365 1171 Sed
1379 1141 1541 1171 adamens
1554 1145 1652 1172 habet
1667 1144 1702 1172 G.
1723 1145 1748 1171 1.
1763 1151 1820 1177 pro
1840 1137 1883 1173 α(ι

73 1198 189 1219 amens
208 1191 230 1220 i.
243 1201 270 1220 e.
293 1190 390 1219 aliud
406 1199 532 1220 amens.
574 1192 720 1228 pat-cita
739 1194 774 1220 G.
793 1193 820 1220 1.
853 1194 988 1227 parata
1003 1193 1085 1227 (222.
1098 1192 1138 1219 D.
1185 1189 1334 1217 baccata
1354 1190 1390 1217 G.
1412 1190 1442 1216 1.
1460 1190 1490 1217 2.
1510 1191 1549 1217 D.
1571 1189 1696 1217 Vicent.
1716 1189 1831 1217 Vellet.
1850 1189 1882 1216 2.

71 1238 200 1266 1unt.2.
220 1238 296 1266 Aia.
343 1236 498 1264 ruresez'a
517 1238 552 1265 F.
567 1238 597 1265 3.
616 1238 655 1266 D.
681 1237 724 1265 cf.
743 1239 820 1265 Met.
834 1238 905 1265 VII.
926 1243 954 1270 p.
969 1237 1044 1265 473.
1082 1234 1216 1262 ruso-fa
1230 1232 1259 1262 ὃ.
1284 1236 1321 1262 ln
1336 1237 1408 1262 ceu.
1424 1233 1611 1261 rurestria.

1661 1233 1783 1260 ‘cit-asa
1804 1240 1884 1260 voce

72 1283 110 1310 G.
127 1283 156 1310 1.
179 1283 218 1310 In
236 1283 308 1310 edd.
329 1285 406 1310 vett.
427 1282 473 1310 ila
491 1283 734 1316 internuncium
752 1286 818 1318 est,
844 1286 877 1309 ιιι
897 1281 1023 1308 insana
1043 1288 1122 1308 foce
1141 1281 1182 1308 ad
1200 1279 1320 1315 fertur
1338 1279 1509 1313 pertineat.
1558 1278 1738 1315 queritans
1759 1287 1789 1313 p.
1811 1278 1831 1307 f.
1853 1275 1884 1306 δ,

71 1327 188 1356 lucen.
200 1327 271 1356 edd.
284 1330 362 1356 vett.
375 1331 504 1362 praeter
514 1329 597 1356 lunt.
611 1329 644 1355 2.
656 1327 786 1356 Vicent.
811 1325 1018 1363 quaeritans
1032 1330 1145 1354 contra
1156 1332 1288 1354 morem.
1336 1326 1500 1352 secuntur
1513 1326 1549 1353 G.
1566 1326 1595 1352 1.

72 1449 159 1499 ipso
172 1446 344 1498 Apuleio
358 1445 543 1487 adhibita.
568 1447 695 1486 Huius
715 1447 949 1486 sententiam

72 1503 178 1543 Oud.
202 1504 265 1542 his
290 1505 420 1542 verbis
446 1504 548 1543 bene
570 1504 769 1543 refutavit:
802 1504 950 1542 Verum

73 1560 318 1613 exemplum,
350 1560 456 1612 quod
486 1574 536 1599 ex
560 1560 761 1612 Apologia
789 1575 828 1613 p.
855 1564 949 1602 395.

74 1617 233 1669 profert,
259 1617 407 1671 linqua
432 1619 809 1657 amaritudinem
831 1631 951 1670 prae·

73 1675 259 1713 ministra
283 1688 357 1713 non
382 1674 607 1725 persuadet.
632 1674 735 1712 Nam
760 1675 810 1712 ibi
835 1675 950 1725 signi-

74 1731 164 1769 ficat
197 1731 395 1770 convicia.
457 1728 519 1769 De
555 1731 749 1770 adiectivo
787 1744 952 1770 amarus

68 1787 249 1829 ,concedo
274 1786 315 1824 id
334 1786 506 1826 adhiberi
534 1789 570 1826 in
603 1787 725 1834 luctu,
760 1800 832 1825 non
859 1801 952 1825 vero

74 1844 323 1890 amaritudo,
350 1843 473 1894 quod,
497 1844 687 1883 translate
712 1845 865 1895 quoties
890 1857 954 1882 su-

74 1900 206 1946 mitur,
231 1899 424 1951 significat
447 1901 652 1939 verborum
677 1900 954 1940 contumeliam

77 1961 117 1994 et
143 1955 298 2008 linguae
323 1958 436 2007 quasi
467 1956 542 2002 sel,
575 1970 676 2007 quae
701 1957 789 1996 hinc
814 1971 956 1996 amara

77 2012 221 2051 Ovidio
236 2013 319 2051 Art.
334 2011 378 2051 II.
399 2018 490 2053 151.
504 2017 545 2051 et
564 2014 669 2053 Iuno
694 2027 839 2053 amara
861 2025 957 2064 prae

78 2064 330 2107 conviciando
367 2067 487 2122 Prop.
522 2068 590 2108 IV.
629 2073 665 2110 9.
704 2073 769 2110 43.
819 2069 957 2121 [Ama-

77 2138 148 2164 τηε
178 2125 362 2163 absolute
392 2125 443 2163 de
472 2127 669 2164 moestitia
701 2126 774 2165 dici
812 2126 957 2176 nequit,

79 2182 152 2220 nisi
178 2181 371 2220 adiectum
396 2186 476 2227 est,
508 2195 585 2232 quo
616 2182 835 2221 accuratius
861 2182 960 2220 haec

79 2239 185 2276 notio
211 2237 453 2289 intelligitur,
479 2238 724 2278 vocabulum.
768 2237 814 2276 cf.
841 2237 958 2277 ovid.

79 2294 178 2332 Met.
214 2293 325 2333 XIV.
363 2295 482 2347 465]
545 2295 615 2334 Ad
654 2295 960 2335 similitudinem

79 2355 204 2389 totum
233 2351 497 2402 Apuleianum
533 2355 608 2390 est.
654 2350 702 2389 cf.
732 2351 831 2390 Met.
853 2349 959 2391 VIII.

79 2420 118 2459 p.
157 2410 251 2448 591.
294 2407 358 2446 ad
394 2408 766 2446 similitudinem
797 2408 961 2459 perditi

83 2464 326 2503 detractum.
375 2463 495 2515 Apol.
520 2476 558 2514 p.
583 2463 679 2504 492.
706 2465 769 2503 ad
793 2464 959 2502 simili-

83 2524 133 2559 tu
142 2519 227 2558 din
237 2533 301 2558 em
314 2520 509 2560 tallormn
517 2520 742 2560 suillorum.
752 2520 801 2557 de
809 2519 960 2558 Mundo

82 2589 120 2627 p.
159 2579 253 2616 325.
293 2576 358 2615 ad
394 2590 533 2616 eorum
569 2576 960 2616 similitudinem.

83 2631 217 2671 Burm.
231 2632 281 2670 ad
296 2632 405 2671 Suet.
415 2631 530 2685 Caes.
545 2637 610 2673 84.
627 2632 774 2684 [Hand.
789 2631 961 2671 Turseli.

84 2686 132 2727 T.
158 2687 185 2727 I.
210 2701 248 2740 p.
276 2689 393 2742 109]

141 2747 344 2785 mentiens.
358 2745 609 2796 Quamquam
623 2757 755 2783 verum
771 2749 846 2790 est,
860 2745 966 2796 quod

84 2799 190 2840 Oud.
215 2801 319 2849 dicit,
344 2803 537 2841 mentiens
561 2801 611 2839 ad
636 2801 710 2840 loci
729 2801 966 2839 sententiam

84 2869 373 2908 supervacuum
386 2871 495 2904 esse,
520 2858 623 2896 unde
636 2871 706 2910 pro
722 2857 966 2910 glossemate

85 2911 229 2951 librarii
242 2914 515 2966 habet,eontra
528 2914 699 2965 optimos
712 2918 839 2952 tamen
849 2913 965 2952 codd.

87 2970 232 3008 eiicere
255 2970 296 3010 id
319 2971 436 3010 nolui.
464 2971 635 3023 Saepius
662 2971 763 3009 enim
788 2972 840 3008 ita
860 2970 966 3020 loqu'i

87 3022 302 3076 Apuleium
316 3039 386 3078 pro
399 3028 578 3066 ubertate
592 3028 794 3065 verborum
813 3039 860 3064 ac
878 3039 966 3063 sen-

89 3083 298 3121 tentiarum
322 3082 526 3129 Africana,
565 3097 631 3121 res
662 3086 727 3121 est
750 3083 966 3120 notissima.

148 3151 224 3178 nec
247 3139 355 3179 dum.
406 3139 519 3191 [Nec
544 3141 640 3179 dam
671 3152 850 3177 seorsum
877 3138 969 3176 scri-

88 3194 258 3233 bendum
273 3208 382 3241 esse,
390 3209 507 3246 quum
522 3201 562 3235 et
571 3197 751 3236 nondum
766 3195 970 3244 significet.

1009 1445 1321 1496 coniungendam
1354 1457 1472 1496 quum
1503 1445 1684 1484 nondum
1710 1444 1888 1488 denotet,

1008 1503 1115 1542 iubet
1139 1502 1269 1541 Heinr.
1303 1501 1353 1540 ad
1378 1500 1508 1539 Iuven.
1535 1499 1563 1538 I.
1592 1504 1626 1541 6.
1653 1515 1690 1552 p.
1718 1500 1806 1553 31.]

1067 1557 1283 1599 dilabitur.
1316 1557 1421 1595 Olim
1438 1558 1473 1595 in
1491 1557 1676 1608 Suspect.
1691 1557 1801 1595 Lect.
1819 1555 1887 1595 lV.

1010 1614 1086 1668 Ep.
1101 1620 1136 1656 4.
1151 1615 1388 1668 probaverat
1402 1614 1561 1665 Sciopp.
1577 1614 1794 1658 dilatatur,
1815 1613 1890 1651 sed

1010 1686 1097 1712 cum
1123 1674 1158 1711 in
1175 1670 1378 1722 Symbolis
1392 1671 1622 1721 simpliciter
1647 1683 1732 1707 eain
1758 1669 1906 1716 lectio·v

1010 1743 1100 1768 nem
1124 1728 1314 1781 proferat,
1338 1726 1520 1765 iudicium
1540 1730 1718 1765 mutasse
1734 1726 1796 1764 vel
1809 1726 1890 1765 sal-

1011 1791 1090 1825 tem
1115 1783 1379 1836 suspendisse
1404 1783 1566 1821 videtur.
1602 1781 1790 1821 Pricaeus
1814 1797 1892 1821 non

1012 1842 1223 1893 improbat,
1260 1840 1335 1878 sed
1375 1839 1570 1890 exemplis
1608 1851 1710 1889 quae
1746 1839 1892 1890 profert

1013 1900 1141 1949 magis
1167 1910 1214 1935 se
1237 1895 1398 1941 refellit,
1424 1909 1539 1947 quam
1565 1895 1604 1933 id
1630 1897 1779 1934 evincit.
1811 1895 1892 1934 Di-

1017 1955 1172 1994 latatnr
1187 1952 1289 1992 fama
1301 1956 1437 2004 potest
1450 1953 1537 1998 dici,
1555 1965 1657 2002 quae
1671 1951 1748 1990 late
1763 1956 1894 1990 manat

1016 2014 1055 2049 et
1069 2010 1219 2062 passim
1233 2009 1476 2048 distenditur.
1515 2008 1563 2047 cs.
1579 2007 1729 2047 Met.V.
1745 2023 1780 2060 p.
1797 2013 1890 2049 327.

1019 2068 1222 2119 latiusque
1240 2070 1480 2118 porrecta
1503 2066 1632 2116 fama.
1669 2064 1895 2103 Verumhic

1024 2125 1146 2162 Fama
1162 2135 1267 2160 more
1280 2127 1483 2173 poetarum
1503 2125 1544 2159 ut
1557 2134 1725 2173 persona
1739 2121 1895 2160 inducta.

1017 2194 1093 2219 non
1108 2183 1242 2231 potest
1254 2178 1448 2224 dilatari,
1475 2177 1549 2216 sed
1565 2178 1720 2223 delabi,
1746 2182 1788 2216 ut
1805 2178 1895 2217 alibi

1014 2236 1254 2289 percayari.
1302 2234 1406 2273 Nam
1455 2234 1630 2285 sequitur
1679 2235 1897 2286 detorquet

1019 2305 1162 2332 cursus
1185 2298 1226 2330 et
1244 2291 1432 2343 perculit
1454 2304 1585 2330 aures.
1625 2290 1776 2328 Volans
1803 2304 1896 2328 vero

1015 2349 1180 2399 fingitur,
1206 2351 1247 2385 ut
1260 2347 1414 2386 millies.
1442 2346 1492 2386 cs.
1505 2345 1623 2386 Ovid.
1637 2360 1687 2384 ex
1700 2346 1813 2385 Pont.
1829 2347 1894 2384 IV.

1019 2410 1055 2446 5.
1074 2408 1137 2445 16.
1165 2405 1309 2443 Fama
1325 2417 1406 2456 per
1418 2404 1627 2443 immensas
1646 2404 1787 2455 lapsa
1800 2404 1896 2442 vias.

1020 2461 1241 2512 Virg.Aeu.
1257 2459 1434 2500 IX.474.
1461 2459 1619 2498 Nuntia
1642 2460 1786 2498 Fama
1811 2461 1896 2498 ruit

1019 2518 1242 2571 matrisque
1259 2516 1521 2555 adlabitur
1540 2530 1669 2555 aures.
1698 2515 1782 2553 Sed
1796 2517 1895 2553 Aen.

1019 2573 1090 2612 IV.
1109 2576 1200 2614 196.
1220 2573 1271 2610 de
1285 2571 1426 2610 Fama:
1452 2572 1654 2612 Protinus
1678 2572 1737 2610 ad
1760 2585 1896 2623 reqem

1023 2645 1165 2671 cursus
1191 2631 1411 2681 detorquet
1434 2628 1609 2667 larbam.
1655 2627 1719 2680 [cf.
1746 2627 1894 2665 Lucan.

1020 2685 1109 2724 VII.
1127 2691 1192 2727 25.
1217 2686 1349 2735 ibique
1364 2683 1464 2723 Cort.
1479 2684 1531 2722 de
1544 2697 1663 2723 aures
1681 2688 1899 2735 percutere

1024 2755 1058 2781 S.
1080 2741 1328 2793 verberare]

1084 2800 1294 2850 quiritans.
1322 2796 1404 2848 [De
1417 2798 1631 2847 scripturae
1643 2795 1719 2833 fide
1745 2795 1899 2834 efidict.

1024 2855 1075 2893 ad
1088 2854 1185 2893 Met.
1198 2855 1249 2893 V.
1271 2867 1302 2905 p.
1323 2857 1416 2893 374.
1448 2852 1600 2890 Eadem
1631 2853 1779 2890 ratione
1809 2851 1900 2889 dicit

1023 2911 1103 2950 Cic.
1115 2909 1290 2949 veruli.
1304 2909 1355 2948 V.
1368 2908 1407 2950 7.
1434 2922 1523 2947 cum
1546 2909 1720 2947 maxime
1745 2908 1823 2946 lloc
1849 2908 1902 2946 de

1025 2981 1100 3007 suo
1126 2972 1166 3006 et
1189 2966 1334 3007 uxoris
1358 2965 1525 3003 interitu
1542 2965 1749 3003 clamaret.
1775 2965 1901 3002 Accu-

1026 3022 1179 3062 sativus
1204 3021 1403 3061 offendere
1417 3021 1566 3070 nequit,
1593 3033 1710 3070 quum
1724 3019 1903 3059 clamare

1026 3079 1191 3131 saepius
1218 3079 1271 3116 ita
1291 3079 1546 3115 construatur.
1583 3075 1648 3113 De
1660 3089 1745 3113 voc.
1768 3090 1903 3116 casam

1027 3135 1076 3173 cl'.
1098 3135 1245 3173 Deder.
1273 3133 1411 3172 Gloss.
1436 3132 1488 3170 ad
1511 3132 1613 3170 Dict.
1642 3131 1743 3171 Cret.
1769 3132 1835 3170 lv.
1863 3136 1900 3171 9.

1028 3206 1065 3243 p.
1093 3191 1208 3241 345]

1530 3256 1583 3295 42
1602 3259 1617 3278 *
