2221 3667
285 128 340 153 xi.
879 109 954 150 DE
985 110 1205 150 APULEu
1239 109 1496 150 SCRIPTIS.

286 228 384 265 inter
408 227 506 264 viam
530 223 744 263 Pontianus
768 224 904 262 morbo
928 225 1127 264 concessit
1152 229 1310 264 naturae
1327 223 1392 274 ¹3).
1441 224 1560 262 Cuius
1585 226 1676 274 post
1699 227 1862 262 mortem
1886 223 2024 262 Rufino
2049 229 2089 263 et

285 284 506 323 Aemiliano
525 281 773 320 Pudentillae
799 280 918 319 levir-0
944 282 1217 331 instigantibus
1242 296 1311 333 per
1331 281 1513 320 Sicinium
1532 279 1751 318 Pudentem
1776 294 1899 318 novae
1916 281 2087 332 Apuleio

300 339 450 378 nsidiae
475 343 670 377 struuntur
689 336 755 385 ¹⁴).
814 338 973 387 magiae
1003 339 1102 376 enim
1135 343 1342 377 accusatus
1374 351 1500 376 coram
1528 336 1689 375 Claudio
1720 336 1894 375 Maximo
1927 351 2086 388 procon-

286 396 375 434 sule
398 395 557 434 Africae
582 396 793 433 orationem
819 394 953 433 habuit
976 395 1304 446 copiosissimam,
1331 408 1407 446 qua
1432 399 1471 433 ct
1496 395 1645 445 magiae
1670 394 1824 432 erimine
1849 398 1889 432 et
1912 394 1999 433 aliis
2023 394 2090 432 ad-

284 453 543 490 versariorum
568 452 882 490 accusationibus
906 465 952 489 se
977 451 1163 489 liberavit.

400 509 540 547 Mirum
569 513 649 552 est,
674 509 778 558 quod
805 522 942 546 omnes
968 508 1079 546 codd.
1105 522 1127 545 a
1152 508 1282 545 verbis
1307 521 1344 559 p.
1370 511 1464 547 537.
1496 507 1617 546 Nunc
1648 511 1802 558 tempus
1831 511 1891 545 est
1919 507 1977 546 ml
2002 507 2089 558 epi-

286 566 434 605 stolam
465 565 735 604 Pudentillae
762 566 971 616 praeverti
1001 564 1161 602 alteram
1194 563 1417 615 Apologiae
1448 569 1596 614 partem
1627 565 1711 601 sive
1736 563 1949 600 secuudum
1975 576 2091 613 quem

287 622 485 661 nominant
516 622 651 660 librum
684 622 877 672 incipiunt.
937 620 1049 659 Hunc
1073 622 1170 658 satis
1197 634 1377 671 magnum
1404 634 1572 658 errorem
1599 620 1803 671 Augustini
1830 633 1924 670 prae
1950 620 2092 658 ceteris

285 679 430 717 refutat
453 680 682 724 auctoritas,
710 679 773 729 qui
799 678 848 715 de
876 677 954 716 siv.
980 677 1056 715 Dei
1081 676 1181 714 Vlll.
1213 680 1275 717 19.
1306 677 1406 715 banc
1430 677 1666 729 Apologiam
1698 677 1866 715 nominat
1896 678 2092 727 copiosis-

287 737 425 774 simam
453 736 739 779 orationem,
765 734 867 772 unde
892 746 1005 771 unam
1032 747 1120 770 cum
1154 733 1389 784 cognovisse
1420 748 1548 784 neque
1579 734 1678 771 duas
1704 737 1877 785 apparet.
1934 733 2092 771 Deinde

289 793 378 843 quis
402 806 476 830 non
502 791 607 829 videt
631 796 752 829 totum
778 790 963 828 orationis
989 793 1208 827 contextum
1234 803 1309 827 una
1328 791 1592 840 propositione
1611 790 1812 834 contineri,
1837 804 1912 827 uno
1934 790 2093 841 epilogo

288 849 442 887 claudi?
472 848 653 899 Denique
680 862 780 898 quae
806 848 875 885 suit
899 859 1059 892 caussa,
1085 846 1120 884 in
1146 846 1354 885 scribendo
1382 847 1595 884 orationem
1627 847 1843 889 dividendi,
1874 859 1989 896 quam
2017 860 2093 884 uno

290 910 425 944 tenore
455 905 558 956 apud
584 903 857 955 proconsulem
889 903 1206 953 pronuntiasset?
1265 902 1339 940 Hic
1362 916 1455 940 vero
1484 916 1588 940 error
1620 903 1857 941 librariorum
1888 903 1976 941 inde
2006 916 2096 941 mea

288 963 484 1000 sententia
509 965 666 999 exortus
692 964 771 1005 est,
803 960 906 1011 quod
938 960 1050 997 nimis
1083 959 1198 1010 longa
1222 959 1416 997 videretur
1441 974 1534 997 esse
1558 959 1658 997 haec
1683 961 1820 1005 oratio,
1853 972 1967 1009 quam
1994 972 2096 1011 quae

288 1034 364 1057 uno
392 1019 610 1068 eodemque
636 1018 699 1055 die
725 1018 772 1055 ab
798 1031 873 1054 uno
900 1016 1055 1054 bomine
1080 1016 1311 1068 pronuntiari
1338 1017 1552 1067 potuisset,
1583 1016 1685 1053 unde
1711 1016 1773 1065 qui
1801 1016 1834 1052 in
1861 1016 1947 1054 eius
1974 1016 2096 1067 longi-

287 1076 420 1113 tudine
457 1073 709 1112 offendebant
747 1073 903 1120 librarii,
940 1073 975 1110 in
1013 1073 1111 1112 duas
1149 1077 1280 1123 partes
1312 1087 1397 1111 eam
1430 1073 1717 1118 discernebant,
1754 1076 1872 1122 atque
1903 1077 2097 1110 vetustum

290 1132 412 1170 fuisse
436 1131 513 1169 hoc
535 1136 736 1182 peccatum
765 1130 878 1168 codd.
912 1130 1050 1167 evincit
1080 1130 1309 1175 auctoritas,
1341 1130 1404 1180 qui
1430 1130 1685 1168 vetustissimi
1717 1130 1859 1180 quique
1884 1143 1932 1167 co
1958 1129 2097 1180 polluti

289 1192 392 1225 sunt.
441 1186 505 1226 Uti
530 1201 622 1225 vero
650 1188 697 1224 ab
724 1187 785 1224 bis
812 1187 939 1225 verbis
967 1187 1179 1224 orationem
1201 1187 1490 1232 distribuerent,
1522 1188 1607 1237 ipse
1627 1186 1812 1224 orationis
1832 1190 1942 1224 tenor
1967 1190 2006 1224 et
2030 1185 2097 1223 de-

287 1245 444 1296 scriptio
472 1244 597 1282 locum
622 1245 810 1296 praebuit,
837 1243 926 1294 quia
945 1243 1137 1294 Apuleius
1163 1243 1209 1281 iis
1235 1257 1335 1294 quae
1360 1244 1549 1282 minusad
1571 1244 1713 1281 fontem
1734 1243 1994 1282 accusationis
2013 1256 2099 1293 pcr-

288 1303 463 1339 tincbaut
491 1301 799 1339 adversariorum
831 1301 1052 1338 criminibus
1082 1299 1277 1345 refutatis,
1309 1300 1436 1351 ipsum
1468 1314 1635 1338 caussae
1667 1300 1954 1338 fundamentum
1979 1300 2097 1337 altius

288 1359 429 1409 repetit
453 1358 714 1408 invidiamque
738 1358 864 1395 solam
890 1357 1068 1395 iudicium
1094 1357 1168 1408 ipsi
1195 1361 1233 1395 ct
1258 1357 1377 1395 multa
1410 1359 1534 1407 priora
1565 1356 1738 1408 pericula
1768 1356 1871 1395 vitae
1902 1356 2098 1395 conflasse

290 1415 541 1453 demonstrat.
600 1415 664 1452 Ab
691 1415 767 1453 ista
791 1414 988 1452 arbitraria
1013 1414 1196 1464 opinione
1220 1413 1367 1465 pcmdet
1392 1414 1506 1451 etiam
1534 1428 1665 1451 eorum
1691 1414 1896 1459 sententia,
1923 1413 1988 1463 qui
2012 1427 2099 1465 pro-

292 1477 379 1523 pter
404 1473 557 1509 nimiam
585 1471 770 1509 orationis
798 1470 1092 1520 longitudinem,
1118 1475 1159 1508 ut
1184 1470 1382 1508 Ciceronis
1408 1474 1541 1508 contra
1567 1471 1730 1507 Verrem
1757 1470 1965 1516 orationes,
1990 1469 2099 1520 Apo·

292 1530 432 1579 logiam
460 1543 531 1566 non
554 1528 834 1579 pronuntiatam
854 1527 926 1564 sed
950 1527 1086 1564 litteris
1111 1527 1375 1565 tantummodo
1401 1527 1621 1564 mandatam
1647 1531 1794 1577 putant.
1840 1526 2099 1565 casaubonus

291 1599 524 1636 quamquam
554 1598 602 1622 eo
633 1588 858 1634 {neumento
892 1597 977 1621 eam
1008 1583 1208 1629 refutavit,
1238 1588 1279 1621 ut
1307 1584 1449 1621 multas
1480 1583 1596 1621 hodic
1629 1588 1761 1621 extare
1787 1587 1825 1621 et
1851 1584 2102 1628 Graecorum,

291 1646 331 1680 et
355 1642 616 1680 Romanorum
643 1642 840 1679 orationes
867 1640 1064 1691 longiores
1096 1640 1319 1679 affirmaret.
1346 1654 1458 1678 nemo
1485 1644 1609 1678 tamen
1642 1641 1755 1679 tidem
1785 1641 1819 1678 ei
1851 1640 2010 1679 babebit
2036 1641 2101 1692 qui

291 1699 341 1737 ad
369 1698 644 1749 longitudinem
670 1712 740 1735 eas
765 1699 861 1736 inter
886 1711 932 1735 se
958 1699 1249 1749 comparaverit.
1285 1695 1373 1747 Ego
1400 1711 1556 1748 quoque
1582 1698 1800 1736 existimem
1827 1710 1874 1734 ca
1899 1710 1975 1747 qua
2000 1710 2102 1735 nunc

292 1756 432 1806 legitur
458 1755 578 1792 forma
597 1754 832 1805 Apologiam
855 1756 902 1793 ab
923 1753 1095 1806 Apuleio
1115 1757 1395 1806 pronuntiatam
1424 1769 1496 1792 non
1524 1754 1664 1800 fuisse,
1689 1754 1763 1792 sed
1788 1758 1828 1792 ut
1848 1753 2101 1792 Milonianam

294 1812 491 1850 Ciceronis
528 1811 706 1861 aliasque
744 1812 941 1849 orationes
979 1812 1112 1862 partim
1150 1812 1416 1849 tantummodo
1453 1811 1515 1848 vel
1553 1811 1664 1849 aliter
1693 1811 1799 1862 prius
1830 1810 2101 1861 compositam,

292 1873 435 1921 postea
460 1869 587 1907 denuo
612 1873 883 1919 pertractatam
906 1872 944 1906 et
965 1868 1158 1906 elimatius
1178 1868 1388 1918 etpolitius
1406 1869 1661 1918 conscriptam
1679 1867 1812 1906 fuisse.
1844 1867 1983 1905 Mirum
1999 1868 2102 1905 enim

294 1926 411 1971 foret,
443 1926 476 1963 si
507 1925 702 1976 Apuleius
728 1926 845 1963 tantis
877 1926 1082 1963 verborum
1117 1925 1348 1974 ambaeibus
1375 1929 1413 1962 et
1438 1924 1607 1973 eleganti
1632 1930 1673 1963 ut
1699 1925 1750 1963 ita
1775 1923 1901 1962 dicam
1929 1923 2102 1974 loquaci·
2153 1959 2156 1960 γ

293 1987 373 2021 tate
404 1983 635 2021 vanissimas
667 1981 977 2020 adversariorum
1011 1985 1049 2019 et
1077 1982 1342 2032 ineptissimas
1375 1982 1679 2026 criminationes,
1710 1985 1751 2019 ut
1783 1981 2008 2032 capillorum
2034 1981 2102 2019 ho-

295 2044 599 2086 nestamentum,
627 2038 929 2084 formositatem,
955 2043 1116 2089 utraque
1143 2043 1181 2076 et
1206 2052 1347 2089 graeca
1371 2043 1409 2076 et
1437 2038 1553 2076 latina
1579 2039 1708 2089 lingua
1735 2038 1915 2089 loquendi
1943 2037 2103 2076 faculta-

293 2101 373 2134 tem
414 2096 644 2142 refutasset,
682 2110 781 2146 quas
819 2110 955 2134 omnes
992 2099 1057 2134 aut
1088 2109 1135 2133 ne
1167 2096 1455 2133 commemorari
1487 2095 1640 2145 quidem
1674 2099 1739 2133 aut
1769 2095 1934 2132 breviter
1959 2098 2103 2132 tantum

295 2153 426 2203 attingi
453 2166 581 2190 coram
607 2152 842 2205 proconsule
868 2153 1048 2191 Romano
1075 2157 1113 2190 et
1138 2152 1326 2190 iudicibus
1354 2152 1714 2203 eruditissimispar
1739 2156 1838 2196 crat;
1863 2165 1908 2189 ac
1935 2153 2105 2202 quoties-

296 2223 447 2260 cunque
476 2209 710 2261 Apologiam
737 2209 905 2261 perlegi,
937 2223 1021 2247 eam
1048 2209 1314 2260 suspicionem
1341 2209 1389 2246 ab
1415 2209 1541 2246 animo
1567 2223 1654 2246 meo
1681 2213 1857 2246 avertere
1882 2222 1955 2246 non
1982 2207 2103 2259 potui,

295 2268 410 2304 etiam
449 2271 664 2315 sequentes
701 2271 834 2317 partes
871 2266 1088 2304 accuratius
1124 2270 1265 2316 postea
1300 2267 1349 2304 ab
1380 2265 1552 2317 Apuleio
1590 2266 1813 2303 elaboratas
1855 2269 1894 2303 et
1929 2265 2104 2316 pluribus

296 2323 395 2362 locis
420 2326 557 2361 auctas
585 2323 718 2360 fuisse.
780 2323 959 2361 Forsitan
984 2325 1190 2374 posterior.
1225 2336 1338 2372 quam
1371 2322 1532 2360 alteram
1559 2322 1753 2360 nominant
1778 2322 1889 2359 codd.
1917 2321 2103 2359 orationis

295 2385 459 2432 partem,
486 2393 533 2417 ea
559 2380 685 2429 qualis
713 2380 828 2417 bodie
853 2384 974 2426 extat,
999 2393 1135 2417 revera
1159 2381 1208 2417 ai)
1234 2384 1391 2417 auctore
1416 2384 1479 2416 est
1503 2379 1755 2430 pronuntiata.
1803 2378 1866 2416 Ad
1894 2378 1992 2416 banc
2016 2391 2105 2415 sen-

295 2437 452 2475 tentiam
480 2436 776 2475 confirmandam
807 2437 935 2474 facere
960 2437 1135 2475 videatur
1160 2436 1260 2474 Mss.
1288 2436 1402 2481 tides,
1429 2436 1492 2486 qui
1519 2435 1753 2486 Apologiam
1779 2449 1852 2473 non
1881 2436 2105 2473 orationem

295 2494 370 2531 sed
403 2494 548 2531 librum
579 2507 716 2530 omnes
747 2498 984 2543 mmcupant.
1016 2507 1130 2544 quem
1163 2493 1313 2531 titulum
1345 2493 1379 2530 si
1412 2493 1653 2544 comprobari
1686 2496 1826 2543 posset
1862 2493 1909 2529 ab
1942 2490 2101 2541 Apuleii

296 2564 410 2588 manu
437 2563 532 2587 csse
555 2550 789 2601 profectum.
815 2550 904 2587 inde
929 2554 1153 2601 appareret,
1182 2563 1267 2587 eam
1294 2563 1366 2587 non
1394 2550 1602 2587 orationem
1632 2548 1772 2594 fnisse,
1800 2562 1874 2599 qua
1900 2561 1946 2585 se
1972 2547 2106 2585 defeu-

298 2607 411 2645 deret
440 2607 514 2645 sed
544 2606 673 2659 potius
705 2607 921 2644 uberiorem
953 2621 1121 2645 caussae
1158 2607 1457 2658 expositionem.
1516 2605 1697 2656 Denique
1734 2605 1884 2657 plurimi
1921 2604 2106 2642 momenti

297 2725 509 2759 compererat
535 2725 615 2750 ante
634 2730 765 2759 paucus
792 2721 863 2751 dies
888 2722 1000 2750 omnia
1026 2731 1092 2753 me,
1118 2726 1155 2750 nt
1181 2726 1265 2751 acta
1285 2725 1389 2750 erant
1411 2721 1459 2750 ml
1479 2730 1551 2749 enm
1576 2721 1826 2758 perscripsisse.
1873 2719 1918 2748 Id
1934 2727 2065 2758 qnoque
2084 2727 2107 2747 a

297 2776 347 2796 me
364 2769 536 2804 impetrat.

390 2816 451 2850 13)
478 2823 507 2849 p.
522 2815 597 2843 590.
624 2812 854 2851 qnodulr'nam
874 2813 1094 2849 (Pontianus)
1109 2813 1285 2842 incolumis
1301 2811 1512 2849 Carthagine
1525 2812 1734 2842 revertisset.

392 2860 452 2894 14]
480 2868 507 2893 p.
523 2862 598 2888 592.
627 2858 814 2886 l'tmlt'auus
825 2857 941 2895 filiam
963 2858 1082 2894 Rufini
1099 2858 1186 2886 male
1205 2863 1409 2895 compertam
1429 2868 1494 2886 nou
1514 2857 1609 2885 modo
1623 2856 1774 2885 lmrrdem
1789 2865 1853 2884 non
1867 2855 2023 2893 reliquit.
2050 2854 2111 2883 sed

298 2912 338 2932 m·
352 2902 491 2931 honesto
506 2904 634 2941 quidem
651 2904 762 2939 leg-acu
777 2904 962 2941 impertiri!
1000 2924 1007 2931 .
1023 2926 1029 2932 .
1057 2903 1203 2940 Scripsit
1220 2903 1358 2932 lam-edes
1380 2908 1449 2932 lam
1469 2904 1532 2931 lm(-
1553 2906 1756 2931 testamento
1777 2902 2004 2940 qmtmprv'ore
2019 2900 2110 2938 quod

298 2949 421 2977 lectum
439 2953 488 2977 est
503 2953 645 2976 matrem
661 2951 889 2988 cumfratre:
915 2950 984 2985 eui,
1010 2953 1046 2977 ul
1064 2949 1169 2987 1·1'{Ies‚
1197 2949 1372 2977 admodum
1382 2958 1488 2987 puero
1504 2948 1640 2976 faudem
1660 2948 1754 2976 illam
1765 2947 1868 2984 sillae
1881 2955 1963 2974 sumo
1978 2945 2108 2973 muchi-

299 3004 378 3023 mrm
400 2993 543 3031 Rufinus
563 2994 719 3022 admovet
738 3004 780 3022 (tc
799 2995 969 3023 mulierem
988 2994 1140 3032 aliquam
1160 2995 1264 3022 multo
1284 2999 1369 3024 natu
1388 2996 1548 3023 maiorem
1560 3018 1567 3027 ,
1593 2995 1783 3031 nuperrime
1803 3001 1944 3020 umorem
1957 2992 2107 3030 fratris,

299 3041 422 3068 misero
445 3049 550 3076 puero
576 3041 690 3067 obiicit
716 3044 747 3068 el
775 3041 952 3071 obt-[eruit.
998 3038 1047 3069 A!
1074 3039 1129 3067 ille
1151 3041 1284 3077 puellae
1309 3041 1499 3069 meretricis
1523 3040 1760 3068 blaudinwnli:.·
1785 3042 1817 3064 el
1842 3038 1970 3065 lenonis
1991 3038 2109 3074 patris

299 3086 539 3113 illectamentis
559 3089 679 3122 euplus
699 3089 730 3112 ee
746 3094 941 3123 possessus,
968 3085 1089 3114 ariade
1109 3087 1282 3124 ulfi-aler
1301 3087 1371 3114 vius
1391 3086 1538 3113 um'umm
1559 3085 1680 3123 erle'dit,
1706 3083 1830 3113 relicta
1849 3087 1961 3111 matre
1980 3082 2027 3111 ad
2039 3091 2107 3120 pa-

302 3135 413 3160 truum
428 3131 678 3169 σουιηιιζιηιτίί,
706 3132 925 3172 qtcofacilc'us
939 3133 1078 3160 remotis
1091 3131 1185 3160 nubis
1198 3135 1318 3169 coepta
1328 3131 1588 3169 prusiaereneur.
