2221 3667
337 161 420 203 432

602 160 651 201 L.
680 160 898 200 APULEII
928 158 1329 200 MAUAIJRENSIS
1358 155 1902 199 METAMORPHOSEON

338 269 447 313 Oves
477 272 530 312 ihi
560 272 767 314 nitentes*
794 274 954 326 aurique
987 271 1118 311 colore
1149 270 1334 310 florentes
1365 268 1602 310 incustodito
1634 277 1748 323 pastu
1771 275 1983 323 vagantur.
2034 264 2129 307 Inde

336 329 383 369 (le.
409 342 518 368 coma
544 330 705 383 pretiosi
732 331 889 371 velleris
915 331 1076 369 floccum
1101 326 1193 365 mihi
1215 326 1422 365 confestim
1443 340 1596 380 quoquo
1617 327 1729 366 modo
1750 326 1966 379 quaesitum
1988 324 2130 363 afferas

337 398 495 426 CGnSeO·

334 502 482 531 intentes
502 511 557 538 pro
575 503 721 531 nitentes
734 505 830 532 Vulc.
850 504 881 530 2.

919 508 1025 529 errore
1051 500 1297 535 typographico.

1345 498 1520 527 amiculae
1530 497 1616 537 flor.
1634 500 1669 528 F.
1685 499 1714 527 3.
1746 495 2081 535 aurz‘culaflorentes
2095 498 2131 526 P.

335 546 579 586 auriculeflur.
596 551 630 577 G.
646 550 681 577 Ρ.
725 542 923 582 auriculefl.
943 547 978 574 Ο.
992 552 1012 574 a
1025 553 1065 573 m.
1080 553 1109 580 p.
1125 545 1146 574 f.
1183 547 1219 573 In
1233 549 1306 574 cett.
1326 545 1470 582 aurique
1490 544 1611 573 colore.
1637 545 1678 574 cf.
1692 545 1832 573 Piccart.
1846 544 1951 572 Peric.
1967 543 2044 573 Crit.
2059 550 2085 572 c.
2101 544 2131 570 9.

323 589 499 630 flaventes
519 595 675 623 Pricaeus
695 595 778 621 male
796 594 891 620 habet
910 591 943 619 in
962 591 1060 619 notis.

333 639 448 668 venet.
462 641 492 668 4.
506 640 612 669 Paris.

333 725 436 765 Dict.
464 726 561 765 Cret.
589 725 632 762 ll.
659 730 722 764 47.
763 723 896 762 Gloss.
928 737 965 774 p.
992 722 1130 776 309.]‚
1161 727 1202 762 ut

333 785 525 821 sententia
540 782 609 819 loci
624 781 690 818 sit:
717 781 856 817 summi
877 780 1050 831 gurgites
1069 793 1201 832 respe-

336 844 439 877 ctant
465 839 622 876 sontem.
649 837 712 886 qui
739 836 870 875 desilit
897 850 946 874 ex
973 836 1059 875 loco
1086 850 1201 888 supe-

333 896 431 934 riori.
459 894 540 932 Sed
563 895 625 931 vix
647 892 863 931 tolerabilis
883 893 982 932 haec
1002 898 1064 931 est
1089 894 1200 932 inter-

332 952 508 1002 pretatio.
554 949 725 987 Primum
764 951 865 988 enim
902 965 976 988 non
1013 951 1201 1001 respexit,

332 1009 445 1047 cuius
466 1020 537 1044 non
558 1006 608 1044 ad
623 1019 758 1045 vocem
776 1008 903 1059 fluvio
920 1020 1046 1059 posse
1059 1006 1202 1045 referri.

331 1062 429 1109 Quis
455 1063 554 1101 enim
580 1076 748 1113 unquam
773 1066 824 1101 ita
849 1063 1004 1109 dixerit,
1036 1067 1078 1102 ut
1107 1063 1201 1102 rela-

330 1121 447 1157 tivum
463 1119 513 1158 ad
528 1121 724 1170 posterius
745 1119 885 1158 reserat
904 1120 1201 1167 substantivum,

329 1176 406 1214 alio
421 1176 667 1227 interposito,
684 1177 786 1228 quod
803 1176 1005 1215 relativum
1018 1191 1067 1215 ne
1081 1177 1202 1227 tangit

330 1233 497 1282 quidem.
547 1233 693 1271 Melius
726 1237 765 1271 et
800 1247 849 1271 ex
886 1234 1015 1272 indole
1048 1234 1203 1284 linguae

329 1290 472 1327 latinae
488 1290 679 1340 Apuleius
705 1289 872 1328 dixisset
896 1292 1094 1343 rupisque
1119 1291 1202 1328 lon-

327 1347 394 1399 qls
419 1347 646 1386 attenditur
670 1348 877 1400 fluvioque
891 1348 1200 1398 praeterluenti.

328 1401 451 1442 Miror
477 1404 625 1452 itaque.
653 1418 717 1441 cur
738 1402 840 1441 Oud.
868 1417 940 1441 non
970 1404 1200 1441 incidentia

330 1461 605 1505 coniecturam,
624 1462 740 1511 rupis
755 1475 844 1499 cnm
858 1460 1011 1512 lonyis.
1034 1474 1109 1511 qua
1123 1464 1206 1498 tota

329 1516 538 1554 difficultas
564 1517 721 1555 sublata
734 1521 854 1555 esset.
881 1517 963 1554 Sed
980 1516 1058 1563 sac,
1085 1517 1206 1555 verba

329 1574 380 1610 ita
406 1573 583 1623 coniungi
609 1587 751 1625 posse,
784 1587 898 1623 quarn
932 1587 1082 1624 quaeso
1115 1574 1204 1612 inde

328 1629 478 1668 efficies
491 1631 742 1668 sententiam:
762 1631 899 1668 dessen
914 1629 1082 1669 leo'cleste
1091 1630 1203 1669 Stra-

331 1686 402 1725 del
430 1687 761 1726 :aritotsclmuen
792 1687 899 1725 naclz
932 1688 1007 1725 cler
1033 1687 1203 1725 benach-

331 1743 471 1781 lmrten
500 1744 654 1788 Qaelle.
704 1743 762 1781 lta
803 1743 969 1781 delirare
1005 1743 1200 1794 Apuleius

330 1813 403 1837 non
430 1801 567 1850 potnit,
595 1799 669 1837 hoc
687 1800 788 1837 enim
808 1804 870 1837 est
890 1801 1064 1837 insanum
1084 1804 1201 1850 atque.

329 1855 591 1901 intolerabile,
619 1869 852 1907 quamquam
870 1860 1031 1894 secutus
1047 1860 1110 1894 est
1123 1856 1201 1894 edi-

328 1916 388 1950 tor
413 1911 527 1950 huius
555 1912 712 1951 fabulae
731 1926 948 1963 anonymus
964 1926 1063 1951 anno
1082 1917 1200 1954 1789.

329 1968 502 2007 Orellius
539 1971 644 2007 sicco
681 1969 784 2020 pede
822 1970 949 2007 locum
992 1970 1201 2008 transiluit:

330 2027 444 2064 cuins
470 2027 537 2064 ιἰηἱ
561 2028 749 2078 yztrgyites
775 2027 946 2066 vicinum
969 2029 1126 2078 fontem
1145 2040 1204 2065 re-

330 2084 510 2134 spiciunt
535 2083 722 2120 scribens.
776 2083 861 2135 Ego
889 2083 1067 2134 quamvis
1092 2097 1203 2134 prae-

330 2139 595 2177 sentissimam
622 2139 815 2177 medelam
842 2140 930 2178 huic
957 2139 1042 2178 loco
1063 2139 1203 2178 afferre

330 2209 541 2245 nequeam,
574 2200 702 2234 tamen
734 2197 982 2247 periclitabor
1019 2197 1201 2235 emenda-

329 2253 486 2290 tionem.
516 2253 638 2292 (Γαίης
664 2254 762 2291 enim
789 2268 874 2292 cum
896 2253 1027 2291 referri
1046 2254 1201 2293 debeat.

329 2310 383 2347 uti
416 2323 517 2347 nunc
554 2314 617 2347 est
655 2311 858 2349 verborum
894 2311 1106 2356 connexio,
1152 2311 1201 2348 ad

329 2380 480 2410 nemus,
508 2379 582 2404 vox
602 2379 669 2416 pro
688 2370 874 2419 'qurye'tes
893 2367 1115 2418 recipienda
1129 2371 1201 2412 est,

331 2437 432 2474 quae
470 2423 558 2460 huic
594 2424 786 2461 vocabulo
825 2426 1039 2462 conveniat.
1090 2424 1202 2462 Hanc

330 2481 498 2518 vertices
523 2493 615 2518 esse
641 2481 831 2518 existimo.
866 2482 1016 2520 Verrem
1034 2495 1126 2519 vero
1152 2482 1203 2519 si-

330 2537 484 2587 gnificat
509 2542 696 2582 montem,
724 2537 866 2576 collem
909 2538 954 2576 cs.
982 2537 1129 2576 Lucan.
1157 2537 1202 2575 ll.

332 2597 424 2634 397.
457 2594 574 2632 nullo
602 2607 680 2646 quo
706 2596 886 2633 vertice
918 2595 1035 2633 tellas
1068 2595 1204 2634 Altius

329 2652 530 2689 intumuit.
558 2650 657 2688 Tum
684 2651 891 2701 legendum
918 2656 979 2688 est
1000 2651 1201 2689 canud.

331 2709 469 2746 sznnmi
490 2712 528 2744 et
548 2708 747 2746 retinenda
766 2708 955 2759 scriptura
972 2709 1202 2758 optimorum

333 2764 446 2802 codd.
464 2764 712 2816 despiciant,
739 2772 779 2803 ut
798 2769 903 2802 totns
924 2765 1035 2802 locus
1051 2766 1099 2802 ita
1116 2779 1203 2803 con-

332 2821 552 2858 stituendus
594 2823 668 2859 sit:
713 2824 826 2861 cuius
861 2823 1001 2860 summi
1038 2823 1204 2860 vertices

332 2878 507 2917 vicinum
514 2882 670 2930 fontem
681 2879 839 2930 despici
843 2879 957 2922 zmt,d
961 2892 1065 2916 essen
1078 2878 1204 2916 hoelt-

331 2938 388 2972 ste
419 2935 561 2987 Berye
592 2939 676 2988 aas
700 2936 779 2973 den
810 2935 943 2974 nahen
971 2935 1095 2979 Quell
1117 2935 1204 2973 leer-

334 2989 567 3037 abblicken,
582 2993 671 3042 quia
685 2993 720 3030 in
735 3006 867 3030 eorum
881 2991 1074 3030 vicinitate
1090 2992 1205 3030 oritur

334 3050 373 3083 et
392 3047 537 3086 ebullit.
564 3048 619 3087 lta
641 3049 853 3087 tolerabilis
874 3048 1033 3086 eflicitur
1051 3052 1206 3086 senten-

333 3103 402 3144 tia,
441 3117 672 3156 quamquam
710 3119 778 3157 pro
816 3106 984 3155 genuina
1015 3118 1101 3143 eam
1126 3119 1202 3143 non

335 3160 584 3200 vendiderim.
625 3161 699 3208 Qui
730 3163 913 3202 audacior
948 3165 1029 3208 est,
1068 3162 1204 3200 dixerit

1107 593 1283 627 nugantur
1300 592 1339 619 D.
1382 597 1490 627 passu
1504 591 1645 620 Vulcan.
1682 586 1813 627 flocum
1833 589 1902 618 edd.
1917 590 1994 617 vett.
2007 590 2136 623 praeter

1258 738 1414 776 (μιν-963
1439 728 1479 762 et
1504 729 1641 763 vertex
1659 723 1821 773 saepius
1842 723 1876 761 in
1900 722 2006 760 libris
2028 733 2130 760 com-

1259 782 1395 819 mutari
1445 780 1494 818 cs.
1526 779 1674 818 Lucan.
1690 778 1793 818 Vlll.
1821 783 1933 824 374.,
1971 778 2046 817 sed
2081 777 2132 815 ibi

1258 837 1523 875 tantummodo
1550 835 1832 874 confunduntur
1857 849 1929 874 eae
1954 834 2132 879 voculae,

1259 895 1323 932 ubi
1337 893 1503 932 eandem
1516 893 1665 931 habent
1684 892 2017 942 significationem.
2044 890 2133 929 Cor-

1262 951 1451 1001 ruptelam
1472 952 1524 988 ita
1544 949 1632 987 mibi
1648 949 1820 999 explico:
1854 948 2004 987 Vertex
2018 960 2135 998 quum

1262 1007 1424 1057 primum
1447 1006 1639 1057 legeretur
1652 1010 1769 1056 atque
1783 1005 1963 1043 indoctus
1978 1004 2134 1054 quidam

1263 1063 1459 1109 librarius,
1484 1064 1703 1101 sententiae
1717 1063 1890 1113 ignarus,
1917 1061 1966 1099 de
1981 1060 2135 1099 flumine

1262 1119 1323 1158 liic
1337 1121 1397 1170 agi
1413 1124 1584 1171 putaret,
1615 1119 1941 1170 interpretamenti
1961 1116 2048 1155 loco
2068 1131 2136 1168 po-

1261 1178 1338 1215 suit
1361 1178 1565 1229 {seli-[lites.
1598 1190 1699 1227 quae
1729 1175 1867 1226 glossa
1896 1175 2057 1226 saepius
2082 1174 2134 1211 in-

1262 1234 1427 1278 venitur,
1455 1237 1493 1270 et
1513 1234 1565 1271 ita
1584 1234 1653 1270 toti
1668 1233 1753 1271 loco
1770 1233 1954 1271 tenebras
1969 1230 2134 1283 offudit]

1318 1291 1492 1342 aurique
1518 1289 1658 1328 colore
1680 1291 1881 1342 florentes.
1925 1286 2057 1339 [Hanc
2083 1286 2138 1325 le-

1261 1348 1427 1385 ctionem
1450 1360 1498 1384 ex
1519 1346 1627 1384 libris
1648 1346 1850 1384 deterioris
1872 1348 1985 1384 notae
2003 1345 2039 1382 in
2054 1347 2135 1382 tex-

1261 1408 1339 1441 tum
1352 1403 1482 1455 recepi
1492 1434 1500 1442 .
1518 1402 1606 1441 licet
1619 1403 1825 1440 videndum
1838 1403 1902 1448 sit,
1917 1407 2136 1451 corruptam

1265 1474 1351 1498 eam
1366 1473 1470 1498 esse.
1487 1458 1653 1497 Primum
1664 1460 1763 1497 enim
1778 1460 1909 1497 obstat
1923 1461 2136 1496 ceterorum

1265 1516 1376 1554 codd.
1403 1517 1628 1561 auctoritas,
1655 1516 1718 1566 qui
1744 1516 1992 1566 pertinaciter
2012 1514 2047 1552 in
2068 1528 2136 1552 αα-

1263 1573 1419 1612 rt’colae
1434 1572 1498 1610 vel
1512 1574 1729 1612 auriculae
1742 1572 1804 1610 vel
1819 1571 2034 1611 auricolae
2048 1583 2136 1609 con-

1263 1631 1442 1668 sentiunt.
1492 1629 1645 1667 Deinde
1671 1642 1823 1674 vereor,
1849 1633 1890 1667 ut
1910 1628 2067 1666 latinum
2087 1627 2139 1665 sit

1267 1700 1354 1725 ores
1376 1688 1567 1739 florentes
1592 1688 1686 1725 (ucri
1710 1686 1858 1724 colore.
1909 1684 1992 1723 Sed
2019 1697 2136 1735 quum

1261 1757 1346 1781 eam
1357 1744 1541 1781 rationem
1557 1744 1591 1780 in
1607 1747 1787 1781 contextu
1803 1741 2072 1781 constituendo
2080 1754 2138 1778 re-

1263 1800 1402 1849 ligiose
1418 1800 1725 1844 observaverim,
1741 1799 1860 1837 utnisi
1871 1811 2008 1836 omnes
2023 1797 2134 1836 codd.

1260 1856 1471 1895 absurdam
1493 1861 1532 1895 et
1546 1856 1663 1908 plane
1678 1855 1960 1894 intolerabilem
1975 1855 2136 1905 scriptu-

1260 1927 1339 1950 ram
1367 1913 1617 1963 praeberent,
1651 1926 1738 1951 eum
1765 1926 1839 1950 non
1872 1911 2136 1955 emendarem,

1262 1969 1400 2008 invitus
1416 1970 1622 2008 lectionem
1637 1969 1779 2020 recepi.
1794 1968 2006 2007 Nuncvero
2021 1967 2138 2005 liceat

1265 2027 1525 2064 coniecturam
1568 2039 1787 2078 proponere
1829 2025 1994 2065 hancce:
2044 2025 2137 2063 anri

1264 2096 1377 2121 coma
1393 2085 1626 2136 efflorentes
1641 2082 1701 2120 vel
1722 2084 1756 2120 si
1775 2082 1874 2120 haec
1893 2085 2050 2133 propter
2075 2094 2136 2118 se-

1263 2153 1387 2189 quens
1419 2154 1534 2179 coma
1563 2141 1736 2190 pretiosi
1766 2139 1924 2178 velleris
1954 2152 2028 2177 non
2054 2137 2138 2188 pla-

1263 2200 1368 2241 ceat,
1393 2198 1486 2235 anri
1500 2196 1603 2235 vello
1617 2198 1860 2249 efflorentes.
1888 2195 1992 2235 Auri
2007 2208 2136 2239 coma,

1260 2258 1302 2291 ut
1327 2253 1488 2305 saepius
1516 2253 1668 2298 dicitur,
1695 2256 1756 2291 est
1780 2265 1899 2291 aurea
1924 2265 2036 2291 coma
2089 2251 2137 2290 cf.

1261 2310 1312 2348 ad
1337 2309 1433 2347 Met.
1459 2309 1504 2348 ll.
1530 2323 1568 2360 p.
1596 2313 1659 2350 92.
1687 2310 1739 2349 de
1759 2309 1955 2362 faucibus
1980 2307 2139 2359 lapidis

1262 2380 1330 2417 pro
1364 2366 1562 2418 lapideis,·
1595 2381 1710 2405 coma
1743 2380 1834 2404 vero
1868 2379 1962 2417 prae
1993 2365 2136 2403 ceteris

1262 2423 1312 2461 de
1350 2423 1439 2461 lana
1475 2424 1668 2474 usurpari,
1707 2438 1781 2461 non
1815 2423 1942 2461 solum
1972 2422 2137 2473 probant

1262 2493 1375 2530 seqq.
1404 2495 1519 2519 coma
1532 2481 1706 2532 pretiosi
1721 2480 1893 2523 uellem-is,
1919 2478 1994 2517 sed
2020 2478 2136 2516 etiam

1264 2537 1448 2587 exempla
1474 2537 1632 2575 aliorum
1658 2537 1901 2587 scriptorum.
1928 2535 1977 2575 cs.
2001 2534 2136 2574 valer.

1261 2595 1408 2641 Arg-on.
1431 2593 1533 2632 UH.
1578 2597 1667 2633 122.
1704 2595 1830 2632 micat
1866 2593 1992 2631 omnis
2033 2606 2136 2643 asser

1263 2651 1369 2691 villis
1396 2655 1618 2689 comantem
1645 2650 1826 2688 ›Sidereis
1858 2654 1964 2688 totos
1984 2649 2136 2700 pellem

1261 2722 1370 2747 nnnc
1399 2707 1542 2759 fundit
1569 2708 1610 2744 in
1635 2711 1766 2751 ortus,
1799 2706 1924 2745 ,Νηηι-
1954 2706 1995 2743 in
2023 2705 2134 2743 colla

1262 2768 1401 2816 refert.
1435 2764 1536 2803 Stat.
1561 2763 1720 2801 silv-X.
1748 2766 1868 2802 3183.
1897 2762 2039 2801 Lanea
2068 2762 2135 2800 cui

1263 2822 1446 2872 I’ltryqz'i
1471 2825 1525 2859 est
1558 2834 1689 2859 coma
1718 2820 1955 2871 fluminis.
2005 2817 2133 2855 Vetus

1261 2883 1380 2930 poeta
1393 2877 1495 2929 apud
1512 2876 1736 2915 Ciceronem
1752 2875 1801 2913 (le
1814 2875 1862 2912 λ’.
1879 2875 1998 2912 Deor.
2010 2873 2053 2913 H.
2071 2878 2135 2914 27.

1262 2949 1416 2987 ossuum
1447 2936 1553 2973 inter
1579 2933 1761 2986 pec-mles
1798 2945 1946 2970 aurea
1978 2930 2136 2971 clarum

1264 3006 1410 3031 coma.
1444 2991 1576 3029 Locus
1601 2989 1705 3042 apud
1731 2988 1881 3026 (folum.
1907 2987 1951 3027 ll.
1979 2991 2002 3028 3
2040 2986 2071 3037 ξ.
2100 2991 2135 3026 7.

1262 3049 1506 3088 mercaberis
1531 3048 1635 3086 ovee's
1658 3047 1857 3089 intonsas,
1889 3045 2043 3083 variam
2069 3057 2134 3082 ca-

1264 3119 1435 3158 namque
1467 3117 1641 3144 comam
1668 3102 1981 3153 improbaberis,
2011 3100 2133 3153 quod

1261 3163 1311 3200 stc
1342 3162 1488 3201 incerti
1519 3160 1670 3199 coloris
1700 3172 1724 3196 a
1754 3158 2002 3196 Schneidero
2034 3157 2134 3194 bene
