<?xml version="1.0" encoding="UTF-8"?>
<!DOCTYPE html PUBLIC "-//W3C//DTD XHTML 1.0 Transitional//EN"
    "http://www.w3.org/TR/xhtml1/DTD/xhtml1-transitional.dtd">
<html xmlns="http://www.w3.org/1999/xhtml" xml:lang="en" lang="en">
 <head>
  <title>
</title>
<meta http-equiv="Content-Type" content="text/html;charset=utf-8" />
  <meta name='ocr-system' content='tesseract 3.04.00' />
  <meta name='ocr-capabilities' content='ocr_page ocr_carea ocr_par ocr_line ocrx_word'/>
</head>
<body>
  <div class='ocr_page' id='page_1' title='image "./operaomnia01apuluoft/operaomnia01apuluoft_0561.png"; bbox 0 0 2155 3590; ppageno 0'>
   <div class='ocr_carea' id='block_1_1' title="bbox 569 111 1274 162">
    <p class='ocr_par' dir='ltr' id='par_1_1' title="bbox 569 111 1274 162">
     <span class='ocr_line' id='line_1_1' title="bbox 569 111 1274 162; baseline -0.009 1"><span class='ocrx_word' id='word_1_1' title='bbox 569 111 578 120; x_wconf 92' lang='grc'><em>’</em></span> <span class='ocrx_word' id='word_1_2' title='bbox 625 122 812 162; x_wconf 69' lang='lat' dir='ltr'><strong>Lmen</strong></span> <span class='ocrx_word' id='word_1_3' title='bbox 843 122 891 161; x_wconf 88' lang='lat' dir='ltr'><strong>v.</strong></span> <span class='ocrx_word' id='word_1_4' title='bbox 951 119 1078 160; x_wconf 82' lang='lat' dir='ltr'><strong>CAP.</strong></span> <span class='ocrx_word' id='word_1_5' title='bbox 1108 117 1274 158; x_wconf 81' lang='lat' dir='ltr'><strong>xxxi.</strong></span> 
     </span>
    </p>
   </div>
   <div class='ocr_carea' id='block_1_2' title="bbox 1787 114 1863 155">
    <p class='ocr_par' dir='ltr' id='par_1_2' title="bbox 1787 114 1863 155">
     <span class='ocr_line' id='line_1_2' title="bbox 1787 114 1863 155; baseline 0 -1"><span class='ocrx_word' id='word_1_6' title='bbox 1787 114 1863 155; x_wconf 66' lang='lat'><strong>301</strong></span> 
     </span>
    </p>
   </div>
   <div class='ocr_carea' id='block_1_3' title="bbox 86 223 1862 296">
    <p class='ocr_par' dir='ltr' id='par_1_3' title="bbox 86 223 1862 296">
     <span class='ocr_line' id='line_1_3' title="bbox 86 223 1862 296; baseline -0.011 -14"><span class='ocrx_word' id='word_1_7' title='bbox 86 238 290 296; x_wconf 89' lang='lat' dir='ltr'><strong>supercilio</strong></span> <span class='ocrx_word' id='word_1_8' title='bbox 308 243 456 278; x_wconf 80' lang='lat' dir='ltr'><strong>tantam</strong></span> <span class='ocrx_word' id='word_1_9' title='bbox 469 240 715 277; x_wconf 75' lang='lat' dir='ltr'><strong>venustatem</strong></span> <span class='ocrx_word' id='word_1_10' title='bbox 734 232 957 273; x_wconf 79' lang='lat' dir='ltr'>micantium</span> <span class='ocrx_word' id='word_1_11' title='bbox 971 230 1172 272; x_wconf 86' lang='lat' dir='ltr'><strong>oculorum</strong></span> <span class='ocrx_word' id='word_1_12' title='bbox 1191 228 1416 271; x_wconf 77' lang='lat' dir='ltr'><strong>coerceret?</strong></span> <span class='ocrx_word' id='word_1_13' title='bbox 1437 224 1590 267; x_wconf 76' lang='lat' dir='ltr'><strong>Atina:</strong></span> <span class='ocrx_word' id='word_1_14' title='bbox 1620 223 1862 279; x_wconf 75' lang='lat' dir='ltr'><strong>Opportune,</strong></span> 
     </span>
    </p>
   </div>
   <div class='ocr_carea' id='block_1_4' title="bbox 84 281 1953 350">
    <p class='ocr_par' dir='ltr' id='par_1_4' title="bbox 84 281 1953 350">
     <span class='ocr_line' id='line_1_4' title="bbox 84 281 1953 350; baseline -0.011 -12"><span class='ocrx_word' id='word_1_15' title='bbox 84 296 221 350; x_wconf 82' lang='lat' dir='ltr'><strong>inquit,</strong></span> <span class='ocrx_word' id='word_1_16' title='bbox 243 293 396 335; x_wconf 83' lang='lat' dir='ltr'><strong>ardenti</strong></span> <span class='ocrx_word' id='word_1_17' title='bbox 413 305 575 346; x_wconf 89' lang='lat' dir='ltr'><strong>prorsus</strong></span> <span class='ocrx_word' id='word_1_18' title='bbox 591 290 668 331; x_wconf 90' lang='lat' dir='ltr'><strong>isto</strong></span> <span class='ocrx_word' id='word_1_19' title='bbox 687 303 772 330; x_wconf 86' lang='lat' dir='ltr'><strong>meo</strong></span> <span class='ocrx_word' id='word_1_20' title='bbox 791 288 940 342; x_wconf 84' lang='lat' dir='ltr'><strong>pectori</strong></span> <span class='ocrx_word' id='word_1_21' title='bbox 957 287 1184 329; x_wconf 79' lang='lat' dir='ltr'><strong>violentiam</strong></span> <span class='ocrx_word' id='word_1_22' title='bbox 1202 284 1353 326; x_wconf 86' lang='lat' dir='ltr'><strong>scilicet</strong></span> <span class='ocrx_word' id='word_1_23' title='bbox 1370 282 1378 338; x_wconf 81' lang='grc' dir='ltr'>Ι</span> <span class='ocrx_word' id='word_1_24' title='bbox 1398 287 1691 337; x_wconf 75' lang='lat' dir='ltr'><strong>perpetraturae</strong></span> <span class='ocrx_word' id='word_1_25' title='bbox 1710 281 1865 322; x_wconf 81' lang='lat' dir='ltr'><strong>venitis.</strong></span> <span class='ocrx_word' id='word_1_26' title='bbox 1889 286 1953 318; x_wconf 64' lang='lat'><strong>379</strong></span> 
     </span>
    </p>
   </div>
   <div class='ocr_carea' id='block_1_5' title="bbox 80 395 1865 536">
    <p class='ocr_par' dir='ltr' id='par_1_5' title="bbox 80 395 1865 536">
     <span class='ocr_line' id='line_1_5' title="bbox 83 395 1862 450; baseline -0.008 -10"><span class='ocrx_word' id='word_1_27' title='bbox 83 414 270 450; x_wconf 75' lang='lat' dir='ltr'><strong>opportuna</strong></span> <span class='ocrx_word' id='word_1_28' title='bbox 282 411 394 439; x_wconf 76' lang='lat' dir='ltr'><strong>Venet.</strong></span> <span class='ocrx_word' id='word_1_29' title='bbox 408 410 440 437; x_wconf 79' lang='lat'><strong>2.</strong></span> <span class='ocrx_word' id='word_1_30' title='bbox 459 407 618 445; x_wconf 80' lang='lat' dir='ltr'><strong>protinus</strong></span> <span class='ocrx_word' id='word_1_31' title='bbox 633 413 688 441; x_wconf 83' lang='lat' dir='ltr'><strong>pro</strong></span> <span class='ocrx_word' id='word_1_32' title='bbox 695 411 840 441; x_wconf 79' lang='lat' dir='ltr'><strong>prorsus</strong></span> <span class='ocrx_word' id='word_1_33' title='bbox 853 412 883 439; x_wconf 86' lang='lat' dir='ltr'><strong>p.</strong></span> <span class='ocrx_word' id='word_1_34' title='bbox 931 403 993 431; x_wconf 69' lang='lat' dir='ltr'><strong>isti</strong></span> <span class='ocrx_word' id='word_1_35' title='bbox 1004 405 1040 432; x_wconf 91' lang='lat' dir='ltr'><strong>P.</strong></span> <span class='ocrx_word' id='word_1_36' title='bbox 1055 400 1083 431; x_wconf 82' lang='grc' dir='ltr'><strong>δ.</strong></span> <span class='ocrx_word' id='word_1_37' title='bbox 1097 405 1179 432; x_wconf 82' lang='lat' dir='ltr'><strong>lunt.</strong></span> <span class='ocrx_word' id='word_1_38' title='bbox 1194 403 1224 431; x_wconf 80' lang='lat'><strong>2.</strong></span> <span class='ocrx_word' id='word_1_39' title='bbox 1236 401 1348 430; x_wconf 60' lang='lat' dir='ltr'><strong>ss&#39;ow.</strong></span> <span class='ocrx_word' id='word_1_40' title='bbox 1362 399 1447 428; x_wconf 72' lang='lat' dir='ltr'><strong>Prie.</strong></span> <span class='ocrx_word' id='word_1_41' title='bbox 1494 395 1588 424; x_wconf 77' lang='lat' dir='ltr'><strong>modo</strong></span> <span class='ocrx_word' id='word_1_42' title='bbox 1598 397 1734 433; x_wconf 72' lang='lat' dir='ltr'><strong>pectori</strong></span> <span class='ocrx_word' id='word_1_43' title='bbox 1744 398 1817 425; x_wconf 61' lang='lat' dir='ltr'><strong>Bas.</strong></span> <span class='ocrx_word' id='word_1_44' title='bbox 1839 399 1862 425; x_wconf 90' lang='grc'><strong>1.</strong></span> 
     </span>
     <span class='ocr_line' id='line_1_6' title="bbox 81 442 1865 490; baseline -0.009 -5"><span class='ocrx_word' id='word_1_45' title='bbox 81 456 241 486; x_wconf 70' lang='lat' dir='ltr'><strong>violentia</strong></span> <span class='ocrx_word' id='word_1_46' title='bbox 253 457 288 484; x_wconf 87' lang='lat' dir='ltr'><strong>F.</strong></span> <span class='ocrx_word' id='word_1_47' title='bbox 306 456 332 482; x_wconf 87' lang='lat'><strong>1.</strong></span> <span class='ocrx_word' id='word_1_48' title='bbox 369 455 596 490; x_wconf 80' lang='lat' dir='ltr'><strong>perpetratur</strong></span> <span class='ocrx_word' id='word_1_49' title='bbox 607 450 748 479; x_wconf 67' lang='lat' dir='ltr'><strong>econius</strong></span> <span class='ocrx_word' id='word_1_50' title='bbox 760 451 795 478; x_wconf 83' lang='lat' dir='ltr'><strong>F.</strong></span> <span class='ocrx_word' id='word_1_51' title='bbox 810 451 840 478; x_wconf 89' lang='grc'><strong>3.</strong></span> <span class='ocrx_word' id='word_1_52' title='bbox 861 450 1085 485; x_wconf 80' lang='lat' dir='ltr'><strong>perpetratur</strong></span> <span class='ocrx_word' id='word_1_53' title='bbox 1098 446 1198 475; x_wconf 69' lang='lat' dir='ltr'><strong>enz&#39;tis</strong></span> <span class='ocrx_word' id='word_1_54' title='bbox 1210 447 1248 475; x_wconf 88' lang='lat' dir='ltr'><strong>F.</strong></span> <span class='ocrx_word' id='word_1_55' title='bbox 1264 447 1292 475; x_wconf 91' lang='lat'><strong>1.</strong></span> <span class='ocrx_word' id='word_1_56' title='bbox 1306 453 1347 473; x_wconf 81' lang='lat' dir='ltr'><strong>ex</strong></span> <span class='ocrx_word' id='word_1_57' title='bbox 1367 445 1441 472; x_wconf 78' lang='lat' dir='ltr'><strong>coll.</strong></span> <span class='ocrx_word' id='word_1_58' title='bbox 1455 443 1611 470; x_wconf 73' lang='lat' dir='ltr'><strong>Lindenb.</strong></span> <span class='ocrx_word' id='word_1_59' title='bbox 1623 464 1630 473; x_wconf 78' lang='grc'><strong>.</strong></span> <span class='ocrx_word' id='word_1_60' title='bbox 1656 442 1689 469; x_wconf 91' lang='lat' dir='ltr'><strong>in</strong></span> <span class='ocrx_word' id='word_1_61' title='bbox 1705 443 1865 475; x_wconf 74' lang='lat' dir='ltr'><strong>excerptis</strong></span> 
     </span>
     <span class='ocr_line' id='line_1_7' title="bbox 80 487 1862 536; baseline -0.011 -5"><span class='ocrx_word' id='word_1_62' title='bbox 80 503 121 532; x_wconf 81' lang='lat' dir='ltr'><strong>ad</strong></span> <span class='ocrx_word' id='word_1_63' title='bbox 132 508 231 536; x_wconf 83' lang='lat' dir='ltr'><strong>marg.</strong></span> <span class='ocrx_word' id='word_1_64' title='bbox 245 501 293 529; x_wconf 84' lang='lat' dir='ltr'><strong>ed.</strong></span> <span class='ocrx_word' id='word_1_65' title='bbox 306 500 396 528; x_wconf 81' lang='lat' dir='ltr'><strong>Colv.</strong></span> <span class='ocrx_word' id='word_1_66' title='bbox 409 498 530 534; x_wconf 82' lang='lat' dir='ltr'><strong>legitur</strong></span> <span class='ocrx_word' id='word_1_67' title='bbox 537 497 814 534; x_wconf 79' lang='lat' dir='ltr'><strong>perpetraturae.</strong></span> <span class='ocrx_word' id='word_1_68' title='bbox 834 496 1039 530; x_wconf 69' lang='lat' dir='ltr'><strong>perpetrm-e</strong></span> <span class='ocrx_word' id='word_1_69' title='bbox 1051 495 1089 522; x_wconf 90' lang='lat' dir='ltr'><strong>D.</strong></span> <span class='ocrx_word' id='word_1_70' title='bbox 1102 494 1217 522; x_wconf 76' lang='lat' dir='ltr'><strong>Venet.</strong></span> <span class='ocrx_word' id='word_1_71' title='bbox 1226 493 1255 520; x_wconf 82' lang='lat'><strong>4.</strong></span> <span class='ocrx_word' id='word_1_72' title='bbox 1269 490 1374 520; x_wconf 80' lang='lat' dir='ltr'><strong>Paris.</strong></span> <span class='ocrx_word' id='word_1_73' title='bbox 1389 490 1466 517; x_wconf 66' lang='lat' dir='ltr'><strong>Bas.</strong></span> <span class='ocrx_word' id='word_1_74' title='bbox 1486 489 1510 516; x_wconf 84' lang='lat'><strong>1.</strong></span> <span class='ocrx_word' id='word_1_75' title='bbox 1526 488 1615 516; x_wconf 76' lang='lat' dir='ltr'><strong>Coiv.</strong></span> <span class='ocrx_word' id='word_1_76' title='bbox 1629 487 1768 515; x_wconf 74' lang='lat' dir='ltr'><strong>Vult-an.</strong></span> <span class='ocrx_word' id='word_1_77' title='bbox 1782 488 1862 514; x_wconf 74' lang='lat' dir='ltr'><strong>Elin.</strong></span> 
     </span>
    </p>
   </div>
   <div class='ocr_carea' id='block_1_6' title="bbox 78 545 313 576">
    <p class='ocr_par' dir='ltr' id='par_1_6' title="bbox 78 545 313 576">
     <span class='ocr_line' id='line_1_8' title="bbox 78 545 313 576; baseline -0.017 0"><span class='ocrx_word' id='word_1_78' title='bbox 78 546 183 576; x_wconf 77' lang='lat' dir='ltr'><strong>Scriv.</strong></span> <span class='ocrx_word' id='word_1_79' title='bbox 193 545 313 574; x_wconf 82' lang='lat' dir='ltr'><strong>Florid.</strong></span> 
     </span>
    </p>
   </div>
   <div class='ocr_carea' id='block_1_7' title="bbox 59 625 941 3032">
    <p class='ocr_par' dir='ltr' id='par_1_7' title="bbox 59 625 941 3032">
     <span class='ocr_line' id='line_1_9' title="bbox 78 625 939 677; baseline -0.009 -6"><span class='ocrx_word' id='word_1_80' title='bbox 78 632 229 677; x_wconf 88' lang='lat' dir='ltr'><strong>retinui,</strong></span> <span class='ocrx_word' id='word_1_81' title='bbox 242 643 330 668; x_wconf 89' lang='lat' dir='ltr'><strong>meo</strong></span> <span class='ocrx_word' id='word_1_82' title='bbox 348 633 478 668; x_wconf 88' lang='lat' dir='ltr'><strong>tamen</strong></span> <span class='ocrx_word' id='word_1_83' title='bbox 496 627 578 666; x_wconf 89' lang='lat' dir='ltr'><strong>iure</strong></span> <span class='ocrx_word' id='word_1_84' title='bbox 589 626 665 665; x_wconf 89' lang='lat' dir='ltr'><strong>hoc</strong></span> <span class='ocrx_word' id='word_1_85' title='bbox 677 625 822 665; x_wconf 85' lang='lat' dir='ltr'><strong>fecisse</strong></span> <span class='ocrx_word' id='word_1_86' title='bbox 834 628 939 677; x_wconf 90' lang='lat' dir='ltr'><strong>puto.</strong></span> 
     </span>
     <span class='ocr_line' id='line_1_10' title="bbox 83 684 940 733; baseline -0.011 -5"><span class='ocrx_word' id='word_1_87' title='bbox 83 688 205 728; x_wconf 83' lang='lat' dir='ltr'><strong>Vultu</strong></span> <span class='ocrx_word' id='word_1_88' title='bbox 227 687 328 724; x_wconf 87' lang='lat' dir='ltr'><strong>enim</strong></span> <span class='ocrx_word' id='word_1_89' title='bbox 351 685 496 725; x_wconf 78' lang='lat' dir='ltr'><strong>timido</strong></span> <span class='ocrx_word' id='word_1_90' title='bbox 519 684 553 722; x_wconf 87' lang='lat' dir='ltr'><strong>si</strong></span> <span class='ocrx_word' id='word_1_91' title='bbox 576 684 807 722; x_wconf 84' lang='lat' dir='ltr'><strong>sententiam</strong></span> <span class='ocrx_word' id='word_1_92' title='bbox 831 695 940 733; x_wconf 90' lang='lat' dir='ltr'><strong>prae-</strong></span> 
     </span>
     <span class='ocr_line' id='line_1_11' title="bbox 77 738 941 788; baseline -0.009 -5"><span class='ocrx_word' id='word_1_93' title='bbox 77 744 187 788; x_wconf 82' lang='lat' dir='ltr'><strong>beat,</strong></span> <span class='ocrx_word' id='word_1_94' title='bbox 217 756 291 781; x_wconf 89' lang='lat' dir='ltr'><strong>non</strong></span> <span class='ocrx_word' id='word_1_95' title='bbox 321 741 373 780; x_wconf 85' lang='lat' dir='ltr'><strong>ad</strong></span> <span class='ocrx_word' id='word_1_96' title='bbox 395 741 593 778; x_wconf 81' lang='lat' dir='ltr'><strong>Venerem</strong></span> <span class='ocrx_word' id='word_1_97' title='bbox 615 738 822 778; x_wconf 86' lang='lat' dir='ltr'><strong>referenda</strong></span> <span class='ocrx_word' id='word_1_98' title='bbox 850 741 941 776; x_wconf 88' lang='lat' dir='ltr'><strong>sunt</strong></span> 
     </span>
     <span class='ocr_line' id='line_1_12' title="bbox 76 794 939 846; baseline -0.009 -7"><span class='ocrx_word' id='word_1_99' title='bbox 76 800 215 846; x_wconf 76' lang='lat' dir='ltr'><strong>verba,</strong></span> <span class='ocrx_word' id='word_1_100' title='bbox 255 797 330 836; x_wconf 87' lang='lat' dir='ltr'><strong>sed</strong></span> <span class='ocrx_word' id='word_1_101' title='bbox 370 796 421 835; x_wconf 85' lang='lat' dir='ltr'><strong>ad</strong></span> <span class='ocrx_word' id='word_1_102' title='bbox 456 795 636 834; x_wconf 86' lang='lat' dir='ltr'><strong>Cererem</strong></span> <span class='ocrx_word' id='word_1_103' title='bbox 670 799 709 833; x_wconf 90' lang='lat' dir='ltr'><strong>et</strong></span> <span class='ocrx_word' id='word_1_104' title='bbox 742 794 939 840; x_wconf 86' lang='lat' dir='ltr'><strong>Iunonem,</strong></span> 
     </span>
     <span class='ocr_line' id='line_1_13' title="bbox 76 850 938 906; baseline -0.008 -12"><span class='ocrx_word' id='word_1_105' title='bbox 76 868 176 906; x_wconf 87' lang='lat' dir='ltr'><strong>quae</strong></span> <span class='ocrx_word' id='word_1_106' title='bbox 216 855 312 893; x_wconf 85' lang='lat' dir='ltr'><strong>truci</strong></span> <span class='ocrx_word' id='word_1_107' title='bbox 357 851 563 904; x_wconf 86' lang='lat' dir='ltr'><strong>supercilio</strong></span> <span class='ocrx_word' id='word_1_108' title='bbox 599 851 824 903; x_wconf 83' lang='lat' dir='ltr'><strong>perterritae</strong></span> <span class='ocrx_word' id='word_1_109' title='bbox 859 850 938 888; x_wconf 71' lang='lat' dir='ltr'><strong>Ve-</strong></span> 
     </span>
     <span class='ocr_line' id='line_1_14' title="bbox 73 905 939 960; baseline -0.007 -10"><span class='ocrx_word' id='word_1_110' title='bbox 73 913 175 951; x_wconf 89' lang='lat' dir='ltr'><strong>neris</strong></span> <span class='ocrx_word' id='word_1_111' title='bbox 200 912 354 949; x_wconf 84' lang='lat' dir='ltr'><strong>obviam</strong></span> <span class='ocrx_word' id='word_1_112' title='bbox 377 909 522 954; x_wconf 83' lang='lat' dir='ltr'><strong>sactae,</strong></span> <span class='ocrx_word' id='word_1_113' title='bbox 547 907 639 960; x_wconf 91' lang='lat' dir='ltr'><strong>quid</strong></span> <span class='ocrx_word' id='word_1_114' title='bbox 668 905 760 946; x_wconf 84' lang='lat' dir='ltr'><strong>mali</strong></span> <span class='ocrx_word' id='word_1_115' title='bbox 795 906 939 957; x_wconf 83' lang='lat' dir='ltr'><strong>cogitet</strong></span> 
     </span>
     <span class='ocr_line' id='line_1_15' title="bbox 71 963 937 1019; baseline -0.009 -12"><span class='ocrx_word' id='word_1_116' title='bbox 71 969 316 1019; x_wconf 84' lang='lat' dir='ltr'><strong>interrogant.</strong></span> <span class='ocrx_word' id='word_1_117' title='bbox 362 965 450 1004; x_wconf 90' lang='lat' dir='ltr'><strong>Hoc</strong></span> <span class='ocrx_word' id='word_1_118' title='bbox 473 977 565 1003; x_wconf 79' lang='lat' dir='ltr'><strong>vero</strong></span> <span class='ocrx_word' id='word_1_119' title='bbox 584 965 710 1002; x_wconf 89' lang='lat' dir='ltr'><strong>minus</strong></span> <span class='ocrx_word' id='word_1_120' title='bbox 729 966 861 1014; x_wconf 89' lang='lat' dir='ltr'><strong>aptum</strong></span> <span class='ocrx_word' id='word_1_121' title='bbox 884 963 937 1000; x_wconf 76' lang='lat' dir='ltr'><strong>vi-</strong></span> 
     </span>
     <span class='ocr_line' id='line_1_16' title="bbox 74 1018 937 1072; baseline -0.008 -9"><span class='ocrx_word' id='word_1_122' title='bbox 74 1024 184 1063; x_wconf 87' lang='lat' dir='ltr'><strong>detur</strong></span> <span class='ocrx_word' id='word_1_123' title='bbox 208 1035 314 1061; x_wconf 88' lang='lat' dir='ltr'><strong>esse.</strong></span> <span class='ocrx_word' id='word_1_124' title='bbox 359 1018 502 1072; x_wconf 87' lang='lat' dir='ltr'><strong>Neque</strong></span> <span class='ocrx_word' id='word_1_125' title='bbox 526 1020 626 1059; x_wconf 92' lang='lat' dir='ltr'><strong>enim</strong></span> <span class='ocrx_word' id='word_1_126' title='bbox 649 1024 728 1058; x_wconf 89' lang='lat' dir='ltr'><strong>tam</strong></span> <span class='ocrx_word' id='word_1_127' title='bbox 759 1018 937 1057; x_wconf 87' lang='lat' dir='ltr'><strong>sormida-</strong></span> 
     </span>
     <span class='ocr_line' id='line_1_17' title="bbox 71 1074 938 1124; baseline -0.009 -5"><span class='ocrx_word' id='word_1_128' title='bbox 71 1079 164 1120; x_wconf 82' lang='lat' dir='ltr'><strong>bilis</strong></span> <span class='ocrx_word' id='word_1_129' title='bbox 189 1082 272 1118; x_wconf 88' lang='lat' dir='ltr'><strong>erat</strong></span> <span class='ocrx_word' id='word_1_130' title='bbox 294 1077 449 1124; x_wconf 78' lang='lat' dir='ltr'><strong>Venus,</strong></span> <span class='ocrx_word' id='word_1_131' title='bbox 480 1080 522 1115; x_wconf 92' lang='lat' dir='ltr'><strong>ut</strong></span> <span class='ocrx_word' id='word_1_132' title='bbox 550 1077 612 1115; x_wconf 86' lang='lat' dir='ltr'><strong>his</strong></span> <span class='ocrx_word' id='word_1_133' title='bbox 637 1076 787 1114; x_wconf 83' lang='lat' dir='ltr'><strong>deabus</strong></span> <span class='ocrx_word' id='word_1_134' title='bbox 812 1074 938 1112; x_wconf 85' lang='lat' dir='ltr'><strong>formi-</strong></span> 
     </span>
     <span class='ocr_line' id='line_1_18' title="bbox 71 1130 936 1184; baseline -0.009 -9"><span class='ocrx_word' id='word_1_135' title='bbox 71 1136 198 1175; x_wconf 84' lang='lat' dir='ltr'><strong>dinem</strong></span> <span class='ocrx_word' id='word_1_136' title='bbox 221 1137 423 1179; x_wconf 85' lang='lat' dir='ltr'><strong>incuteret,</strong></span> <span class='ocrx_word' id='word_1_137' title='bbox 462 1137 501 1171; x_wconf 91' lang='lat' dir='ltr'><strong>et</strong></span> <span class='ocrx_word' id='word_1_138' title='bbox 531 1136 673 1184; x_wconf 83' lang='lat' dir='ltr'><strong>quanta</strong></span> <span class='ocrx_word' id='word_1_139' title='bbox 703 1131 814 1169; x_wconf 88' lang='lat' dir='ltr'><strong>animi</strong></span> <span class='ocrx_word' id='word_1_140' title='bbox 845 1130 936 1168; x_wconf 90' lang='lat' dir='ltr'><strong>illae</strong></span> 
     </span>
     <span class='ocr_line' id='line_1_19' title="bbox 70 1186 938 1240; baseline -0.009 -10"><span class='ocrx_word' id='word_1_141' title='bbox 70 1192 211 1231; x_wconf 84' lang='lat' dir='ltr'><strong>suerint</strong></span> <span class='ocrx_word' id='word_1_142' title='bbox 239 1190 396 1235; x_wconf 82' lang='lat' dir='ltr'><strong>fiducia,</strong></span> <span class='ocrx_word' id='word_1_143' title='bbox 427 1189 633 1240; x_wconf 86' lang='lat' dir='ltr'><strong>sequentia</strong></span> <span class='ocrx_word' id='word_1_144' title='bbox 663 1200 794 1226; x_wconf 86' lang='lat' dir='ltr'><strong>earum</strong></span> <span class='ocrx_word' id='word_1_145' title='bbox 817 1186 938 1223; x_wconf 74' lang='lat' dir='ltr'><strong>verba</strong></span> 
     </span>
     <span class='ocr_line' id='line_1_20' title="bbox 70 1243 937 1296; baseline -0.009 -10"><span class='ocrx_word' id='word_1_146' title='bbox 70 1247 338 1291; x_wconf 83' lang='lat' dir='ltr'><strong>testificantur,</strong></span> <span class='ocrx_word' id='word_1_147' title='bbox 382 1258 483 1296; x_wconf 89' lang='lat' dir='ltr'><strong>quae</strong></span> <span class='ocrx_word' id='word_1_148' title='bbox 518 1245 630 1282; x_wconf 89' lang='lat' dir='ltr'><strong>nimis</strong></span> <span class='ocrx_word' id='word_1_149' title='bbox 667 1243 850 1281; x_wconf 82' lang='lat' dir='ltr'><strong>audacter</strong></span> <span class='ocrx_word' id='word_1_150' title='bbox 897 1245 937 1279; x_wconf 89' lang='lat' dir='ltr'><strong>et</strong></span> 
     </span>
     <span class='ocr_line' id='line_1_21' title="bbox 69 1297 935 1348; baseline -0.012 -5"><span class='ocrx_word' id='word_1_151' title='bbox 69 1304 210 1343; x_wconf 85' lang='lat' dir='ltr'><strong>ironice</strong></span> <span class='ocrx_word' id='word_1_152' title='bbox 234 1304 272 1341; x_wconf 92' lang='lat' dir='ltr'><strong>in</strong></span> <span class='ocrx_word' id='word_1_153' title='bbox 287 1302 483 1340; x_wconf 72' lang='lat' dir='ltr'><strong>venerem</strong></span> <span class='ocrx_word' id='word_1_154' title='bbox 506 1299 748 1339; x_wconf 83' lang='lat' dir='ltr'><strong>invehuntur:</strong></span> <span class='ocrx_word' id='word_1_155' title='bbox 775 1297 879 1348; x_wconf 88' lang='lat' dir='ltr'><strong>quod</strong></span> <span class='ocrx_word' id='word_1_156' title='bbox 893 1297 935 1334; x_wconf 87' lang='lat' dir='ltr'><strong>ti-</strong></span> 
     </span>
     <span class='ocr_line' id='line_1_22' title="bbox 69 1353 935 1404; baseline -0.009 -5"><span class='ocrx_word' id='word_1_157' title='bbox 69 1361 250 1400; x_wconf 85' lang='lat' dir='ltr'><strong>mentium</strong></span> <span class='ocrx_word' id='word_1_158' title='bbox 279 1372 355 1396; x_wconf 91' lang='lat' dir='ltr'><strong>non</strong></span> <span class='ocrx_word' id='word_1_159' title='bbox 386 1360 459 1395; x_wconf 88' lang='lat' dir='ltr'><strong>est.</strong></span> <span class='ocrx_word' id='word_1_160' title='bbox 519 1355 647 1402; x_wconf 84' lang='lat' dir='ltr'><strong>Quum</strong></span> <span class='ocrx_word' id='word_1_161' title='bbox 677 1355 788 1404; x_wconf 79' lang='lat' dir='ltr'><strong>igitur</strong></span> <span class='ocrx_word' id='word_1_162' title='bbox 811 1353 935 1404; x_wconf 88' lang='lat' dir='ltr'><strong>proba</strong></span> 
     </span>
     <span class='ocr_line' id='line_1_23' title="bbox 67 1409 936 1459; baseline -0.01 -4"><span class='ocrx_word' id='word_1_163' title='bbox 67 1416 259 1456; x_wconf 84' lang='lat' dir='ltr'><strong>sententia</strong></span> <span class='ocrx_word' id='word_1_164' title='bbox 275 1428 351 1453; x_wconf 88' lang='lat' dir='ltr'><strong>non</strong></span> <span class='ocrx_word' id='word_1_165' title='bbox 370 1413 576 1457; x_wconf 81' lang='lat' dir='ltr'><strong>efficiatur,</strong></span> <span class='ocrx_word' id='word_1_166' title='bbox 601 1410 863 1459; x_wconf 84' lang='lat' dir='ltr'><strong>facillimaque</strong></span> <span class='ocrx_word' id='word_1_167' title='bbox 884 1409 936 1446; x_wconf 81' lang='lat' dir='ltr'><strong>sit</strong></span> 
     </span>
     <span class='ocr_line' id='line_1_24' title="bbox 67 1465 934 1523; baseline -0.012 -11"><span class='ocrx_word' id='word_1_168' title='bbox 67 1473 266 1523; x_wconf 87' lang='lat' dir='ltr'><strong>utriusque</strong></span> <span class='ocrx_word' id='word_1_169' title='bbox 278 1468 458 1508; x_wconf 77' lang='lat' dir='ltr'><strong>vocabuli</strong></span> <span class='ocrx_word' id='word_1_170' title='bbox 473 1467 764 1513; x_wconf 72' lang='lat' dir='ltr'><strong>mutati0,vulta</strong></span> <span class='ocrx_word' id='word_1_171' title='bbox 777 1465 934 1505; x_wconf 81' lang='lat' dir='ltr'><strong>tumido</strong></span> 
     </span>
     <span class='ocr_line' id='line_1_25' title="bbox 67 1522 935 1571; baseline -0.01 -3"><span class='ocrx_word' id='word_1_172' title='bbox 67 1527 341 1568; x_wconf 88' lang='lat' dir='ltr'><strong>restituendum</strong></span> <span class='ocrx_word' id='word_1_173' title='bbox 368 1538 462 1564; x_wconf 81' lang='lat' dir='ltr'><strong>esse</strong></span> <span class='ocrx_word' id='word_1_174' title='bbox 485 1525 690 1571; x_wconf 80' lang='lat' dir='ltr'><strong>arbitratus</strong></span> <span class='ocrx_word' id='word_1_175' title='bbox 710 1535 810 1560; x_wconf 87' lang='lat' dir='ltr'><strong>sum.</strong></span> <span class='ocrx_word' id='word_1_176' title='bbox 836 1522 935 1560; x_wconf 84' lang='lat' dir='ltr'><strong>Tur-</strong></span> 
     </span>
     <span class='ocr_line' id='line_1_26' title="bbox 65 1580 933 1639; baseline -0.012 -14"><span class='ocrx_word' id='word_1_177' title='bbox 65 1598 163 1639; x_wconf 79' lang='lat' dir='ltr'><strong>9ere</strong></span> <span class='ocrx_word' id='word_1_178' title='bbox 170 1587 209 1622; x_wconf 91' lang='lat' dir='ltr'><strong>et</strong></span> <span class='ocrx_word' id='word_1_179' title='bbox 218 1589 447 1636; x_wconf 78' lang='lat' dir='ltr'><strong>turyescere</strong></span> <span class='ocrx_word' id='word_1_180' title='bbox 455 1585 494 1619; x_wconf 90' lang='lat' dir='ltr'><strong>et</strong></span> <span class='ocrx_word' id='word_1_181' title='bbox 500 1580 708 1633; x_wconf 74' lang='lat' dir='ltr'><strong>turyidus:</strong></span> <span class='ocrx_word' id='word_1_182' title='bbox 722 1582 764 1616; x_wconf 90' lang='lat' dir='ltr'><strong>ut</strong></span> <span class='ocrx_word' id='word_1_183' title='bbox 772 1583 933 1622; x_wconf 82' lang='lat' dir='ltr'><strong>tumere,</strong></span> 
     </span>
     <span class='ocr_line' id='line_1_27' title="bbox 66 1633 933 1681; baseline -0.012 -1"><span class='ocrx_word' id='word_1_184' title='bbox 66 1645 279 1681; x_wconf 80' lang='lat' dir='ltr'><strong>tumescere</strong></span> <span class='ocrx_word' id='word_1_185' title='bbox 304 1643 343 1677; x_wconf 91' lang='lat' dir='ltr'><strong>et</strong></span> <span class='ocrx_word' id='word_1_186' title='bbox 366 1638 543 1678; x_wconf 80' lang='lat' dir='ltr'><strong>tumidus</strong></span> <span class='ocrx_word' id='word_1_187' title='bbox 578 1636 753 1674; x_wconf 88' lang='lat' dir='ltr'><strong>dicuntur</strong></span> <span class='ocrx_word' id='word_1_188' title='bbox 789 1633 838 1672; x_wconf 89' lang='lat' dir='ltr'><strong>de</strong></span> <span class='ocrx_word' id='word_1_189' title='bbox 875 1634 933 1679; x_wconf 85' lang='lat' dir='ltr'><strong>iis,</strong></span> 
     </span>
     <span class='ocr_line' id='line_1_28' title="bbox 67 1689 933 1748; baseline -0.012 -12"><span class='ocrx_word' id='word_1_190' title='bbox 67 1697 133 1748; x_wconf 89' lang='lat' dir='ltr'><strong>qui</strong></span> <span class='ocrx_word' id='word_1_191' title='bbox 166 1697 275 1748; x_wconf 81' lang='lat' dir='ltr'><strong>gravi</strong></span> <span class='ocrx_word' id='word_1_192' title='bbox 309 1696 364 1733; x_wconf 86' lang='lat' dir='ltr'><strong>ira</strong></span> <span class='ocrx_word' id='word_1_193' title='bbox 399 1698 439 1733; x_wconf 87' lang='lat' dir='ltr'><strong>et</strong></span> <span class='ocrx_word' id='word_1_194' title='bbox 471 1692 759 1731; x_wconf 74' lang='lat' dir='ltr'><strong>vehementiore</strong></span> <span class='ocrx_word' id='word_1_195' title='bbox 790 1689 933 1728; x_wconf 82' lang='lat' dir='ltr'><strong>affectu</strong></span> 
     </span>
     <span class='ocr_line' id='line_1_29' title="bbox 67 1744 931 1801; baseline -0.01 -9"><span class='ocrx_word' id='word_1_196' title='bbox 67 1753 247 1792; x_wconf 88' lang='lat' dir='ltr'><strong>commoti</strong></span> <span class='ocrx_word' id='word_1_197' title='bbox 269 1755 375 1799; x_wconf 78' lang='lat' dir='ltr'><strong>sunt3</strong></span> <span class='ocrx_word' id='word_1_198' title='bbox 400 1750 451 1788; x_wconf 92' lang='lat' dir='ltr'><strong>de</strong></span> <span class='ocrx_word' id='word_1_199' title='bbox 476 1763 552 1801; x_wconf 89' lang='lat' dir='ltr'><strong>qua</strong></span> <span class='ocrx_word' id='word_1_200' title='bbox 576 1747 858 1800; x_wconf 84' lang='lat' dir='ltr'><strong>significatione</strong></span> <span class='ocrx_word' id='word_1_201' title='bbox 883 1744 931 1783; x_wconf 81' lang='lat' dir='ltr'><strong>cf.</strong></span> 
     </span>
     <span class='ocr_line' id='line_1_30' title="bbox 66 1801 933 1861; baseline -0.009 -14"><span class='ocrx_word' id='word_1_202' title='bbox 66 1822 166 1861; x_wconf 88' lang='lat' dir='ltr'><strong>quae</strong></span> <span class='ocrx_word' id='word_1_203' title='bbox 197 1809 275 1847; x_wconf 81' lang='lat' dir='ltr'><strong>dixi</strong></span> <span class='ocrx_word' id='word_1_204' title='bbox 306 1807 356 1846; x_wconf 90' lang='lat' dir='ltr'><strong>ad</strong></span> <span class='ocrx_word' id='word_1_205' title='bbox 385 1805 482 1845; x_wconf 83' lang='lat' dir='ltr'><strong>Met.</strong></span> <span class='ocrx_word' id='word_1_206' title='bbox 503 1805 552 1844; x_wconf 86' lang='lat' dir='ltr'><strong>V.</strong></span> <span class='ocrx_word' id='word_1_207' title='bbox 581 1818 619 1856; x_wconf 91' lang='lat' dir='ltr'><strong>p.</strong></span> <span class='ocrx_word' id='word_1_208' title='bbox 647 1807 739 1844; x_wconf 88' lang='lat'><strong>340.</strong></span> <span class='ocrx_word' id='word_1_209' title='bbox 770 1801 856 1841; x_wconf 88' lang='lat' dir='ltr'><strong>Intt.</strong></span> <span class='ocrx_word' id='word_1_210' title='bbox 882 1801 933 1839; x_wconf 83' lang='lat' dir='ltr'><strong>ad</strong></span> 
     </span>
     <span class='ocr_line' id='line_1_31' title="bbox 63 1857 930 1912; baseline -0.009 -8"><span class='ocrx_word' id='word_1_211' title='bbox 63 1863 150 1904; x_wconf 88' lang='lat' dir='ltr'><strong>Liv.</strong></span> <span class='ocrx_word' id='word_1_212' title='bbox 163 1862 347 1903; x_wconf 79' lang='lat' dir='ltr'>XXXIII.</span> <span class='ocrx_word' id='word_1_213' title='bbox 364 1867 426 1903; x_wconf 89' lang='lat'><strong>11.</strong></span> <span class='ocrx_word' id='word_1_214' title='bbox 441 1861 471 1912; x_wconf 84' lang='lat'><strong>§.</strong></span> <span class='ocrx_word' id='word_1_215' title='bbox 486 1866 526 1902; x_wconf 92' lang='lat'><strong>4.</strong></span> <span class='ocrx_word' id='word_1_216' title='bbox 554 1860 697 1899; x_wconf 85' lang='lat' dir='ltr'><strong>Minue.</strong></span> <span class='ocrx_word' id='word_1_217' title='bbox 712 1857 799 1898; x_wconf 89' lang='lat' dir='ltr'><strong>Fel.</strong></span> <span class='ocrx_word' id='word_1_218' title='bbox 818 1873 849 1897; x_wconf 85' lang='lat' dir='ltr'><strong>c.</strong></span> <span class='ocrx_word' id='word_1_219' title='bbox 868 1862 930 1898; x_wconf 89' lang='lat'><strong>14.</strong></span> 
     </span>
     <span class='ocr_line' id='line_1_32' title="bbox 64 1914 930 1960; baseline -0.009 0"><span class='ocrx_word' id='word_1_220' title='bbox 64 1920 216 1960; x_wconf 87' lang='lat' dir='ltr'><strong>Triller.</strong></span> <span class='ocrx_word' id='word_1_221' title='bbox 230 1919 396 1959; x_wconf 78' lang='lat' dir='ltr'><strong>Observ.</strong></span> <span class='ocrx_word' id='word_1_222' title='bbox 409 1918 438 1958; x_wconf 90' lang='lat' dir='ltr'><strong>I.</strong></span> <span class='ocrx_word' id='word_1_223' title='bbox 456 1923 490 1958; x_wconf 93' lang='lat'><strong>1.</strong></span> <span class='ocrx_word' id='word_1_224' title='bbox 514 1917 697 1956; x_wconf 87' lang='lat' dir='ltr'><strong>Bouhier.</strong></span> <span class='ocrx_word' id='word_1_225' title='bbox 711 1916 762 1954; x_wconf 87' lang='lat' dir='ltr'><strong>ad</strong></span> <span class='ocrx_word' id='word_1_226' title='bbox 773 1914 930 1953; x_wconf 88' lang='lat' dir='ltr'><strong>Petron.</strong></span> 
     </span>
     <span class='ocr_line' id='line_1_33' title="bbox 64 1970 930 2023; baseline -0.01 -7"><span class='ocrx_word' id='word_1_227' title='bbox 64 1977 115 2016; x_wconf 89' lang='lat' dir='ltr'><strong>de</strong></span> <span class='ocrx_word' id='word_1_228' title='bbox 137 1976 184 2015; x_wconf 89' lang='grc' dir='ltr'><strong>Β.</strong></span> <span class='ocrx_word' id='word_1_229' title='bbox 209 1975 290 2015; x_wconf 87' lang='lat' dir='ltr'><strong>Civ.</strong></span> <span class='ocrx_word' id='word_1_230' title='bbox 319 1979 410 2016; x_wconf 89' lang='lat'><strong>115.</strong></span> <span class='ocrx_word' id='word_1_231' title='bbox 433 1974 498 2013; x_wconf 90' lang='lat' dir='ltr'><strong>De</strong></span> <span class='ocrx_word' id='word_1_232' title='bbox 522 1972 630 2011; x_wconf 81' lang='lat' dir='ltr'><strong>vultu</strong></span> <span class='ocrx_word' id='word_1_233' title='bbox 653 1973 742 2023; x_wconf 86' lang='lat' dir='ltr'><strong>ipso</strong></span> <span class='ocrx_word' id='word_1_234' title='bbox 767 1972 819 2009; x_wconf 89' lang='lat' dir='ltr'><strong>ita</strong></span> <span class='ocrx_word' id='word_1_235' title='bbox 843 1970 930 2015; x_wconf 89' lang='lat' dir='ltr'><strong>dici,</strong></span> 
     </span>
     <span class='ocr_line' id='line_1_34' title="bbox 65 2026 929 2086; baseline -0.012 -13"><span class='ocrx_word' id='word_1_236' title='bbox 65 2033 204 2086; x_wconf 88' lang='lat' dir='ltr'><strong>probat</strong></span> <span class='ocrx_word' id='word_1_237' title='bbox 227 2031 328 2071; x_wconf 86' lang='lat' dir='ltr'><strong>Oud.</strong></span> <span class='ocrx_word' id='word_1_238' title='bbox 354 2043 410 2069; x_wconf 75' lang='lat' dir='ltr'><strong>ex</strong></span> <span class='ocrx_word' id='word_1_239' title='bbox 433 2029 548 2068; x_wconf 82' lang='lat' dir='ltr'><strong>Ovid.</strong></span> <span class='ocrx_word' id='word_1_240' title='bbox 573 2026 848 2067; x_wconf 71' lang='lat' dir='ltr'><strong>Heroid.vlll.</strong></span> <span class='ocrx_word' id='word_1_241' title='bbox 863 2030 929 2066; x_wconf 83' lang='lat'><strong>57:</strong></span> 
     </span>
     <span class='ocr_line' id='line_1_35' title="bbox 65 2087 928 2139; baseline -0.01 -10"><span class='ocrx_word' id='word_1_242' title='bbox 65 2089 166 2129; x_wconf 81' lang='lat' dir='ltr'><strong>Ora</strong></span> <span class='ocrx_word' id='word_1_243' title='bbox 196 2088 294 2127; x_wconf 72' lang='lat' dir='ltr'><strong>mihi</strong></span> <span class='ocrx_word' id='word_1_244' title='bbox 321 2087 484 2139; x_wconf 76' lang='lat' dir='ltr'><strong>pariter</strong></span> <span class='ocrx_word' id='word_1_245' title='bbox 514 2099 604 2124; x_wconf 86' lang='lat' dir='ltr'><strong>cum</strong></span> <span class='ocrx_word' id='word_1_246' title='bbox 631 2088 758 2123; x_wconf 85' lang='lat' dir='ltr'><strong>mente</strong></span> <span class='ocrx_word' id='word_1_247' title='bbox 788 2087 928 2122; x_wconf 86' lang='lat' dir='ltr'><strong>tume-</strong></span> 
     </span>
     <span class='ocr_line' id='line_1_36' title="bbox 63 2138 935 2184; baseline -0.008 0"><span class='ocrx_word' id='word_1_248' title='bbox 63 2149 215 2184; x_wconf 79' lang='lat' dir='ltr'><strong>scunt.</strong></span> <span class='ocrx_word' id='word_1_249' title='bbox 242 2142 314 2182; x_wconf 86' lang='lat' dir='ltr'><strong>Sil.</strong></span> <span class='ocrx_word' id='word_1_250' title='bbox 326 2142 408 2181; x_wconf 84' lang='lat' dir='ltr'><strong>Ital.</strong></span> <span class='ocrx_word' id='word_1_251' title='bbox 428 2141 474 2180; x_wconf 93' lang='lat' dir='ltr'><strong>II.</strong></span> <span class='ocrx_word' id='word_1_252' title='bbox 497 2144 591 2182; x_wconf 82' lang='lat'><strong>626.</strong></span> <span class='ocrx_word' id='word_1_253' title='bbox 615 2145 727 2180; x_wconf 85' lang='lat' dir='ltr'><strong>atros</strong></span> <span class='ocrx_word' id='word_1_254' title='bbox 750 2138 935 2177; x_wconf 77' lang='lat' dir='ltr'><strong>insibilat</strong></span> 
     </span>
     <span class='ocr_line' id='line_1_37' title="bbox 67 2193 931 2246; baseline -0.013 -5"><span class='ocrx_word' id='word_1_255' title='bbox 67 2215 149 2240; x_wconf 88' lang='lat' dir='ltr'><strong>ore</strong></span> <span class='ocrx_word' id='word_1_256' title='bbox 172 2205 376 2240; x_wconf 84' lang='lat' dir='ltr'><strong>tumores</strong></span> <span class='ocrx_word' id='word_1_257' title='bbox 389 2197 436 2235; x_wconf 85' lang='lat' dir='ltr'><strong>cf.</strong></span> <span class='ocrx_word' id='word_1_258' title='bbox 447 2196 531 2236; x_wconf 87' lang='lat' dir='ltr'><strong>lntt.</strong></span> <span class='ocrx_word' id='word_1_259' title='bbox 541 2194 856 2246; x_wconf 81' lang='lat' dir='ltr'><strong>adProp.11.6.9.</strong></span> <span class='ocrx_word' id='word_1_260' title='bbox 867 2193 931 2244; x_wconf 89' lang='lat' dir='ltr'><strong>qui</strong></span> 
     </span>
     <span class='ocr_line' id='line_1_38' title="bbox 64 2251 930 2296; baseline -0.01 0"><span class='ocrx_word' id='word_1_261' title='bbox 64 2256 230 2296; x_wconf 84' lang='lat' dir='ltr'><strong>similem</strong></span> <span class='ocrx_word' id='word_1_262' title='bbox 244 2255 369 2294; x_wconf 90' lang='lat' dir='ltr'><strong>locum</strong></span> <span class='ocrx_word' id='word_1_263' title='bbox 384 2267 434 2291; x_wconf 79' lang='lat' dir='ltr'><strong>ex</strong></span> <span class='ocrx_word' id='word_1_264' title='bbox 443 2251 644 2292; x_wconf 90' lang='lat' dir='ltr'><strong>Suet.Tib.</strong></span> <span class='ocrx_word' id='word_1_265' title='bbox 659 2266 690 2290; x_wconf 90' lang='lat' dir='ltr'><strong>c.</strong></span> <span class='ocrx_word' id='word_1_266' title='bbox 700 2255 736 2291; x_wconf 89' lang='grc'><strong>7.</strong></span> <span class='ocrx_word' id='word_1_267' title='bbox 745 2251 930 2288; x_wconf 80' lang='lat' dir='ltr'><strong>excitant:</strong></span> 
     </span>
     <span class='ocr_line' id='line_1_39' title="bbox 66 2307 931 2366; baseline -0.012 -13"><span class='ocrx_word' id='word_1_268' title='bbox 66 2313 346 2366; x_wconf 72' lang='lat' dir='ltr'><strong>Ayrippinam</strong></span> <span class='ocrx_word' id='word_1_269' title='bbox 378 2311 560 2362; x_wconf 64' lang='lat' dir='ltr'><strong>abegisse</strong></span> <span class='ocrx_word' id='word_1_270' title='bbox 584 2312 684 2360; x_wconf 84' lang='lat' dir='ltr'><strong>post</strong></span> <span class='ocrx_word' id='word_1_271' title='bbox 714 2307 931 2346; x_wconf 74' lang='lat' dir='ltr'><strong>divortium</strong></span> 
     </span>
     <span class='ocr_line' id='line_1_40' title="bbox 65 2363 933 2409; baseline -0.009 -1"><span class='ocrx_word' id='word_1_272' title='bbox 65 2369 202 2409; x_wconf 84' lang='lat' dir='ltr'><strong>doluit</strong></span> <span class='ocrx_word' id='word_1_273' title='bbox 213 2373 253 2407; x_wconf 87' lang='lat' dir='ltr'><strong>et</strong></span> <span class='ocrx_word' id='word_1_274' title='bbox 262 2367 381 2406; x_wconf 84' lang='lat' dir='ltr'><strong>semel</strong></span> <span class='ocrx_word' id='word_1_275' title='bbox 394 2367 555 2405; x_wconf 81' lang='lat' dir='ltr'><strong>omuino</strong></span> <span class='ocrx_word' id='word_1_276' title='bbox 569 2379 622 2404; x_wconf 71' lang='lat' dir='ltr'><strong>ex</strong></span> <span class='ocrx_word' id='word_1_277' title='bbox 632 2376 802 2403; x_wconf 85' lang='lat' dir='ltr'><strong>occursu</strong></span> <span class='ocrx_word' id='word_1_278' title='bbox 812 2363 933 2401; x_wconf 80' lang='lat' dir='ltr'><strong>risum</strong></span> 
     </span>
     <span class='ocr_line' id='line_1_41' title="bbox 65 2417 933 2465; baseline -0.01 -1"><span class='ocrx_word' id='word_1_279' title='bbox 65 2425 172 2465; x_wconf 84' lang='lat' dir='ltr'><strong>adeo</strong></span> <span class='ocrx_word' id='word_1_280' title='bbox 184 2424 382 2463; x_wconf 75' lang='lat' dir='ltr'><strong>contentis</strong></span> <span class='ocrx_word' id='word_1_281' title='bbox 394 2427 434 2462; x_wconf 85' lang='lat' dir='ltr'><strong>et</strong></span> <span class='ocrx_word' id='word_1_282' title='bbox 455 2419 748 2462; x_wconf 76' lang='lat' dir='ltr'><strong>tumentibus</strong></span> <span class='ocrx_word' id='word_1_283' title='bbox 772 2417 933 2457; x_wconf 71' lang='lat' dir='ltr'><strong>oculis</strong></span> 
     </span>
     <span class='ocr_line' id='line_1_42' title="bbox 59 2475 933 2534; baseline -0.011 -13"><span class='ocrx_word' id='word_1_284' title='bbox 59 2484 302 2534; x_wconf 82' lang='lat' dir='ltr'><strong>prosecutus</strong></span> <span class='ocrx_word' id='word_1_285' title='bbox 326 2483 400 2524; x_wconf 80' lang='lat' dir='ltr'><strong>est,</strong></span> <span class='ocrx_word' id='word_1_286' title='bbox 430 2482 478 2518; x_wconf 89' lang='lat' dir='ltr'><strong>ut</strong></span> <span class='ocrx_word' id='word_1_287' title='bbox 500 2477 748 2517; x_wconf 78' lang='lat' dir='ltr'><strong>custoditum</strong></span> <span class='ocrx_word' id='word_1_288' title='bbox 777 2475 846 2519; x_wconf 71' lang='lat' dir='ltr'><strong>sit,</strong></span> <span class='ocrx_word' id='word_1_289' title='bbox 882 2487 933 2512; x_wconf 81' lang='lat' dir='ltr'><strong>ne</strong></span> 
     </span>
     <span class='ocr_line' id='line_1_43' title="bbox 64 2531 931 2590; baseline -0.012 -13"><span class='ocrx_word' id='word_1_290' title='bbox 64 2550 247 2590; x_wconf 82' lang='lat' dir='ltr'><strong>unquam</strong></span> <span class='ocrx_word' id='word_1_291' title='bbox 276 2536 319 2574; x_wconf 85' lang='lat' dir='ltr'><strong>in</strong></span> <span class='ocrx_word' id='word_1_292' title='bbox 356 2538 616 2586; x_wconf 81' lang='lat' dir='ltr'><strong>conspectum</strong></span> <span class='ocrx_word' id='word_1_293' title='bbox 652 2533 735 2570; x_wconf 75' lang='lat' dir='ltr'><strong>eius</strong></span> <span class='ocrx_word' id='word_1_294' title='bbox 769 2531 931 2575; x_wconf 75' lang='lat' dir='ltr'><strong>reniret,</strong></span> 
     </span>
     <span class='ocr_line' id='line_1_44' title="bbox 63 2585 931 2631; baseline -0.01 1"><span class='ocrx_word' id='word_1_295' title='bbox 63 2593 129 2631; x_wconf 83' lang='lat' dir='ltr'><strong>ubi</strong></span> <span class='ocrx_word' id='word_1_296' title='bbox 139 2592 280 2631; x_wconf 87' lang='lat' dir='ltr'><strong>melius</strong></span> <span class='ocrx_word' id='word_1_297' title='bbox 292 2592 367 2630; x_wconf 87' lang='lat' dir='ltr'><strong>iam</strong></span> <span class='ocrx_word' id='word_1_298' title='bbox 379 2589 506 2630; x_wconf 77' lang='lat' dir='ltr'><strong>Nicol.</strong></span> <span class='ocrx_word' id='word_1_299' title='bbox 519 2588 692 2626; x_wconf 83' lang='lat' dir='ltr'><strong>Loensis</strong></span> <span class='ocrx_word' id='word_1_300' title='bbox 710 2589 746 2625; x_wconf 92' lang='lat' dir='ltr'><strong>in</strong></span> <span class='ocrx_word' id='word_1_301' title='bbox 759 2585 931 2625; x_wconf 83' lang='lat' dir='ltr'><strong>Miscell.</strong></span> 
     </span>
     <span class='ocr_line' id='line_1_45' title="bbox 65 2643 932 2701; baseline -0.009 -14"><span class='ocrx_word' id='word_1_302' title='bbox 65 2647 267 2701; x_wconf 80' lang='lat' dir='ltr'><strong>Epiphyll.</strong></span> <span class='ocrx_word' id='word_1_303' title='bbox 292 2661 324 2686; x_wconf 90' lang='lat' dir='ltr'><strong>c.</strong></span> <span class='ocrx_word' id='word_1_304' title='bbox 351 2651 416 2688; x_wconf 84' lang='lat'><strong>26.</strong></span> <span class='ocrx_word' id='word_1_305' title='bbox 441 2645 653 2684; x_wconf 86' lang='lat' dir='ltr'><strong>rationibus</strong></span> <span class='ocrx_word' id='word_1_306' title='bbox 678 2643 834 2694; x_wconf 87' lang='lat' dir='ltr'><strong>quidem</strong></span> <span class='ocrx_word' id='word_1_307' title='bbox 857 2656 932 2680; x_wconf 89' lang='lat' dir='ltr'><strong>non</strong></span> 
     </span>
     <span class='ocr_line' id='line_1_46' title="bbox 67 2700 934 2753; baseline -0.009 -10"><span class='ocrx_word' id='word_1_308' title='bbox 67 2703 356 2744; x_wconf 88' lang='lat' dir='ltr'><strong>contemnendis</strong></span> <span class='ocrx_word' id='word_1_309' title='bbox 381 2703 475 2753; x_wconf 80' lang='lat' dir='ltr'><strong>legit</strong></span> <span class='ocrx_word' id='word_1_310' title='bbox 487 2700 753 2746; x_wconf 75' lang='lat' dir='ltr'><strong>trementibus,</strong></span> <span class='ocrx_word' id='word_1_311' title='bbox 768 2700 803 2737; x_wconf 91' lang='lat' dir='ltr'><strong>in</strong></span> <span class='ocrx_word' id='word_1_312' title='bbox 819 2711 934 2749; x_wconf 90' lang='lat' dir='ltr'><strong>quam</strong></span> 
     </span>
     <span class='ocr_line' id='line_1_47' title="bbox 69 2754 934 2810; baseline -0.009 -10"><span class='ocrx_word' id='word_1_313' title='bbox 69 2762 326 2800; x_wconf 84' lang='lat' dir='ltr'><strong>coniecturam</strong></span> <span class='ocrx_word' id='word_1_314' title='bbox 348 2759 530 2810; x_wconf 87' lang='lat' dir='ltr'><strong>equidem</strong></span> <span class='ocrx_word' id='word_1_315' title='bbox 555 2768 713 2807; x_wconf 89' lang='lat' dir='ltr'><strong>quoque</strong></span> <span class='ocrx_word' id='word_1_316' title='bbox 738 2758 852 2794; x_wconf 82' lang='lat' dir='ltr'><strong>antea</strong></span> <span class='ocrx_word' id='word_1_317' title='bbox 876 2754 934 2792; x_wconf 90' lang='lat' dir='ltr'><strong>in·</strong></span> 
     </span>
     <span class='ocr_line' id='line_1_48' title="bbox 68 2810 936 2865; baseline -0.009 -9"><span class='ocrx_word' id='word_1_318' title='bbox 68 2816 152 2856; x_wconf 84' lang='lat' dir='ltr'><strong>cidi.</strong></span> <span class='ocrx_word' id='word_1_319' title='bbox 191 2815 307 2855; x_wconf 87' lang='lat' dir='ltr'><strong>Nunc</strong></span> <span class='ocrx_word' id='word_1_320' title='bbox 325 2829 416 2854; x_wconf 82' lang='lat' dir='ltr'><strong>vero</strong></span> <span class='ocrx_word' id='word_1_321' title='bbox 437 2814 525 2865; x_wconf 83' lang='lat' dir='ltr'><strong>lego</strong></span> <span class='ocrx_word' id='word_1_322' title='bbox 546 2811 796 2852; x_wconf 76' lang='lat' dir='ltr'><strong>humentibus</strong></span> <span class='ocrx_word' id='word_1_323' title='bbox 814 2810 853 2848; x_wconf 89' lang='lat' dir='ltr'><strong>id</strong></span> <span class='ocrx_word' id='word_1_324' title='bbox 873 2815 936 2849; x_wconf 88' lang='lat' dir='ltr'><strong>est</strong></span> 
     </span>
     <span class='ocr_line' id='line_1_49' title="bbox 65 2865 931 2924; baseline -0.008 -13"><span class='ocrx_word' id='word_1_325' title='bbox 65 2884 162 2924; x_wconf 82' lang='lat' dir='ltr'><strong>prae</strong></span> <span class='ocrx_word' id='word_1_326' title='bbox 185 2871 338 2911; x_wconf 89' lang='lat' dir='ltr'><strong>libidine</strong></span> <span class='ocrx_word' id='word_1_327' title='bbox 361 2872 450 2910; x_wconf 87' lang='lat' dir='ltr'><strong>udis</strong></span> <span class='ocrx_word' id='word_1_328' title='bbox 475 2874 513 2908; x_wconf 92' lang='lat' dir='ltr'><strong>et</strong></span> <span class='ocrx_word' id='word_1_329' title='bbox 537 2868 792 2908; x_wconf 83' lang='lat' dir='ltr'><strong>madentibus.</strong></span> <span class='ocrx_word' id='word_1_330' title='bbox 818 2865 865 2904; x_wconf 87' lang='lat' dir='ltr'><strong>cf.</strong></span> <span class='ocrx_word' id='word_1_331' title='bbox 881 2866 931 2906; x_wconf 85' lang='lat' dir='ltr'><strong>ad</strong></span> 
     </span>
     <span class='ocr_line' id='line_1_50' title="bbox 67 2924 932 2980; baseline -0.005 -14"><span class='ocrx_word' id='word_1_332' title='bbox 67 2926 167 2966; x_wconf 82' lang='lat' dir='ltr'><strong>Met.</strong></span> <span class='ocrx_word' id='word_1_333' title='bbox 189 2926 251 2966; x_wconf 89' lang='lat'><strong>111.</strong></span> <span class='ocrx_word' id='word_1_334' title='bbox 278 2942 318 2980; x_wconf 86' lang='lat' dir='ltr'><strong>p.</strong></span> <span class='ocrx_word' id='word_1_335' title='bbox 346 2931 435 2969; x_wconf 88' lang='grc'><strong>199.</strong></span> <span class='ocrx_word' id='word_1_336' title='bbox 468 2925 607 2966; x_wconf 84' lang='lat' dir='ltr'><strong>oculos</strong></span> <span class='ocrx_word' id='word_1_337' title='bbox 636 2924 794 2963; x_wconf 74' lang='lat' dir='ltr'><strong>Fotidis</strong></span> <span class='ocrx_word' id='word_1_338' title='bbox 822 2936 932 2962; x_wconf 81' lang='lat' dir='ltr'><strong>meac</strong></span> 
     </span>
     <span class='ocr_line' id='line_1_51' title="bbox 70 2979 933 3032; baseline -0.007 -10"><span class='ocrx_word' id='word_1_339' title='bbox 70 2983 175 3022; x_wconf 72' lang='lat' dir='ltr'><strong>udos</strong></span> <span class='ocrx_word' id='word_1_340' title='bbox 209 2997 260 3022; x_wconf 82' lang='lat' dir='ltr'><strong>ac</strong></span> <span class='ocrx_word' id='word_1_341' title='bbox 292 2983 481 3024; x_wconf 83' lang='lat' dir='ltr'><strong>tremulos</strong></span> <span class='ocrx_word' id='word_1_342' title='bbox 516 2986 555 3021; x_wconf 84' lang='lat' dir='ltr'><strong>et</strong></span> <span class='ocrx_word' id='word_1_343' title='bbox 586 2994 723 3032; x_wconf 80' lang='lat' dir='ltr'><strong>prona</strong></span> <span class='ocrx_word' id='word_1_344' title='bbox 762 2979 933 3018; x_wconf 73' lang='lat' dir='ltr'><strong>libidine</strong></span> 
     </span>
    </p>
   </div>
   <div class='ocr_carea' id='block_1_8' title="bbox 69 3033 967 3086">
    <p class='ocr_par' dir='ltr' id='par_1_8' title="bbox 69 3033 967 3086">
     <span class='ocr_line' id='line_1_52' title="bbox 69 3033 967 3086; baseline -0.008 -8"><span class='ocrx_word' id='word_1_345' title='bbox 69 3039 273 3080; x_wconf 80' lang='lat' dir='ltr'><strong>marcidos</strong></span> <span class='ocrx_word' id='word_1_346' title='bbox 341 3040 462 3080; x_wconf 77' lang='lat' dir='ltr'><strong>saviis</strong></span> <span class='ocrx_word' id='word_1_347' title='bbox 473 3039 653 3078; x_wconf 75' lang='lat' dir='ltr'><strong>sitienter</strong></span> <span class='ocrx_word' id='word_1_348' title='bbox 665 3033 932 3086; x_wconf 56' lang='lat' dir='ltr'><strong>hauriebant]</strong></span> <span class='ocrx_word' id='word_1_349' title='bbox 962 3067 967 3079; x_wconf 42' lang='lat'><em>2</em></span> 
     </span>
    </p>
   </div>
   <div class='ocr_carea' id='block_1_9' title="bbox 124 3091 934 3148">
    <p class='ocr_par' dir='ltr' id='par_1_9' title="bbox 124 3091 934 3148">
     <span class='ocr_line' id='line_1_53' title="bbox 124 3091 934 3148; baseline -0.005 -15"><span class='ocrx_word' id='word_1_350' title='bbox 124 3094 214 3134; x_wconf 80' lang='lat' dir='ltr'><strong>isto.</strong></span> <span class='ocrx_word' id='word_1_351' title='bbox 261 3094 344 3136; x_wconf 77' lang='lat' dir='ltr'><strong>Isto</strong></span> <span class='ocrx_word' id='word_1_352' title='bbox 377 3108 502 3148; x_wconf 85' lang='lat' dir='ltr'><strong>saepe</strong></span> <span class='ocrx_word' id='word_1_353' title='bbox 532 3092 726 3146; x_wconf 89' lang='lat' dir='ltr'><strong>Apuleius</strong></span> <span class='ocrx_word' id='word_1_354' title='bbox 762 3104 832 3143; x_wconf 86' lang='lat' dir='ltr'><strong>pro</strong></span> <span class='ocrx_word' id='word_1_355' title='bbox 866 3091 934 3131; x_wconf 78' lang='lat' dir='ltr'><strong>isti</strong></span> 
     </span>
    </p>
   </div>
   <div class='ocr_carea' id='block_1_10' title="bbox 985 617 1867 3142">
    <p class='ocr_par' dir='ltr' id='par_1_10' title="bbox 992 617 1867 1234">
     <span class='ocr_line' id='line_1_54' title="bbox 995 617 1862 676; baseline -0.01 -13"><span class='ocrx_word' id='word_1_356' title='bbox 995 623 1167 676; x_wconf 86' lang='lat' dir='ltr'><strong>protulit,</strong></span> <span class='ocrx_word' id='word_1_357' title='bbox 1182 634 1415 674; x_wconf 88' lang='lat' dir='ltr'><strong>quamquam</strong></span> <span class='ocrx_word' id='word_1_358' title='bbox 1427 619 1554 658; x_wconf 82' lang='lat' dir='ltr'><strong>lexica</strong></span> <span class='ocrx_word' id='word_1_359' title='bbox 1566 617 1711 656; x_wconf 83' lang='lat' dir='ltr'><strong>nullum</strong></span> <span class='ocrx_word' id='word_1_360' title='bbox 1725 630 1773 655; x_wconf 83' lang='lat' dir='ltr'><strong>ex</strong></span> <span class='ocrx_word' id='word_1_361' title='bbox 1787 618 1862 656; x_wconf 83' lang='lat' dir='ltr'><strong>alio</strong></span> 
     </span>
     <span class='ocr_line' id='line_1_55' title="bbox 998 673 1866 731; baseline -0.01 -12"><span class='ocrx_word' id='word_1_362' title='bbox 998 681 1188 731; x_wconf 85' lang='lat' dir='ltr'><strong>scriptore</strong></span> <span class='ocrx_word' id='word_1_363' title='bbox 1202 677 1424 730; x_wconf 82' lang='lat' dir='ltr'><strong>exemplum</strong></span> <span class='ocrx_word' id='word_1_364' title='bbox 1438 676 1593 714; x_wconf 86' lang='lat' dir='ltr'><strong>addunt.</strong></span> <span class='ocrx_word' id='word_1_365' title='bbox 1619 673 1746 712; x_wconf 91' lang='lat' dir='ltr'><strong>Unum</strong></span> <span class='ocrx_word' id='word_1_366' title='bbox 1761 673 1866 724; x_wconf 87' lang='lat' dir='ltr'><strong>quod</strong></span> 
     </span>
     <span class='ocr_line' id='line_1_56' title="bbox 998 730 1867 782; baseline -0.01 -6"><span class='ocrx_word' id='word_1_367' title='bbox 998 737 1223 776; x_wconf 83' lang='lat' dir='ltr'><strong>adsciscunt</strong></span> <span class='ocrx_word' id='word_1_368' title='bbox 1247 738 1310 774; x_wconf 88' lang='lat' dir='ltr'><strong>est</strong></span> <span class='ocrx_word' id='word_1_369' title='bbox 1331 733 1429 773; x_wconf 83' lang='lat' dir='ltr'><strong>Met.</strong></span> <span class='ocrx_word' id='word_1_370' title='bbox 1442 730 1527 771; x_wconf 81' lang='lat' dir='ltr'><strong>VII.</strong></span> <span class='ocrx_word' id='word_1_371' title='bbox 1552 744 1590 782; x_wconf 90' lang='lat' dir='ltr'><strong>p.</strong></span> <span class='ocrx_word' id='word_1_372' title='bbox 1618 733 1710 772; x_wconf 85' lang='lat'><strong>498.</strong></span> <span class='ocrx_word' id='word_1_373' title='bbox 1738 734 1867 780; x_wconf 87' lang='lat' dir='ltr'><strong>caput</strong></span> 
     </span>
     <span class='ocr_line' id='line_1_57' title="bbox 999 786 1866 845; baseline -0.012 -13"><span class='ocrx_word' id='word_1_374' title='bbox 999 807 1078 845; x_wconf 82' lang='lat' dir='ltr'><strong>quo</strong></span> <span class='ocrx_word' id='word_1_375' title='bbox 1084 806 1159 844; x_wconf 85' lang='lat' dir='ltr'><strong>que</strong></span> <span class='ocrx_word' id='word_1_376' title='bbox 1172 793 1302 844; x_wconf 85' lang='lat' dir='ltr'><strong>ipsum</strong></span> <span class='ocrx_word' id='word_1_377' title='bbox 1308 791 1483 842; x_wconf 83' lang='lat' dir='ltr'><strong>pessimo</strong></span> <span class='ocrx_word' id='word_1_378' title='bbox 1495 789 1572 827; x_wconf 88' lang='lat' dir='ltr'><strong>isto</strong></span> <span class='ocrx_word' id='word_1_379' title='bbox 1586 787 1701 826; x_wconf 79' lang='lat' dir='ltr'><strong>asino</strong></span> <span class='ocrx_word' id='word_1_380' title='bbox 1710 786 1866 824; x_wconf 81' lang='lat' dir='ltr'><strong>demere</strong></span> 
     </span>
     <span class='ocr_line' id='line_1_58' title="bbox 994 842 1864 892; baseline -0.01 -6"><span class='ocrx_word' id='word_1_381' title='bbox 994 849 1060 886; x_wconf 90' lang='lat' dir='ltr'><strong>ubi</strong></span> <span class='ocrx_word' id='word_1_382' title='bbox 1072 852 1200 887; x_wconf 89' lang='lat' dir='ltr'><strong>tamen</strong></span> <span class='ocrx_word' id='word_1_383' title='bbox 1213 859 1366 885; x_wconf 84' lang='lat' dir='ltr'><strong>summa</strong></span> <span class='ocrx_word' id='word_1_384' title='bbox 1377 848 1439 883; x_wconf 90' lang='lat' dir='ltr'><strong>est</strong></span> <span class='ocrx_word' id='word_1_385' title='bbox 1451 843 1630 882; x_wconf 88' lang='lat' dir='ltr'><strong>lectionis</strong></span> <span class='ocrx_word' id='word_1_386' title='bbox 1643 842 1864 892; x_wconf 85' lang='lat' dir='ltr'><strong>discrepan-</strong></span> 
     </span>
     <span class='ocr_line' id='line_1_59' title="bbox 994 897 1865 952; baseline -0.01 -9"><span class='ocrx_word' id='word_1_387' title='bbox 994 905 1059 943; x_wconf 89' lang='lat' dir='ltr'><strong>tia.</strong></span> <span class='ocrx_word' id='word_1_388' title='bbox 1086 904 1169 942; x_wconf 90' lang='lat' dir='ltr'><strong>Sed</strong></span> <span class='ocrx_word' id='word_1_389' title='bbox 1195 903 1243 942; x_wconf 86' lang='lat' dir='ltr'><strong>cf.</strong></span> <span class='ocrx_word' id='word_1_390' title='bbox 1268 901 1366 941; x_wconf 85' lang='lat' dir='ltr'><strong>Met.</strong></span> <span class='ocrx_word' id='word_1_391' title='bbox 1378 900 1446 939; x_wconf 74' lang='lat' dir='ltr'><strong>VI.</strong></span> <span class='ocrx_word' id='word_1_392' title='bbox 1470 914 1508 952; x_wconf 91' lang='lat' dir='ltr'><strong>p.</strong></span> <span class='ocrx_word' id='word_1_393' title='bbox 1527 902 1621 940; x_wconf 84' lang='lat'><strong>413.</strong></span> <span class='ocrx_word' id='word_1_394' title='bbox 1649 897 1865 949; x_wconf 79' lang='lat' dir='ltr'><strong>laborique</strong></span> 
     </span>
     <span class='ocr_line' id='line_1_60' title="bbox 994 951 1863 1001; baseline -0.012 -2"><span class='ocrx_word' id='word_1_395' title='bbox 994 961 1089 999; x_wconf 80' lang='lat' dir='ltr'><strong>isto</strong></span> <span class='ocrx_word' id='word_1_396' title='bbox 1113 965 1258 999; x_wconf 87' lang='lat' dir='ltr'><strong>temere</strong></span> <span class='ocrx_word' id='word_1_397' title='bbox 1281 956 1521 1001; x_wconf 83' lang='lat' dir='ltr'><strong>succumbis,</strong></span> <span class='ocrx_word' id='word_1_398' title='bbox 1553 955 1619 994; x_wconf 91' lang='lat' dir='ltr'><strong>ubi</strong></span> <span class='ocrx_word' id='word_1_399' title='bbox 1650 955 1726 993; x_wconf 81' lang='lat' dir='ltr'><strong>isto</strong></span> <span class='ocrx_word' id='word_1_400' title='bbox 1751 951 1863 990; x_wconf 86' lang='lat' dir='ltr'><strong>codd.</strong></span> 
     </span>
     <span class='ocr_line' id='line_1_61' title="bbox 996 1008 1864 1067; baseline -0.01 -12"><span class='ocrx_word' id='word_1_401' title='bbox 996 1017 1128 1067; x_wconf 88' lang='lat' dir='ltr'><strong>optimi</strong></span> <span class='ocrx_word' id='word_1_402' title='bbox 1141 1018 1365 1053; x_wconf 85' lang='lat' dir='ltr'><strong>constanter</strong></span> <span class='ocrx_word' id='word_1_403' title='bbox 1377 1014 1550 1051; x_wconf 87' lang='lat' dir='ltr'><strong>retinent.</strong></span> <span class='ocrx_word' id='word_1_404' title='bbox 1558 1008 1864 1059; x_wconf 69' lang='lat' dir='ltr'><strong>Metxl.p.783.</strong></span> 
     </span>
     <span class='ocr_line' id='line_1_62' title="bbox 997 1068 1867 1118; baseline -0.01 -7"><span class='ocrx_word' id='word_1_405' title='bbox 997 1072 1181 1112; x_wconf 76' lang='lat' dir='ltr'><strong>candido</strong></span> <span class='ocrx_word' id='word_1_406' title='bbox 1205 1072 1303 1109; x_wconf 85' lang='lat' dir='ltr'><strong>isto</strong></span> <span class='ocrx_word' id='word_1_407' title='bbox 1328 1069 1469 1108; x_wconf 79' lang='lat' dir='ltr'><strong>habitu</strong></span> <span class='ocrx_word' id='word_1_408' title='bbox 1488 1072 1560 1107; x_wconf 87' lang='lat' dir='ltr'><strong>tuo</strong></span> <span class='ocrx_word' id='word_1_409' title='bbox 1574 1068 1867 1118; x_wconf 72' lang='lat' dir='ltr'><strong>conyruentem</strong></span> 
     </span>
     <span class='ocr_line' id='line_1_63' title="bbox 995 1119 1864 1166; baseline -0.009 0"><span class='ocrx_word' id='word_1_410' title='bbox 995 1128 1044 1166; x_wconf 89' lang='lat' dir='ltr'><strong>cf.</strong></span> <span class='ocrx_word' id='word_1_411' title='bbox 1069 1127 1193 1166; x_wconf 73' lang='lat' dir='ltr'><strong>Voss.</strong></span> <span class='ocrx_word' id='word_1_412' title='bbox 1218 1126 1268 1164; x_wconf 89' lang='lat' dir='ltr'><strong>de</strong></span> <span class='ocrx_word' id='word_1_413' title='bbox 1292 1124 1405 1163; x_wconf 88' lang='lat' dir='ltr'><strong>Anal.</strong></span> <span class='ocrx_word' id='word_1_414' title='bbox 1425 1123 1492 1163; x_wconf 71' lang='lat' dir='ltr'><strong>lv.</strong></span> <span class='ocrx_word' id='word_1_415' title='bbox 1517 1137 1547 1162; x_wconf 94' lang='lat' dir='ltr'><strong>c.</strong></span> <span class='ocrx_word' id='word_1_416' title='bbox 1575 1127 1611 1164; x_wconf 87' lang='lat'><strong>6.</strong></span> <span class='ocrx_word' id='word_1_417' title='bbox 1637 1125 1676 1159; x_wconf 90' lang='lat' dir='ltr'><strong>et</strong></span> <span class='ocrx_word' id='word_1_418' title='bbox 1700 1121 1787 1160; x_wconf 89' lang='lat' dir='ltr'><strong>dict.</strong></span> <span class='ocrx_word' id='word_1_419' title='bbox 1814 1119 1864 1158; x_wconf 86' lang='lat' dir='ltr'><strong>ad</strong></span> 
     </span>
     <span class='ocr_line' id='line_1_64' title="bbox 992 1181 1362 1234; baseline -0.008 -12"><span class='ocrx_word' id='word_1_420' title='bbox 992 1183 1091 1222; x_wconf 82' lang='lat' dir='ltr'><strong>Met.</strong></span> <span class='ocrx_word' id='word_1_421' title='bbox 1116 1181 1179 1221; x_wconf 92' lang='lat' dir='ltr'><strong>III.</strong></span> <span class='ocrx_word' id='word_1_422' title='bbox 1204 1196 1242 1234; x_wconf 90' lang='lat' dir='ltr'><strong>p.</strong></span> <span class='ocrx_word' id='word_1_423' title='bbox 1268 1185 1362 1223; x_wconf 89' lang='grc'><strong>210.</strong></span> 
     </span>
    </p>

    <p class='ocr_par' dir='ltr' id='par_1_11' title="bbox 985 1232 1864 3142">
     <span class='ocr_line' id='line_1_65' title="bbox 1044 1232 1864 1291; baseline -0.011 -13"><span class='ocrx_word' id='word_1_424' title='bbox 1044 1242 1363 1291; x_wconf 78' lang='lat' dir='ltr'><strong>perpetraturae</strong></span> <span class='ocrx_word' id='word_1_425' title='bbox 1377 1236 1524 1274; x_wconf 74' lang='lat' dir='ltr'><strong>venitis.</strong></span> <span class='ocrx_word' id='word_1_426' title='bbox 1551 1232 1684 1273; x_wconf 81' lang='lat' dir='ltr'><strong>Minus</strong></span> <span class='ocrx_word' id='word_1_427' title='bbox 1699 1237 1864 1271; x_wconf 79' lang='lat' dir='ltr'><strong>venuste</strong></span> 
     </span>
     <span class='ocr_line' id='line_1_66' title="bbox 991 1288 1863 1345; baseline -0.009 -11"><span class='ocrx_word' id='word_1_428' title='bbox 991 1296 1198 1334; x_wconf 80' lang='lat' dir='ltr'><strong>maximam</strong></span> <span class='ocrx_word' id='word_1_429' title='bbox 1211 1296 1361 1345; x_wconf 83' lang='lat' dir='ltr'><strong>partem</strong></span> <span class='ocrx_word' id='word_1_430' title='bbox 1376 1291 1465 1329; x_wconf 86' lang='lat' dir='ltr'><strong>edd.</strong></span> <span class='ocrx_word' id='word_1_431' title='bbox 1480 1292 1531 1329; x_wconf 88' lang='lat' dir='ltr'><strong>ita</strong></span> <span class='ocrx_word' id='word_1_432' title='bbox 1544 1289 1689 1341; x_wconf 78' lang='lat' dir='ltr'><strong>legere,</strong></span> <span class='ocrx_word' id='word_1_433' title='bbox 1706 1288 1863 1327; x_wconf 60' lang='lat' dir='ltr'><strong>(Tolvius</strong></span> 
     </span>
     <span class='ocr_line' id='line_1_67' title="bbox 990 1348 1863 1402; baseline -0.009 -12"><span class='ocrx_word' id='word_1_434' title='bbox 990 1349 1265 1402; x_wconf 78' lang='lat' dir='ltr'><strong>pronuntiavit,</strong></span> <span class='ocrx_word' id='word_1_435' title='bbox 1291 1348 1356 1398; x_wconf 89' lang='lat' dir='ltr'><strong>qui</strong></span> <span class='ocrx_word' id='word_1_436' title='bbox 1380 1348 1509 1399; x_wconf 86' lang='lat' dir='ltr'><strong>potius</strong></span> <span class='ocrx_word' id='word_1_437' title='bbox 1527 1350 1781 1398; x_wconf 76' lang='lat' dir='ltr'><strong>perpetuare</strong></span> <span class='ocrx_word' id='word_1_438' title='bbox 1805 1357 1863 1382; x_wconf 83' lang='lat' dir='ltr'><strong>re-</strong></span> 
     </span>
     <span class='ocr_line' id='line_1_68' title="bbox 992 1400 1864 1454; baseline -0.009 -9"><span class='ocrx_word' id='word_1_439' title='bbox 992 1408 1089 1446; x_wconf 80' lang='lat' dir='ltr'><strong>nitis</strong></span> <span class='ocrx_word' id='word_1_440' title='bbox 1103 1405 1165 1443; x_wconf 79' lang='lat' dir='ltr'><strong>rel</strong></span> <span class='ocrx_word' id='word_1_441' title='bbox 1179 1418 1265 1443; x_wconf 87' lang='lat' dir='ltr'><strong>cum</strong></span> <span class='ocrx_word' id='word_1_442' title='bbox 1284 1404 1440 1454; x_wconf 88' lang='lat' dir='ltr'><strong>Lipsi0:</strong></span> <span class='ocrx_word' id='word_1_443' title='bbox 1460 1407 1707 1454; x_wconf 78' lang='lat' dir='ltr'><strong>perpetrare</strong></span> <span class='ocrx_word' id='word_1_444' title='bbox 1727 1400 1864 1438; x_wconf 70' lang='lat' dir='ltr'><strong>venitis</strong></span> 
     </span>
     <span class='ocr_line' id='line_1_69' title="bbox 991 1455 1862 1510; baseline -0.009 -11"><span class='ocrx_word' id='word_1_445' title='bbox 991 1462 1171 1507; x_wconf 74' lang='lat' dir='ltr'><strong>volebat,</strong></span> <span class='ocrx_word' id='word_1_446' title='bbox 1196 1465 1235 1499; x_wconf 89' lang='lat' dir='ltr'><strong>et</strong></span> <span class='ocrx_word' id='word_1_447' title='bbox 1248 1459 1428 1499; x_wconf 82' lang='lat' dir='ltr'><strong>Roaldus</strong></span> <span class='ocrx_word' id='word_1_448' title='bbox 1444 1471 1599 1510; x_wconf 88' lang='lat' dir='ltr'><strong>quoque</strong></span> <span class='ocrx_word' id='word_1_449' title='bbox 1619 1458 1653 1494; x_wconf 90' lang='lat' dir='ltr'><strong>in</strong></span> <span class='ocrx_word' id='word_1_450' title='bbox 1670 1456 1784 1493; x_wconf 83' lang='lat' dir='ltr'><strong>coita</strong></span> <span class='ocrx_word' id='word_1_451' title='bbox 1808 1455 1862 1492; x_wconf 82' lang='lat' dir='ltr'><strong>os-</strong></span> 
     </span>
     <span class='ocr_line' id='line_1_70' title="bbox 992 1511 1864 1569; baseline -0.011 -12"><span class='ocrx_word' id='word_1_452' title='bbox 992 1518 1134 1564; x_wconf 73' lang='lat' dir='ltr'><strong>senuit,</strong></span> <span class='ocrx_word' id='word_1_453' title='bbox 1164 1521 1207 1556; x_wconf 88' lang='lat' dir='ltr'><strong>ut</strong></span> <span class='ocrx_word' id='word_1_454' title='bbox 1226 1520 1536 1569; x_wconf 79' lang='lat' dir='ltr'><strong>perpacaturae</strong></span> <span class='ocrx_word' id='word_1_455' title='bbox 1561 1514 1718 1556; x_wconf 71' lang='lat' dir='ltr'><strong>venitis,</strong></span> <span class='ocrx_word' id='word_1_456' title='bbox 1751 1511 1864 1548; x_wconf 86' lang='lat' dir='ltr'><strong>conii-</strong></span> 
     </span>
     <span class='ocr_line' id='line_1_71' title="bbox 993 1568 1861 1625; baseline -0.012 -11"><span class='ocrx_word' id='word_1_457' title='bbox 993 1578 1110 1614; x_wconf 87' lang='lat' dir='ltr'><strong>ceret.</strong></span> <span class='ocrx_word' id='word_1_458' title='bbox 1141 1572 1274 1625; x_wconf 83' lang='lat' dir='ltr'><strong>[Quae</strong></span> <span class='ocrx_word' id='word_1_459' title='bbox 1299 1585 1434 1610; x_wconf 87' lang='lat' dir='ltr'><strong>omnes</strong></span> <span class='ocrx_word' id='word_1_460' title='bbox 1461 1568 1754 1609; x_wconf 74' lang='lat' dir='ltr'><strong>emendationes</strong></span> <span class='ocrx_word' id='word_1_461' title='bbox 1779 1580 1861 1618; x_wconf 44' lang='lat' dir='ltr'><strong>pro*</strong></span> 
     </span>
     <span class='ocr_line' id='line_1_72' title="bbox 991 1624 1863 1677; baseline -0.013 -7"><span class='ocrx_word' id='word_1_462' title='bbox 991 1631 1102 1677; x_wconf 88' lang='lat' dir='ltr'><strong>bant,</strong></span> <span class='ocrx_word' id='word_1_463' title='bbox 1126 1630 1361 1668; x_wconf 84' lang='lat' dir='ltr'><strong>sententiam</strong></span> <span class='ocrx_word' id='word_1_464' title='bbox 1386 1627 1463 1665; x_wconf 88' lang='lat' dir='ltr'><strong>loci</strong></span> <span class='ocrx_word' id='word_1_465' title='bbox 1487 1640 1510 1665; x_wconf 88' lang='lat' dir='ltr'><strong>a</strong></span> <span class='ocrx_word' id='word_1_466' title='bbox 1528 1626 1620 1664; x_wconf 81' lang='lat' dir='ltr'><strong>viris</strong></span> <span class='ocrx_word' id='word_1_467' title='bbox 1640 1624 1768 1662; x_wconf 83' lang='lat' dir='ltr'><strong>doctis</strong></span> <span class='ocrx_word' id='word_1_468' title='bbox 1789 1636 1863 1661; x_wconf 91' lang='lat' dir='ltr'><strong>non</strong></span> 
     </span>
     <span class='ocr_line' id='line_1_73' title="bbox 992 1679 1864 1738; baseline -0.013 -12"><span class='ocrx_word' id='word_1_469' title='bbox 992 1700 1086 1726; x_wconf 86' lang='lat' dir='ltr'><strong>esse</strong></span> <span class='ocrx_word' id='word_1_470' title='bbox 1110 1688 1369 1738; x_wconf 81' lang='lat' dir='ltr'><strong>perspectam.</strong></span> <span class='ocrx_word' id='word_1_471' title='bbox 1397 1682 1641 1734; x_wconf 83' lang='lat' dir='ltr'><strong>Quamquam</strong></span> <span class='ocrx_word' id='word_1_472' title='bbox 1662 1693 1731 1731; x_wconf 82' lang='lat' dir='ltr'><strong>per</strong></span> <span class='ocrx_word' id='word_1_473' title='bbox 1751 1679 1864 1729; x_wconf 68' lang='lat' dir='ltr'><strong>leges</strong></span> 
     </span>
     <span class='ocr_line' id='line_1_74' title="bbox 991 1736 1864 1795; baseline -0.011 -13"><span class='ocrx_word' id='word_1_474' title='bbox 991 1743 1261 1795; x_wconf 82' lang='lat' dir='ltr'><strong>grammaticas</strong></span> <span class='ocrx_word' id='word_1_475' title='bbox 1293 1741 1405 1778; x_wconf 88' lang='lat' dir='ltr'><strong>lcctio</strong></span> <span class='ocrx_word' id='word_1_476' title='bbox 1438 1743 1688 1791; x_wconf 79' lang='lat' dir='ltr'><strong>perpetrare</strong></span> <span class='ocrx_word' id='word_1_477' title='bbox 1725 1736 1864 1775; x_wconf 72' lang='lat' dir='ltr'><strong>venitis</strong></span> 
     </span>
     <span class='ocr_line' id='line_1_75' title="bbox 989 1792 1863 1849; baseline -0.011 -11"><span class='ocrx_word' id='word_1_478' title='bbox 989 1801 1092 1838; x_wconf 89' lang='lat' dir='ltr'><strong>reiici</strong></span> <span class='ocrx_word' id='word_1_479' title='bbox 1116 1812 1191 1837; x_wconf 91' lang='lat' dir='ltr'><strong>non</strong></span> <span class='ocrx_word' id='word_1_480' title='bbox 1216 1800 1368 1849; x_wconf 87' lang='lat' dir='ltr'><strong>potest,</strong></span> <span class='ocrx_word' id='word_1_481' title='bbox 1393 1799 1520 1834; x_wconf 86' lang='lat' dir='ltr'><strong>tamen</strong></span> <span class='ocrx_word' id='word_1_482' title='bbox 1536 1807 1636 1845; x_wconf 86' lang='lat' dir='ltr'><strong>quae</strong></span> <span class='ocrx_word' id='word_1_483' title='bbox 1651 1792 1863 1830; x_wconf 82' lang='lat' dir='ltr'><strong>indemens</strong></span> 
     </span>
     <span class='ocr_line' id='line_1_76' title="bbox 990 1848 1863 1906; baseline -0.011 -12"><span class='ocrx_word' id='word_1_484' title='bbox 990 1856 1070 1894; x_wconf 88' lang='lat' dir='ltr'><strong>crui</strong></span> <span class='ocrx_word' id='word_1_485' title='bbox 1088 1854 1236 1906; x_wconf 84' lang='lat' dir='ltr'><strong>possit,</strong></span> <span class='ocrx_word' id='word_1_486' title='bbox 1262 1867 1336 1891; x_wconf 90' lang='lat' dir='ltr'><strong>non</strong></span> <span class='ocrx_word' id='word_1_487' title='bbox 1357 1851 1482 1890; x_wconf 84' lang='lat' dir='ltr'><strong>video.</strong></span> <span class='ocrx_word' id='word_1_488' title='bbox 1507 1850 1653 1888; x_wconf 72' lang='lat' dir='ltr'><strong>Notum</strong></span> <span class='ocrx_word' id='word_1_489' title='bbox 1673 1848 1774 1887; x_wconf 87' lang='lat' dir='ltr'><strong>enim</strong></span> <span class='ocrx_word' id='word_1_490' title='bbox 1788 1850 1863 1891; x_wconf 88' lang='lat' dir='ltr'><strong>est,</strong></span> 
     </span>
     <span class='ocr_line' id='line_1_77' title="bbox 989 1903 1864 1962; baseline -0.011 -12"><span class='ocrx_word' id='word_1_491' title='bbox 989 1911 1211 1950; x_wconf 80' lang='lat' dir='ltr'><strong>infinitivum</strong></span> <span class='ocrx_word' id='word_1_492' title='bbox 1249 1908 1412 1962; x_wconf 80' lang='lat' dir='ltr'><strong>saepius</strong></span> <span class='ocrx_word' id='word_1_493' title='bbox 1447 1907 1539 1959; x_wconf 88' lang='lat' dir='ltr'><strong>poni</strong></span> <span class='ocrx_word' id='word_1_494' title='bbox 1575 1908 1666 1957; x_wconf 81' lang='lat' dir='ltr'><strong>post</strong></span> <span class='ocrx_word' id='word_1_495' title='bbox 1702 1903 1864 1941; x_wconf 85' lang='lat' dir='ltr'><strong>verbum</strong></span> 
     </span>
     <span class='ocr_line' id='line_1_78' title="bbox 988 1959 1862 2016; baseline -0.013 -9"><span class='ocrx_word' id='word_1_496' title='bbox 988 1969 1104 2008; x_wconf 74' lang='lat' dir='ltr'><strong>renio</strong></span> <span class='ocrx_word' id='word_1_497' title='bbox 1140 1966 1294 2016; x_wconf 84' lang='lat' dir='ltr'><strong>aliaque</strong></span> <span class='ocrx_word' id='word_1_498' title='bbox 1309 1996 1319 2011; x_wconf 87' lang='lat'><strong><em>,</em></strong></span> <span class='ocrx_word' id='word_1_499' title='bbox 1363 1976 1463 2014; x_wconf 87' lang='lat' dir='ltr'><strong>quae</strong></span> <span class='ocrx_word' id='word_1_500' title='bbox 1499 1966 1645 2000; x_wconf 87' lang='lat' dir='ltr'><strong>motum</strong></span> <span class='ocrx_word' id='word_1_501' title='bbox 1680 1959 1862 2004; x_wconf 87' lang='lat' dir='ltr'><strong>indicant,</strong></span> 
     </span>
     <span class='ocr_line' id='line_1_79' title="bbox 987 2013 1862 2071; baseline -0.011 -9"><span class='ocrx_word' id='word_1_502' title='bbox 987 2025 1053 2062; x_wconf 91' lang='lat' dir='ltr'><strong>ubi</strong></span> <span class='ocrx_word' id='word_1_503' title='bbox 1075 2022 1218 2061; x_wconf 88' lang='lat' dir='ltr'><strong>melius</strong></span> <span class='ocrx_word' id='word_1_504' title='bbox 1243 2023 1496 2071; x_wconf 79' lang='lat' dir='ltr'><strong>exspectatur</strong></span> <span class='ocrx_word' id='word_1_505' title='bbox 1519 2017 1649 2068; x_wconf 86' lang='lat' dir='ltr'><strong>supini</strong></span> <span class='ocrx_word' id='word_1_506' title='bbox 1674 2015 1799 2054; x_wconf 84' lang='lat' dir='ltr'><strong>forma</strong></span> <span class='ocrx_word' id='word_1_507' title='bbox 1821 2013 1862 2053; x_wconf 90' lang='lat' dir='ltr'><strong>in</strong></span> 
     </span>
     <span class='ocr_line' id='line_1_80' title="bbox 986 2071 1860 2128; baseline -0.013 -9"><span class='ocrx_word' id='word_1_508' title='bbox 986 2095 1023 2119; x_wconf 89' lang='lat' dir='ltr'><strong>u.</strong></span> <span class='ocrx_word' id='word_1_509' title='bbox 1048 2078 1137 2118; x_wconf 90' lang='lat' dir='ltr'><strong>Hoc</strong></span> <span class='ocrx_word' id='word_1_510' title='bbox 1161 2091 1211 2116; x_wconf 83' lang='lat' dir='ltr'><strong>ex</strong></span> <span class='ocrx_word' id='word_1_511' title='bbox 1235 2077 1360 2128; x_wconf 85' lang='lat' dir='ltr'><strong>ipsius</strong></span> <span class='ocrx_word' id='word_1_512' title='bbox 1384 2074 1543 2126; x_wconf 85' lang='lat' dir='ltr'><strong>Apuleii</strong></span> <span class='ocrx_word' id='word_1_513' title='bbox 1567 2071 1749 2123; x_wconf 83' lang='lat' dir='ltr'><strong>exemplo</strong></span> <span class='ocrx_word' id='word_1_514' title='bbox 1774 2085 1860 2123; x_wconf 90' lang='lat' dir='ltr'><strong>pro-</strong></span> 
     </span>
     <span class='ocr_line' id='line_1_81' title="bbox 989 2128 1863 2186; baseline -0.009 -12"><span class='ocrx_word' id='word_1_515' title='bbox 989 2137 1070 2174; x_wconf 84' lang='lat' dir='ltr'><strong>bari</strong></span> <span class='ocrx_word' id='word_1_516' title='bbox 1085 2135 1242 2186; x_wconf 83' lang='lat' dir='ltr'><strong>poterit3</strong></span> <span class='ocrx_word' id='word_1_517' title='bbox 1263 2129 1485 2171; x_wconf 67' lang='lat' dir='ltr'><strong>efiMetNI.</strong></span> <span class='ocrx_word' id='word_1_518' title='bbox 1495 2143 1532 2181; x_wconf 89' lang='lat' dir='ltr'><strong>p.</strong></span> <span class='ocrx_word' id='word_1_519' title='bbox 1543 2133 1635 2171; x_wconf 86' lang='lat'><strong>397.</strong></span> <span class='ocrx_word' id='word_1_520' title='bbox 1645 2128 1863 2181; x_wconf 78' lang='lat' dir='ltr'><strong>Anpotius</strong></span> 
     </span>
     <span class='ocr_line' id='line_1_82' title="bbox 988 2182 1862 2231; baseline -0.01 0"><span class='ocrx_word' id='word_1_521' title='bbox 988 2193 1177 2231; x_wconf 80' lang='lat' dir='ltr'><strong>maritum</strong></span> <span class='ocrx_word' id='word_1_522' title='bbox 1286 2189 1519 2228; x_wconf 70' lang='lat' dir='ltr'><strong>intervisere</strong></span> <span class='ocrx_word' id='word_1_523' title='bbox 1542 2186 1684 2225; x_wconf 72' lang='lat' dir='ltr'><strong>venisti</strong></span> <span class='ocrx_word' id='word_1_524' title='bbox 1730 2182 1862 2222; x_wconf 90' lang='lat' dir='ltr'><strong>Plaut.</strong></span> 
     </span>
     <span class='ocr_line' id='line_1_83' title="bbox 988 2240 1861 2286; baseline -0.01 0"><span class='ocrx_word' id='word_1_525' title='bbox 988 2247 1162 2286; x_wconf 88' lang='lat' dir='ltr'><strong>Rudent.</strong></span> <span class='ocrx_word' id='word_1_526' title='bbox 1187 2245 1215 2285; x_wconf 91' lang='lat' dir='ltr'><strong>I.</strong></span> <span class='ocrx_word' id='word_1_527' title='bbox 1242 2249 1278 2286; x_wconf 94' lang='grc'><strong>2.</strong></span> <span class='ocrx_word' id='word_1_528' title='bbox 1306 2248 1342 2286; x_wconf 90' lang='grc'><strong>6.</strong></span> <span class='ocrx_word' id='word_1_529' title='bbox 1367 2244 1492 2284; x_wconf 73' lang='lat' dir='ltr'><strong>Nunc</strong></span> <span class='ocrx_word' id='word_1_530' title='bbox 1515 2241 1596 2282; x_wconf 77' lang='lat' dir='ltr'><strong>huc</strong></span> <span class='ocrx_word' id='word_1_531' title='bbox 1621 2241 1679 2280; x_wconf 70' lang='lat' dir='ltr'><strong>acl</strong></span> <span class='ocrx_word' id='word_1_532' title='bbox 1698 2240 1861 2280; x_wconf 73' lang='lat' dir='ltr'><strong>Veneris</strong></span> 
     </span>
     <span class='ocr_line' id='line_1_84' title="bbox 985 2296 1862 2356; baseline -0.013 -12"><span class='ocrx_word' id='word_1_533' title='bbox 985 2306 1132 2356; x_wconf 84' lang='lat' dir='ltr'><strong>fanum</strong></span> <span class='ocrx_word' id='word_1_534' title='bbox 1146 2303 1259 2342; x_wconf 77' lang='lat' dir='ltr'><strong>renio</strong></span> <span class='ocrx_word' id='word_1_535' title='bbox 1272 2302 1405 2340; x_wconf 76' lang='lat' dir='ltr'><strong>risere.</strong></span> <span class='ocrx_word' id='word_1_536' title='bbox 1421 2297 1601 2338; x_wconf 81' lang='lat' dir='ltr'><strong>Casin.V.</strong></span> <span class='ocrx_word' id='word_1_537' title='bbox 1613 2302 1646 2338; x_wconf 92' lang='lat'><strong>1.</strong></span> <span class='ocrx_word' id='word_1_538' title='bbox 1657 2301 1692 2337; x_wconf 88' lang='grc'><strong>2.</strong></span> <span class='ocrx_word' id='word_1_539' title='bbox 1707 2296 1862 2335; x_wconf 61' lang='lat' dir='ltr'><strong>erimus</strong></span> 
     </span>
     <span class='ocr_line' id='line_1_85' title="bbox 989 2352 1861 2404; baseline -0.011 -5"><span class='ocrx_word' id='word_1_540' title='bbox 989 2361 1097 2399; x_wconf 81' lang='lat' dir='ltr'><strong>intus</strong></span> <span class='ocrx_word' id='word_1_541' title='bbox 1123 2358 1244 2399; x_wconf 77' lang='lat' dir='ltr'><strong>ludos</strong></span> <span class='ocrx_word' id='word_1_542' title='bbox 1268 2358 1391 2397; x_wconf 73' lang='lat' dir='ltr'><strong>risere</strong></span> <span class='ocrx_word' id='word_1_543' title='bbox 1416 2356 1496 2395; x_wconf 73' lang='lat' dir='ltr'><strong>leae</strong></span> <span class='ocrx_word' id='word_1_544' title='bbox 1518 2356 1563 2393; x_wconf 88' lang='lat' dir='ltr'><strong>in</strong></span> <span class='ocrx_word' id='word_1_545' title='bbox 1579 2354 1680 2394; x_wconf 84' lang='lat' dir='ltr'><strong>urbe</strong></span> <span class='ocrx_word' id='word_1_546' title='bbox 1698 2352 1861 2404; x_wconf 74' lang='lat' dir='ltr'><strong>nuptia-</strong></span> 
     </span>
     <span class='ocr_line' id='line_1_86' title="bbox 991 2406 1863 2464; baseline -0.013 -9"><span class='ocrx_word' id='word_1_547' title='bbox 991 2416 1079 2462; x_wconf 76' lang='lat' dir='ltr'><strong>leis,</strong></span> <span class='ocrx_word' id='word_1_548' title='bbox 1105 2415 1155 2453; x_wconf 86' lang='lat' dir='ltr'><strong>de</strong></span> <span class='ocrx_word' id='word_1_549' title='bbox 1180 2427 1256 2464; x_wconf 86' lang='lat' dir='ltr'><strong>quo</strong></span> <span class='ocrx_word' id='word_1_550' title='bbox 1281 2427 1356 2451; x_wconf 89' lang='lat' dir='ltr'><strong>usu</strong></span> <span class='ocrx_word' id='word_1_551' title='bbox 1375 2411 1478 2450; x_wconf 90' lang='lat' dir='ltr'><strong>Oud.</strong></span> <span class='ocrx_word' id='word_1_552' title='bbox 1504 2411 1648 2449; x_wconf 86' lang='lat' dir='ltr'><strong>excitat</strong></span> <span class='ocrx_word' id='word_1_553' title='bbox 1659 2408 1793 2447; x_wconf 80' lang='lat' dir='ltr'><strong>Burni.</strong></span> <span class='ocrx_word' id='word_1_554' title='bbox 1811 2406 1863 2445; x_wconf 86' lang='lat' dir='ltr'><strong>ad</strong></span> 
     </span>
     <span class='ocr_line' id='line_1_87' title="bbox 988 2463 1860 2517; baseline -0.008 -9"><span class='ocrx_word' id='word_1_555' title='bbox 988 2472 1122 2510; x_wconf 68' lang='lat' dir='ltr'><strong>Valer.</strong></span> <span class='ocrx_word' id='word_1_556' title='bbox 1136 2470 1270 2510; x_wconf 87' lang='lat' dir='ltr'><strong>Flacc.</strong></span> <span class='ocrx_word' id='word_1_557' title='bbox 1282 2468 1352 2507; x_wconf 76' lang='lat' dir='ltr'><strong>vl.</strong></span> <span class='ocrx_word' id='word_1_558' title='bbox 1369 2471 1462 2509; x_wconf 89' lang='grc'><strong>646.</strong></span> <span class='ocrx_word' id='word_1_559' title='bbox 1486 2467 1594 2517; x_wconf 70' lang='lat' dir='ltr'><strong>Virg.</strong></span> <span class='ocrx_word' id='word_1_560' title='bbox 1607 2465 1707 2504; x_wconf 88' lang='lat' dir='ltr'><strong>Aen.</strong></span> <span class='ocrx_word' id='word_1_561' title='bbox 1722 2463 1750 2502; x_wconf 91' lang='lat' dir='ltr'><strong>I.</strong></span> <span class='ocrx_word' id='word_1_562' title='bbox 1766 2466 1860 2502; x_wconf 83' lang='lat'><strong>528.</strong></span> 
     </span>
     <span class='ocr_line' id='line_1_88' title="bbox 989 2519 1861 2567; baseline -0.01 -1"><span class='ocrx_word' id='word_1_563' title='bbox 989 2527 1201 2567; x_wconf 86' lang='lat' dir='ltr'><strong>Praeterea</strong></span> <span class='ocrx_word' id='word_1_564' title='bbox 1247 2525 1294 2565; x_wconf 88' lang='lat' dir='ltr'><strong>cf.</strong></span> <span class='ocrx_word' id='word_1_565' title='bbox 1328 2524 1484 2563; x_wconf 89' lang='lat' dir='ltr'><strong>Terent.</strong></span> <span class='ocrx_word' id='word_1_566' title='bbox 1518 2522 1616 2562; x_wconf 88' lang='lat' dir='ltr'><strong>Eun.</strong></span> <span class='ocrx_word' id='word_1_567' title='bbox 1641 2520 1704 2559; x_wconf 92' lang='lat' dir='ltr'><strong>Ill.</strong></span> <span class='ocrx_word' id='word_1_568' title='bbox 1731 2523 1767 2559; x_wconf 90' lang='lat'><strong>3.</strong></span> <span class='ocrx_word' id='word_1_569' title='bbox 1795 2519 1861 2559; x_wconf 77' lang='lat'><strong>22.</strong></span> 
     </span>
     <span class='ocr_line' id='line_1_89' title="bbox 991 2574 1860 2628; baseline -0.015 -4"><span class='ocrx_word' id='word_1_570' title='bbox 991 2585 1097 2624; x_wconf 79' lang='lat' dir='ltr'><strong>misit</strong></span> <span class='ocrx_word' id='word_1_571' title='bbox 1120 2596 1250 2628; x_wconf 79' lang='lat' dir='ltr'><strong>orare,</strong></span> <span class='ocrx_word' id='word_1_572' title='bbox 1268 2581 1335 2621; x_wconf 91' lang='lat' dir='ltr'><strong>ubi</strong></span> <span class='ocrx_word' id='word_1_573' title='bbox 1358 2580 1518 2619; x_wconf 87' lang='lat' dir='ltr'><strong>adeatur</strong></span> <span class='ocrx_word' id='word_1_574' title='bbox 1541 2577 1697 2616; x_wconf 86' lang='lat' dir='ltr'><strong>Ruhnk.</strong></span> <span class='ocrx_word' id='word_1_575' title='bbox 1723 2574 1860 2613; x_wconf 86' lang='lat' dir='ltr'><strong>Heius.</strong></span> 
     </span>
     <span class='ocr_line' id='line_1_90' title="bbox 990 2630 1864 2679; baseline -0.011 0"><span class='ocrx_word' id='word_1_576' title='bbox 990 2638 1310 2679; x_wconf 78' lang='lat' dir='ltr'><strong>a‹10vid.Met.V.</strong></span> <span class='ocrx_word' id='word_1_577' title='bbox 1321 2636 1491 2678; x_wconf 83' lang='grc' dir='ltr'><strong>660.Ι)ι·.</strong></span> <span class='ocrx_word' id='word_1_578' title='bbox 1502 2635 1552 2674; x_wconf 84' lang='lat' dir='ltr'><strong>ad</strong></span> <span class='ocrx_word' id='word_1_579' title='bbox 1561 2632 1702 2672; x_wconf 74' lang='lat' dir='ltr'><strong>silJV.</strong></span> <span class='ocrx_word' id='word_1_580' title='bbox 1714 2630 1864 2671; x_wconf 77' lang='lat' dir='ltr'><strong>795.ad</strong></span> 
     </span>
     <span class='ocr_line' id='line_1_91' title="bbox 992 2685 1860 2735; baseline -0.01 -2"><span class='ocrx_word' id='word_1_581' title='bbox 992 2695 1268 2735; x_wconf 76' lang='lat' dir='ltr'><strong>Ovidfleroid.</strong></span> <span class='ocrx_word' id='word_1_582' title='bbox 1277 2693 1303 2733; x_wconf 88' lang='lat' dir='ltr'><strong>I.</strong></span> <span class='ocrx_word' id='word_1_583' title='bbox 1313 2697 1377 2734; x_wconf 87' lang='lat'><strong>37.</strong></span> <span class='ocrx_word' id='word_1_584' title='bbox 1390 2691 1524 2731; x_wconf 85' lang='lat' dir='ltr'><strong>Barth.</strong></span> <span class='ocrx_word' id='word_1_585' title='bbox 1532 2689 1700 2728; x_wconf 80' lang='lat' dir='ltr'><strong>Advers.</strong></span> <span class='ocrx_word' id='word_1_586' title='bbox 1710 2685 1860 2725; x_wconf 79' lang='lat' dir='ltr'><strong>XXVI.</strong></span> 
     </span>
     <span class='ocr_line' id='line_1_92' title="bbox 992 2741 1859 2804; baseline -0.015 -11"><span class='ocrx_word' id='word_1_587' title='bbox 992 2756 1030 2793; x_wconf 83' lang='lat'><strong>3.</strong></span> <span class='ocrx_word' id='word_1_588' title='bbox 1053 2765 1090 2804; x_wconf 92' lang='lat' dir='ltr'><strong>p.</strong></span> <span class='ocrx_word' id='word_1_589' title='bbox 1120 2755 1240 2793; x_wconf 83' lang='lat'><strong>1261.</strong></span> <span class='ocrx_word' id='word_1_590' title='bbox 1263 2749 1397 2802; x_wconf 89' lang='lat' dir='ltr'><strong>Kopp.</strong></span> <span class='ocrx_word' id='word_1_591' title='bbox 1421 2748 1472 2786; x_wconf 88' lang='lat' dir='ltr'><strong>ad</strong></span> <span class='ocrx_word' id='word_1_592' title='bbox 1496 2746 1611 2785; x_wconf 85' lang='lat' dir='ltr'><strong>Mart.</strong></span> <span class='ocrx_word' id='word_1_593' title='bbox 1638 2742 1789 2794; x_wconf 84' lang='lat' dir='ltr'><strong>Capell.</strong></span> <span class='ocrx_word' id='word_1_594' title='bbox 1814 2741 1859 2780; x_wconf 87' lang='lat' dir='ltr'><strong>II.</strong></span> 
     </span>
     <span class='ocr_line' id='line_1_93' title="bbox 992 2797 1860 2859; baseline -0.013 -12"><span class='ocrx_word' id='word_1_595' title='bbox 992 2808 1022 2858; x_wconf 63' lang='grc' dir='ltr'><strong>ξ.</strong></span> <span class='ocrx_word' id='word_1_596' title='bbox 1058 2811 1148 2849; x_wconf 88' lang='grc'><strong>119.</strong></span> <span class='ocrx_word' id='word_1_597' title='bbox 1177 2821 1215 2859; x_wconf 88' lang='lat' dir='ltr'><strong>p.</strong></span> <span class='ocrx_word' id='word_1_598' title='bbox 1244 2809 1335 2847; x_wconf 88' lang='lat'><strong>164.</strong></span> <span class='ocrx_word' id='word_1_599' title='bbox 1372 2803 1507 2843; x_wconf 85' lang='lat' dir='ltr'><strong>Munk.</strong></span> <span class='ocrx_word' id='word_1_600' title='bbox 1539 2801 1590 2840; x_wconf 85' lang='lat' dir='ltr'><strong>ad</strong></span> <span class='ocrx_word' id='word_1_601' title='bbox 1613 2800 1757 2851; x_wconf 77' lang='lat' dir='ltr'><strong>Hygin.</strong></span> <span class='ocrx_word' id='word_1_602' title='bbox 1783 2797 1860 2836; x_wconf 84' lang='lat' dir='ltr'><strong>sab.</strong></span> 
     </span>
     <span class='ocr_line' id='line_1_94' title="bbox 990 2855 1859 2914; baseline -0.013 -11"><span class='ocrx_word' id='word_1_603' title='bbox 990 2863 1185 2903; x_wconf 80' lang='lat' dir='ltr'><strong>CXLVII.</strong></span> <span class='ocrx_word' id='word_1_604' title='bbox 1209 2876 1246 2914; x_wconf 89' lang='lat' dir='ltr'><strong>p.</strong></span> <span class='ocrx_word' id='word_1_605' title='bbox 1273 2865 1368 2903; x_wconf 83' lang='lat'><strong>258.</strong></span> <span class='ocrx_word' id='word_1_606' title='bbox 1391 2859 1493 2898; x_wconf 91' lang='lat' dir='ltr'><strong>Oud.</strong></span> <span class='ocrx_word' id='word_1_607' title='bbox 1519 2857 1570 2895; x_wconf 84' lang='lat' dir='ltr'><strong>ad</strong></span> <span class='ocrx_word' id='word_1_608' title='bbox 1585 2855 1728 2895; x_wconf 89' lang='lat' dir='ltr'><strong>Florid.</strong></span> <span class='ocrx_word' id='word_1_609' title='bbox 1741 2868 1780 2906; x_wconf 88' lang='lat' dir='ltr'><strong>p.</strong></span> <span class='ocrx_word' id='word_1_610' title='bbox 1795 2857 1859 2894; x_wconf 89' lang='grc'><strong>70.</strong></span> 
     </span>
     <span class='ocr_line' id='line_1_95' title="bbox 989 2910 1859 2970; baseline -0.016 -10"><span class='ocrx_word' id='word_1_611' title='bbox 989 2920 1108 2959; x_wconf 89' lang='lat' dir='ltr'><strong>Aliud</strong></span> <span class='ocrx_word' id='word_1_612' title='bbox 1149 2918 1370 2970; x_wconf 84' lang='lat' dir='ltr'><strong>exemplum</strong></span> <span class='ocrx_word' id='word_1_613' title='bbox 1407 2929 1457 2953; x_wconf 77' lang='lat' dir='ltr'><strong>ex</strong></span> <span class='ocrx_word' id='word_1_614' title='bbox 1481 2912 1653 2965; x_wconf 81' lang='lat' dir='ltr'><strong>Apuleio</strong></span> <span class='ocrx_word' id='word_1_615' title='bbox 1684 2910 1859 2961; x_wconf 80' lang='lat' dir='ltr'><strong>deprom-</strong></span> 
     </span>
     <span class='ocr_line' id='line_1_96' title="bbox 989 2967 1860 3028; baseline -0.015 -11"><span class='ocrx_word' id='word_1_616' title='bbox 989 2980 1096 3028; x_wconf 87' lang='lat' dir='ltr'><strong>ptum</strong></span> <span class='ocrx_word' id='word_1_617' title='bbox 1120 2980 1183 3015; x_wconf 88' lang='lat' dir='ltr'><strong>est</strong></span> <span class='ocrx_word' id='word_1_618' title='bbox 1205 2975 1303 3014; x_wconf 84' lang='lat' dir='ltr'><strong>Met.</strong></span> <span class='ocrx_word' id='word_1_619' title='bbox 1328 2987 1366 3025; x_wconf 89' lang='lat' dir='ltr'><strong>p.</strong></span> <span class='ocrx_word' id='word_1_620' title='bbox 1392 2975 1486 3012; x_wconf 79' lang='grc'><strong>240.</strong></span> <span class='ocrx_word' id='word_1_621' title='bbox 1534 2967 1617 3008; x_wconf 73' lang='lat' dir='ltr'><strong>Sed</strong></span> <span class='ocrx_word' id='word_1_622' title='bbox 1650 2967 1748 3007; x_wconf 80' lang='lat' dir='ltr'><strong>dum</strong></span> <span class='ocrx_word' id='word_1_623' title='bbox 1771 2980 1860 3005; x_wconf 86' lang='lat' dir='ltr'><strong>con-</strong></span> 
     </span>
     <span class='ocr_line' id='line_1_97' title="bbox 991 3021 1859 3079; baseline -0.017 -5"><span class='ocrx_word' id='word_1_624' title='bbox 991 3037 1126 3073; x_wconf 83' lang='lat' dir='ltr'><strong>tanter</strong></span> <span class='ocrx_word' id='word_1_625' title='bbox 1150 3031 1307 3072; x_wconf 71' lang='lat' dir='ltr'><strong>accedo</strong></span> <span class='ocrx_word' id='word_1_626' title='bbox 1334 3029 1564 3079; x_wconf 79' lang='lat' dir='ltr'><strong>decerpere.</strong></span> <span class='ocrx_word' id='word_1_627' title='bbox 1612 3023 1756 3075; x_wconf 83' lang='lat' dir='ltr'><strong>Hygin.</strong></span> <span class='ocrx_word' id='word_1_628' title='bbox 1782 3021 1859 3060; x_wconf 81' lang='lat' dir='ltr'><strong>sab.</strong></span> 
     </span>
     <span class='ocr_line' id='line_1_98' title="bbox 992 3077 1857 3142; baseline -0.015 -13"><span class='ocrx_word' id='word_1_629' title='bbox 992 3102 1023 3129; x_wconf 88' lang='lat' dir='ltr'><strong>e.</strong></span> <span class='ocrx_word' id='word_1_630' title='bbox 1039 3092 1104 3132; x_wconf 88' lang='grc'><strong>27.</strong></span> <span class='ocrx_word' id='word_1_631' title='bbox 1127 3102 1167 3142; x_wconf 84' lang='lat' dir='ltr'><strong>p.</strong></span> <span class='ocrx_word' id='word_1_632' title='bbox 1181 3090 1245 3129; x_wconf 90' lang='grc'><strong>76.</strong></span> <span class='ocrx_word' id='word_1_633' title='bbox 1272 3085 1441 3138; x_wconf 68' lang='lat' dir='ltr'><strong>exsequi</strong></span> <span class='ocrx_word' id='word_1_634' title='bbox 1464 3079 1741 3122; x_wconf 74' lang='lat' dir='ltr'><strong>venisse-niet.</strong></span> <span class='ocrx_word' id='word_1_635' title='bbox 1757 3077 1857 3117; x_wconf 84' lang='lat' dir='ltr'><strong>Cret.</strong></span> 
     </span>
    </p>
   </div>
  </div>
 </body>
</html>
