2155 3590
600 122 786 163 LIBER
818 123 891 165 Vl.

104 239 202 294 quod
222 238 291 278 tibi
312 237 318 294 Ι
338 237 473 278 matris
494 250 602 277 meae
617 244 822 291 praecepto
842 238 1064 278 mandatum
1083 244 1165 288 est,
1193 250 1411 289 exsequere
1433 239 1606 280 naviter:
1635 247 1766 280 cetera
1792 254 1881 291 ego-
1906 247 1970 280 4723

949 124 1075 166 CAP.
1097 124 1216 164 XXI.
1245 123 1388 164 XXII.

1801 128 1881 172 471

101 302 179 335 met
201 295 347 335 videro.
390 293 461 333 His
487 293 598 333 dietis
624 300 775 332 amator
798 293 895 334 levis
919 293 960 333 in
987 293 1124 349 pinnas
1149 307 1191 334 se
1216 293 1332 334 dedit.
1376 292 1528 350 Psyche
1553 309 1649 336 vero
1675 297 1881 337 confestim

99 350 247 394 Veneri
270 363 409 393 munus
434 356 608 406 reportat
630 347 906 407 Proserpinae.

618 499 1052 548 CAPUT
1142 501 1345 550 XXII.

202 634 360 676 Interea
375 633 524 689 Cupido
544 645 676 673 amore
697 633 815 674 nimio
834 646 1017 688 peresuS‚
1046 640 1083 675 et
1104 647 1219 686 aegra
1242 635 1339 674 sac-ie
1359 635 1496 675 matris
1516 649 1610 676 suae
1630 638 1873 690 repentinam

81 764 311 802 provinciam,
338 764 421 798 quod
440 765 511 798 post
529 757 566 790 'eu
587 764 620 791 in
637 763 804 792 nonnullis
822 763 915 791 libris
935 766 964 792 et
983 763 1129 792 omnibus
1149 765 1218 792 edd.
1236 764 1370 800 legitur,
1395 766 1505 793 exulat
1520 772 1539 792 a
1553 766 1588 794 G.
1602 765 1638 794 P.
1653 766 1687 793 Ο.
1702 765 1725 794 f.
1738 767 1776 794 R.
1790 763 1818 794 δ.
1833 768 1871 796 D.

83 813 121 840 In
135 812 169 839 F.
184 811 214 838 3.
233 813 280 838 est
295 811 462 844 abrasum,
487 808 534 836 ita
548 812 580 836 ut
593 810 714 837 lacuna
727 809 761 836 in
775 812 863 837 textu
877 813 1049 842 appareat,
1075 816 1269 842 quamquam
1283 810 1357 843 quid
1372 810 1463 844 prius
1477 810 1632 844 scriptum
1647 810 1742 838 fuerit
1753 833 1760 846 ,
1786 820 1872 840 nune

84 855 237 889 cognosci
254 857 401 888 nequeat.
437 851 526 890 quud
538 852 599 880 libi
609 854 732 880 matris
746 860 838 880 meae
846 856 1031 889 praecepto
1043 852 1241 881 mandatum
1254 857 1304 881 est
1319 856 1354 883 G.
1368 855 1404 883 P.
1418 856 1456 883 D.
1471 855 1507 883 Β.
1523 855 1542 884 f.
1557 856 1592 883 Ο.
1606 852 1635 883 ὃ.
1648 856 1684 883 111
1698 858 1870 885 cett.codd.

84 907 171 937 quae
185 897 421 927 tibimandata
435 901 496 927 est.
543 897 678 925 naviter
690 899 725 927 F.
740 900 770 926 3.
791 900 826 926 G.
840 900 878 926 D.
902 900 939 926 In
958 902 1031 927 cett.
1049 898 1219 935 gnaviter.

666 941 804 970 Veneris
829 940 858 972 δ,
882 951 912 978 p.
960 941 1186 979 Proserpinae
1212 945 1298 972 deest
1317 946 1354 973 Β.
1377 945 1459 974 unde
1479 944 1869 976 unt-isinclusitsci-iver.

82 946 116 972 n'n
136 943 270 981 plumas
294 952 351 979 pro
375 944 409 970 in
429 942 554 980 pinnas
579 945 614 972 Ο.

79 989 261 1026 Pruserpe'e
273 990 312 1017 D.

1266 897 1359 926 video
1373 908 1403 933 p.
1451 898 1535 926 lenis
1549 902 1584 928 G.
1598 900 1635 928 P.
1665 898 1776 928 laetus
1789 902 1824 929 F.
1841 903 1870 929 1.

166 1041 283 1071 pessus
297 1041 352 1069 pro
362 1040 501 1070 peresus
515 1035 550 1062 G.
565 1035 600 1063 P.
613 1035 652 1062 D.
672 1040 853 1071 percussus
868 1041 897 1069 p.
911 1030 939 1062 δ.
987 1033 1175 1072 ergnfacic-
1188 1035 1225 1065 D.
1264 1033 1362 1075 facit
1383 1042 1438 1072 pro
1444 1034 1544 1073 facie
1565 1034 1683 1064 vitiose
1703 1035 1822 1071 legitur
1835 1036 1868 1065 in

77 1081 135 1109 Ed.
149 1081 233 1109 Elm.

122 1191 237 1243 qnod
248 1191 321 1229 tibi
333 1191 566 1229 mandatum
580 1195 644 1229 est.
665 1191 938 1235 Provinciam,

75 1247 179 1296 quod
203 1249 294 1297 post
316 1251 360 1284 ta
384 1247 418 1283 in
444 1245 638 1283 nonnullis
664 1245 769 1284 libris
790 1245 938 1296 legitur,

73 1315 190 1352 quum
232 1302 269 1339 in
317 1301 492 1353 plurimis
542 1302 776 1352 optimisque
824 1301 937 1340 codd.

71 1357 331 1402 desideretur,
379 1356 540 1408 colligo,
583 1371 653 1408 per
688 1357 863 1407 glossam
899 1359 935 1395 in

67 1417 214 1453 textum
250 1414 456 1465 irrepsisse
487 1426 509 1451 a
545 1412 717 1457 librario,
765 1414 827 1463 qui
859 1426 934 1463 quo

66 1469 270 1508 referenda
296 1473 430 1507 essent
453 1470 589 1507 verba:
617 1483 721 1521 qnae
740 1470 814 1507 tibi
827 1483 935 1508 man·

67 1527 169 1566 data
194 1531 250 1565 est
274 1540 347 1564 non
367 1525 567 1564 intellexit.
592 1526 719 1563 Vetus
734 1538 825 1564 vero
840 1539 933 1563 esse

66 1581 283 1633 glossema,
297 1582 371 1620 iam
386 1582 474 1620 inde
488 1586 620 1633 potest
632 1581 806 1632 intelligi,
828 1583 933 1632 quod

63 1641 99 1677 in
114 1638 197 1677 cod.
212 1637 256 1676 F.
272 1643 309 1678 3.
325 1639 503 1676 extitisse
518 1638 686 1684 videtur,
701 1638 772 1676 sed
789 1638 931 1676 deinde

63 1711 86 1734 a
111 1694 248 1733 sedulo
275 1695 427 1733 librario
455 1696 635 1734 abrasum
662 1699 736 1734 est.
761 1694 812 1732 Et
824 1699 930 1733 recte

63 1752 137 1789 iam
161 1750 676 1803 monetOud.pr01·e?nci‹1m
700 1751 762 1788 hic
777 1764 824 1789 ne
839 1751 926 1789 ferri

61 1807 216 1858 quidem
240 1820 382 1858 posse,
408 1807 512 1857 quod
534 1807 852 1858 licetprovz'ncia
876 1808 926 1845 de

60 1865 198 1914 quovis
221 1876 378 1902 munere
403 1863 569 1908 dicatur,
593 1863 686 1902 talia
709 1867 837 1902 tamen
862 1877 925 1901 so-

59 1918 164 1958 leant
177 1919 294 1958 verba
308 1919 411 1964 addi,
433 1932 532 1970 quae
550 1920 705 1970 propria
718 1920 796 1958 sint
808 1933 924 1958 verae

57 1975 385 2014 administrandae
397 1976 635 2027 provinciae,
660 1979 701 2013 ut
715 1977 826 2022 clare.
843 1981 923 2015 tra-

58 2033 172 2078 dere,
199 2046 363 2083 capere,
389 2033 602 2083 suscipere.
650 2031 762 2069 Hanc
792 2036 919 2070 autem

55 2087 321 2138 metaphoram
346 2087 554 2138 Apuleium
580 2101 736 2138 semper
767 2086 853 2126 aliis
885 2090 920 2126 in

56 2142 154 2181 locis
169 2143 420 2189 observasse,
431 2144 571 2194 quibus
580 2144 682 2181 idem
690 2144 920 2182 vocabulum

54 2198 213 2249 legatur.
228 2198 275 2237 cs.
290 2197 385 2239 Met.
399 2199 467 2238 lx,
483 2213 519 2250 p.
536 2202 628 2239 627.
649 2201 923 2239 commissae

48 2256 340 2307 provinciae
361 2256 484 2308 fidem
514 2256 710 2294 tuebatur.
748 2255 798 2294 de
833 2256 921 2294 Deo

55 2311 164 2350 Socr.
183 2315 328 2363 p.134.
353 2317 398 2350 ut
422 2317 480 2350 est
503 2325 641 2351 eorum
667 2313 813 2364 cuique
839 2314 918 2351 tri-

53 2367 166 2407 buta
186 2369 465 2419 provincia.
503 2367 553 2405 de
588 2367 724 2407 Mund.
755 2380 792 2418 p.
824 2373 916 2409 348.

52 2423 139 2464 Alii
162 2424 369 2463 venatibus
399 2425 574 2476 ayendz's
606 2426 916 2476 provinciam

50 2485 203 2519 nacte.
251 2479 383 2526 Quare
420 2480 509 2518 mihi
548 2493 632 2518 cum
665 2478 767 2518 Oud.
806 2481 915 2518 locus

48 2540 259 2587 suspectus
274 2540 352 2582 est,
379 2549 612 2588 quamquam
636 2535 697 2574 hic
711 2550 784 2574 non
799 2537 917 2576 audet

48 2592 223 2633 credere.
245 2595 501 2644 provinciam
526 2593 679 2643 penitus
705 2593 913 2631 delendum

48 2661 158 2694 esse,
183 2648 256 2686 sed
281 2649 462 2686 substitui
482 2649 564 2687 vult
579 2661 665 2700 pro
684 2649 833 2689 viribus
850 2651 916 2688 vel

45 2703 173 2743 simile
186 2704 276 2756 quid
286 2736 295 2749 ,
321 2708 360 2743 et
374 2718 489 2755 quum
503 2706 538 2743 in
553 2705 636 2743 cod.
650 2703 752 2743 Pith.
768 2705 916 2756 legatur

49 2773 168 2814 quam
189 2763 247 2800 tu
272 2762 313 2806 ὅ,
351 2761 534 2799 emendat
567 2766 768 2812 spartam,
806 2763 915 2800 cuius

48 2815 223 2866 glossam
237 2830 329 2855 esse
338 2818 596 2869 provinciam
610 2818 796 2868 opinatur.
812 2817 917 2870 [Hoc

48 2869 140 2923 q'uid
169 2873 243 2912 sibi
271 2872 384 2919 velit,
417 2873 597 2925 equidem
622 2887 698 2911 non
722 2873 908 2925 intelligo.

37 2924 198 2981 'Deinde
233 2930 535 2975 substantivum.
573 2930 606 2967 si
639 2929 744 2980 quod
768 2931 910 2969 substi-

35 2983 228 3023 'tuendum
252 2991 331 3031 est,
362 2991 451 3025 ante
476 2999 686 3037 pronomen
713 2991 756 3026 tu
781 2987 912 3038 inepte

47 3037 216 3090 positum
240 3045 368 3088 e'sset,
396 3043 488 3083 hinc
511 3047 552 3080 ut
576 3042 747 3088 credam,
777 3043 910 3082 vitium

46 3108 121 3134 non
145 3095 182 3134 in
206 3099 332 3138 verbis
355 3099 601 3152 praegressis
639 3099 713 3137 sed
737 3099 773 3137 in
797 3113 911 3138 voca·

996 1192 1087 1229 bulo
1114 1192 1307 1231 mandata
1334 1205 1426 1229 esse
1452 1192 1724 1243 quaerendum.
1762 1192 1865 1239 Erat,

997 1260 1113 1297 quum
1138 1261 1211 1297 ego
1226 1248 1438 1286 mandatio
1458 1253 1515 1287 est
1533 1248 1595 1285 vel
1615 1249 1864 1295 mandatela,

996 1316 1098 1352 quae
1134 1316 1210 1341 vox
1247 1303 1348 1353 apud
1381 1302 1504 1341 Prisc.
1531 1303 1597 1341 IV.
1627 1309 1659 1343 1.
1687 1309 1723 1343 4.
1763 1304 1809 1343 Τ.
1834 1305 1861 1344 Ι.

993 1371 1031 1408 p.
1073 1362 1163 1398 143.
1212 1358 1347 1397 Krehl.
1385 1358 1547 1409 legitur,
1596 1360 1861 1406 emendarem,

994 1416 1186 1453 sententia
1210 1416 1308 1452 satis
1340 1415 1442 1453 sacili
1473 1428 1519 1453 ac
1543 1417 1761 1466 perspicua.
1808 1418 1863 1456 At

991 1471 1027 1508 in
1058 1474 1206 1508 textum
1242 1472 1415 1521 recipere
1451 1472 1706 1509 coniecturam
1743 1472 1861 1518 nolui,

991 1527 1082 1577 quia
1100 1527 1283 1565 audacior
1307 1527 1509 1565 videbatur
1535 1541 1647 1573 esse,
1678 1532 1719 1565 ut
1744 1542 1861 1579 quum

990 1587 1121 1621 textus
1138 1585 1186 1621 ita
1202 1584 1327 1622 sanari
1343 1587 1488 1622 tantum
1502 1588 1661 1635 posset,
1675 1597 1860 1635 reposue-

989 1641 1057 1677 rim
1073 1653 1122 1677 ex
1136 1640 1283 1690 aliquot
1296 1640 1420 1686 codd..
1437 1641 1550 1692 qnod
1564 1670 1572 1678 .
1583 1670 1609 1679 ..
1623 1641 1859 1680 mandatum

989 1701 1054 1735 est.
1129 1696 1211 1733 Sed
1235 1696 1269 1733 si
1302 1710 1401 1734 unus
1431 1697 1697 1735 tantummodo
1732 1698 1859 1737 codex

979 1754 1242 1803 provinciam
1266 1753 1490 1804 praeberet,
1528 1753 1584 1798 id,
1622 1766 1856 1803 quamquam

983 1808 1126 1846 falsum
1136 1808 1285 1846 videtur
1299 1822 1404 1853 esse,
1426 1823 1498 1847 non
1516 1810 1743 1849 eiecissem:
1769 1823 1855 1848 nam

984 1864 1119 1901 coniici
1136 1863 1241 1911 licet,
1256 1866 1291 1902 in
1307 1866 1447 1903 ceteris
1464 1878 1620 1916 quoque
1635 1865 1768 1910 codd..
1790 1867 1853 1916 qui

982 1921 1243 1970 negligentius
1258 1920 1385 1958 collati
1400 1925 1501 1966 sunt,
1527 1921 1602 1960 hoc
1623 1922 1853 1961 vocabulum

982 1975 1214 2020 desiderari,
1244 1980 1285 2014 ut
1308 1976 1570 2026 Lindenbrog.
1603 1990 1759 2029 quoque
1783 1991 1851 2029 pro

979 2032 1140 2070 levitate
1163 2046 1237 2071 sua
1273 2033 1358 2070 sine
1394 2033 1511 2071 (lubio
1548 2034 1623 2072 hoc
1659 2048 1733 2072 non
1771 2048 1850 2073 cor-

978 2089 1105 2141 rexit]

1037 2150 1225 2183 amator
1250 2145 1378 2185 levis.
1405 2146 1564 2197 [Lenis,
1590 2147 1744 2197 quodin
1760 2162 1849 2186 non-

980 2201 1096 2239 nullis
1121 2201 1233 2239 eodd.
1260 2201 1416 2252 legitur,
1449 2203 1633 2254 frequens
1660 2208 1722 2242 est
1745 2204 1847 2242 Mss.

981 2270 1101 2302 error,
1127 2257 1177 2295 de
1191 2270 1267 2307 quo
1287 2259 1361 2295 iam
1375 2259 1435 2309 egi
1451 2259 1500 2296 ad
1514 2258 1610 2297 Met.
1626 2259 1686 2297 lll.
1702 2274 1738 2311 p.
1755 2264 1847 2301 213.

977 2313 1096 2352 Levis
1110 2314 1211 2351 enim
1227 2313 1375 2364 Cupido
1389 2319 1546 2366 propter
1570 2316 1782 2367 agilitatem
1809 2322 1847 2355 et

977 2371 1147 2420 corporis
1161 2374 1200 2408 et
1213 2371 1352 2408 mentis
1373 2371 1612 2410 describitur.
1629 2372 1692 2410 De
1705 2372 1844 2412 mentis

976 2426 1150 2475 agilitate
1175 2429 1215 2464 et
1240 2426 1400 2465 lascivia
1424 2427 1671 2466 intellexisse
1697 2430 1845 2467 videtur

976 2482 1157 2533 librarius
1193 2482 1279 2521 cod.
1306 2482 1496 2528 Floreat..
1535 2486 1597 2535 qui
1629 2485 1665 2523 in
1698 2489 1844 2525 textum

975 2537 1104 2577 laelns
1127 2538 1310 2591 intrudit]

1031 2650 1118 2689 Ciu».
1155 2650 1284 2690 Xxn.
1329 2666 1508 2703 peresus.
1557 2653 1606 2692 cs.
1636 2654 1766 2693 Burm.
1793 2656 1843 2694 ad

972 2707 1077 2757 Virg.
1093 2708 1192 2746 Aen.
1208 2707 1274 2746 Vl.
1291 2713 1384 2748 442.
1409 2707 1560 2747 Poetae
1573 2711 1673 2748 enim
1692 2711 1843 2761 passim

974 2777 1049 2801 non
1085 2763 1213 2802 solum
1251 2766 1410 2817 iynem,
1448 2779 1525 2816 quo
1557 2767 1710 2805 nomine
1736 2782 1843 2808 amor

972 2820 1116 2857 millies
1125 2821 1240 2866 venit,
1250 2821 1369 2859 edere
1381 2834 1467 2859 cum
1482 2824 1710 2873 compositis
1724 2825 1840 2871 aiunt,

968 2876 1041 2914 sed
1067 2880 1107 2914 et
1119 2877 1414 2927 quibuscunque
1428 2878 1549 2924 curis,
1584 2880 1725 2929 quibus
1750 2884 1839 2932 quis

967 2931 1154 2984 frangitur
1167 2945 1213 2970 ac
1227 2934 1476 2977 consumitur,
1490 2947 1596 2974 esum
1609 2948 1656 2973 ac
1667 2951 1839 2977 morsum

967 2988 1209 3035 adscribuntg
1236 2988 1284 3026 cs.
1293 2988 1377 3026 lntt.
1387 2989 1437 3027 ad
1453 2989 1522 3027 Sil.
1537 2989 1620 3030 Ital.
1630 2991 1837 3034 X111.679.

968 3043 1094 3083 XVII.
1128 3048 1220 3084 345.
1258 3043 1396 3083 Catuli.
1426 3044 1514 3084 LV.
1541 3050 1607 3087 31.
1641 3053 1678 3087 el
1699 3051 1838 3090 multis

969 3100 1243 3154 lanquorihus
1260 3114 1438 3152 peresus.
