2155 3590
664 146 852 186 LIBER
881 147 953 187 lv.
1014 146 1141 187 CAP.
1171 145 1249 187 111.
1784 148 1867 189 217

74 258 197 307 nime,
230 257 397 297 rurestri
431 256 620 297 vocabulo
650 257 793 311 vulgus
824 258 1023 300 indoctum
1053 272 1165 300 rosas
1197 258 1355 299 laureas
1392 257 1589 312 appellant
1624 265 1865 312 quarumque

74 321 213 354 cuncto
239 314 369 367 pecori
396 313 504 354 cibus
529 313 657 354 letalis
682 321 758 355 est.

655 498 1093 546 CAPUT
1178 498 1286 546 III.

183 639 346 681 Talibus
378 640 470 681 fatis
500 640 732 695 implicitus,
765 641 883 682 etiam
912 642 1036 696 ipsam
1062 642 1226 682 salutem
1251 655 1442 683 recusans
1466 649 1606 696 sponte
1630 642 1724 683 illud
1749 656 1867 683 vene-

72 711 165 737 num
190 697 386 737 rosarium
411 711 567 738 sumere
593 698 822 751 gestiebam.
872 697 951 739 Sed
976 699 1064 739 dum
1090 705 1300 739 contante-r
1328 699 1471 738 accedo
1498 699 1731 752 decerpere,
1758 699 1868 739 iuve-

71 753 132 793 nis
157 753 333 806 quidem,
367 760 410 794 ut
439 753 533 794 mihi
564 754 792 805 videbatur,
821 754 1074 806 hortulanus,
1103 756 1212 795 euius
1245 755 1376 795 omnia
1407 769 1569 809 prorsus
1601 755 1710 795 olera
1735 762 1868 796 vasta-

70 824 226 860 veram‚
254 817 364 850 tanto
390 810 531 850 damno
557 810 716 864 cognito
744 825 830 850 oum
862 811 1002 864 grandi
1032 811 1170 851 baculo
1201 812 1336 851 furens
1363 811 1557 861 decurrit,
1588 818 1869 864 arreptumque

69 879 130 906 ine
155 873 278 906 totum
304 866 429 920 plagis
455 866 634 907 obtundit
659 868 832 920 adusque
857 867 963 907 vitae
987 867 1110 921 ipsius
1136 867 1373 921 periculum,
1402 868 1477 908 nisi
1498 869 1653 908 tandem
1669 868 1870 922 sapienter

69 922 241 975 alioquin
277 922 361 976 ipse
397 922 490 962 mihi
524 923 702 963 tulissem
739 923 945 963 auxilium.
994 922 1099 963 Nam
1129 923 1270 964 lumbis
1296 924 1460 964 elevatis
1491 923 1532 963 in
1557 925 1701 975 altum,
1728 924 1867 978 pedum

69 978 352 1031 posterioribus
372 979 543 1019 calcibus
562 979 717 1019 iactatis
738 980 777 1019 in
798 993 885 1019 eum
911 980 1119 1030 crebriter,
1146 980 1223 1019 iam
1248 981 1418 1027 niu-lyam
1445 979 1646 1036 gralviter
1670 988 1786 1034 atque
1811 981 1868 1020 ia-

69 1041 182 1074 cente
207 1042 346 1075 contra
370 1035 542 1089 proclive
567 1036 711 1076 montis
742 1035 885 1089 attigui
910 1036 1003 1089 fuga
1034 1050 1094 1076 me
1119 1036 1299 1076 liberavi.
1351 1035 1430 1077 Sed
1454 1036 1558 1077 illico
1584 1037 1726 1077 mulier
1750 1051 1868 1090 quae-

67 1091 184 1144 piam,
213 1105 318 1132 uxor
340 1092 426 1132 eius
452 1091 623 1143 scilieet,
651 1092 767 1132 simul
791 1106 877 1132 eum
903 1099 1144 1146 prostratum
1169 1099 1209 1132 et
1232 1092 1500 1133 semianimem
1525 1107 1579 1134 ex
1602 1093 1707 1134 edito
1733 1093 1868 1148 despe-

66 1217 197 1246 rur-esti
206 1220 242 1248 F.
256 1220 286 1248 3
302 1220 338 1249 G.
351 1220 389 1247 D.
437 1218 576 1248 laureas
589 1218 664 1248 lam
674 1221 708 1249 F.
725 1221 754 1248 1.
778 1218 918 1247 laureas
931 1218 1052 1248 mm'.F
1067 1221 1097 1248 ‘’.

147 1263 265 1303 factis
283 1266 320 1293 L.
365 1263 528 1300 amplf‘mto
549 1262 578 1293 ὃ.
625 1268 657 1292 ee
676 1264 784 1301 ipsam
804 1266 839 1293 G.
855 1266 893 1293 D.
913 1266 949 1293 Ι.
968 1266 1051 1293 111111.
1095 1265 1198 1293 .Α111.
1214 1265 1300 1293 unde
1319 1266 1399 1294 oud
1418 1267 1581 1294 emendat:
1606 1269 1642 1294 ct
1659 1266 1729 1294 iam
1748 1267 1867 1303 ipsam.

66 1317 190 1336 summe
200 1312 285 1346 gest.
299 1317 329 1344 p.
344 1313 373 1337 et
387 1310 424 1338 D.
440 1317 461 1338 a
474 1318 514 1338 m.
529 1318 555 1338 s.
568 1317 642 1338 nam
657 1318 677 1338 a
691 1318 720 1345 p.
734 1317 864 1337 sumere
878 1310 1007 1338 xidetur
1020 1319 1094 1338 esse
1107 1310 1276 1344 scriptum.
1324 1311 1388 1338 Pro
1407 1309 1583 1347 decerpere
1604 1312 1655 1340 vir
1669 1313 1868 1346 1100111301ιί-β

67 1355 140 1382 dam
158 1355 299 1390 margini
312 1356 360 1383 ed,
377 1355 465 1383 σοιν,
480 1355 618 1383 3ᾱιργὶι;
645 1352 696 1383 ἴω.-
721 1353 897 1391 derepente
910 1354 976 1383 z'uv.
1025 1353 1204 1382 ortolauus
1217 1351 1246 1383 ὁ.
1284 1354 1427 1393 furiens
1443 1356 1464 1384 f.
1485 1364 1540 1390 pro
1555 1364 1616 1390 quo
1630 1357 1732 1386 Basil.
1750 1359 1777 1386 1.
1814 1356 1867 1384 iu-

65 1406 149 1426 rans
166 1399 272 1428 habet.
320 1398 562 1436 abreptumque
581 1408 611 1436 p.
631 1404 660 1429 et
681 1400 750 1428 edd.
772 1408 874 1433 usque
893 1401 935 1428 ad
948 1401 1025 1428 Bas.
1043 1400 1068 1427 1.
1095 1402 1334 1436 arra-tumque
1347 1401 1385 1428 D.
1436 1403 1542 1428 totum
1563 1402 1644 1430 delet
1659 1398 1688 1430 δ.
1737 1401 1869 1429 obtudit

66 1446 102 1472 G.
116 1445 154 1473 D.
169 1452 190 1474 a
202 1452 243 1473 m.
257 1453 287 1480 p.
302 1445 360 1473 sed
375 1443 529 1472 obtundit
546 1452 619 1473 am.
634 1454 660 1473 s.
697 1443 849 1482 alioquin
863 1446 953 1474 abest
969 1445 1002 1472 111
1018 1445 1052 1472 Β.
1096 1445 1327 1481 posteriorum
1341 1442 1370 1473 δ.
1385 1446 1466 1474 Ceu.
1481 1447 1572 1474 codd.
1585 1450 1614 1474 et
1630 1447 1700 1474 edd.
1715 1450 1866 1484 11111.ρο-

65 1488 264 1517 3Ιενίονίῠιιε
279 1491 441 1524 praebent.
457 1488 620 1517 ransc-tato
633 1491 669 1519 F.
683 1491 713 1518 3.
741 1489 817 1524 [sed
831 1490 927 1518 litera
942 1492 956 1516 t
966 1497 1007 1517 ex
1020 1490 1236 1525 correctione)
1251 1494 1281 1518 et
1296 1490 1317 1518 f.
1333 1498 1405 1519 cum
1420 1492 1490 1519 edd.
1505 1494 1582 1519 velt.
1596 1495 1725 1526 praeter
1737 1493 1821 1521 lunt.
1835 1495 1865 1521 2).

65 1541 148 1567 uuae
160 1537 256 1563 habet
268 1533 419 1562 mulcato
432 1535 529 1564 solito
542 1543 660 1564 errore.
685 1534 830 1562 multato
845 1536 879 1563 F.
897 1536 925 1563 1.
939 1543 969 1569 p.
983 1542 1019 1563 π.
1034 1536 1069 1563 G.
1083 1536 1121 1563 D.
1158 1534 1359 1562 mulctatum
1374 1545 1407 1570 φ.
1432 1534 1612 1564 multatum
1628 1537 1664 1565 B.
1700 1536 1867 1564 iacentem

64 1580 103 1608 D.
117 1580 153 1608 1².
167 1581 203 1608 Β.
217 1581 251 1608 0.
266 1589 299 1613 φ.
347 1580 441 1607 σι’νοα
456 1588 510 1614 pro
525 1582 647 1607 eontra
662 1582 697 1609 B.
740 1579 942 1617 proclivium
957 1589 989 1613 φ.
1015 1579 1204 1616 proclivum
1218 1578 1248 1609 δ.
1274 1582 1357 1615 quod
1377 1582 1457 1610 Oud.
1477 1581 1619 1610 defendit
1640 1582 1725 1611 conf.
1745 1583 1868 1611 dictata

65 1625 105 1653 ad
119 1625 227 1654 From.
239 1627 279 1654 ll.
295 1627 326 1653 2.
339 1625 371 1660 S.
388 1627 416 1654 1.
436 1627 475 1653 ad
491 1626 573 1654 11111.
588 1627 624 1654 Β.
638 1625 711 1653 Asr.
731 1634 759 1654 c.
773 1627 803 1654 8.
823 1627 878 1654 Dr.
894 1626 935 1654 ad
947 1625 1019 1654 Liv.
1034 1626 1166 1654 XXXV.
1180 1627 1233 1654 30.
1282 1633 1353 1654 eum
1370 1629 1461 1655 abes!
1477 1634 1497 1655 a
1510 1628 1548 1655 1).
1562 1627 1595 1655 in
1610 1628 1704 1656 cuius
1718 1628 1867 1664 margine

64 1675 138 1697 eum
154 1672 338 1706 suppletum
357 1673 407 1699 est
425 1677 446 1698 a
463 1679 502 1699 m.
523 1679 549 1699 s.
597 1668 704 1699 edicto
723 1668 753 1700 ὃ.

119 1793 236 1819 rosas
272 1780 446 1820 laureas.
507 1780 610 1834 [Per
644 1780 934 1820 similitudinem

65 1835 419 1888 rhododaphnen·
410 1839 634 1876 inconcinno
648 1838 766 1890 plane
779 1839 935 1877 nomine

64 1891 412 1943 vulgusindoctum
426 1894 478 1933 ita
490 1894 703 1945 appellant.
730 1894 934 1947 Gloss.1›o-

65 1944 235 2000 δοδάφνη
249 1949 374 1989 herba
389 1952 583 1996 asinario,
598 1957 731 1997 tuscus,
747 1951 933 1990 viburna.

64 2003 224 2044 Lucian.
254 2005 391 2044 Lucid.
423 2020 461 2057 p.
492 2011 584 2047 585.
614 2004 663 2045 τὰ
687 2004 784 2058 όόὸα
814 2010 934 2046 εκεῖιπ

64 2058 133 2125 o't'we
167 2055 212 2113 ἦν
247 2058 345 2112 ῥόδα
381 2059 559 2114 &riht-ci.
595 2060 643 2102 τὰ
674 2061 708 2102 δ’
729 2058 771 2114 ἦν
800 2066 839 2102 ἐκ
870 2063 934 2115 τῆς

64 2115 195 2170 ἀμίας
219 2114 361 2169 δάᾳνης
389 2118 560 2183 ᾳυόμεια
595 2116 834 2183 ροδοὸαφνϊν
869 2118 933 2159 1ιύ-

63 2188 130 2238 την
161 2174 340 2213 καλοῦσιν
376 2170 593 2227 ἂνθρωποι,
630 2191 750 2214 κακον
779 2170 934 2228 άοιστοι

64 2245 138 2279 ova)
162 2233 275 2269 τῦῦῖθ
299 2232 410 2270 παῖ”ΐῧ
435 2247 497 2270 καί
523 2246 638 2281 (ππὺ).
664 2233 760 2283 ᾳασὶ
779 2231 850 2284 Tim
868 2231 934 2271 τὸν

63 2281 235 2337 ιγαὶὸντα
249 2284 508 2339 ἀποθνήσκειι
521 2286 667 2327 αὐτίκα.
693 2287 783 2326 lsid.
799 2287 931 2339 Origg.

64 2340 142 2380 Χῖ
147 2341 193 2382 ΙΙ,
231 2347 267 2383 7
312 2347 377 2384 54.
426 2345 777 2384 Rhododeudron
821 2345 935 2398 quod

65 2403 261 2451 corrupte
285 2399 529 2440 lorandrum
552 2406 722 2441 vocatur
747 2401 834 2449 (ubi
860 2414 932 2451 ego

63 2454 194 2492 malim
232 2455 364 2508 legere
401 2456 691 2508 laur-andrum)
738 2457 852 2509 quod
885 2459 937 2496 sit

61 2511 180 2562 soliis
205 2511 316 2552 lauri
335 2513 546 2560 similibus,
567 2515 730 2566 florent
741 2527 847 2559 rosa,
873 2527 934 2553 ar-

65 2567 140 2605 bor
163 2573 369 2608 venenata.
420 2569 634 2622 Inter-fecit
658 2571 761 2608 enim
785 2570 935 2609 ιιηίηια·

64 2624 122 2662 lia
146 2628 187 2662 et
207 2624 390 2664 medetur
414 2627 660 2678 serpentium
684 2627 933 2665 vexationes.

63 2678 120 2717 lta
144 2681 180 2717 in
200 2679 337 2720 Gloss.
363 2694 398 2732 p.
415 2682 507 2723 603.
534 2681 819 2719 emendandum
839 2695 933 2720 esse

62 2748 206 2774 censeo
236 2734 454 2789 ροδοδάφνη
484 2743 625 2783 taxus,
663 2738 933 2777 lam-andrum

64 2792 146 2839 (ubi
169 2806 270 2831 nunc
284 2792 422 2844 legitur
448 2795 585 2834 lauria
610 2794 820 2843 andrum.)
846 2793 932 2832 Has

62 2848 222 2887 arbores
241 2850 492 2896 animalibus,
518 2850 763 2901 potissimum
790 2850 931 2888 iumen-

62 2903 114 2941 tis
143 2906 279 2944 noxias
316 2905 441 2944 fuisse
473 2910 511 2944 et
536 2905 696 2951 letales,
732 2909 935 2956 praeterea

62 2962 226 2999 testatur
257 2961 385 3001 Strab.
417 2962 507 3001 XV.
539 2975 576 3013 p.
609 2966 702 3002 722.
733 2958 806 3001 Ην
836 2964 880 3001 δέ
899 2978 934 3002 τι

63 3012 193 3065 ὁμοῖον
221 3020 265 3067 τῇ
296 3014 419 3069 δάφνῃ
450 3016 585 3070 φυτὸν,
617 3033 662 3057 ου
685 3016 729 3057 τὸ
759 3014 934 3070 γευσάμε-

63 3086 126 3109 νον
148 3076 223 3112 τῶν
247 3072 453 3126 ὑποζυὶιῖον
485 3072 706 3125 ἀπέθνησκε
734 3073 832 3125 μετὰ
859 3078 933 3115 ἐπι-

63 3128 204 3180 ληψίας
232 3131 297 3169 καὶ
326 3127 464 3184 ἀᾳροῦ.
498 3130 650 3171 Pallad.
682 3129 707 3170 l.
741 3134 808 3172 35.
839 3132 868 3182 §-
896 3135 934 3173 9.

993 1781 1183 1834 Hippiatr.
1208 1795 1244 1833 p.
1274 1786 1364 1823 112.
1390 1786 1431 1820 et
1454 1795 1491 1833 p.
1510 1786 1600 1823 115.
1625 1781 1725 1821 Plin.
1752 1781 1801 1822 H.
1815 1782 1864 1822 N.

991 1837 1142 1877 XXIV.
1161 1843 1222 1879 11.
1238 1843 1304 1880 53.
1328 1838 1494 1878 Vulcan.
1509 1839 1559 1877 ad
1574 1839 1709 1878 Gloss.
1724 1853 1762 1891 p.
1779 1839 1863 1892 43]

1050 1928 1137 1967 ΟΜ».
1163 1927 1227 1968 Ill.
1276 1929 1432 1968 accedo
1459 1929 1693 1982 decerpere.
1741 1929 1790 1968 cs.
1815 1929 1866 1969 ad

992 1984 1089 2024 Met.
1116 1984 1183 2024 Vl.
1208 1998 1245 2036 p.
1271 1988 1366 2025 379.

1045 2052 1344 2104 poster1'ort'bus
1375 2052 1568 2092 calcibus.
1616 2052 1737 2091 Miror
1761 2052 1866 2092 Oud.

992 2110 1056 2161 qui
1081 2109 1329 2160 posteriores
1342 2109 1475 2148 calces
1489 2110 1641 2160 proprio
1659 2123 1732 2148 suo
1746 2122 1866 2148 sensu

992 2166 1172 2216 capiens,
1198 2178 1221 2202 e
1245 2165 1480 2203 membranis
1504 2165 1768 2205 (l’Orvillianis
1789 2180 1867 2218 po-

992 2222 1205 2262 steriorum
1246 2221 1447 2267 emendat,
1497 2222 1602 2272 quod
1650 2235 1718 2273 pro
1761 2236 1868 2260 mera

991 2278 1130 2329 glossa
1167 2277 1348 2329 equidem
1384 2277 1595 2316 habuerim.
1646 2278 1867 2317 Tritissima

993 2335 1093 2373 enim
1119 2337 1182 2372 est
1205 2347 1280 2372 non
1306 2334 1434 2372 solum
1448 2334 1606 2385 Apuleii
1620 2335 1693 2373 sed
1706 2335 1866 2373 aliorum

993 2403 1149 2442 quoque
1172 2391 1400 2440 scriptorum
1420 2390 1572 2429 dicendi
1595 2392 1709 2437 ratio,
1734 2395 1776 2429 ut
1799 2391 1865 2430 ad-

993 2448 1173 2485 iectivum
1197 2460 1272 2484 non
1297 2447 1351 2492 ei,
1382 2447 1433 2487 ad
1463 2447 1569 2498 quod
1600 2448 1755 2498 proprie
1780 2461 1865 2498 per-

993 2504 1089 2542 tinet
1101 2503 1359 2549 substantivo,
1387 2503 1613 2554 adiungam,
1639 2503 1712 2541 sed
1737 2503 1787 2541 ad
1812 2501 1865 2541 al-

993 2563 1116 2598 terum
1151 2559 1282 2611 potius
1312 2558 1491 2598 referant.
1539 2559 1603 2598 De
1627 2559 1703 2597 hac
1727 2559 1864 2611 hypal-

993 2615 1085 2667 lage
1113 2614 1225 2667 plura
1255 2615 1379 2654 dicam
1406 2615 1455 2655 ad
1485 2615 1583 2654 Met.
1608 2613 1680 2654 Xl.
1706 2629 1743 2667 p.
1771 2620 1865 2657 761.

992 2673 1154 2724 spirans
1180 2671 1361 2711 Arabiae
1382 2672 1530 2724 felicia
1561 2672 1761 2724 ycrmina.
1808 2671 1867 2710 lta

991 2731 1123 2767 nostro
1149 2741 1304 2780 quoque
1331 2728 1418 2767 loco
1442 2728 1595 2780 pedum
1620 2729 1866 2779 posteriori-

993 2785 1063 2825 bus
1087 2785 1272 2824 calcibus
1296 2784 1438 2822 dictum
1458 2786 1519 2822 est
1537 2797 1607 2836 pro
1623 2785 1780 2836 pedum
1787 2798 1865 2837 po-

990 2842 1203 2880 stcriorum
1229 2839 1446 2892 calcibus]

1048 2908 1241 2947 mulcato,
1265 2907 1330 2945 De
1349 2907 1530 2947 mule-arc
1549 2911 1746 2958 comparat
1761 2907 1864 2948 Oud.

992 2964 1061 3003 Dr.
1086 2964 1138 3002 ad
1162 2964 1232 3002 Sil.
1245 2962 1296 3001 X.
1311 2967 1404 3004 463.
1432 2963 1566 3002 Socer.
1588 2964 1639 3002 ad
1652 2964 1743 3004 Val.
1757 2964 1864 3004 Max.

991 3019 1019 3060 Ι.
1047 3025 1086 3061 7.
1109 3020 1140 3070 §.
1164 3025 1200 3060 4.
1228 3019 1306 3071 [cui
1333 3019 1438 3058 adde
1461 3019 1620 3059 Ruhnk.
1645 3019 1789 3060 Dictat.
1814 3021 1868 3060 ad

993 3076 1103 3116 Suet.
1129 3090 1166 3127 p.
1192 3080 1259 3117 31.
1306 3075 1365 3115 lta
1389 3075 1494 3127 apud
1518 3075 1663 3116 Arnob.
1687 3076 1773 3115 Vll.
1799 3081 1865 3118 36.

993 3133 1078 3173 cod.
1092 3132 1196 3172 male
1208 3131 1330 3172 habet
1347 3133 1543 3173 mule-asse
1555 3130 1632 3186 'pro
1645 3133 1864 3186 multasse]

1891 994 1911 1024 (Ο

1922 993 1931 1024 ..κ
