2221 3667
349 180 432 222 324
607 178 651 220 L.
685 180 904 222 APULEH
934 178 1333 221 MADAI’RENSIS
1364 178 1905 218 METAMORPHOSEON

264 290 323 323 33¹
352 293 526 332 membra
558 293 777 335 cohibentia
799 293 806 350 1
827 295 884 335 his
917 294 1031 334 ctiam
1065 290 1261 331 blanditiis
1289 290 1474 330 adstruit:
1505 289 1563 331 Mi
1590 290 1749 339 mellite,
1783 290 1833 329 mi
1861 289 2019 340 marite,
2054 297 2144 330 tuae

263 347 329 381 332
352 347 526 404 Psyches
554 350 675 390 dulcis
701 351 845 390 anima.
896 350 944 390 vi
969 364 1013 388 ac
1035 348 1041 403 Ι
1063 353 1254 402 potestate
1280 346 1450 387 Veneris
1468 347 1479 359 ³
1498 361 1638 387 usurus
1664 347 1810 387 invitus
1837 346 2037 386 succubuit
2063 359 2145 385 ma·

353 405 469 456 ritus,
497 413 536 446 et
560 413 700 446 cuncta
726 421 768 447 se
795 408 987 446 facturum
1015 403 1235 457 spopondit.
1272 403 1403 457 Atque
1429 403 1543 444 etiam
1571 404 1656 444 luce
1683 403 1925 458 proximante
1951 403 1997 443 de
2022 402 2145 442 mani-

353 461 425 501 bus
452 462 589 503 uxoris
616 464 790 503 evanuit.

355 566 570 596 conhibentia
588 572 635 597 est
658 567 689 596 in
710 576 809 602 marg.
828 568 863 595 F.
878 567 908 594 8.
929 568 968 594 ab
987 567 1097 594 eadem
1118 573 1226 595 manu.
1263 564 1455 593 choflnentia
1469 565 1507 595 D.
1533 565 1698 594 coibentia
1714 568 1749 595 G.
1767 568 1793 594 1.

1842 563 1893 593 his
1908 566 2008 591 etiam
2022 565 2058 594 F.
2074 565 2102 593 1.
2117 565 2149 595 3.

355 612 439 641 haec
451 613 554 641 etiam
570 615 604 642 G.
622 616 649 642 l.
664 615 747 641 21).
761 614 795 640 Ο.
812 612 830 639 t'.
846 608 874 639 ὅ.
890 612 937 639 ed.
952 618 998 644 pr.
1011 612 1087 639 Ain.
1102 614 1186 640 lunt.
1201 614 1231 639 ἱ).
1277 609 1332 639 hic
1345 611 1448 638 etiam
1464 613 1498 640 B.
1514 616 1541 640 et
1557 616 1628 640 ceu.
1642 613 1711 640 edd.
1727 616 1801 640 veu.
1826 609 1888 637 hac
1902 610 2002 637 etiam
2019 618 2048 644 p.
2069 607 2150 638 ltine

355 659 456 686 eliam
472 660 547 687 Bas.
565 661 592 688 1.

356 705 385 733 3.
402 706 436 732 G.
458 707 484 733 1.
500 708 529 733 2.
543 706 580 732 Ι).
594 705 630 731 Β.
644 706 671 730 et
687 710 795 729 omnes
810 702 879 729 edd.
896 704 970 730 vett.
1019 700 1131 728 melite
1145 704 1180 729 G.
1196 703 1209 730 1
1220 724 1226 730 .

640 656 807 685 blanditus
823 660 857 684 G.
876 658 902 684 1.
916 657 1030 684 Vener.
1044 657 1075 684 2.
1088 659 1171 685 lunt.
1188 658 1197 684 1
1210 679 1215 685 .
1241 655 1372 684 blandis
1386 655 1452 684 hiis
1466 658 1501 685 G.
1511 659 1540 686 ἱ).
1555 659 1592 685 l).
1608 658 1642 685 P.
1690 657 1736 683 mi
1747 654 1869 683 mellite
1884 656 1929 683 tui
1939 655 2062 682 marite
2074 655 2109 684 1⁴¹.
2120 656 2133 683 1
2143 677 2150 683 .

1275 700 1398 729 mellite
1411 703 1471 737 mi,
1496 703 1544 729 mi
1554 702 1677 729 marite
1692 703 1712 730 f.
1760 701 1806 728 mi
1823 706 1898 729 aine
1918 701 2040 728 nun-ile
2058 702 2151 729 abest

354 757 374 778 8
389 746 417 778 ὃ.
468 753 503 777 tu
518 757 572 783 pro
588 751 666 775 tuae
679 749 716 775 D.
764 744 893 782 Psyche
907 748 942 774 G.
962 747 988 776 1.
1003 743 1031 775 δ’.
1047 755 1076 780 p.
1091 747 1111 776 t'.
1136 747 1188 775 hic
1204 750 1235 775 ut
1251 754 1280 780 p.
1295 749 1370 775 3105.
1385 755 1440 781 pro
1457 744 1625 784 leuchae]
1651 745 1808 783 Psychen«
1823 748 1859 776 G.
1875 748 1903 775 2.
1919 748 1955 776 D.
1995 745 2028 772 2⁹71
2041 742 2108 772 lun·
2120 753 2150 780 p.

355 800 383 823 et
398 796 512 823 Venet.
528 796 555 822 ¹3.
595 792 669 819 viel
686 792 705 820 s.
743 798 876 820 usurus.
902 790 1038 818 Inritus
1052 793 1087 819 G.
1103 793 1183 820 21).
1222 791 1395 820 succubuit
1410 793 1445 821 F.
1463 794 1526 821 l.3.
1542 795 1577 821 G.
1597 794 1622 821 1.
1638 794 1667 821 ἱ).
1683 793 1763 821 RD.
1778 793 1812 821 Ο.
1827 790 2063 821 25.f..-r.1um.2.
2091 791 2151 819 Ce-

356 840 413 868 teri
429 841 517 868 codd.
532 843 560 867 et
575 838 643 865 edd.
659 835 852 865 succumbit.
900 840 1004 873 alque
1016 837 1050 864 in
1064 835 1137 864 tuce
1152 845 1180 871 p.
1196 838 1280 865 unde
1293 838 1344 866 vir
1357 839 1469 866 «locius
1490 838 1651 866 divinavit
1671 840 1774 874 atque
1792 837 1870 865 iam.
1909 840 1948 864 at
1965 836 2068 863 etiam
2086 836 2152 864 Ve-

354 886 552 913 11e1.4.Bas.
571 884 598 912 1.
640 881 854 918 pros-intanta
867 883 903 910 G.
920 884 948 911 1.

362 976 397 1012 1.
418 974 475 1011 16.
492 983 527 1021 p.
543 974 607 1011 66.
635 968 783 1020 Schop.
807 969 984 1009 Huschk.
1009 970 1059 1007 ad
1085 968 1227 1008 Tibull.

359 1027 467 1066 ILV.
489 1030 578 1067 101.
604 1025 750 1064 Deder.
770 1026 819 1064 ad
840 1026 940 1065 Dict.
970 1026 1069 1064 Cret.
1084 1027 1134 1066 V.
1165 1031 1226 1067 16.

361 1083 491 1122 Gloss.
513 1096 549 1134 p.
566 1085 657 1122 368.
686 1081 735 1120 Et
756 1083 808 1120 ita
828 1082 1033 1128 legendum
1049 1088 1110 1121 est
1125 1084 1228 1134 apud

361 1139 472 1178 eund.
499 1138 566 1177 Vl.
604 1144 642 1178 4.
685 1139 742 1177 lbi
783 1139 906 1179 multa
949 1141 993 1178 in
1032 1144 1228 1191 patruum

360 1197 568 1236 saeviter
608 1195 686 1245 (vel
726 1199 909 1245 severe.)
943 1210 1021 1247 per
1053 1210 1140 1235 eum
1169 1198 1226 1235 ‘in-

361 1257 486 1306 ¹qesta.
536 1251 638 1290 Hinc
674 1265 765 1302 ergo
804 1254 1068 1304 consequitur,
1106 1253 1227 1292 verba

362 1311 548 1363 inyerere
601 1309 820 1349 mulcentia
874 1309 948 1348 dici
1002 1323 1124 1360 posse
1179 1309 1228 1347 de

361 1366 570 1412 blanditiis,
597 1367 685 1416 quia
717 1367 836 1405 cerba
868 1366 1083 1405 mulcentis!
1118 1367 1229 1417 ipsae

361 1422 572 1462 blanditiae
596 1426 700 1461 sunt.
735 1421 914 1461 Inserens
929 1436 1014 1460 cum
1029 1422 1129 1461 oud.
1145 1436 1229 1473 pro-

364 1480 451 1518 bavi
471 1493 492 1517 e
518 1479 603 1518 cod.
618 1477 764 1523 Oxou„
790 1492 905 1529 quum
921 1478 1107 1529 intelligat
1126 1480 1230 1530 Apu-

364 1536 483 1582 leius,
508 1534 710 1587 Psychem
736 1538 863 1574 onmia
883 1549 954 1574 sua
966 1536 1140 1573 membra
1153 1540 1230 1573 tam

365 1597 469 1632 arcte
504 1592 763 1631 immiscuisse
798 1592 981 1630 membris
1019 1592 1231 1643 Cupidinis,

365 1654 407 1689 ut
431 1650 542 1700 quasi
568 1653 873 1687 concrescerent.
903 1649 1140 1688 Collibentia
1167 1664 1232 1686 no—

366 1708 555 1745 minantur
589 1706 781 1752 membra,
819 1706 907 1755 quia
942 1710 1018 1743 tam
1049 1706 1235 1743 tenaciter

369 1764 440 1802 sibi
477 1762 706 1808 adhaerent,
743 1766 783 1800 ut
819 1776 865 1799 se
903 1763 988 1813 ipsa
1016 1763 1235 1800 contineant

368 1834 440 1859 nec
465 1819 580 1857 evelli
607 1833 629 1858 a
652 1832 698 1857 se
724 1819 885 1870 possint.
911 1818 1103 1869 lutei-pres
1117 1820 1234 1857 totius

369 1877 587 1916 sententiae
623 1877 674 1913 sit
709 1874 824 1913 Ovid.
862 1875 994 1914 Amor.
1034 1874 1095 1913 lll.
1129 1879 1163 1915 7.
1198 1879 1234 1916 9.

369 1933 539 1973 subiet-lt
569 1932 737 1972 brachia
769 1932 891 1972 collo.
943 1931 1096 1971 Oscula
1133 1933 1232 1971 ‘inse-

368 1991 451 2030 ruit
475 1990 654 2041 cupidae
680 1988 877 2029 luctantia
905 1989 1073 2041 linquae
1092 1988 1233 2028 Lasci-

370 2061 457 2087 vum
467 2047 617 2099 femori
629 2045 913 2098 substituitque
923 2048 1070 2098 femur.
1103 2045 1233 2083 Minus

371 2103 512 2143 decore
535 2116 605 2155 per
625 2103 797 2142 membra
817 2102 1066 2147 cohibentia,
1086 2101 1167 2147 vel,
1194 2105 1234 2140 ut

371 2160 508 2199 frustra
523 2159 750 2198 coniiciebat
769 2158 942 2198 membra
964 2160 1233 2201 counit-entia,

373 2217 585 2268 Sopingius
616 2215 856 2267 intelligebat
893 2215 1021 2254 solum
1054 2216 1237 2268 chyinal

374 2287 474 2326 quae
489 2278 615 2312 tamen
633 2272 839 2324 explicatio
858 2286 943 2310 cum
957 2271 1059 2311 Oud.
1081 2272 1233 2324 probari

374 2333 598 2383 nonpotest.
614 2329 852 2367 'l‘umauctor
865 2330 1038 2368 membra
1054 2328 1233 2374 dixisset,

373 2400 460 2425 nam
475 2387 649 2425 videntur
663 2385 849 2437 pluralem
865 2385 1098 2436 praetulisse
1107 2389 1235 2423 aucto-

373 2457 438 2482 res
464 2444 499 2482 in
526 2442 748 2481 mulieribus
774 2443 820 2482 ct'.
836 2444 984 2481 Auson.
1001 2441 1123 2493 Epist.
1144 2446 1236 2483 113.

375 2502 519 2542 uxoris
551 2500 689 2553 coepit
719 2499 873 2553 linyere
897 2498 1071 2538 membra
1102 2498 1235 2551 suaa]

431 2557 493 2597 liis
517 2558 636 2596 etiam
662 2556 874 2595 blanditiis
899 2556 1091 2595 adstruit.
1128 2553 1239 2608 [Utra

375 2612 490 2653 lectio
522 2612 657 2652 melior
686 2613 754 2657 sit,
786 2612 845 2651 lzis
876 2612 994 2652 etiam
1027 2612 1241 2652 blanditiis

375 2684 422 2711 an
437 2671 538 2710 haec
551 2671 670 2709 etiam
684 2668 905 2716 blanditiis,
920 2682 988 2720 per
1006 2670 1240 2709 sententiam

376 2741 449 2767 non
475 2731 606 2779 potest
620 2725 732 2771 effici,
750 2729 791 2764 ut
804 2724 905 2764 Oud.
921 2726 1062 2764 statuit.
1089 2725 1241 2765 Utrum-

376 2797 450 2836 que
465 2783 565 2822 enim
577 2783 678 2821 bene
693 2782 844 2829 dicitur,
870 2795 941 2821 nec
958 2781 1092 2829 refert,
1117 2786 1241 2822 utrum

376 2841 476 2881 haec
501 2839 664 2879 addatur
687 2853 758 2878 nec
784 2851 849 2885 ne,
875 2838 980 2890 quod
999 2839 1159 2891 saepius
1181 2852 1241 2878 eo-

376 2897 557 2948 gitatione
570 2895 792 2935 addendum
813 2899 885 2935 est.
911 2894 1033 2940 Oud.,
1060 2897 1122 2947 qui
1141 2895 1243 2936 llaec

461 2954 673 2993 blanditiis
708 2953 862 3005 probat,
900 2950 1080 3003 exempla
1116 2951 1239 2999 affert,

378 3011 515 3061 quibus
546 3009 646 3050 hanc
676 3009 882 3048 dictionem
913 3009 1010 3048 satis
1042 3009 1165 3048 tritam
1196 3009 1239 3047 il-

378 3067 531 3112 lustret,
555 3080 628 3105 sua
652 3066 827 3105 excitans
851 3065 898 3103 ad
919 3064 1089 3104 Frontin.
1109 3064 1239 3105 Praet.

378 3135 414 3174 p.
429 3127 464 3164 2.
492 3126 528 3161 et
552 3122 635 3162 lntt.
656 3123 705 3162 ad
721 3122 826 3161 Vell.
848 3121 874 3161 1.
899 3126 961 3163 17.
982 3125 1045 3162 31.
1062 3125 1126 3162 53.
1154 3122 1238 3174 Ego

378 3180 545 3230 optimos
560 3180 717 3218 codices
730 3183 890 3218 secutus
903 3191 1000 3217 sum.
1033 3177 1093 3216 Ex
1113 3192 1239 3219 errore

1289 970 1458 1021 quodam
1471 970 1630 1009 Modius
1645 984 1713 1022 pro
1730 970 1941 1009 blanditiis
1955 982 2041 1007 cum
2055 968 2101 1007 G.
2118 973 2152 1010 1.

1289 1032 1327 1065 et
1352 1027 1546 1066 nonnullis
1573 1027 1662 1065 edd.
1688 1025 1764 1077 legi
1795 1026 1916 1065 voluit
1934 1025 2152 1070 blanditus,

1289 1097 1402 1135 quam
1417 1084 1673 1122 coniecturam
1687 1083 1775 1121 inde
1789 1087 1910 1125 ortam
1925 1085 2030 1136 puto,
2051 1081 2153 1132 quod

1288 1140 1354 1178 ille
1370 1140 1581 1179 blanditiis
1595 1155 1661 1192 pro
1675 1139 1844 1178 ablativo
1858 1139 2031 1184 haberet,
2040 1151 2154 1189 quem

1290 1198 1388 1235 serre
1413 1211 1486 1235 non
1513 1195 1702 1249 poten-ah]

1347 1255 1400 1292 mi
1424 1254 1579 1292 mellite.
1617 1253 1675 1291 De
1701 1253 1761 1291 his
1789 1252 2055 1291 blanditiarum
2083 1265 2148 1289 vo·

1289 1311 1387 1350 culis
1425 1312 1567 1348 excitat
1617 1310 1715 1348 Elin.
1748 1309 1971 1360 Hieronym.
2003 1309 2052 1347 (le
2089 1309 2153 1347 vit.

1290 1367 1522 1405 Clericorum
1549 1367 1597 1404 ad
1617 1366 1892 1417 Nepotianum:
1920 1366 2061 1405 erebra
2078 1379 2157 1404 mu-

1289 1424 1460 1463 nuscula
1493 1429 1531 1461 ct
1565 1423 1776 1462 sudariola
1816 1428 1855 1461 et
1887 1422 2090 1475 fasciolas
2120 1426 2157 1459 et

1291 1486 1416 1520 vestes
1443 1482 1505 1517 ori
1530 1480 1755 1532 applicitas
1779 1493 1830 1518 ac
1855 1479 2091 1532 (leyitstatos
2104 1479 2157 1516 ci·

1293 1538 1362 1576 bos
1399 1536 1654 1589 blandasque
1694 1550 1744 1575 ac
1783 1536 1922 1575 dulc-es
1959 1534 2159 1574 litterulas

1292 1598 1455 1633 sanctus
1480 1607 1593 1632 amor
1617 1607 1696 1631 non
1725 1592 1854 1630 habet.
1904 1592 1992 1630 Mel
2020 1603 2157 1635 meum,

1294 1651 1422 1689 lumen
1439 1664 1578 1694 nn’um,
1606 1663 1726 1688 meum
1743 1649 2002 1693 ‹sesiam-inm,
2029 1659 2160 1686 omnes

1297 1707 1469 1745 delicias
1494 1711 1530 1744 et
1557 1707 1717 1758 lepores
1742 1710 1780 1744 et
1804 1706 1887 1744 riSu
1920 1705 2072 1757 ‹liqnas
2093 1717 2159 1742 ur-

1297 1764 1494 1802 banitates
1503 1767 1539 1801 et
1553 1768 1733 1801 caeteras
1747 1763 1922 1813 ineptias
1936 1765 2161 1800 amatorum

1295 1821 1335 1858 in
1363 1819 1584 1858 comoediis
1610 1818 1885 1858 erubescimus.
1934 1816 2007 1870 [cf.
2032 1816 2161 1856 Plaut.

1295 1875 1437 1914 Bacch.
1453 1875 1502 1913 V.
1532 1879 1569 1915 2.
1595 1879 1661 1916 80.
1692 1874 1840 1913 Cureut.
1867 1874 1895 1914 l.
1921 1878 1958 1914 3.
1983 1877 2020 1914 8.
2058 1872 2161 1912 Trin.

1294 1932 1338 1970 H.
1359 1936 1471 1972 1.17.
1487 1931 1640 1970 Trucul.
1660 1931 1700 1969 ll.
1717 1936 1752 1973 6.
1768 1936 1831 1971 47.
1847 1929 2161 1981 Fronton.Epist.

1294 1989 1343 2027 ad
1370 1988 1483 2027 Caes.
1509 1987 1574 2025 lv.
1613 1993 1648 2029 o.
1685 2003 1722 2041 p.
1753 1992 1841 2028 103.
1873 1987 1931 2025 ed.
1958 1986 2055 2025 Mai:
2091 1986 2162 2026 ubi

1294 2046 1364 2085 ubi
1388 2059 1427 2084 es
1448 2045 1713 2084 mellitissime.
1745 2044 1877 2082 Locus
1892 2044 2082 2082 classicus
2096 2043 2164 2082 ha·

1295 2116 1375 2140 rum
1412 2101 1681 2141 blanditiarum
1718 2105 1779 2139 est
1815 2100 1942 2140 Plaut.
1980 2099 2109 2140 Casin.
2135 2098 2163 2138 l.

1296 2158 1509 2211 46--50.]

1353 2221 1456 2255 tuae.
1485 2214 1611 2267 [Tuus
1635 2213 1685 2252 de
1710 2215 1756 2253 iis
1782 2214 1916 2253 dicitur
1934 2213 2163 2259 amantibus,
2193 2257 2205 2268 ¹

1297 2273 1360 2323 qui
1393 2273 1427 2310 in
1459 2275 1658 2324 potestate
1687 2276 1778 2311 sunt
1809 2271 1966 2310 alterius
1997 2283 2165 2322 eumque

1295 2329 1641 2367 vehementissime
1661 2333 1781 2367 urunt.
1809 2327 1855 2367 cf.
1877 2327 1991 2367 Ovid.
2008 2326 2164 2365 Heroid.

1296 2385 1323 2425 1.
1350 2389 1414 2425 83.
1442 2388 1480 2423 et
1506 2384 1659 2423 Ruhnk.
1676 2385 1776 2424 Dict.
1797 2384 1846 2424 ad
1866 2384 1979 2422 Ovid.
2002 2383 2162 2422 Heroid.

1298 2442 1322 2480 l.
1349 2456 1385 2495 p.
1413 2445 1448 2482 2.
1475 2440 1630 2480 Peerlk.
1656 2441 1703 2479 ad
1730 2441 1862 2480 Horat.
1889 2441 1966 2479 Od.
1991 2453 2028 2491 p.
2050 2439 2162 2493 284]

1354 2498 1488 2537 dulcis
1511 2499 1659 2537 anima.
1705 2497 1827 2550 [Trita
1852 2496 1950 2536 baec
1974 2501 2035 2535 est
2059 2496 2165 2535 blan·

1297 2555 1472 2594 ditiarum
1497 2553 1636 2594 vocula
1661 2554 1903 2605 potissimum
1929 2553 2033 2605 apud
2059 2552 2166 2592 Cice·
2220 2573 2221 2595 3

1300 2625 1448 2658 ronem,
1480 2615 1522 2649 ut
1547 2610 1780 2650 Graecorum
1805 2608 1906 2663 ψυχὴ
1934 2615 1973 2648 et
1993 2614 2089 2661 φῶς,
2115 2609 2165 2649 de

1300 2669 1439 2720 quibus
1465 2667 1515 2707 cs.
1540 2666 1765 2707 Bourdelot.
1791 2667 1839 2706 'ad
1867 2667 2021 2706 Heliod.

2046 2670 2165 2720 p.11.
2219 2657 2221 2695 Ϊ

1301 2725 1476 2766 Ficoron.
1503 2725 1538 2762 in
1566 2724 1740 2763 Geminis
1765 2737 1801 2775 p.
1821 2727 1882 2766 19.
1909 2723 2092 2763 Boisson.
2116 2722 2168 2764 ad
2218 2730 2221 2774 ξ

1300 2782 1430 2822 Nicet.
1453 2780 1520 2821 Vl.
1558 2784 1623 2823 58.
1659 2794 1696 2833 p.
1723 2783 1815 2821 287.
1854 2784 1945 2822 ¹288.
1992 2778 2167 2827 Plautus,
2218 2779 2221 2823 ἓ

1301 2842 1483 2890 quantum
1509 2837 1608 2885 scio,
1635 2850 1791 2889 semper
1815 2839 1971 2877 animus
1993 2835 2056 2875 vel
2082 2838 2168 2877 ani·

1299 2895 1430 2936 mulus
1452 2894 1587 2933 habet:
1613 2898 1655 2933 ut
1679 2892 1787 2933 Cure.
1813 2893 1840 2934 1.
1867 2897 1905 2935 3.
1931 2898 1970 2936 9.
2005 2893 2111 2934 Men.
2137 2891 2166 2934 Ι.

1297 2955 1334 2994 3.
1364 2957 1398 2993 1.
1424 2950 1552 2991 Casin.
1579 2950 1604 2990 l.
1630 2949 1714 3004 46]

1354 3009 1392 3048 vi
1417 3023 1466 3048 ac
1486 3012 1691 3061 potestate
1713 3006 1873 3046 Veneris
1887 3021 2041 3048 usurus.
2064 3005 2168 3046 Mira

1298 3069 1361 3104 est
1375 3066 1541 3104 omnium
1556 3063 1735 3102 librorum
1751 3065 1985 3111 constantia,
2001 3064 2064 3114 qui
2080 3075 2167 3102 cum

1299 3121 1386 3161 edd.
1402 3135 1547 3161 usurus
1559 3120 1763 3174 praebent,
1791 3120 1895 3171 quod
1909 3133 2007 3160 sana
2018 3120 2167 3159 ratione

1299 3178 1483 3231 explicari
1510 3178 1652 3230 nequit.
1689 3176 1871 3217 Floridus
1897 3177 1996 3216 enim
2021 3189 2167 3219 usurus
