2155 3590
672 142 858 182 LIBER
884 142 998 182 v111.
1059 142 1186 183 CAP.
1211 143 1376 183 XXIII.

1826 144 1909 187 717

121 253 284 306 denique
309 252 570 294 iumentorum
590 253 597 309 Ῑ
618 255 777 295 resectis
799 256 1049 310 corporibus,
1078 271 1152 310 quo
1171 255 1450 296 vendibiliores
1469 255 1714 305 videremur,
1743 257 1791 296 ad
1804 270 1906 296 mer-

121 315 247 349 catum
280 309 548 363 producimur,
582 324 801 365 magnaque
831 326 928 352 voce
959 313 1163 366 praeconis
1200 311 1326 365 pretia
1361 312 1527 365 singulis
1563 312 1781 352 nuntiantis
1818 313 1907 366 equi

121 372 235 418 atque
273 365 339 405 alii
375 366 476 406 asini
515 367 707 420 opulentis
745 369 958 409 emtoribus
983 369 1300 422 praestinantur3
1339 375 1379 406 at
1408 382 1469 408 me
1499 368 1676 408 relictum
1703 369 1828 409 solum
1859 383 1904 409 ac

120 422 358 462 subsicivum
391 437 475 462 cum
508 423 664 463 fastidio
696 424 869 478 plerique
901 425 1183 479 praeteribant.
1234 423 1394 477 Iamque
1427 425 1552 464 taedio
1585 425 1907 466 contrectationis

120 491 278 527 eorum,
313 478 378 532 qui
409 479 454 518 de
486 479 664 520 dentibus
697 481 792 521 meis
823 488 992 521 aetatem
1018 480 1315 535 computabant,
1350 493 1506 519 manum
1533 481 1728 521 cuiusdam
1757 482 1907 522 foetore

119 534 363 585 sordentem,
405 535 469 588 qui
501 535 682 590 gingivas
713 538 933 577 idemtidem
965 551 1072 577 meas
1103 537 1246 591 putidis
1277 536 1479 590 scalpebat
1516 537 1673 589 digitis,
1713 538 1907 578 mordicus

120 597 315 645 arreptam
342 591 575 645 paenissime
602 593 792 633 conterui.
826 592 832 649 Ι
865 593 975 647 Quae
1006 607 1069 633 res
1102 592 1440 633 circumstantium
1471 592 1518 632 ab
1544 594 1714 633 emtione
1737 608 1823 634 mea
1849 601 1907 634 ut-

120 719 315 756 carporibus
334 720 475 758 refectis
495 721 516 748 f.
554 721 740 759 refectione
758 721 954 758 corporibus
967 723 1002 750 Ο.
1050 719 1324 749 vendiehariores
1344 721 1364 749 f.
1384 722 1420 750 L.
1440 722 1519 750 Oud.
1539 721 1570 749 in
1595 729 1712 750 novem
1732 725 1811 750 MSS.
1837 731 1910 752 esse

121 763 219 793 vende·
235 765 386 793 cariores
407 766 499 796 dicit.
526 767 657 800 quinam
677 767 740 794 sint
762 767 947 795 accuratius
971 775 1034 795 non
1061 767 1223 795 indicans.
1248 768 1316 802 Ego
1337 767 1449 796 inveni
1468 766 1502 795 in
1521 768 1557 795 G.
1575 768 1603 795 1.
1618 768 1648 794 2.
1668 768 1704 795 B.
1718 768 1755 795 D.
1770 769 1864 796 Vulc.
1878 770 1908 797 2.

120 813 219 839 merc.
247 809 480 838 vendibiliores
494 812 529 839 F.
544 813 573 840 3,
601 810 836 839 rendihiliores
847 813 884 840 F.
900 814 928 841 1.
941 834 948 847 ,
975 813 1057 846 quod
1072 812 1154 840 idem
1170 815 1330 840 testantur
1342 815 1494 846 excerpta
1507 812 1548 840 ad
1562 820 1662 847 marg.
1677 813 1725 840 ed.
1740 813 1846 847 Cotta,
1872 815 1908 842 B.

121 857 190 884 edd.
217 859 292 884 vett.
318 858 400 884 Elin.
427 857 565 885 Scriver.
591 857 710 885 Florid.
736 861 765 885 et
790 865 900 885 omnes
925 858 995 885 edd.
1021 861 1097 885 ante
1122 858 1213 886 Colv.
1262 857 1435 894 magisque
1460 864 1539 884 vnoce
1564 857 1584 885 f.
1627 858 1742 893 pretio
1768 859 1803 886 G.
1827 859 1854 887 1.
1874 860 1907 886 0.

119 900 319 937 nmupte'atr's
332 903 370 929 l).
419 900 495 927 allii
506 902 615 929 assini
627 905 661 929 G.
682 903 707 929 1.
755 901 833 929 aliis
848 910 878 936 p.
927 901 1132 938 corpulentis
1145 903 1183 931 D.
1220 910 1262 929 ac
1274 910 1325 928 me
1339 904 1374 931 G.
1392 904 1420 930 1.
1435 904 1466 931 2.
1480 904 1516 930 L.
1531 904 1569 931 D.
1584 903 1653 931 edd.
1667 906 1744 931 vett.
1758 906 1786 931 et
1802 907 1909 931 recen.

119 951 246 981 praeter
260 948 342 974 Etru.
356 947 458 975 scriv.
473 951 501 974 et
516 947 637 974 Florid.
675 955 724 973 me
738 950 827 975 abest
843 957 862 975 a
875 945 903 975 δ.
942 956 981 974 ne
994 949 1087 976 habet
1110 947 1131 975 f.
1179 946 1380 976 subsiciuam
1395 949 1429 976 F.
1445 949 1474 976 3.
1490 950 1525 976 G.
1541 949 1571 976 ⁶2.
1586 949 1622 977 P.
1657 947 1857 975 subiscinum
1872 950 1909 977 D.

119 991 328 1019 subsicr'tium
349 992 385 1020 B.
422 990 526 1019 solum
547 991 737 1025 sufficit-um
759 992 779 1020 f.
817 990 976 1027 suffiaum
996 990 1024 1020 ὸ.
1060 991 1252 1029 suffic-inum
1272 995 1336 1021 Ms.
1355 994 1411 1021 Al.
1431 997 1511 1021 teste
1529 993 1619 1022 colv.
1645 992 1687 1022 cf.
1707 994 1748 1022 ad
1766 995 1909 1023 Meum.

119 1044 149 1070 n.
166 1037 239 1065 187.
287 1037 574 1064 σηηινηοιιιιῐηηίε
588 1039 623 1064 G.
644 1039 669 1065 1.
695 1037 942 1065 contractionis
956 1039 990 1066 Ο.
1006 1038 1147 1066 scriver.
1160 1039 1297 1067 Anistel.
1345 1036 1384 1065 de
1397 1036 1549 1066 dentibus
1563 1037 1690 1066 nastris
1709 1040 1745 1068 L.
1766 1040 1801 1067 P.
1820 1039 1909 1068 Calv-

118 1083 213 1110 vinc.
234 1085 334 1110 Mero.
354 1083 467 1110 u’ow.
488 1082 572 1110 Prie.
598 1083 659 1110 Sed
683 1087 767 1110 reete
789 1083 869 1110 meis
890 1083 910 1111 i.
926 1092 954 1111 e.
970 1084 1007 1110 de
1026 1083 1108 1111 meis
1126 1083 1229 1111 solius
1250 1083 1414 1116 dentibus,
1441 1091 1505 1111 non
1523 1083 1661 1112 aliorum
1685 1083 1908 1113 iumentorum.

120 1128 297 1161 Turpitudo
318 1127 404 1155 asini
426 1131 453 1154 01
474 1127 588 1154 vilitas
608 1135 644 1155 eo
662 1128 768 1159 magis
788 1132 940 1163 augetur,
966 1128 1043 1161 quin
1063 1132 1186 1156 ceteros
1203 1129 1314 1156 asinos
1333 1132 1363 1156 et
1382 1136 1482 1162 equos
1501 1129 1633 1157 idoneos
1652 1137 1726 1158 esse
1739 1133 1766 1158 et
1782 1130 1910 1158 validos

120 1176 280 1206 emptores
294 1180 334 1200 ex
347 1173 414 1200 solo
429 1173 583 1205 adspectu
597 1172 780 1204 intelligere
801 1176 955 1205 poterant.
1004 1175 1139 1200 aetates
1153 1174 1188 1201 F.
1207 1175 1233 1202 1.
1249 1176 1285 1202 G.
1303 1175 1330 1201 1.
1344 1176 1375 1201 2.
1391 1175 1424 1202 0.
1442 1181 1470 1207 p.
1485 1175 1522 1202 D.
1538 1173 1560 1202 f.
1581 1174 1661 1203 Coll.
1676 1175 1772 1203 Voss.
1793 1178 1821 1203 et
1840 1175 1908 1203 edd.

119 1221 194 1246 vett.
211 1225 313 1251 usque
326 1217 366 1245 ad
381 1217 469 1245 Colv.
484 1217 564 1245 Oud.
579 1217 716 1244 coni-*cii
739 1217 858 1244 aetat?
875 1224 902 1244 s.
917 1217 936 1245 i.
953 1225 978 1245 e.
995 1219 1146 1244 aetutem
1160 1218 1300 1246 scilieet.
1350 1226 1469 1255 manus
1490 1221 1524 1247 G.
1542 1220 1569 1248 l.
1608 1218 1761 1258 fetorem
1777 1221 1811 1249 G.
1826 1221 1856 1249 ².
1871 1221 1908 1248 D.

115 1260 269 1299 gingibns
290 1263 325 1290 G.
346 1262 375 1289 1.
394 1263 425 1290 2.
445 1263 483 1289 D.
530 1259 706 1288 r'drntidmu
726 1269 817 1289 meas
837 1263 923 1290 deest
944 1263 979 1290 F.
998 1264 1024 1291 1.
1069 1261 1219 1298 putridis
1239 1265 1274 1291 G.
1292 1265 1319 1291 1.
1336 1264 1366 1292 2.
1380 1264 1416 1292 Ρ.
1430 1265 1469 1292 D.
1484 1265 1518 1292 Ο.
1532 1265 1568 1292 L.
1585 1264 1605 1292 t'.
1619 1272 1648 1298 p.
1663 1266 1698 1293 B.
1714 1265 1802 1293 colv.
1815 1266 1908 1294 vulc.

116 1309 200 1336 Elm.
221 1309 318 1335 Mei-c.
337 1307 448 1334 XVow.
470 1307 552 1334 Prie.
577 1307 614 1334 In
633 1310 704 1334 cen.
724 1305 861 1343 putidis.
910 1314 1001 1334 meas
1020 1305 1135 1343 digitis
1154 1309 1190 1336 G.
1211 1309 1241 1336 2).
1266 1309 1327 1336 Sed
1349 1316 1441 1336 meas
1460 1316 1502 1337 ex
1520 1310 1724 1345 praegressis
1742 1311 1909 1344 repetitum

116 1353 217 1381 minio
231 1356 278 1380 est
293 1353 443 1379 deletum.
491 1349 604 1378 (licitis
625 1354 660 1379 G.
679 1353 706 1379 1.
753 1349 922 1378 mordicus
941 1360 1004 1380 11011
1024 1356 1187 1387 comparet
1205 1353 1239 1380 in
1258 1361 1294 1381 π.
1337 1353 1543 1389 paenissime
1562 1355 1597 1382 1¹⁸.
1612 1355 1643 1383 3.
1658 1356 1694 1383 Β.
1709 1358 1738 1383 01
1752 1356 1819 1384 01111.
1835 1359 1908 1384 vett.

117 1401 192 1425 111110
207 1397 365 1426 colvium.
390 1398 428 1425 In
442 1400 514 1424 0011.
529 1401 649 1430 quantu
657 1404 683 1424 m
700 1397 803 1431 video,
815 1395 1019 1432 plem'sst‘me.
1057 1397 1214 1425 canterus
1224 1399 1260 1426 F.
1275 1399 1305 1426 3.
1321 1400 1356 1427 G.
1374 1400 1401 1427 1.
1417 1400 1446 1428 2.
1461 1400 1499 1427 D.
1515 1407 1544 1433 p.
1557 1401 1594 1428 R.
1609 1399 1630 1427 f.
1655 1400 1814 1437 congeriei
1828 1401 1865 1429 F.
1879 1403 1908 1429 2.

116 1443 200 1476 quod
213 1442 428 1476 Lindenbrog.
443 1441 585 1475 explicat
600 1440 771 1469 momordi.
796 1443 831 1470 ln
847 1445 921 1471 cett.
935 1442 1092 1471 contrivi.
1141 1441 1482 1471 circumadstantium
1498 1445 1532 1473 0.
1557 1444 1597 1472 cf.
1613 1445 1652 1473 ad
1662 1447 1783 1475 Met.fl.
1797 1447 1909 1480 p.120.

116 1487 159 1515 ab
173 1486 347 1524 eruptione
359 1494 432 1514 mea
446 1489 524 1523 ulpo
531 1489 560 1513 te
565 1486 820 1526 ferocissimum
835 1483 864 1516 ὃ.

115 1598 390 1638 acclamatum
427 1602 499 1644 est,
543 1601 585 1636 ut
619 1598 748 1650 potius
788 1611 837 1636 ex
874 1598 985 1637 codd.
1046 1599 1110 1649 qui
1136 1600 1285 1639 nostris
1309 1600 1562 1652 scripserant,
1595 1600 1685 1652 quia
1709 1601 1760 1641 ita
1784 1603 1909 1654 singu-

117 1654 343 1693 auctoritate
356 1658 474 1692 totam
494 1668 574 1692 rem
588 1655 760 1706 pendere
773 1654 984 1693 maluerim.

119 1709 247 1757 Quum
273 1724 363 1749 vero
390 1712 634 1750 verisimilius
659 1713 720 1757 sit,
749 1711 923 1750 librarios
949 1712 984 1750 in

118 1781 216 1805 voce
242 1767 455 1807 celebritas
478 1771 555 1806 tam
575 1781 658 1806 raro
685 1772 869 1819 usurpata
895 1768 985 1806 hae-

118 1825 239 1870 sisse,
276 1837 393 1875 quam
430 1824 465 1862 in
509 1838 604 1863 voce
642 1825 856 1870 crebritas,
895 1824 984 1863 mihi

118 1881 220 1932 prior
244 1880 367 1920 altera
389 1882 516 1932 magis
541 1895 588 1920 se
613 1881 869 1933 comprobat]

178 1951 258 1990 quo
284 1937 573 1977 vendibiliores
598 1939 834 1976 videremur.
879 1938 983 1976 Ven-

119 1993 333 2033 clibilz'ores
357 2007 442 2032 cum
463 1993 564 2032 Oud.
591 1995 756 2039 restitui,
784 1995 847 2045 qui
871 1994 984 2032 affert

117 2049 227 2088 Varr.
252 2049 301 2088 R.
321 2049 372 2089 R.
397 2049 423 2088 1.
451 2055 485 2090 4.
522 2050 693 2091 Cultura
724 2065 868 2103 ayt-um
900 2066 983 2090 non

118 2107 247 2146 solum
263 2107 578 2157 fructuosiorem
589 2108 766 2159 faciunt.
781 2108 852 2146 sed
865 2109 985 2147 etiam

118 2162 511 2208 ventlibiliorem5
543 2168 667 2216 atque
697 2164 904 2203 adiiciunt
926 2165 984 2203 acl

116 2220 246 2270 fundi
272 2220 459 2270 pretium.
516 2219 653 2257 Mei-ae
686 2220 982 2259 allucinationes

118 2279 208 2313 sunt
232 2275 390 2313 aliorum
411 2276 657 2327 interpretum
677 2276 981 2325 emendationes,

118 2336 160 2370 ut
184 2331 357 2370 Wower.
384 2333 498 2371 renui
525 2334 722 2379 cariores,
749 2333 810 2371 vel
838 2333 981 2372 Brantii

119 2388 414 2428 venclitariores
439 2402 489 2426 ex
512 2387 640 2428 Plaut.
657 2389 777 2428 Stich.
796 2389 819 2428 1.
836 2394 871 2430 3.
892 2395 983 2432 103.

120 2444 225 2496 quod
250 2459 298 2483 ne
324 2444 409 2483 ferri
437 2445 589 2496 quidem
616 2450 759 2497 potest,
786 2460 870 2484 cum
898 2462 983 2487 reu-

119 2502 275 2541 ‹litaria
302 2502 447 2554 linqua
474 2502 618 2540 dicatur
639 2504 761 2541 activo
782 2517 904 2542 sensu
924 2518 983 2550 ea,

119 2571 234 2609 quam
250 2558 416 2597 vendere
431 2560 616 2610 cupimus.
646 2558 799 2612 [Lectio
815 2559 983 2599 sortasse

119 2615 173 2654 ita
198 2619 333 2654 exorta
357 2620 436 2653 est:
464 2615 502 2653 111
518 2615 618 2654 Mss.
639 2617 823 2667 scriptum
843 2622 925 2656 erat
943 2622 984 2656 ut

118 2672 154 2709 in
189 2671 233 2710 F.
260 2676 299 2713 3.
340 2672 641 2717 υειι(ἶίι·ἰ]ἰηνι’.ς,
680 2673 784 2724 quod
821 2672 983 2713 librariis

117 2728 322 2767 seiunctim
365 2729 625 2768 scribentibus
669 2730 788 2768 rendi
825 2731 985 2770 viliores

119 2797 236 2834 quum
260 2786 311 2824 ad
336 2785 408 2823 Ioci
428 2787 659 2824 sententium
678 2786 834 2824 minime
853 2791 983 2838 aptum

118 2841 310 2880 videretur
333 2845 443 2888 esse,
470 2842 730 2881 emendabant
754 2845 984 2882 eontrarium

119 2898 242 2937 vendi
265 2899 465 2944 carlores,
491 2902 626 2951 utpote
653 2899 738 2937 loco
758 2901 870 2938 unice
896 2914 983 2939 eon—

119 2955 292 3002 veniqns.
341 2954 404 2994 De
435 2957 645 2995 mutatione
671 2956 826 3008 generis
861 2957 909 2995 cs.
935 2957 984 2995 ad

121 3009 218 3049 Met.
243 3010 310 3051 IV.
335 3025 371 3063 p.
397 3012 509 3065 277.]

176 3070 362 3107 aetatem.
389 3067 589 3123 [Aetates,
618 3069 723 3121 quod
738 3070 774 3108 in
790 3069 985 3109 nonnullis

121 3122 232 3163 codd.
248 3124 402 3178 legitur,
428 3127 646 3165 emendatio
663 3130 723 3165 est
739 3126 986 3174 librariorum,

1046 1654 1165 1694 larem
1192 1661 1363 1696 aetatem
1389 1671 1462 1696 non
1489 1659 1694 1696 convenire
1713 1660 1908 1710 putabant.

1044 1710 1130 1764 Ego
1147 1726 1197 1751 ex
1212 1714 1355 1765 optimo
1371 1714 1455 1753 cod.
1467 1713 1509 1753 F.
1519 1718 1554 1755 3.
1565 1719 1747 1761 aetatem,
1758 1720 1909 1755 senten-

1043 1770 1095 1807 tia
1109 1773 1148 1808 et
1166 1771 1416 1821 grammatica
1429 1770 1703 1821 flagitantibus,
1723 1772 1906 1825 reposui]

1096 1827 1271 1877 putidis.
1333 1827 1526 1866 Putridt's
1556 1829 1590 1866 in
1622 1827 1771 1879 aliquot
1803 1829 1906 1868 libris

1043 1883 1294 1935 conspicuum
1326 1897 1400 1922 non
1425 1884 1589 1935 probum
1615 1889 1696 1930 est,
1729 1885 1817 1936 quia
1847 1890 1907 1924 est

1042 1942 1292 1989 putrescens,
1331 1954 1354 1979 a
1383 1944 1583 1992 putrore,
1622 1940 1759 1992 quales
1795 1941 1906 1981 huius

1041 1997 1200 2033 emtoris
1238 1996 1344 2048 digiti
1381 2011 1455 2035 non
1493 2001 1662 2048 possunt
1703 1998 1793 2045 dici,
1835 1999 1908 2037 sed

1035 2053 1180 2104 putidi
1194 2053 1215 2090 i.
1230 2066 1264 2092 e.
1286 2052 1418 2091 foetidi
1434 2058 1624 2105 aputore,
1651 2054 1760 2094 cuius
1774 2069 1907 2094 manus

1041 2109 1229 2147 sordebat
1254 2109 1414 2149 foetore.
1441 2109 1490 2149 cf.
1511 2109 1612 2150 Cort.
1634 2111 1682 2150 ad
1705 2111 1846 2151 Lucan.
1861 2111 1905 2151 II.

1045 2169 1137 2205 141.
1163 2165 1303 2218 [Orell.
1319 2166 1367 2206 ad
1380 2167 1621 2208 Arnob.V.7.
1639 2166 1737 2208 Τ.11.
1751 2169 1905 2222 p.281.]

1094 2223 1347 2274 paenissime.
1401 2222 1514 2262 Hanc
1550 2223 1771 2273 lectionem,
1811 2239 1908 2277 quae

1932 263 1995 296 569

1934 602 1996 634 570

1041 2279 1115 2316 iam
1141 2293 1164 2317 a
1189 2279 1298 2331 Lips.
1327 2279 1451 2332 Epist.
1480 2279 1643 2327 Quaest.
1670 2280 1734 2320 111.
1767 2287 1828 2324 12.
1852 2297 1907 2321 re·
1933 2275 1939 2280 ’

1042 2339 1181 2374 vocata
1194 2340 1292 2382 erat,
1319 2336 1422 2375 Oud.
1438 2339 1588 2385 reiecit,
1615 2351 1665 2376 ex
1684 2341 1907 2378 auctoritate

1043 2392 1174 2439 codd„
1202 2406 1302 2444 quos
1322 2394 1556 2433 monendum
1577 2399 1638 2433 est
1652 2409 1788 2435 omnes
1801 2410 1907 2448 prae-

1041 2452 1099 2487 ter
1115 2448 1158 2488 F.
1176 2453 1211 2489 3.
1233 2454 1272 2488 et
1287 2449 1331 2489 B.
1355 2451 1587 2503 plenissime
1612 2451 1769 2490 habere.
1795 2453 1907 2492 Prae·

1042 2509 1148 2544 terea
1173 2506 1282 2552 dicit,
1314 2520 1384 2558 per
1413 2510 1646 2547 sententiam
1677 2522 1762 2547 eam
1787 2522 1909 2560 posse

1042 2563 1301 2615 comprobari,
1328 2577 1445 2615 quum
1456 2564 1602 2617 plenus
1621 2567 1783 2614 saepius
1804 2579 1908 2605 usur-

1040 2624 1154 2672 petur
1167 2633 1237 2671 pro
1256 2622 1430 2667 omnino,
1457 2626 1563 2666 toto,
1591 2623 1698 2660 omni
1711 2622 1798 2661 coll.
1815 2622 1907 2662 Met.

1042 2675 1111 2715 IX.
1135 2689 1172 2727 p.
1188 2679 1281 2717 597.
1303 2677 1503 2729 plenius
1527 2693 1579 2717 an
1606 2679 1678 2717 sim
1698 2679 1776 2718 iam
1802 2694 1908 2718 man-

1041 2738 1175 2772 suetus
1194 2734 1501 2784 periclitantur.
1527 2733 1670 2773 Minue.
1692 2734 1775 2774 Fel.
1798 2749 1828 2774 c.
1847 2740 1907 2777 14.

1037 2789 1239 2842 plenius
1267 2796 1510 2841 peroratura
1549 2790 1615 2843 [ad
1641 2804 1756 2842 quem
1784 2792 1908 2831 locum

1043 2845 1144 2884 cons.
1172 2846 1332 2885 Gruner.
1381 2846 1533 2885 Omnes
1564 2861 1654 2886 vero
1678 2849 1713 2886 si
1739 2853 1909 2887 veterum

1043 2902 1155 2941 locos
1175 2906 1442 2954 perscrutatus
1459 2903 1593 2950 fueris,
1619 2917 1706 2942 eam
1719 2905 1908 2957 significa-

1042 2959 1186 2997 tionem
1218 2959 1252 2996 in
1284 2972 1382 2997 voce
1404 2960 1540 3004 inesse
1565 2962 1628 2999 vix
1658 2962 1725 2999 tibi
1752 2975 1909 3014 persua-

1044 3015 1170 3054 debis.
1217 3009 1373 3066 Ubique
1399 3018 1497 3054 enim
1524 3021 1587 3056 est
1604 3022 1810 3071 perfecte,
1843 3033 1908 3059 cu-

1043 3072 1210 3116 mulate,
1236 3078 1448 3120 accurate,
1474 3077 1516 3112 ut
1528 3073 1590 3112 hic
1605 3074 1705 3113 ferre
1718 3089 1909 3127 nequeam

1044 3143 1203 3168 manum
1234 3129 1468 3183 plenissime
1497 3133 1694 3174 conterati.
1753 3131 1909 3175 Deinde
