2155 3590
718 103 906 145 LIBER
932 104 962 146 ι.
1019 103 1149 146 οΑΡ.
1177 102 1207 144 ι.
1837 99 1866 149 9

71 221 331 273 Spartiatica
349 218 542 271 praetulit,
565 219 791 270 scripturam
806 220 934 272 Spar·

69 278 181 316 tiaca
204 277 383 325 recipere.
425 274 669 325 Quamquam
694 276 795 314 enim
812 277 935 327 probe

66 333 165 377 scio,
189 331 365 370 adiectivi
395 332 698 370 terminationem
728 332 935 383 analogiae

66 389 280 432 adversari,
333 401 450 438 quum
502 401 527 426 a
571 385 819 439 Σπαρτιατι·
870 390 933 427 fiat

64 440 363 497 Σπαρτιατοεός,
399 456 448 482 ea
482 447 609 482 tamen
643 445 819 483 usitatior
852 449 933 483 erat

66 514 181 552 quam
209 513 310 550 quae
340 498 509 565 Apuleio
540 500 575 538 in
604 504 773 539 mentem
802 503 933 539 venire

63 571 138 596 non
174 560 329 608 posset,
362 557 398 594 si
434 558 661 607 praesertim
698 561 775 595 tam
804 559 933 596 varias

61 625 157 652 esse
179 612 451 652 adiectivomm
468 612 665 663 gentilium
685 613 934 652 formationes

60 669 298 722 respexeris,
374 667 462 707 Huc
496 669 646 708 accedit
686 670 789 720 quod
826 670 932 722 Apu-

61 725 162 765 leius
174 725 300 764 salsus
319 738 413 764 esse
430 728 582 778 poterat
599 726 779 778 analogia
798 727 933 766 multo-

59 796 142 821 rum
160 781 448 827 adiectivomm,
472 783 612 832 quibus
630 784 667 820 in
680 784 795 822 incus
807 785 931 822 termi-

59 839 162 878 natio
184 842 250 877 est
271 838 602 892 frequentissima3
632 839 749 890 quid?
783 840 817 878 si
841 854 930 878 con·

59 893 163 934 sulto
184 907 272 934 eam
297 895 473 934 formavit
495 899 552 933 tot
573 900 758 946 tantaque
781 897 817 934 in
843 896 929 936 aliis

58 964 160 993 nova
193 955 379 991 sectatus
439 950 552 998 Quae
588 952 711 991 forma
744 953 779 990 si
815 966 929 1003 quem

58 1007 271 1053 offenderit,
294 1009 432 1060 probet
456 1021 519 1046 me
542 1007 697 1047 volente
718 1009 929 1061 Spartica,

58 1064 163 1116 quod
181 1068 314 1104 contra
331 1068 572 1103 constantem
593 1065 770 1103 librorum
797 1066 930 1103 lectio-

54 1135 145 1160 nem
186 1120 358 1160 nonnulli
404 1122 634 1173 interpretes
675 1121 780 1173 apud
821 1122 928 1173 Virg.

56 1177 142 1216 Cul.
179 1180 272 1218 398.
308 1181 528 1230 permutare
561 1182 756 1216 conantur.
824 1176 928 1217 Oud.

53 1239 148 1273 'vero
179 1235 455 1278 coniecturam,
486 1235 577 1284 quia
600 1235 711 1272 nimis
734 1234 881 1272 recedit
905 1247 929 1272 a

53 1294 177 1330 tractu
189 1290 410 1335 litterarum,
434 1291 564 1337 reieci3
589 1290 745 1329 alitersi
761 1303 809 1328 eo
828 1303 927 1342 opus

51 1352 134 1393 est,
177 1347 394 1400 Spartiata
425 1348 642 1385 coniiciens.
708 1345 795 1386 Nec
823 1346 930 1385 dubi-

52 1409 176 1444 tarem
199 1403 238 1442 id
261 1406 303 1442 ut
326 1402 548 1442 facillimum
571 1405 608 1441 in
633 1407 741 1442 textu
771 1416 929 1456 ponere,

51 1462 128 1500 nisi
171 1461 346 1499 obstaret
391 1465 603 1498 ceterorum
654 1460 929 1499 vocabulormn

52 1529 178 1570 genus
203 1516 435 1563 femininum,
460 1516 564 1567 quod
576 1520 723 1555 temere
736 1516 928 1569 Apuleius

53 1573 289 1627 praetulisse
305 1586 379 1611 non
398 1573 594 1626 putandus
615 1578 687 1612 est.
714 1573 798 1612 Sed
816 1575 929 1612 miror

51 1633 91 1670 in
119 1643 170 1670 eo
198 1629 323 1675 Oud.,
347 1632 457 1669 cuius
481 1631 712 1669 sententiam
743 1629 928 1669 Schneid.

47 1687 120 1727 Gr.
144 1686 233 1726 Lat.
263 1685 308 1725 ll.
344 1699 382 1740 p.
414 1690 478 1728 46.
515 1699 635 1737 prave
656 1688 827 1740 repetiit,
865 1688 929 1737 qui

52 1744 237 1783 fflnina
275 1743 549 1783 adiectivorum
590 1743 641 1783 ad
682 1744 839 1795 glebam
876 1744 929 1782 ita

52 1800 196 1840 referre
216 1802 395 1853 potuerit,
419 1805 460 1839 ut
483 1801 535 1840 ad
552 1800 730 1851 singulas
750 1812 929 1851 quasque

50 1869 174 1896 voees
208 1858 443 1908 cogitatione
477 1857 695 1897 adderetur.
755 1856 842 1895 Nec
877 1856 928 1895 ad

54 1914 224 1966 ellipsim
236 1913 350 1953 urbis
360 1914 424 1952 vel
437 1915 622 1966 reyz‘om’s
632 1927 720 1952 cum
733 1913 928 1952 Beroaldo

52 1971 229 2010 et'Voss.
252 1970 305 2009 de
318 1969 477 2009 Ana{.l.
506 1975 570 2011 10.
595 1984 632 2022 p.
648 1973 744 2011 303.
765 1967 846 2008 etl.
862 1973 927 2010 32.

51 2033 92 2081 p.
118 2031 211 2068 391.
233 2025 416 2066 Fiirtsch.
447 2026 712 2077 refugiendum
737 2031 810 2071 est,
835 2039 929 2077 quo-

51 2086 155 2124 niam
185 2083 290 2136 apud
318 2084 429 2136 ipsos
458 2083 636 2122 Graecos
672 2083 842 2122 Isthmos
876 2084 928 2121 ita

51 2143 279 2192 ‘umrpatmn
314 2141 521 2187 invenitur3
545 2139 593 2178 cf.
630 2137 740 2178 Pind.
766 2138 926 2190 Olymp.

53 2195 157 2236 VIII.
186 2199 251 2238 64.
276 2195 391 2249 Nem.
414 2196 468 2235 V.
500 2199 565 2237 69.
590 2195 736 2247 Heyn.;
766 2195 926 2234 Jacobs.

54 2253 172 2293 Anth.
202 2251 249 2292 P.
284 2251 322 2305 p.
354 2256 446 2294 789.
505 2251 568 2291 Ex
602 2252 784 2303 analogia
816 2253 929 2302 igitur

45 2310 224 2349 -seminini
260 2311 414 2361 generis
448 2323 562 2348 usum
591 2310 627 2347 in
658 2309 796 2347 ceteris
826 2321 929 2347 com-

53 2368 189 2421 probo,
211 2369 348 2418 utpote
371 2367 499 2419 poetis
523 2366 729 2418 proprium,
754 2366 818 2416 qui
842 2378 929 2403 s·ae

46 2425 143 2477 pius
161 2425 198 2462 in
217 2424 412 2468 montium,
436 2423 645 2461 fluminum.
666 2422 817 2460 urbium
840 2425 929 2460 cett.

50 2480 270 2520 nominibus
299 2493 425 2531 genus
449 2480 616 2524 variant5
651 2478 698 2516 cf.
725 2478 845 2516 voss.
881 2477 932 2516 de

54 2535 214 2576 AnaLl.
243 2539 304 2577 10.
318 2550 356 2588 p.
372 2534 676 2581 303 F5rtseh4
702 2534 929 2573 Schneider.

55 2593 84 2632 l.
97 2606 183 2646 c.p.
201 2596 291 2634 107.
311 2597 350 2631 et
375 2605 477 2644 quae
499 2592 597 2631 infra
620 2591 743 2630 dicam
770 2591 820 2629 ad
833 2590 929 2630 Met.

54 2648 140 2689 VII.
158 2665 201 2702 p.
228 2649 341 2703 493]

111 2706 261 2759 yeebae
280 2706 436 2758 felices.
473 2704 605 2756 Negat
627 2702 867 2756 oud.fel1·oe
889 2703 929 2742 h.

48 2762 85 2802 ⁷1.
106 2762 184 2802 dici
207 2762 260 2802 de
282 2773 459 2813 agromm
482 2760 700 2806 fertilitate,
730 2760 836 2811 quod
860 2760 930 2798 At-

48 2818 406 2858 -tie'amtesteLiv‚
431 2815 575 2857 XLm.
601 2821 637 2858 6.
662 2818 696 2868 §.
721 2821 759 2858 2.
790 2815 930 2856 etLa·

58 2877 230 2915 conIcam
248 2879 379 2915 notum
402 2876 454 2914 sit
477 2874 527 2913 ad
551 2873 780 2912 frumentum
804 2872 932 2912 fuisse

58 2932 232 2978 steriles,
254 2931 360 2971 unde
382 2931 493 2971 locos
505 2929 703 2981 Aristoph.
717 2929 820 2969 Nub.
834 2933 929 2971 288.

57 2987 223 3041 λιπαρὰν
248 2984 376 3042 χθωα
399 2983 610 3033 Παλλάδος
630 3000 663 3026 c.
688 2985 843 3031 Schol.‚
865 2986 933 3038 qui

59 3043 211 3097 εὐθαλῆ
233 3045 301 3097 τὴν
323 3048 440 3085 πᾶσιν
462 3043 643 3095 κομῶσαι*
666 3044 933 3109 interpretatur

59 3105 101 3140 et
122 3100 251 3154 Equit.
278 3104 398 3144 1346.
423 3097 588 3154 λιπαρὰς
598 3096 772 3152 Ἀθήνας
787 3113 863 3139 ιιοιι
882 3099 933 3140 de

992 219 1179 258 frumento
1204 219 1240 257 in
1264 219 1483 258 universum
1507 219 1581 257 sed
1605 219 1656 257 de
1674 224 1863 272 proventu

991 275 1195 326 oleagineo
1219 274 1301 313 vult
1322 274 1495 325 intelligi.
1545 274 1755 327 Propterea
1780 276 1861 315 feli-

993 345 1060 371 ces
1084 331 1174 370 dicit
1197 344 1291 370 esse
1314 332 1493 382 regiones
1518 331 1754 377 celebratam,
1783 333 1860 372 cla-

991 389 1177 428 rissimas,
1214 387 1337 440 [Huic
1370 391 1498 426 tamen
1534 390 1749 427 sententiae
1786 390 1861 428 duo

989 445 1232 498 potissimum
1256 445 1422 483 obstant.
1464 441 1631 482 Primum
1657 446 1756 483 enim
1781 446 1860 484 vel-

992 502 1069 540 lem
1092 500 1195 540 Oud.
1220 501 1530 540 demonstrasset
1549 501 1713 552 [flebam
1736 516 1761 540 a
1783 501 1860 541 La-

991 559 1079 597 tinis
1102 570 1225 609 posse
1248 571 1318 609 pro
1342 558 1499 608 regione
1521 556 1594 595 dici
1623 557 1727 607 quod
1758 558 1860 597 idem

992 614 1154 653 Reines.
1189 614 1241 652 ad
1275 611 1378 652 Petr.
1414 613 1499 652 Sat.
1535 627 1567 651 c.
1599 615 1663 653 32.
1693 627 1731 665 p.
1762 618 1858 655 374.

992 670 1122 710 Burm.
1142 670 1242 709 falso
1267 671 1496 722 pronuntiat,
1521 682 1651 720 quum,
1676 674 1717 708 ut
1741 670 1859 710 Grae-

994 740 1122 766 corum
1155 728 1320 779 βῶλος,
1355 740 1511 778 semper
1534 730 1600 765 aut
1628 726 1677 765 ad
1702 725 1858 766 humum

990 785 1178 836 pertineat
1205 787 1247 821 et
1274 796 1346 835 per
1373 782 1649 834 synecdochen
1680 783 1731 821 de
1754 784 1858 833 agris

991 839 1064 888 (cf.
1090 839 1195 890 Virg.
1220 840 1320 878 Aen.
1346 837 1374 878 l.
1400 843 1517 888 531.)
1549 839 1611 878 vel
1632 841 1859 891 possessio-

989 897 1102 934 nibus
1138 897 1297 947 agranis
1332 899 1541 948 usurpetur
1574 898 1639 934 aut
1674 896 1724 935 ad
1759 896 1858 935 alias

988 966 1052 991 res
1075 952 1342 997 transferatur,
1379 965 1480 1004 quae
1503 951 1628 1003 glebis
1658 956 1749 992 sunt
1771 967 1859 992 con-

988 1009 1148 1047 similes.
1208 1008 1362 1047 Deinde
1398 1010 1432 1047 si
1468 1009 1586 1061 gleba
1619 1010 1772 1048 omnino
1809 1009 1860 1048 de

990 1066 1104 1103 humo
1136 1065 1286 1110 dicitur,
1323 1066 1456 1104 mirum
1487 1079 1580 1103 esse
1610 1067 1758 1116 nequit,
1795 1080 1860 1104 cur

988 1121 1185 1165 Athenae,
1216 1120 1389 1160 Laconia
1424 1126 1464 1160 et
1493 1121 1697 1161 Corinthus
1721 1122 1858 1161 felices

986 1177 1131 1227 glebae
1155 1179 1402 1216 nominentur.
1446 1177 1508 1216 De
1532 1178 1698 1217 Athenis
1721 1183 1762 1216 et
1786 1177 1857 1217 Co-

987 1233 1109 1271 rintho
1134 1234 1210 1272 iam
1234 1235 1339 1284 prius
1365 1233 1505 1272 dictum
1531 1239 1603 1273 est.
1661 1234 1859 1274 Laconiae

985 1303 1078 1327 vero
1092 1290 1297 1328 nonnullas
1311 1295 1443 1341 partes
1457 1290 1716 1330 fertilissimas
1736 1292 1858 1330 fuisse

986 1346 1265 1398 praestantium
1291 1347 1466 1385 arborum
1489 1351 1529 1385 et
1554 1347 1740 1386 fmctuum
1765 1349 1859 1400 opti·

985 1415 1134 1441 morum
1159 1406 1322 1441 testatur
1346 1403 1473 1441 Str-ab.
1494 1402 1593 1442 Vm
1612 1418 1649 1456 p.
1664 1407 1757 1445 366.
1777 1406 1860 1455 περὶ

983 1463 1052 1510 τῆς
1079 1455 1230 1509 ‹Ji-3⁶⁶0,
1257 1463 1333 1498 τῶν
1370 1456 1499 1498 τόπων
1527 1463 1761 1499 Λακωνικῶν
1795 1463 1860 1499 καὶ

986 1515 1060 1555 τῶν
1083 1517 1361 1566 Μεσσηνιακῶν
1383 1516 1506 1555 ταῦτα
1529 1517 1596 1567 μὲν
1619 1515 1858 1563 ἀποδεκτέον,

986 1575 1156 1624 λέγοντος
1190 1571 1396 1634 Εἰριπίδου
1433 1572 1501 1624 τὴν
1530 1570 1600 1624 γὰρ
1634 1572 1860 1624 Λακωνικήν

985 1644 1097 1681 (Ῑησιν
1127 1627 1220 1681 ἔχειν
1248 1625 1420 1681 πολλὴν
1453 1630 1531 1679 μὲν
1555 1644 1724 1692 αροτον
1751 1633 1859 1669 ἐκπο-

985 1693 1058 1725 νεῖν
1086 1682 1170 1724 δὀἱ·
1202 1682 1345 1749 ι’ᾴδφν.
1383 1687 1529 1748 ²⁰f7⁷7
1519 1701 1589 1737 ναρ
1619 1681 1725 1739 ’ὄρεσι
1760 1688 1859 1739 περί-

985 1745 1125 1793 δρομος
1154 1738 1304 1795 τραχεῖά
1328 1757 1368 1781 τε
1393 1721 1581 1794 divssoa‘hg
1601 1757 1641 1781 τε
1670 1745 1743 1782 noi
1747 1746 1858 1793 (note.

986 1799 1034 1838 cs.
1048 1798 1196 1837 Meurs.
1214 1797 1361 1838 Lacon.
1381 1797 1447 1837 IV.
1469 1804 1505 1839 2.
1520 1798 1700 1850 Denique
1715 1800 1859 1850 glebae

986 1856 1123 1895 felices
1163 1856 1198 1893 si
1239 1854 1448 1894 indicarent
1489 1856 1649 1906 gloriam
1687 1842 1857 1895 locorum

987 1916 1105 1963 atque
1132 1911 1397 1950 celebritatem
1427 1924 1495 1950 cur
1517 1912 1668 1951 adiecta
1692 1912 1858 1964 legimus

988 1969 1103 2008 Hbrz's
1130 1968 1390 2020 felicioribus
1414 1967 1632 2008 conditae?
1655 1969 1718 2007 De
1741 1970 1857 2020 signi-

985 2026 1164 2064 ficatione
1186 2025 1295 2063 vocis
1322 2025 1435 2077 felix
1459 2037 1527 2076 pro
1549 2026 1703 2077 fertilis
1734 2025 1781 2064 cs.
1806 2025 1858 2064 ad

986 2081 1156 2134 Apolog.
1186 2094 1225 2133 p.
1250 2085 1347 2121 444.
1409 2078 1620 2120 Praeterea
1647 2082 1796 2133 ylebae
1823 2095 1857 2121 c.

985 2137 1088 2177 Oud.
1109 2151 1183 2176 non
1201 2151 1273 2189 pro
1292 2150 1387 2176 casu
1405 2137 1627 2204 appellandi
1646 2138 1857 2183 habuerim,

985 2194 1059 2233 sed
1082 2208 1152 2246 pro
1177 2195 1360 2245 genitivo,
1384 2195 1449 2244 qui
1468 2208 1490 2233 a
1501 2195 1646 2247 felices
1663 2199 1779 2247 aptus
1797 2199 1859 2233 est

979 2251 1052 2299 (cf.
1077 2249 1228 2290 Meurs.
1252 2250 1302 2289 ad
1317 2248 1418 2289 Non.
1442 2264 1482 2303 p.
1498 2254 1590 2292 726.
1616 2249 1708 2290 Hor.
1729 2252 1811 2290 Sat.
1830 2249 1858 2289 I.

987 2311 1024 2349 9.
1038 2311 1075 2348 9.
1101 2307 1166 2346 ubi
1189 2305 1380 2352 Lambin„
1404 2306 1536 2345 Bur-m.
1561 2307 1612 2346 ad
1631 2306 1746 2346 ovid.
1761 2307 1859 2346 Met.

986 2363 1050 2403 ln.
1079 2367 1169 2404 132.
1183 2363 1286 2402 Jahn
1310 2368 1353 2402 et
1369 2363 1491 2402 Bach.
1506 2363 1556 2402 ad
1568 2363 1682 2402 ovid.
1697 2363 1857 2402 Metv.

988 2423 1099 2470 267.)
1130 2424 1172 2459 ut
1202 2419 1320 2469 gleba
1349 2434 1420 2472 pro
1451 2419 1579 2471 glebis
1606 2424 1771 2472 ponatur
1796 2433 1858 2458 ea-

988 2477 1156 2528 demque
1175 2477 1358 2515 efficIatur
1369 2477 1572 2521 sententia,
1592 2490 1708 2526 quam
1714 2476 1858 2542 Virgit.

988 2534 1087 2573 Aen.
1106 2532 1139 2572 1.
1166 2537 1261 2574 531.
1278 2535 1485 2586 expressit.
1511 2531 1555 2571 ll.
1580 2531 1647 2571 lx.
1675 2537 1767 2573 141.
1799 2548 1858 2572 οι·-

987 2596 1072 2641 θαρ
1095 2586 1285 2642 ἀρουρνς]

1043 2652 1259 2686 aeternum.
1296 2645 1417 2685 Salm.
1450 2647 1485 2684 in
1515 2645 1635 2697 praef.
1661 2645 1709 2684 ad
1735 2645 1856 2686 Solio.

984 2705 1195 2742 memoriae
1216 2703 1348 2742 forsan
1375 2702 1464 2740 vitio
1490 2703 1579 2741 citat
1597 2703 1640 2740 in
1654 2707 1859 2742 aeternum

977 2759 1054 2813 [οἱ
1078 2759 1194 2799 ovid.
1219 2758 1315 2798 Met.
1341 2757 1406 2797 w.
1432 2761 1525 2799 369.
1550 2758 1655 2809 virg.
1674 2759 1776 2797 Aen.
1789 2758 1858 2798 Vi.

987 2821 1082 2858 400.
1113 2819 1209 2857 607.
1245 2815 1436 2854 Schmidt.
1468 2814 1519 2854 ad
1550 2814 1642 2855 Hor.
1673 2813 1799 2868 Epist.
1829 2814 1859 2855 1.

988 2872 1161 2970 1022·ae
1185 2928 1443 2982 felicioribus
1471 2929 1681 2969 conditae.
1718 2929 1859 2969 condi·

986 2991 1055 3026 tae
1076 2985 1179 3025 oud.
1212 2985 1328 3024 libris
1351 2986 1556 3038 repositae
1578 2990 1703 3038 atque
1730 2999 1857 3026 serva-

988 3047 1054 3082 tae
1090 3041 1259 3094 explicat
1293 3041 1391 3080 locis
1425 3040 1542 3093 Apul.
1578 3040 1645 3082 IV.
1681 3056 1719 3094 p.
1757 3046 1854 3083 303.

987 3113 1132 3140 nomen
1165 3111 1293 3139 meum
1326 3097 1442 3138 coelo
1471 3098 1682 3140 conditum
1712 3101 1857 3152 profa-
