2221 3667
330 152 413 194 308
588 151 631 189 L.
666 151 882 190 APULEII
911 146 1310 189 MADAURENSIS
1338 145 1880 186 METAMORPHOSEON

242 271 306 305 320
331 263 513 304 efferavit
537 263 783 321 argenltum.
825 262 1040 303 Enimvero
1066 258 1288 313 pavimenta
1313 258 1398 312 ipsa
1422 257 1548 311 lapide
1571 258 1744 311 pretioso
1770 258 1914 298 caesim
1939 258 2128 298 diminuto

331 320 372 360 in
394 320 504 361 varia
524 320 700 374 picturae
726 333 872 374 genera
904 316 1239 358 discriminantur.
1275 313 1542 355 Vehementer
1569 315 1710 354 iterum
1742 327 1788 354 ac
1813 315 1967 368 saepius
1992 315 2129 355 beatos

331 377 440 427 illos,
470 377 533 430 qui
560 391 679 430 super
703 389 876 430 gemmas
902 381 940 414 et
965 372 1124 411 monilia
1150 371 1318 411 caleant.
1368 370 1451 411 lam
1483 378 1638 411 ceterae
1670 377 1801 425 partes
1832 371 1949 424 longe
1974 371 2128 424 lateque

332 503 509 542 effecturi!
524 507 559 534 G.
578 507 606 533 1.
621 512 641 533 a
654 513 694 533 m.
709 513 738 539 p.
764 507 838 532 (non
852 499 1012 537 effetam't
1024 503 1104 529 teste
1118 501 1208 530 Oud.)
1233 497 1393 536 effetam}
1405 508 1426 528 a
1438 507 1478 528 m.
1493 508 1519 528 s.
1539 497 1619 535 (uon
1632 496 1857 536 effac-acaci&
1871 507 1942 528 cum
1955 501 2069 534 glossa
2080 497 2134 528 in-

333 551 498 579 terlineari
514 550 675 578 vacuavit
696 550 777 584 (nou
791 545 1003 581 evacuavit).
1041 543 1208 582 effigiavit
1223 546 1337 574 Venet.
1353 547 1383 573 4.
1402 547 1486 574 lunt.
1500 547 1530 573 2.
1550 546 1625 574 Am.
1640 545 1744 573 Basil.
1761 546 1788 573 1.
1808 545 1910 574 Coliu.
1924 546 2036 573 XVow.
2050 543 2134 573 Prie.

332 598 582 632 argumentum,
610 602 693 629 quae
718 591 823 627 Lipsii
850 591 1039 619 coniectura
1064 593 1130 628 est,
1156 594 1347 624 receperunt
1372 591 1462 619 Colv.
1488 591 1628 619 Vulcan.
1653 591 1736 618 Elm.
1765 590 1870 618 Scriv.

991 637 1111 664 sensim
1133 644 1188 670 pro
1208 635 1330 663 caesim
1350 636 1371 664 f.
1419 634 1586 663 deminuto
1607 636 1642 664 F.
1660 636 1690 663 3.
1711 636 1746 663 G.
1764 637 1792 663 1.
1807 637 1836 664 2.
1851 636 1886 664 P.
1900 643 1930 669 p.
1946 635 1967 663 f.
2015 633 2135 661 variae

1011 679 1231 707 vehementer.
1260 679 1389 707 [lerum
1409 683 1445 710 G.
1464 683 1491 710 1.
1506 682 1537 709 2.
1556 682 1595 710 D.
1616 684 1646 709 et
1664 688 1774 709 omnes
1793 681 1863 709 edd.
1882 683 1960 708 vett.

333 640 418 668 enim
438 642 560 669 omissa
580 640 742 674 particula
763 644 840 663 vern
860 638 896 665 G.
915 637 942 665 l.

334 688 370 714 G.
388 688 414 714 1.
429 687 463 715 P.
480 683 509 713 δ.
557 683 813 711 discriminatur
827 683 862 709 G.
879 683 908 709 2.
923 682 961 709 D.

1919 589 2078 627 quine-ero
2097 590 2134 618 B.

2008 686 2136 716 semper

330 739 479 768 gemmas
494 732 528 759 Ο.
554 731 583 758 si
597 730 673 757 futes
687 726 849 760 excerptis
863 730 911 753 est
928 726 1157 755 Gronovianis.
1205 724 1387 753 calcantur
1401 734 1431 761 p.

391 829 580 883 efferarit.
613 825 723 864 Haec
738 826 904 869 omnium
920 824 1000 862 fere
1015 829 1078 862 est
1093 824 1205 862 codd.

335 887 461 931 lectio,
484 897 597 935 quam
614 881 856 920 retinendam
872 895 964 919 esse
978 885 1083 931 puto.
1133 882 1207 934 Ef-

332 946 472 995 ferare
490 941 603 983 enim,
629 938 733 989 quod
753 937 835 976 sere
853 951 1010 989 semper
1030 938 1136 975 ferae
1157 938 1208 974 in-

334 1004 414 1036 star
439 996 582 1046 aliquid
607 995 771 1033 reddere
796 995 1002 1045 significat,
1034 995 1210 1045 primaria

333 1068 406 1092 sua
430 1055 466 1091 vi
491 1053 566 1091 hoc
591 1052 676 1090 loco
701 1052 831 1103 posuit
844 1051 1056 1103 Apuleius3
1083 1052 1124 1088 in
1151 1050 1211 1089 be-

333 1113 434 1150 stiae
453 1110 624 1162 speciem
639 1112 947 1161 transformare,
969 1110 1144 1160 efficere,
1166 1112 1213 1146 ut

336 1168 483 1206 bestiae
521 1167 610 1218 quis
642 1168 819 1217 sormam
864 1166 1019 1203 induat.
1086 1163 1210 1202 Huius

335 1223 626 1274 significationis
651 1235 766 1259 unum
793 1221 890 1260 Stat.
919 1219 1103 1259 Αο11ἰ11.1.
1119 1224 1210 1260 425.

337 1284 430 1330 (non
446 1278 509 1317 Ill.
527 1283 588 1319 19.
616 1282 657 1317 ut
676 1282 808 1316 enatat
821 1278 940 1326 Oud.)
969 1277 1095 1315 locum
1110 1276 1213 1316 Oud.

336 1336 450 1375 affert
468 1341 633 1388 raptam
655 1335 827 1387 Sapei-is
848 1335 966 1373 sslurs
985 1337 1127 1387 efferat
1146 1348 1213 1372 aa·

336 1408 444 1438 ram,
477 1393 539 1442 qui
572 1396 700 1430 tamen
733 1405 807 1429 non
840 1391 1129 1429 accuratissime
1159 1403 1215 1427 re-

338 1450 519 1501 spondet.
581 1447 809 1486 Coniectura
845 1447 969 1498 Lipsii
1007 1460 1216 1497 argumen-

339 1512 421 1546 tum
445 1520 514 1557 pro
540 1510 767 1557 ‹rr-(sentam,
795 1518 894 1555 quae
919 1517 1053 1555 perse
1073 1504 1217 1554 optima

340 1568 402 1601 cst
427 1562 493 1614 [cf.
519 1561 641 1600 Bacb.
669 1560 715 1599 ad
743 1561 859 1599 ovid.
886 1560 982 1598 Met.
1004 1559 1218 1600 X111.68.4.

341 1619 419 1659 Cic.
444 1619 553 1656 Verr.
580 1617 624 1657 ll.
651 1623 687 1657 4.
708 1622 773 1657 46.
799 1617 883 1655 lntt.
909 1617 959 1654 ad
983 1617 1091 1666 Yirg.
1118 1617 1217 1654 Aen.

339 1675 426 1714 Vll.
453 1674 564 1727 791]
594 1674 654 1712 bic
678 1678 807 1711 tamen
836 1675 961 1712 locum
987 1686 1128 1724 capere
1154 1686 1218 1710 ne-

342 1733 434 1784 quit.
481 1731 587 1769 Nihil
615 1735 675 1769 est
696 1732 795 1768 enim
815 1734 984 1784 efferare
1006 1743 1218 1781 arywncn-

339 1795 423 1829 iam
449 1788 681 1827 caelamine.
743 1787 843 1833 Quin
872 1791 910 1824 et
935 1791 1219 1838 arynmewtwn

343 1846 476 1883 (licitur
507 1858 625 1895 opuS,
657 1845 692 1881 in
726 1857 802 1895 quo
828 1843 998 1881 historici
1025 1842 1086 1880 vel
1114 1841 1219 1880 sabu-

343 1902 417 1940 losi
451 1901 595 1951 aliquid
627 1900 818 1939 caelatum
845 1899 906 1937 vel
933 1901 1120 1937 intextum
1148 1902 1220 1936 est.

344 1958 392 1998 cf.
418 1958 501 1996 Intt.
528 1958 577 1996 ad
603 1957 720 2008 Prop.
746 1955 808 1994 ΠΙ.
837 1961 874 1996 7.
902 1960 963 1996 13.
1024 1955 1099 1994 Hic
1129 1969 1221 1993 vero

344 2017 395 2053 ait
426 2014 668 2066 simpliciter,
700 2018 908 2063 argenteos
934 2013 1125 2065 parietes,
1156 2013 1223 2050 be-

345 2072 430 2110 stiis
469 2076 507 2109 et
543 2071 581 2108 id
611 2083 735 2121 genus
767 2070 983 2121 pecudibus
1018 2070 1223 2121 insignitos

346 2142 555 2179 earumque
580 2128 736 2179 picturis
762 2127 985 2176 variegatos
1012 2126 1150 2164 fuisse.

403 2186 487 2237 lap.
509 2186 697 2237 pretioso
723 2185 868 2224 caesim
888 2184 1099 2222 (Ζίιηὶηιιΐο.
1148 2181 1224 2220 La-

346 2242 475 2294 pidem
514 2241 728 2292 pretiosum
766 2241 936 2277 nominat
966 2244 1099 2278 auctor
1129 2252 1226 2277 mar-

347 2312 430 2337 mor
449 2300 483 2336 in
506 2301 656 2335 crustas
679 2301 717 2335 et
731 2297 919 2335 tessellas
933 2300 1121 2340 secatum,
1144 2296 1224 2347 qui-

346 2357 421 2394 bus
442 2355 531 2393 sola
552 2354 702 2392 aedium
718 2355 877 2392 insterni
891 2358 929 2391 et
944 2354 1119 2391 exornari
1134 2352 1225 2390 olim

348 2412 477 2457 solita,
492 2411 636 2450 additis
651 2411 686 2448 in
703 2411 874 2461 picturae
888 2411 1044 2448 modum
1061 2410 1224 2461 gemmis

347 2469 411 2506 vel
437 2470 532 2506 vitro
558 2472 623 2506 aut
649 2467 842 2518 lapidibus
868 2467 982 2519 pictis
1008 2467 1056 2505 cf.
1083 2468 1225 2504 senec.

349 2526 472 2578 Epist.
501 2529 566 2569 86,
592 2524 622 2575 ξ.
651 2529 686 2564 5.
715 2523 847 2562 Sidon.
873 2523 1010 2575 Apoll.
1035 2522 1160 2575 Epist.
1182 2522 1224 2560 Il.

354 2587 416 2624 10.
442 2583 477 2620 in
503 2595 618 2620 carm.
643 2581 691 2618 V.
713 2584 736 2620 8
763 2594 865 2631 sqq„
892 2581 954 2631 qui
981 2580 1091 2618 locus
1117 2592 1226 2619 accu-

350 2643 431 2678 rate
456 2639 557 2676 hanc
579 2637 763 2675 luxurium
784 2637 985 2675 describit:
1018 2637 1131 2676 Intus
1151 2636 1226 2675 lum

349 2698 474 2735 micat
504 2700 626 2747 (tique
658 2694 907 2733 bracteatum
935 2693 1013 2732 Sol
1033 2695 1092 2733 sic
1116 2692 1225 2731 solli-

352 2755 504 2793 citatur
528 2752 587 2790 ad
606 2751 791 2797 lacunar,
821 2751 948 2789 Fulvo
967 2754 1012 2789 at
1029 2749 1227 2789 concolor

352 2813 461 2848 erret
479 2811 520 2846 in
539 2807 714 2846 metallo.
765 2807 1012 2846 Distiuctam
1031 2808 1149 2845 vario
1169 2807 1227 2844 ni-

352 2871 438 2904 tore
463 2878 655 2910 marmor,
682 2863 899 2903 Percurrit
924 2877 1140 2908 cameram,
1166 2876 1226 2901 so-

354 2923 445 2962 lum.
470 2925 684 2974 fenestras.
734 2921 795 2960 Ac
818 2920 889 2959 sub
916 2920 1227 2958 versicoloribus

350 2981 497 3032 fiyuris
534 2978 713 3017 Vernaus
749 2977 920 3015 herbida
963 2981 1099 3016 crusta
1135 2990 1225 3027 sap-

350 3035 540 3086 phiratos
566 3034 714 3074 Flectit
738 3046 818 3085 per
838 3034 1053 3085 prasinum
1082 3034 1226 3072 vitrum

356 3092 534 3141 lapillos.
594 3089 773 3128 Picturas
803 3091 920 3128 etiam
945 3088 984 3127 id
1009 3102 1133 3140 genus
1159 3103 1225 3141 ap-

354 3147 477 3199 pellat
505 3145 682 3185 Cassiod.
711 3146 782 3198 Ep.
803 3145 882 3188 LG.
942 3145 1224 3190 Illarmorarii,

1269 826 1339 876 qui
1363 826 1509 863 eximie
1536 825 1667 863 divisa
1692 826 1954 876 coninnqent,
1980 826 2068 862 cett.
2090 823 2140 863 cf.

1267 881 1317 918 de
1347 881 1409 919 his
1437 881 1663 919 lithostratis
1689 894 1721 918 s.
1748 881 1951 920 sectilibus
1974 879 2074 918 Prie.
2101 883 2142 918 et

1268 936 1351 976 lntt.
1377 937 1428 975 ad
1454 938 1561 976 Suet.
1589 936 1701 975 Caes.
1728 952 1759 976 c.
1785 940 1849 977 46.
1874 950 1969 988 prae
1999 937 2140 974 ceteris

1270 994 1489 1032 Casaubon.
1540 993 1709 1045 [Triuer.
1736 994 1785 1032 ad
1803 993 1951 1032 Lucan.
1971 992 2140 1033 111.114.

1271 1051 1334 1101 qui
1360 1051 1546 1101 plurimos
1571 1049 1683 1088 affert
1695 1049 2065 1101 VV.DD.Buleng.
2093 1049 2143 1087 de

1271 1120 1379 1145 conv.
1394 1120 1426 1145 c.
1441 1110 1505 1147 39.
1527 1107 1563 1144 in
1584 1106 1725 1144 Graev.
1741 1106 1861 1144 Thes.
1876 1106 1982 1144 Antt.
1997 1105 2041 1144 Τ.
2056 1104 2143 1145 ΧΠ.

1270 1179 1306 1216 p.
1334 1167 1400 1204 98.
1425 1168 1464 1201 et
1489 1162 1753 1214 Kobierzyck.
1784 1163 1833 1201 de
1861 1163 1952 1200 luxu
1976 1162 2090 1201 Rom.
2116 1161 2143 1200 l.

1272 1235 1302 1259 c.
1331 1225 1367 1260 7.
1400 1222 1435 1258 iu
1467 1219 1592 1257 eiusd.
1626 1219 1670 1257 T.
1697 1219 1764 1257 IX.
1790 1234 1827 1271 p.
1858 1223 1975 1260 1358.
2001 1218 2144 1257 Markl.

1273 1277 1322 1315 ad
1349 1276 1446 1316 Stat.
1475 1276 1570 1314 silv.
1590 1275 1618 1315 1.
1634 1280 1670 1316 3.
1686 1281 1752 1316 57.
1776 1291 1812 1328 p.
1834 1279 1920 1316 192.
1949 1275 2008 1313 ed.
2034 1274 2146 1326 Lips.

1275 1333 1428 1371 Talium
1470 1334 1776 1383 pavimentorum
1818 1333 1973 1383 egregia
2017 1345 2148 1370 monu-

1275 1395 1407 1428 menta
1449 1393 1582 1427 extant
1617 1389 1719 1440 apud
1755 1388 1970 1427 Montfauc.
2009 1388 2148 1440 Suppl.

1276 1445 1409 1497 Antiq.
1445 1445 1563 1484 illust.
1602 1445 1646 1484 T.
1678 1445 1707 1483 Ι.
1739 1459 1774 1496 p.
1809 1450 1875 1486 71.
1905 1444 1950 1483 ll.
1983 1447 2048 1485 39.
2079 1444 2148 1489 lv,

1281 1508 1370 1543 148.
1398 1502 1501 1553 cett]

1334 1560 1589 1598 vehementer.
1638 1558 1748 1597 Male
1780 1558 1980 1603 Brantius,
2011 1559 2151 1596 vitiosa

1280 1615 1525 1654 distinctione
1573 1615 1809 1665 quarundam
1856 1615 2064 1653 editionum
2111 1617 2152 1653 et

1280 1672 1391 1710 codd.
1419 1672 1626 1722 deceptus,
1665 1685 1767 1721 quae
1791 1677 1883 1723 post
1908 1671 2153 1711 vehementer

1279 1730 1552 1779 interpungunt
1577 1732 1616 1765 et
1645 1728 1869 1766 adverbium
1888 1728 2032 1768 hoclad
2045 1729 2152 1779 prius

1280 1786 1526 1823 enunciatum
1552 1785 1681 1836 inepte
1694 1785 1881 1831 referunt,
1908 1786 2070 1824 coniecit
2082 1797 2151 1836 pro

1279 1842 1548 1880 veliementer.-
1575 1841 1804 1880 emblemate
1817 1842 1879 1879 vel
1899 1841 2151 1881 emblematis.

1337 1912 1460 1950 super
1495 1911 1671 1949 gyetrunas
1708 1904 1746 1937 et
1774 1899 1945 1937 monilia
1976 1898 2153 1938 calcant.

1285 1954 1404 2006 [Mira
1440 1958 1503 1992 est
1535 1954 1635 1992 haec
1666 1954 1798 1999 lectio,
1836 1956 1871 1993 in
1904 1967 1980 2006 qua
2009 1955 2153 2007 primus

1283 2012 1388 2049 Oud.
1420 2015 1525 2049 recte
1557 2011 1728 2050 offendit.
1778 2010 1904 2058 Quum
1942 2012 2040 2049 enim
2072 2009 2154 2050 nul-

1284 2066 1363 2106 lum
1395 2067 1493 2106 alias
1531 2068 1743 2106 inveniatur
1779 2066 2020 2120 exemplum,
2050 2067 2156 2106 unde

1286 2125 1453 2163 calcare
1477 2125 1649 2163 construi
1675 2128 1890 2163 neutrorum
1917 2126 2001 2163 vice
2032 2137 2156 2177 appa-

1285 2184 1384 2228 reat,
1411 2181 1475 2218 vel
1495 2181 1688 2233 Apuleius
1708 2182 1794 2232 ipse
1809 2181 1855 2220 V.
1870 2195 1906 2233 p.
1922 2185 2014 2222 337.
2031 2195 2154 2234 quan·

1287 2243 1369 2277 tam
1383 2243 1603 2289 praetcrea
1618 2239 1771 2290 passim
1791 2239 1980 2278 calcatur
1999 2251 2154 2283 aarum,

1283 2293 1354 2333 Xl.
1375 2308 1412 2345 p.
1427 2298 1520 2334 808.
1548 2295 1686 2334 calcas
1701 2296 1918 2335 Tartarum
1931 2295 2055 2334 activa
2067 2307 2154 2333 sen-

1285 2351 1405 2388 tentia
1429 2352 1573 2401 ubique
1593 2366 1640 2389 eo
1654 2355 1798 2397 utatur,
1825 2365 1911 2391 cum
1926 2351 2010 2391 cod.
2026 2351 2155 2390 Oxon.

1284 2421 1357 2445 suo
1371 2407 1541 2460 periculo
1559 2408 1634 2459 legi
1649 2409 1755 2446 iubet
1768 2422 1932 2460 semper.
1960 2408 2043 2446 Sed
2056 2421 2158 2460 quae

1285 2464 1398 2502 huius
1414 2465 1670 2510 coniecturae,
1696 2466 1729 2503 si
1757 2478 1834 2516 qua
1858 2469 1937 2511 est,
1963 2464 2157 2516 elegantia

1284 2521 1354 2562 sit.
1391 2522 1557 2571 quisque
1595 2521 1804 2572 intelliget,
1840 2526 1882 2559 ut
1911 2522 1961 2560 de
1990 2519 2156 2560 veritate

1286 2579 1370 2616 eius
1385 2579 1520 2629 paucis
1536 2581 1683 2616 tantum
1706 2591 1968 2629 persuasurus
1994 2579 2054 2616 sit.
2090 2575 2157 2616 Ni·
2209 2625 2211 2630 ἲ

1285 2635 1495 2673 hilominus
1509 2633 1680 2673 Orellius
1706 2635 1741 2672 in
1768 2635 1859 2674 edit.
1883 2648 1955 2673 sua
1968 2633 2070 2672 Oud.
2095 2646 2158 2671 se-

1286 2695 1398 2729 cutus
1423 2695 1504 2735 est,
1537 2695 1576 2729 et
1601 2692 1785 2730 audacter
1809 2704 1963 2742 semper
1988 2692 2023 2729 in
2049 2694 2157 2728 textu

1286 2748 1428 2799 posuit.
1455 2747 1541 2798 Ego
1567 2749 1684 2800 plane
1709 2748 1819 2786 aliter
1843 2747 1980 2786 sentio.
2006 2745 2157 2786 Omnes

1286 2806 1386 2843 enim
1400 2818 1553 2843 errasse
1562 2806 1747 2851 videntur,
1758 2805 1819 2855 qui
1827 2817 1950 2856 super
1959 2803 2157 2856 praeposi·
2209 2795 2212 2840 ζ

1285 2862 1401 2900 tionis
1416 2862 1537 2900 vicem
1552 2861 1613 2900 hic
1631 2863 1823 2900 sustinere
1838 2862 2068 2907 existimant,
2084 2859 2158 2898 sed

1285 2918 1509 2956 adverbium
1530 2923 1591 2957 est
1614 2922 1655 2957 ut
1667 2922 1769 2956 recte
1782 2921 1861 2955 tum
1876 2918 2122 2956 accusativus
2135 2929 2158 2954 e

1284 2976 1402 3013 verbo
1424 2976 1592 3014 calcant
1613 2979 1727 3026 aptus
1752 2974 1803 3012 sit
1828 2978 1867 3011 et
1891 2975 2095 3025 genuinam
2119 2973 2158 3011 id

1285 3032 1608 3070 constructionem
1615 3034 1755 3069 servet.
1768 3031 1905 3082 Super
1915 3031 2014 3069 enim
2022 3030 2087 3069 h.l.
2097 3032 2159 3068 est

1283 3091 1462 3141 insuper,
1472 3093 1691 3140 praeterea
1715 3087 1761 3126 cl.
1778 3087 1861 3126 lntt.
1876 3087 1926 3126 ad
1934 3087 2040 3138 Virg.
2054 3086 2154 3124 Aen.

1283 3144 1328 3183 ll.
1346 3149 1408 3185 71.
1437 3149 1475 3184 et
1499 3148 1676 3184 accurate
1701 3145 1915 3195 respondet
1935 3143 2046 3183 loeus
2059 3142 2155 3181 Met.
