2221 3667
299 161 379 204 318
555 160 605 203 L.
628 159 847 201 APULEII
872 158 1272 201 MADAL‘RENSIS
1296 157 1837 201 METAMORPHOSEON

298 287 367 327 per
390 271 587 314 assiduam
613 274 932 315 consuetudinem
958 271 1254 313 delectationem
1281 271 1315 311 ei
1342 272 1653 322 commendarat,
1682 279 1722 313 et
1744 287 1865 313 sonus
1895 274 2004 314 vocis
2028 274 2087 314 in-

296 335 431 370 certae
466 329 687 370 solitudinis
719 338 806 371 erat
834 330 1032 370 solatium.
1082 326 1241 367 Interea
1272 335 1455 381 parentes
1487 329 1570 369 eius
1600 330 1797 370 indefesso
1828 330 1936 370 luctu
1971 337 2087 384 atque

296 399 476 426 moerore
501 387 850 428 consenescebant.
899 385 1116 437 Latiusque
1141 391 1323 437 porrecta
1348 385 1472 435 fama,
1500 399 1660 426 sorores
1684 386 1773 426 illae
1797 387 1967 427 maiores
1993 401 2087 427 cun-

296 448 359 482 cta
383 449 625 496 cognorant3
653 455 894 497 propereque
919 447 1092 480 moestae
1118 447 1233 493 atque
1259 440 1446 494 lugubres
1472 441 1626 482 deserto
1653 442 1735 482 lare
1755 443 1932 483 certatim
1952 443 2000 484 ad
2018 456 2084 498 pa-

293 505 449 540 rentum
473 513 634 540 suorum
659 506 907 553 conspectum
933 497 1169 550 affatumque
1195 474 1472 550 perleoxelant.

286 624 486 664 passr'duam
499 628 537 657 D.
586 626 818 655 deletalionem
834 627 869 654 G.
887 627 915 653 1.
940 623 1195 653 delectationem
1209 627 1300 655 abest
1319 634 1340 655 a
1356 629 1440 656 lunt.
1456 627 1485 656 1.
1498 629 1529 656 2.
1544 628 1621 656 ΑΜ.
1669 626 1701 655 ει·
1710 628 1747 658 F.
1760 629 1791 658 3.
1806 630 1841 657 G.
1860 630 1886 657 1.
1900 630 1931 656 2.
1945 630 1984 658 D.
1997 629 2034 658 Ρ.
2048 630 2082 659 Ο.

291 673 330 702 R.
346 672 367 702 f.
382 680 419 702 π.
443 677 473 701 et
487 673 630 702 incertus
644 673 710 700 cod.
736 671 841 700 Ceteri
855 670 944 698 codd.
959 673 989 698 et
1002 678 1112 699 omnes
1127 672 1197 699 edd.
1211 675 1289 700 vett.
1302 674 1418 701 habent
1435 673 1506 701 eins
1520 672 1696 701 commend.
1743 672 1992 701 commendaret
2005 675 2081 709 p.D.

292 716 534 745 commendavit
549 714 577 746 δ’.
626 723 721 744 roc-es
734 716 847 745 Venet.
864 717 893 743 2.
941 715 1092 743 incertus
1111 713 1140 745 δ’,
1188 714 1368 756 indefecxo
1390 719 1424 746 G.
1442 719 1470 746 1.
1518 726 1669 746 moerore
1688 719 1795 746 animi
1811 717 2029 747 senescebant
2045 720 2080 749 P.

291 762 390 798 (teste
402 763 555 793 Putsctiio
569 760 675 789 animi
686 758 987 795 consenescebant)
1001 762 1040 790 I).
1054 767 1137 795 quae
1151 762 1246 789 lectio
1262 770 1302 790 ex
1315 766 1463 796 corrupta
1476 764 1712 798 praepositione
1725 763 1762 791 ἕο
1783 765 1804 793 i.
1820 773 1846 793 e.
1861 773 1920 791 con
1934 768 2003 794 orta
2021 768 2082 799 est,

290 809 424 843 saepius
439 806 557 837 cumas
568 808 587 835 i.
597 805 740 835 &animi
750 806 781 833 in
791 808 871 834 Mss.
881 809 1085 843 commutata,
1096 808 1131 835 G.
1142 808 1171 834 2.
1181 811 1292 841 aperte
1305 811 1411 836 tamen
1425 807 1510 835 almi
1519 808 1745 838 senescebant.
1771 811 2042 847 cognoverant&
2054 811 2082 839 1.

289 855 321 883 2.
334 855 372 883 D.
386 855 422 883 P.
436 854 470 882 0.
486 853 507 882 f.
521 849 550 881 δ.
593 858 764 888 propeque
781 858 810 885 p.
837 851 878 880 cf.
896 858 1006 885 supra.
1054 859 1096 879 ac
1109 850 1238 889 lugubr.
1258 849 1286 881 δ.
1308 861 1337 888 p.
1386 852 1523 890 lugubre
1536 855 1571 882 P.
1620 852 1757 882 deserta
1770 852 1844 882 lare
1863 855 1899 884 F.
1913 856 1944 884 3.
1991 853 2082 892 affe-

290 902 543 936 ctumqueperr.
557 904 586 932 p.
631 898 845 932 poreserane
857 893 887 925 ὃ.

286 1012 432 1048 tantum
455 1018 672 1046 sermonem
698 1005 774 1043 fieri
801 1006 979 1053 inveniet,
1004 1007 1078 1045 sed
1102 1007 1152 1045 de

287 1065 462 1104 omnibus
478 1064 534 1108 iis,
551 1076 651 1113 quae
671 1061 828 1114 longum
849 1063 946 1101 intra
964 1064 1150 1115 temporis

285 1121 452 1173 spatium
476 1119 537 1158 his
562 1120 598 1157 in
624 1119 788 1158 aedibus
800 1118 987 1171 Psychae
1011 1133 1150 1159 evene-

284 1181 378 1222 rant,
398 1176 447 1215 ad
465 1180 584 1215 totam
603 1176 687 1215 eius
706 1176 809 1214 vitae
826 1177 1024 1215 rationem.
1071 1176 1149 1215 Lo·

283 1247 352 1273 cus
384 1236 435 1272 ita
468 1231 724 1285 explicandus
755 1236 834 1271 est:
876 1231 1056 1272 insolens
1082 1233 1149 1271 illa

282 1288 466 1342 Psyches
480 1289 652 1328 condicio
661 1301 864 1340 rerumque
872 1291 1035 1336 novitas,
1051 1303 1152 1341 quae

282 1360 370 1386 eam
400 1346 702 1392 circumdabant,
733 1359 803 1398 per
832 1347 1032 1386 assiduam
1062 1360 1150 1386 con-

281 1403 525 1443 suetudinem
538 1403 591 1442 ita
604 1416 690 1442 eam
699 1402 936 1447 adlexerant‚
951 1407 1150 1442 utsumme

281 1460 554 1500 delectaretur:
585 1472 686 1510 quae
709 1473 774 1498 res
799 1472 850 1498 ex
872 1463 1006 1498 natura
1024 1474 1150 1499 rerum

281 1516 517 1568 saepissime
536 1517 689 1568 probari
707 1519 850 1569 potest.
897 1515 1024 1555 Homo
1046 1517 1148 1555 enim

281 1572 559 1613 consuetudine
589 1585 672 1618 res,
704 1586 805 1624 quae
835 1571 922 1611 aliis
954 1577 1043 1611 sunt
1067 1587 1146 1611 mo-

281 1629 534 1677 lestissimae,
571 1629 645 1668 sibi
676 1633 859 1681 acceptas
891 1643 984 1668 esse
1016 1630 1145 1668 existi-

279 1690 376 1733 mat,
407 1687 520 1725 immo
546 1686 595 1725 ab
619 1686 665 1724 iis
690 1689 851 1724 tenetur.
910 1684 1030 1725 Porro
1056 1686 1147 1725 licet

279 1744 409 1794 negari
434 1746 614 1794 nequeat,
638 1741 743 1781 aliud
768 1756 831 1780 me
856 1757 928 1781 non
949 1744 1145 1781 invenisse

279 1798 513 1851 exemplum.
540 1812 616 1851 quo
636 1797 794 1838 locutio:
825 1804 974 1838 natura
988 1805 1043 1838 est
1056 1800 1146 1839 red·

280 1857 407 1896 ditum
426 1855 708 1908 comprobetur,
732 1859 859 1894 tamen
881 1869 996 1907 quum
1015 1857 1050 1894 in
1071 1869 1146 1894 usu

277 1914 346 1959 sit,
383 1928 408 1953 a
439 1917 591 1952 natura
622 1916 680 1951 est
709 1912 868 1959 clatum,
906 1927 938 1950 s.
971 1913 1144 1959 insitam,

277 1968 369 2008 nihil
389 1969 560 2021 impedit,
580 1982 628 2006 ne
640 1968 714 2007 hoc
734 1981 889 2021 quoque
903 1968 1144 2008 defendatur.

279 2026 469 2067 Reddere
492 2039 561 2077 pro
587 2026 687 2065 dare
711 2025 826 2063 dictio
852 2030 914 2065 est
937 2039 1044 2064 mere
1067 2024 1144 2064 Lu-

279 2083 448 2121 cretiana
460 2081 543 2122 ch.
553 2085 645 2123 204.
661 2083 842 2122 materies
854 2083 1021 2122 reddita
1031 2087 1145 2122 certa

278 2144 333 2180 est
356 2139 608 2192 yiynundeis
639 2137 686 2178 11.
712 2142 802 2179 758.
829 2140 862 2178 si
887 2139 1004 2179 nulla
1035 2139 1145 2179 colo-

277 2197 333 2235 ris
352 2196 599 2248 principieis
623 2199 681 2234 est
703 2195 869 2235 reddita
893 2201 1053 2236 natura.
1096 2194 1144 2233 cf.

278 2252 426 2292 Eichst.
446 2253 482 2290 in
503 2251 575 2290 ind.
600 2250 751 2290 Lucret.
766 2266 802 2304 p.
818 2255 913 2293 552.
962 2251 1143 2290 Ceterum

278 2310 518 2348 notissimum
538 2311 612 2353 est,
630 2322 695 2347 res
713 2310 872 2360 saepius
887 2310 1144 2349 concubitum

277 2366 505 2418 significare.
552 2364 600 2403 cs.
620 2363 745 2404 Orell.
764 2365 815 2404 ad
832 2366 978 2405 Arnob.
998 2364 1061 2404 111.
1081 2369 1142 2405 10.

278 2422 388 2462 Tom.
403 2422 448 2461 11.
462 2436 501 2473 p.
518 2425 607 2462 129.
634 2420 761 2461 Plaut.
786 2421 931 2461 Bacch.
945 2421 1007 2461 Ill.
1025 2426 1062 2463 6
1077 2426 1143 2463 35.

276 2479 440 2520 Mercat.
455 2477 517 2517 III.
536 2482 569 2519 1.
584 2482 647 2519 35.
664 2482 728 2519 37.
776 2478 833 2517 Ita
847 2480 1144 2531 obscoenaipsa

277 2550 340 2576 res
353 2536 537 2575 dicuntur.
580 2534 626 2574 cf.
642 2533 1006 2575 Taubn1.adPlaut.
1021 2534 1143 2574 Pseu-

279 2592 354 2632 dol.
378 2592 446 2632 IV.
473 2596 509 2633 7.
536 2595 600 2633 92.
626 2590 750 2630 Orell.
780 2591 831 2631 ad
860 2592 1005 2630 Arnob.
1031 2592 1082 2632 V.
1107 2595 1143 2633 9.

279 2648 325 2689 T.
338 2648 383 2688 11.
408 2662 444 2701 p.
459 2652 551 2690 284.
577 2648 626 2687 V.
641 2652 708 2690 26.
734 2648 883 2687 oln‘ecit
907 2648 1033 2688 oculis
1054 2652 1143 2702 for-

278 2711 406 2746 matas
435 2705 672 2758 inquinibus
701 2719 777 2744 res.
830 2705 976 2743 Arnob.
1003 2705 1052 2744 V.
1082 2710 1143 2746 11.

278 2768 316 2802 et
334 2767 553 2816 postquam
578 2762 750 2801 ebrietas
772 2767 877 2814 potu
897 2763 1064 2808 emersit,
1086 2764 1143 2801 in-

277 2820 443 2859 seruisse
469 2817 685 2872 [Liberum]
718 2823 835 2859 caute
863 2832 1021 2864 manns,
1052 2832 1144 2858 con-

278 2877 507 2916 trectavisse
530 2876 667 2915 virilia
687 2875 935 2920 dormientis,
960 2879 1083 2928 atque
1099 2879 1146 2915 ut

280 2933 413 2971 omnia
438 2933 649 2985 cinyerent
671 2932 952 2984 circumpositi
975 2931 1143 2985 laqueo-

1210 1008 1326 1046 rebus
1352 1007 1437 1054 dici,
1464 1021 1564 1059 quae
1587 1008 1769 1060 arripiunt
1793 1014 1832 1047 et
1850 1013 1994 1056 tenent,
2020 1008 2082 1049 hic

1209 1068 1337 1103 tamen
1346 1078 1473 1103 sermo
1485 1069 1626 1103 estnon
1637 1065 1686 1103 ‹le
1701 1065 1851 1117 laqueis
1865 1067 2078 1114 tenacibus,

1207 1121 1279 1159 sed
1290 1122 1353 1172 qui
1367 1126 1559 1167 resecant,
1568 1126 1608 1160 ut
1623 1122 1788 1161 indicant
1803 1123 1936 1162 verba:
1953 1125 2080 1177 fluere

1208 1178 1465 1231 ‹lesanynine
1477 1179 1535 1216 cit.
1552 1182 1691 1229 cap.1‘’
1669 1192 1816 1229 ‚quae
1829 1179 1879 1218 de
1892 1179 2079 1231 sanguine

1208 1247 1258 1271 ex
1299 1234 1533 1284 genitalibus
1569 1235 1774 1274 Aedestae
1812 1234 1953 1287 laqueo
1991 1249 2077 1274 con-

1209 1291 1353 1329 strictis
1390 1295 1659 1343 prorumpente
1696 1291 1948 1344 intelligenda
1976 1296 2079 1332 sunt.

1210 1346 1253 1384 ld
1278 1348 1402 1398 magis
1428 1347 1616 1398 significat
1641 1353 1770 1387 tortus
1794 1350 1815 1387 i.
1838 1362 1870 1387 e.
1904 1347 2076 1395 vulnera,

1209 1417 1310 1454 quae
1335 1403 1499 1454 laqueos
1523 1404 1810 1455 contorquendo
1837 1409 1875 1444 et
1892 1405 2077 1444 constrin-

1207 1459 1334 1511 gendo
1367 1459 1512 1499 dantur.
1572 1460 1678 1499 idem
1709 1462 1938 1500 vocabulum
1968 1475 2076 1501 usur-

1206 1520 1274 1568 pat
1287 1516 1431 1555 Arnob.
1447 1516 1514 1556 Vl.
1533 1522 1593 1558 10.
1645 1516 1738 1555 Cum
1763 1518 1837 1556 hoc
1863 1518 1949 1557 loco
1975 1531 2074 1557 com-

1205 1586 1320 1625 pares
1340 1572 1485 1611 Arnob.
1508 1574 1554 1612 V.
1577 1577 1613 1615 6.
1672 1573 1797 1613 Adest
1821 1575 1878 1614 ad
1905 1574 2075 1614 insidz'as

1205 1629 1342 1676 Liber,
1374 1643 1425 1669 ex
1451 1631 1542 1669 selis
1567 1631 1825 1670 scientissime
1851 1631 2073 1683 complica·

1205 1688 1254 1725 tis
1268 1700 1387 1726 unum
1400 1686 1569 1738 plantae
1583 1688 1714 1726 inlicit
1729 1687 1928 1740 laqueum,
1952 1692 2075 1740 parte

1204 1743 1336 1781 altera
1351 1743 1495 1795 proles
1516 1758 1603 1782 cnm
1626 1744 1726 1795 ipsis
1744 1744 1995 1796 yenitalibns
2011 1757 2074 1783 oc·

1205 1803 1332 1850 cnpat
1417 1804 1461 1838 et
1478 1798 1753 1839 adducente
1771 1800 2072 1853 nexusplan-

1204 1859 1269 1900 ta,
1398 1857 1539 1907 privat
1562 1856 1692 1908 secla]

1259 1926 1441 1951 moerore
1455 1913 1797 1952 consenescebant.
1847 1911 2071 1965 [Quomodo

1202 1968 1318 2007 lectio
1344 1970 1469 2008 animi
1494 1970 1827 2012 consenescebant
1850 1973 1984 2008 exorta
2009 1971 2070 2016 sit,

1203 2028 1337 2076 aperte
1357 2025 1522 2063 indicant
1539 2025 1628 2064 vitia
1643 2025 1758 2070 Mss„
1778 2025 1828 2064 (le
1842 2026 1980 2077 quibus
1995 2026 2070 2065 iam

1203 2082 1239 2120 in
1266 2081 1394 2119 adnot.
1421 2081 1499 2120 crit.
1528 2083 1598 2132 egi.
1661 2082 1735 2120 Vix
1762 2086 1886 2120 tamen
1912 2082 2069 2122 credibi-

1203 2138 1252 2177 lis
1266 2142 1327 2176 est
1341 2138 1442 2177 Oud.
1458 2151 1573 2184 error,
1596 2138 1657 2189 qui
1678 2140 1802 2178 animi
1819 2138 1869 2177 ad
1887 2153 2070 2179 moerore

1203 2199 1243 2233 et
1280 2194 1391 2234 lactu
1427 2195 1558 2233 reterri
1594 2209 1718 2247 posse
1754 2197 1926 2246 negavit,
1965 2195 2066 2247 quod

1201 2252 1326 2291 animi
1351 2251 1544 2304 Apuleius
1570 2265 1761 2303 nunquam
1787 2252 1847 2290 his
1866 2252 2068 2292 vocabulis

1200 2309 1385 2360 iungeret,
1404 2308 1532 2347 multis
1552 2308 1744 2360 exemplis
1764 2322 1843 2347 rem
1861 2322 1971 2347 suam
1985 2323 2069 2362 pro-

1200 2365 1294 2404 bare
1324 2365 1533 2403 sustinens.
1594 2364 1628 2404 E
1659 2365 1846 2404 contrario
1879 2367 1978 2404 enim
2003 2365 2066 2404 de-

1201 2422 1403 2460 monstrari
1423 2425 1574 2473 posset,
1594 2435 1658 2460 cur
1677 2423 1800 2461 animi
1818 2421 1869 2460 ad
1888 2435 2069 2461 moerore

1201 2493 1274 2517 non
1302 2478 1349 2516 ad
1376 2478 1721 2523 consenescebant,
1746 2478 1850 2529 quod
1874 2477 1976 2518 Oud.
2002 2492 2066 2516 vo-

1202 2534 1288 2580 luit,
1319 2535 1352 2573 si
1377 2549 1475 2574 sana
1499 2538 1608 2572 esset
1633 2535 1764 2579 tectio,
1794 2534 1926 2573 referri
1950 2533 2065 2574 debe-

1201 2596 1269 2631 ret.
1296 2590 1506 2630 Parentum
1525 2592 1624 2629 enim
1645 2604 1786 2642 corpus
1807 2591 2009 2630 consenuit
2029 2594 2067 2629 et

1201 2652 1435 2687 maceratum
1462 2652 1540 2693 est,
1573 2661 1697 2699 neque
1724 2661 1812 2685 vero
1838 2648 2000 2695 animus,
2026 2651 2067 2687 ut

1201 2704 1368 2744 Plautus
1405 2705 1495 2744 (licit
1527 2703 1635 2755 Capt.
1666 2703 1695 2743 I.
1721 2708 1757 2744 2.
1784 2707 1850 2750 30,
1894 2706 1965 2758 qui
1995 2710 2064 2744 tuo

1202 2775 1384 2801 moerore
1398 2775 1591 2807 maceror,
1605 2774 1797 2806 macescO,
1812 2774 2063 2807 consenesco,

1202 2824 1242 2858 et
1275 2818 1436 2857 tabesco
1471 2818 1600 2858 miser.
1669 2815 1794 2856 Plane
1830 2817 1928 2856 alius
1964 2819 2065 2856 enim

1200 2874 1300 2913 Livii
1332 2874 1440 2914 locus
1472 2878 1548 2920 est,
1582 2873 1630 2913 X.
1657 2877 1692 2914 3.
1753 2871 1937 2913 Animum
1968 2889 2064 2927 qno-

1202 2945 1279 2985 que
1303 2933 1438 2984 patris
1468 2930 1717 2971 consenuisse
1739 2930 1782 2968 in
1805 2932 1952 2983 affecto
1976 2943 2064 2970 cor-

279 3003 368 3028 rum
386 2993 543 3028 tortus
563 2989 633 3036 (ita
650 2989 752 3027 enim
771 2987 979 3040 legendum
998 2994 1060 3027 est
1073 3002 1141 3040 pro
1194 3002 1303 3041 pore
1332 2988 1518 3028 rebatur·
1504 3017 1516 3034 ‚
1555 2991 1593 3026 et
1623 2999 1736 3038 quem
1760 2984 1861 3025 Oud.
1887 2987 1975 3038 ipse
1998 2986 2064 3025 ad-

278 3046 446 3094 morsus)
466 3046 634 3097 artificii
647 3058 767 3085 curas
779 3048 861 3085 tum
883 3044 1022 3085 rebus
1047 3045 1141 3095 (Ae-

279 3101 433 3150 destae)
472 3099 701 3142 adhibuisse
737 3102 957 3154 perituris:
1000 3100 1140 3148 Quam-

280 3171 393 3209 quam
418 3158 518 3196 enim
542 3159 636 3205 scio,
661 3158 846 3199 mordere
863 3163 902 3197 et
919 3172 1072 3198 morsus
1091 3158 1140 3197 de

1199 3045 1297 3091 tulit,
1315 3044 1411 3083 Met.
1425 3044 1528 3083 VIII.
1542 3058 1579 3096 p.
1595 3048 1689 3084 527.
1711 3044 1820 3082 luctu
1833 3047 1871 3082 et
1884 3057 2063 3083 moerore

1200 3102 1401 3154 carpebat
1424 3102 1610 3141 animum.
1655 3099 1742 3138 Nos
1765 3100 1967 3139 vertimus:
1995 3099 2063 3140 Sie

1199 3158 1369 3199 alterten
1393 3171 1465 3198 vor
1492 3157 1617 3199 Gram
1640 3156 1726 3196 und
1751 3156 1919 3210 Some]
