2155 3590
614 156 797 196 LIBER
826 156 899 196 IV.

61 280 99 313 ot.
123 271 268 312 diutina
291 271 580 326 coquitatione
598 269 835 310 iurulentum
858 282 1012 324 semper
1029 267 1193 317 eserim,
1220 266 1385 307 rimatus
1405 266 1589 319 angulum
1611 264 1618 322 Ι
1640 277 1715 319 quo
1740 265 1857 320 panis.
1875 277 1941 313 287

959 154 1087 195 CAP.
1117 153 1261 194 XXII.

1769 152 1854 196 267

60 327 248 382 reliquiae
279 327 400 368 totius
432 325 691 367 multitudinis
722 333 934 380 congestae
962 326 1139 376 fuerant,
1173 324 1305 364 fauces
1331 322 1481 362 diutina
1507 323 1608 363 fame
1633 322 1788 362 saucias
1814 329 1854 363 et

60 443 192 474 diutina
210 443 416 481 cogitatione
433 445 469 473 F.
484 446 512 472 1.
526 445 557 473 3.
583 441 660 478 [qui
674 446 779 473 tamen
798 441 918 470 dutae'na
937 442 1054 479 habet]
1073 444 1110 471 B.
1128 442 1150 471 f.
1163 450 1194 477 p.
1207 445 1236 470 et
1250 442 1320 470 edd.
1332 443 1410 469 vett.
1424 443 1550 475 praeter
1562 440 1676 468 Vener.
1691 441 1721 468 4.
1735 443 1766 468 et
1778 441 1853 468 Par.

59 498 142 525 quae
155 499 227 519 cum
239 490 357 518 ceteris
369 492 450 518 Mss.
465 491 618 523 praebent
632 488 830 527 refectione.
863 487 1069 516 iurulentum
1083 489 1118 517 F.
1134 489 1163 517 1.
1176 489 1207 516 2.
1221 489 1253 516 3.
1277 483 1325 525 (et
1338 487 1410 515 sine
1423 486 1519 515 dubio
1533 485 1630 513 ceteri
1644 486 1731 514 codd.
1742 507 1749 521 ,
1775 490 1853 519 quos

61 539 167 565 tamen
180 536 258 564 oud.
272 543 335 563 non
348 530 642 573 commemoravit).

691 532 893 561 virulentum
914 535 949 562 G.
966 535 994 561 1.
1010 535 1040 561 ἱ).
1058 535 1097 561 D.
1111 534 1147 561 Β.
1161 536 1191 561 et
1204 539 1314 561 omnes
1327 533 1397 561 edd·
1409 534 1486 560 velt.
1529 529 1647 558 eserim
1663 538 1774 559 omnes
1788 531 1856 559 fere

61 582 157 610 codd.
171 584 200 610 el
215 581 284 609 edd.
309 579 446 607 esserim
460 580 496 608 F.
511 575 540 608 3.
566 579 694 607 aaz-erim
710 580 744 608 Ο.
771 579 931 616 egeret-im
947 580 981 608 G.
999 580 1026 607 1.
1053 585 1124 606 esse
1136 579 1172 607 F.
1188 579 1217 607 1.
1258 584 1366 614 panes
1379 577 1416 606 F.
1431 578 1462 605 3.
1481 584 1609 613 panum
1625 577 1660 604 G.
1678 577 1706 603 l.
1722 578 1752 604 ⁸2.
1766 577 1804 604 D.
1817 577 1854 604 Ο.

59 628 96 655 R.
111 626 133 654 f.
180 624 345 662 reliquum
358 626 396 653 R.
411 624 432 653 f.

63 724 333 777 interpretibus
358 727 523 762 vexatus
549 727 622 762 est.
655 722 818 774 Lipsius
843 737 930 762 con-

62 782 167 819 iecit:
203 781 300 833 Eyo
330 794 424 819 vero
457 795 700 833 quamquam
733 781 838 819 [ilias
869 794 931 819 or-

65 839 184 877 deum
207 843 363 876 tunsum
387 838 615 876 minutatim
640 841 680 876 et
693 837 857 876 cliutt'na
870 851 932 876 re-

65 895 243 933 sectione
286 894 520 932 virulentem.
567 907 724 944 semper
772 895 932 932 eserine:

63 951 284 989 resectione
315 950 404 1000 quia
437 953 548 987 vetus
580 954 619 987 et
644 950 707 988 diu
731 961 754 987 a
778 949 932 1000 stipulis

64 1010 276 1051 resectum,
306 1007 471 1044 recisum
503 1009 585 1044 erat
608 1007 737 1056 itaque
767 1019 932 1044 venena-

63 1067 143 1102 tum
168 1067 207 1101 et
231 1063 430 1112 ingratum.
455 1063 643 1101 Wower.:
682 1063 844 1101 cliatina
872 1076 932 1101 re-

60 1121 242 1171 fectione
256 1118 510 1158 iurulentum.
524 1119 685 1157 Durant.
699 1119 793 1157 Yar.
807 1118 933 1158 Lectt.

65 1175 92 1213 1.
127 1181 159 1215 1.
191 1189 222 1213 c.
253 1180 314 1214 11.
353 1189 596 1227 quamquam
632 1175 738 1213 allas
774 1180 932 1214 tunsum

63 1232 339 1271 nmnitarerim
369 1230 570 1268 Beroald.:
604 1231 765 1270 diutina
797 1232 930 1282 assita—

65 1289 184 1327 tione.
211 1286 479 1325 Schickerad.:
507 1287 669 1325 diutina
694 1290 930 1338 aquatione.

64 1343 206 1382 Florid.
243 1343 369 1394 Lipsii
406 1343 661 1381 coniecturam
692 1347 852 1381 secutus
878 1346 932 1382 ita

64 1401 346 1451 interpretatur:
385 1399 483 1451 qu
516 1413 608 1438 cero
639 1401 795 1438 tametsi
826 1401 931 1439 alias

65 1459 198 1503 etiam,
226 1456 453 1496 clunelzomo
466 1469 600 1498 essem,
627 1456 794 1495 solerem
814 1457 933 1495 edere

66 1513 262 1554 hordeum
298 1513 525 1551 minutatim
562 1517 599 1550 et
636 1513 797 1551 diutina
834 1527 932 1552 rese·

67 1571 199 1609 ctione
224 1573 381 1609 coetum
406 1569 734 1621 (orqemomle)
760 1570 935 1609 iurulen-

67 1631 149 1666 tum
179 1627 201 1663 i.
229 1639 261 1663 e.
299 1627 341 1664 in
366 1626 456 1665 iure
493 1630 669 1670 coctu-m,
705 1627 845 1678 sicque
882 1626 933 1665 ab

67 1683 212 1722 hordei
243 1695 326 1721 non
357 1682 516 1721 conditi
547 1694 614 1720 esu
638 1683 773 1721 asinus
795 1688 936 1734 sactus

67 1753 148 1778 non
162 1743 377 1791 tantopere
396 1738 618 1777 abliorrere
638 1739 831 1777 deberem.
856 1739 936 1776 Ve-

68 1796 165 1834 ritati
201 1796 375 1846 proxime
411 1794 564 1833 accedit
593 1794 693 1832 Oud.
731 1796 936 1841 sententia,

70 1853 133 1903 qui
169 1855 274 1890 recte
310 1852 526 1895 constituit,
564 1852 732 1890 auctoris
768 1856 937 1889 mentem

69 1907 211 1952 fuisse,
228 1908 449 1959 adpositum
462 1920 601 1945 recens
615 1907 800 1946 hordeum
814 1908 937 1947 Lucio

70 1978 143 2003 non
168 1964 386 2015 placuisse,
411 1964 503 2013 quia
522 1963 615 2002 illud
630 1978 822 2014 nunquam
837 1965 938 2002 edis-

69 2024 150 2065 set,
175 2021 266 2060 licet
284 2024 456 2066 tunsum,
483 2024 632 2058 coctum
653 2024 692 2057 et
711 2021 939 2059 iurulentum

70 2090 104 2115 s.
126 2078 351 2129 ptisanam,
387 2090 475 2114 eum
511 2076 651 2114 suisset
680 2076 816 2123 homo,
853 2091 939 2114 sae-

72 2133 234 2185 pissime
259 2133 498 2183 sumpsisset
523 2136 562 2170 et
579 2133 666 2170 ideo
683 2133 776 2171 visis
797 2147 939 2184 panum

71 2189 245 2239 reliquiis
270 2188 359 2227 illas
380 2189 493 2227 avide
512 2191 746 2239 appetiisse:
771 2190 874 2228 uude
888 2190 943 2228 ita

74 2247 200 2284 locum
214 2245 394 2283 correxit:
411 2245 821 2298 Eyoreronnnqnam
836 2246 941 2285 alias

75 2302 234 2341 hordeo
261 2302 438 2345 cibatus,
465 2306 622 2340 tunsum
646 2303 690 2340 ni
713 2304 941 2341 ¹minutatim

75 2363 114 2398 et
126 2358 287 2398 diutina
303 2359 580 2410 coquitatione
594 2358 834 2399 iurulentum
849 2372 941 2398 sem-

70 2428 150 2468 per
175 2428 293 2454 essem
311 2414 375 2451 vel
393 2428 468 2466 eqo
490 2428 582 2452 vero
605 2429 724 2466 quum
737 2429 943 2467 nimquam

75 2471 180 2510 alias
203 2470 399 2510 hordeum
423 2471 501 2508 nisi
525 2476 682 2510 tunsum
708 2475 778 2509 etc.
816 2471 943 2510 Dece-

74 2532 166 2578 ptus
191 2528 292 2565 enim
315 2528 427 2565 unius
453 2527 538 2565 cod.
566 2526 610 2564 F.
642 2532 672 2566 l.
705 2529 942 2573 auctoritate,

77 2583 146 2635 qui:
166 2583 360 2622 hordeum
391 2589 547 2623 tnnsmn
577 2585 755 2635 praebet,
787 2585 942 2624 cibatus

77 2639 377 2682 additamentum
413 2643 525 2691 putat
555 2653 649 2677 esse
683 2640 840 2685 librarii,
878 2641 941 2691 qui

78 2695 280 2734 crediderit
294 2696 438 2735 deesse
453 2697 608 2735 verbum
618 2727 627 2741 ,
655 2710 729 2747 quo
744 2697 942 2737 hordeum

78 2757 289 2803 regeretur,
315 2754 471 2804 ignarus
495 2752 589 2790 illud
610 2753 658 2791 ab
679 2767 795 2792 essem
809 2757 941 2805 aptum

80 2820 186 2846 esse.
237 2808 349 2848 Haec
378 2809 599 2847 coniectura
628 2810 943 2859 probabilissima

81 2866 244 2911 ossetmi
256 2878 280 2904 a
293 2867 469 2916 vestigiis
485 2865 595 2904 codd.
606 2866 716 2904 nimis
730 2866 940 2904 recederet.

83 2918 211 2970 [Nunc
234 2935 360 2960 meam
386 2922 567 2960 defendo.
618 2922 738 2961 M'ero
756 2937 825 2974 pro
851 2936 945 2962 cero

83 2977 214 3025 posui,
243 2979 333 3028 quia
357 2979 500 3029 optime
525 2980 576 3017 ita
606 2978 680 3017 sibi
703 2983 945 3030 opponuntur

83 3029 270 3085 hordeum
279 3047 415 3086 purum
428 3038 467 3073 et
480 3035 591 3085 quasi
606 3035 811 3085 genuinum
826 3039 944 3085 atque

83 3085 267 3129 hordeum
283 3095 435 3135 coctum
449 3095 488 3130 et
500 3091 580 3129 iure
593 3095 830 3144 apparatum.
855 3091 944 3130 Hoc

85 3143 197 3185 enim,
213 3144 398 3186 hordeum
428 3161 563 3199 purum
588 3152 625 3186 et
656 3148 827 3187 naturale
851 3162 943 3187 nun-

990 736 1104 773 quam
1128 723 1403 774 degustaverat
1425 721 1591 767 Lucius,
1630 721 1694 771 qui
1719 720 1770 759 ab>
1792 734 1855 758 so-

989 778 1057 818 lito
1083 793 1268 830 equorum
1294 782 1411 830 pastu
1435 777 1685 821 abhorrebat,
1710 780 1752 815 ut
1777 776 1856 814 ole-

989 837 1094 875 ribus
1109 836 1236 874 erudis
1250 839 1422 874 ventrem
1443 834 1621 886 impleret
1645 833 1694 872 cf.
1709 846 1745 884 p.
1761 837 1856 874 236.

991 897 1029 931 et
1064 906 1165 931 nunc
1199 906 1342 944 panum
1379 891 1550 941 reliquiis
1587 890 1722 929 fauces
1754 890 1857 929 fame

991 950 1146 987 saucias
1172 948 1401 987 delectaret:
1430 948 1602 986 Hordeo
1628 947 1783 986 cibatus
1807 959 1858 985 ex

992 1007 1149 1056 optimis
1174 1006 1286 1043 codd.
1310 1006 1468 1043 restitui.
1506 1003 1554 1042 cf.
1581 1003 1728 1042 Colum.
1752 1002 1856 1041 VIII.

993 1066 1056 1102 10.
1083 1063 1112 1114 δ.
1197 1062 1331 1114 Atque
1361 1075 1408 1100 ea
1437 1075 1592 1113 yenera
1619 1073 1722 1113 qaae
1747 1060 1860 1099 intra

990 1124 1106 1169 septa
1130 1118 1250 1157 villae
1276 1119 1505 1157 cibantur
1529 1117 1646 1167 Apul.
1671 1115 1767 1154 Met.
1787 1114 1856 1154 IX.

990 1189 1026 1226 p.
1043 1178 1134 1215 615.
1154 1189 1214 1212 me
1236 1175 1404 1213 otiosum
1425 1174 1638 1212 cibatum
1656 1174 1723 1211 iri
1740 1172 1856 1223 Apol.

989 1245 1025 1282 p.
1041 1235 1131 1271 452.
1152 1231 1432 1281 scrupulosius
1452 1230 1654 1269 cibatur.
1704 1228 1861 1267 Deinde

990 1301 1079 1326 cum
1087 1288 1322 1326 minutatum
1331 1287 1520 1324 sententia
1529 1285 1724 1336 flagitante
1732 1299 1859 1323 emen-

990 1344 1095 1388 davi,
1128 1356 1175 1380 eo
1202 1356 1275 1380 non
1300 1342 1511 1387 sollicitus,
1540 1343 1643 1393 quod
1670 1356 1861 1393 nusquam

990 1400 1065 1438 hoc
1088 1400 1249 1437 verbum
1276 1399 1429 1449 legitur,
1462 1412 1695 1449 quamquam
1721 1412 1770 1436 ex
1795 1399 1860 1437 ad-

990 1456 1124 1494 verbio
1156 1456 1380 1495 minutatim
1410 1457 1446 1493 in
1479 1470 1551 1493 usu
1581 1456 1619 1493 id
1652 1455 1860 1505 aliquando

994 1512 1137 1557 fuisse,
1173 1516 1305 1563 potest
1336 1511 1446 1550 effici.
1504 1511 1605 1550 Nam
1637 1513 1864 1551 nzinutatim

994 1573 1150 1609 tunsum
1175 1569 1277 1619 quod
1305 1570 1340 1607 in
1366 1567 1558 1607 nonnullis
1579 1568 1693 1607 codd.
1713 1568 1863 1617 legitur,

996 1626 1169 1677 glossam
1186 1639 1279 1663 esse
1293 1626 1490 1671 existimo,
1517 1626 1696 1676 quoniam
1725 1625 1865 1663 librarii

996 1684 1102 1721 vocis
1116 1683 1354 1722 minutatum
1369 1695 1481 1720 usum
1496 1681 1612 1734 plane
1626 1682 1864 1732 ignorabant,

995 1740 1088 1777 lieet
1112 1739 1252 1778 eadem
1270 1739 1470 1789 utriusque
1489 1740 1539 1776 sit
1557 1739 1760 1776 sententia.
1791 1737 1864 1777 Co-

999 1797 1224 1848 quitatione
1257 1796 1399 1846 optima
1432 1799 1496 1833 est
1526 1795 1711 1833 salmasii
1736 1808 1866 1832 emen-

997 1853 1118 1897 datio,
1145 1851 1248 1902 quod
1268 1865 1353 1890 voc.
1374 1851 1534 1890 librariis
1556 1852 1674 1903 plane
1693 1852 1864 1901 ignotum

1000 1908 1112 1947 facile
1137 1909 1172 1946 in
1200 1909 1454 1959 cotqitatione
1478 1908 1583 1946 abire
1603 1911 1764 1958 poterat.
1791 1907 1866 1945 His

998 1966 1170 2017 probatis
1196 1965 1322 2002 omnia
1348 1965 1447 2002 bene
1471 1965 1687 2015 procedunt
1706 1968 1866 2014 totaque

1000 2021 1275 2059 enunciationis
1303 2022 1494 2059 sententia
1519 2021 1680 2059 efficitur
1705 2020 1786 2058 sere
1810 2025 1865 2058 ta-

1002 2078 1064 2116 lis:
1091 2076 1189 2128 Ego,
1216 2077 1279 2127 qui
1304 2091 1498 2128 nunquam
1524 2077 1711 2116 hordeum
1729 2090 1866 2129 purum

1001 2135 1169 2179 ederam,
1194 2134 1348 2184 ptisana
1371 2135 1499 2185 potius
1527 2134 1673 2173 hordea
1697 2135 1867 2172 suaviter

1000 2195 1128 2235 cocta,
1154 2203 1270 2240 quum
1295 2190 1411 2228 homo
1438 2190 1603 2236 sueram,
1635 2190 1867 2236 delectatus,

1000 2261 1099 2285 nunc
1129 2247 1242 2284 etiam
1269 2247 1317 2285 ab
1343 2247 1490 2285 hordeo
1515 2247 1702 2293 abstinui,
1736 2247 1771 2285 in
1802 2261 1867 2285 an-

1000 2304 1090 2352 gulo
1104 2303 1242 2341 videus
1255 2317 1397 2354 panum
1411 2303 1614 2354 reliquias,
1640 2317 1739 2354 quas
1759 2316 1867 2354 prac-

1001 2360 1184 2398 serebam.
1212 2359 1345 2398 Essem
1370 2360 1549 2411 denique,
1576 2360 1680 2411 quod
1705 2373 1755 2398 ex
1779 2360 1867 2398 eod.

1001 2416 1045 2455 F.
1075 2421 1110 2456 1.
1143 2416 1306 2454 lectione
1338 2431 1417 2455 esse
1445 2417 1611 2455 restituit
1635 2416 1736 2455 oud.
1763 2416 1867 2467 equi-

1002 2473 1089 2511 dem
1122 2473 1343 2523 probarem,
1375 2474 1446 2511 nisi
1472 2477 1658 2511 constans
1686 2474 1868 2511 librorum

989 2527 1210 2568 ¹alletoritas
1247 2529 1533 2575 adversaretur,
1568 2529 1669 2581 quod
1710 2543 1757 2567 eo
1788 2543 1868 2568 ma-

1000 2587 1060 2633 gis
1091 2589 1153 2624 est
1180 2586 1406 2631 tenendum,
1439 2600 1555 2637 quum
1586 2587 1721 2625 eserinz
1748 2585 1869 2623 forma

999 2642 1051 2680 sit
1079 2656 1148 2694 pro
1185 2643 1335 2692 ingenio
1374 2643 1607 2681 librariorum
1643 2642 1874 2680 insolentior.

1000 2712 1071 2737 uec
1111 2698 1191 2737 ullo
1235 2699 1416 2750 exemplo
1459 2699 1555 2737 alias
1604 2700 1866 2749 comprobata.

998 2754 1216 2793 Notissima
1241 2758 1340 2793 enim
1365 2760 1426 2793 est
1451 2755 1574 2794 forma
1599 2756 1756 2794 ederem,
1780 2769 1868 2793 con-

999 2812 1132 2850 tractio
1158 2812 1193 2849 in
1221 2826 1355 2857 essem,
1388 2812 1438 2849 de
1463 2825 1540 2862 qua
1571 2810 1789 2850 accuratius
1815 2812 1868 2850 di-

1003 2881 1086 2906 eam
1112 2867 1160 2906 ad
1184 2865 1281 2906 Met.
1308 2867 1374 2906 XI.
1401 2883 1437 2919 p.
1466 2869 1558 2908 803.
1607 2867 1694 2906 Nisi
1724 2869 1868 2907 rectius

1002 2929 1134 2962 nostro
1168 2925 1252 2963 loeo
1287 2938 1370 2962 cum
1403 2924 1446 2963 F.
1481 2928 1516 2965 3.
1549 2923 1661 2963 eto.
1692 2924 1869 2963 scribItur

1001 2982 1175 3027 essm-im,
1201 2994 1317 3031 qnam
1342 2981 1501 3019 formam
1524 2981 1692 3019 sortasse
1712 2994 1762 3020 ex·
1780 2995 1868 3021 ana-

1002 3037 1110 3088 logia
1134 3039 1316 3076 contracti
1337 3052 1455 3077 essem
1468 3037 1661 3088 Apuleius
1676 3038 1866 3089 praetulit.

1056 3096 1216 3134 saucias
1241 3099 1279 3133 ct·
1301 3099 1550 3133 araneantes.
1583 3094 1690 3134 Grut.
1706 3094 1866 3146 Sus1›.l.

1001 3164 1031 3189 c.
1063 3155 1099 3191 5.
1135 3152 1295 3190 tentavit
1334 3164 1526 3202 reponere
1558 3154 1715 3203 fatuas,
1763 3151 1868 3203 quod
