2221 3667
327 172 408 214 350
581 174 627 214 L.
651 175 869 215 APULEII
899 173 1294 215 MADAURENSIS
1324 173 1864 215 METAMORPHOSEON

236 288 301 323 352
325 283 400 332 liis,
430 285 600 338 perditae
621 284 627 341 Ι
649 289 837 328 matutino
863 288 1058 341 scopulum
1086 285 1307 340 pervolant;
1337 293 1376 325 et
1400 286 1487 328 inde
1512 288 1615 328 soliti
1642 288 1746 328 venti
1773 287 1965 342 praesidio
1985 287 2098 328 vehe-

324 347 475 380 menter
494 341 690 393 devolant,
720 344 965 396 lacrimisque
986 355 1168 396 pressura
1190 341 1457 395 palpebrarum
1479 345 1623 384 coactis
1644 345 1715 384 hoc
1734 351 1820 384 astu
1848 344 2010 397 puellam
2037 357 2098 397 ap-

322 396 488 449 pellant:
515 397 577 438 Tu
592 400 741 452 quidem
760 401 853 440 felix
868 407 907 440 et
926 401 1008 452 ipsa
1025 397 1119 437 tanti
1134 397 1223 436 mali
1240 398 1462 452 ignorantia
1476 400 1588 441 beata
1603 401 1713 441 sedes
1728 400 1922 439 incuriosa
1939 399 2099 454 periculi

322 452 395 491 tui:
422 467 492 493 nos
518 462 661 506 autem,
691 470 786 509 quae
813 454 989 509 pervigili
1016 466 1108 493 cura
1134 453 1250 493 rebus
1276 453 1351 493 tuis
1377 456 1629 507 excubamus,
1659 456 1829 497 cladibus
1856 457 1930 496 tuis
1957 455 2098 496 misere

321 508 553 550 cruciamur.
594 510 672 551 Pro
693 526 786 551 vero
808 524 971 562 namque
993 509 1265 563 comperimus,
1286 518 1408 550 necte
1429 512 1558 552 sociae
1580 513 1729 552 scilicet
1748 512 1892 552 doloris
1907 524 2097 564 casusque

320 564 375 604 tui
412 566 539 606 celare
575 564 800 621 possumus,
840 567 1045 605 immanem
1083 565 1282 606 colubrum
1321 566 1543 608 multinodis
1574 568 1833 608 voluminibus
1859 574 2095 622 serpentem,

230 625 294 658 353
319 634 471 661 veneno
487 623 607 663 noxio
623 623 720 663 colla
742 622 748 678 Ξ
769 622 1069 675 sanguinantem
1085 622 1331 676 hiantemque
1347 623 1519 676 ingluvie
1534 625 1744 678 profunda,
1774 632 1898 665 tecum
1919 623 2097 664 noctibus

309 781 467 819 perditae
492 792 599 812 omnes
623 786 694 818 quot
717 784 793 812 Oud.
814 786 843 811 et
862 792 920 820 ego
938 792 1123 819 comparare
1143 788 1326 819 poteramus
1346 787 1437 815 codd.
1457 788 1573 815 liabent
1587 781 1664 814 'nisi
1683 787 1766 820 quod
1777 786 1933 822 percitae
1957 786 1990 815 in
2009 788 2044 815 G.
2067 788 2096 815 1.

315 832 362 856 est
381 835 400 856 a
419 837 458 856 m.
479 838 504 857 s.
526 833 553 856 e!
576 829 620 857 ita
647 829 715 855 edd.
737 836 860 862 quoque
886 833 961 857 vett.
978 828 1134 866 perditae
1158 832 1285 868 legunt,
1323 839 1425 864 usque
1447 832 1487 859 ad
1513 838 1631 859 annum
1652 832 1753 861 .1600.
1812 831 1995 859 mattuli'no
2015 832 2096 861 αἳ.

314 874 497 900 maz-lutino
512 875 548 901 D.
586 871 762 900 matutinis
782 875 818 901 G.
836 875 863 901 1.
878 882 914 902 π.
962 873 1061 902 solito
1075 877 1110 904 G.
1130 877 1155 903 1.
1170 877 1200 903 2.
1215 876 1250 904 P.
1265 883 1300 903 π.
1322 877 1358 904 D.
1374 878 1408 904 B.
1429 876 1532 904 Scriv.
1553 877 1634 904 Pric.
1649 876 1767 905 l-'loritL
1816 874 2001 904 vehementi·
2018 873 2046 906 δ.
2067 884 2094 911 p.

312 916 536 954 lacrimasque
551 919 675 946 vicent.
690 916 765 951 (sed
779 919 810 946 in
826 926 895 947 inea
909 924 1083 949 correctum
1105 924 1151 949 est
1167 921 1200 948 in
1215 919 1396 956 lacrimis.)
1428 929 1576 956 presura
1589 922 1623 949 F.
1637 922 1667 949 3.
1683 922 1717 950 G.
1736 922 1761 948 1.
1783 928 1955 956 praesura
1966 923 2050 950 lunt.
2066 923 2095 951 1.

312 961 375 989 lmc
388 965 465 989 astu
479 963 510 991 in
526 965 560 991 G.
579 964 605 990 1.
620 970 682 991 non
697 964 801 999 deest,
830 967 861 992 nt
875 965 953 994 oud.
968 966 1115 1001 adnotat,
1142 966 1198 994 sed
1211 966 1330 999 legitur
1343 964 1463 1001 hasen,
1483 974 1523 994 ex
1538 966 1724 1000 compendio
1738 963 1850 993 lc'aslu
1865 966 1884 994 i.
1899 976 1925 996 e.
1940 964 2002 993 lmc
2015 969 2094 994 astu

311 1015 414 1035 errore
428 1007 613 1042 profectum,
629 1015 699 1035 cum
713 1010 825 1042 glossa
838 1009 1040 1039 interlineari
1053 1010 1219 1038 aus-tutia.
1245 1008 1308 1037 hoc
1323 1009 1446 1038 liaustu
1461 1015 1508 1039 est
1523 1011 1601 1039 inG.
1613 1013 1641 1040 ⁸2.
1658 1012 1763 1039 P.0.a
1777 1019 1817 1039 m.
1828 1019 1857 1046 p.
1871 1010 1934 1038 hoc
1947 1012 2094 1040 austun.

311 1050 442 1088 qm'dam
457 1053 568 1080 Venet.
585 1055 612 1080 4.
628 1054 702 1080 Bas.
722 1054 748 1081 1.
796 1052 968 1082 claudibus
984 1054 1049 1082 tuis
1063 1058 1101 1084 D.
1150 1055 1293 1083 miserae
1306 1057 1431 1085 Vicent.
1481 1055 1608 1083 scilicet,
1623 1058 1713 1084 abest
1729 1063 1748 1084 a
1762 1053 1789 1084 δ.
1839 1054 2009 1083 colubram
2023 1057 2093 1085 edd.

310 1100 384 1125 vett.
400 1100 525 1131 praeter
538 1098 650 1126 Venet.
666 1099 694 1126 4.
709 1102 738 1126 et
754 1099 858 1127 Paris.
910 1099 1109 1128 multimodis
1124 1102 1199 1130 Bas.
1219 1102 1245 1128 1.
1271 1100 1384 1129 multis
1398 1098 1502 1128 modis
1517 1102 1592 1129 Bas.
1607 1103 1636 1129 2.
1687 1108 1807 1128 veneno
1829 1100 1917 1128 colla
1929 1101 2093 1139 saginan-

311 1143 372 1167 tem
393 1151 441 1176 φ.,
467 1145 500 1169 ut
521 1143 556 1169 B.
577 1142 651 1171 item
676 1144 770 1171 habet
796 1144 1018 1181 sagimmlem.
1065 1144 1214 1173 ln'antem
1236 1154 1297 1174 non
1318 1147 1428 1175 addita
1447 1146 1607 1180 particula
1627 1154 1690 1183 que
1702 1147 1737 1174 B.
1758 1150 1788 1174 et
1807 1154 1917 1175 omnes
1931 1147 2001 1175 edd.
2016 1150 2092 1174 vett.

307 1184 545 1223 habentemque
557 1189 594 1216 D.
609 1195 666 1222 pro
678 1186 892 1227 hiantemque
917 1190 977 1225 [ex
990 1192 1178 1226 compendio
1203 1189 1325 1242 1ιέίέᾳό
1339 1190 1367 1226 ).
1409 1189 1582 1230 profunde
1600 1192 1635 1220 F.
1655 1188 1684 1221 3.
1732 1189 1897 1229 ingluvie:
1916 1189 2094 1231 profunda

306 1232 432 1260 Viceut.

351 1365 446 1403 inde
460 1365 570 1404 soliti
584 1366 688 1405 venti
697 1368 914 1417 praesidio
931 1369 1170 1409 vehementer

307 1421 506 1460 devolant.
561 1422 707 1472 Magna
732 1427 794 1461 est
819 1425 1065 1475 interpretum
1092 1426 1168 1464 dis-

304 1478 455 1522 sensio,
477 1478 538 1528 qui
559 1492 692 1516 omnes
713 1480 747 1516 in
765 1481 951 1519 vocabulo
969 1483 1166 1521 veliemen-

304 1537 364 1572 ter
387 1534 563 1581 haerent,
590 1548 704 1584 quum
718 1549 874 1575 sorores
889 1551 960 1575 non
976 1540 1166 1589 potuerint

304 1603 377 1627 non
394 1590 661 1629 vehementius
675 1591 870 1638 devolare,
892 1608 1005 1645 quarn
1020 1596 1165 1633 vexerit

303 1658 372 1683 eas
385 1646 602 1698 Zephyrus.
651 1647 763 1686 Unde
777 1650 831 1686 vir
843 1650 979 1689 doctus
994 1653 1028 1689 in
1044 1665 1162 1701 marg.

303 1701 372 1740 Ed.
390 1702 485 1741 lunt.
501 1707 535 1743 2.
551 1704 734 1755 adposuit
747 1706 973 1752 clementer,
999 1707 1098 1746 alius
1112 1708 1161 1746 ad

303 1772 405 1796 oram
431 1759 490 1797 ed.
513 1759 650 1805 solvit,
678 1774 777 1811 quae
801 1768 975 1801 servatur
988 1762 1159 1811 Parisiis,

301 1815 488 1861 vehentis,
533 1816 699 1855 Salmas.
744 1819 906 1857 coniecit
946 1820 1067 1858 solito

300 1872 502 1918 z·eleentis;
538 1872 657 1911 Oud.:
696 1874 878 1913 clementi
914 1889 963 1913 ex
998 1876 1095 1915 Met.
1110 1877 1157 1916 V.

300 1940 338 1978 p.
365 1931 454 1968 333.
488 1929 796 1970 clementissimis
822 1932 1000 1982 potibus.
1056 1932 1164 1985 [Ego

299 1984 542 2024 vehementer
559 1987 727 2024 retinens
748 1987 796 2024 ad
810 1988 1011 2026 vecordem
1034 2002 1164 2027 earum

301 2040 498 2078 audaciam
525 2042 667 2087 refero,
706 2057 781 2093 qua
805 2058 849 2081 se
875 2046 1090 2095 proficiunt,
1122 2049 1164 2084 ut

303 2097 412 2134 citius
437 2098 485 2135 ad
509 2111 681 2137 sororem
706 2101 868 2138 veniant.
914 2100 963 2139 Et
988 2102 1161 2140 velocius

302 2155 600 2204 praecipitantes
642 2157 870 2207 recipiuntur
906 2171 929 2195 a
964 2158 1158 2210 Zephyro.

303 2209 350 2248 cf.
382 2225 419 2261 p.
453 2213 545 2251 346.
577 2213 786 2251 licentiosa
819 2228 907 2253 cum
944 2217 1163 2254 temeritate

298 2268 521 2318 prosiliunt
543 2270 582 2306 2¹11
609 2269 732 2308 allum
758 2273 795 2307 et
819 2283 854 2320 p.
876 2274 967 2311 370.
993 2273 1098 2311 saltu
1123 2286 1163 2311 se

302 2324 477 2361 maximo
499 2327 769 2377 praecipitem
795 2327 921 2366 dedit.
952 2327 1051 2366 Hinc
1076 2342 1161 2379 pro-

300 2379 430 2417 babile
445 2385 523 2426 est,
543 2380 762 2432 Zephyrum
784 2382 947 2421 celerius
961 2384 1162 2434 prosilien-

300 2439 361 2473 tes
386 2437 549 2475 celerius
575 2437 623 2475 ad
648 2437 845 2490 Psyehem
872 2441 1127 2494 reportasse]

357 2539 579 2578 colubrum.
609 2540 862 2579 columbrum
875 2542 910 2579 in
926 2543 1042 2588 nullo,
1058 2543 1163 2594 quod

300 2595 439 2640 sciam,
464 2597 647 2646 reperitur
666 2597 797 2635 codiee
818 2603 857 2635 et
873 2611 980 2637 mera
999 2603 1060 2637 est
1073 2600 1160 2638 edd.

302 2656 392 2690 vett.
435 2652 669 2698 emendatio.
707 2667 807 2704 quae
842 2654 889 2693 ad
926 2654 1160 2695 Beroaldum

300 2721 425 2759 usque
455 2708 648 2760 profluxit:
679 2715 720 2748 ut
750 2711 837 2748 item
870 2713 1008 2749 erravit
1031 2713 1158 2751 Burm.

300 2765 350 2803 ad
391 2764 504 2803 Ovid.
541 2765 635 2804 Met.
670 2766 734 2805 lv.
762 2772 871 2813 474..
908 2769 1115 2808 colubram
1139 2783 1161 2806 e

302 2821 401 2859 Mss.
428 2823 614 2861 excitans.
664 2823 725 2861 De
752 2823 872 2862 forma
903 2825 1074 2864 colubra
1111 2825 1159 2865 ef.

301 2875 384 2915 lntt.
412 2878 460 2916 ad
480 2878 626 2918 Lucan.
647 2878 713 2917 lX.
736 2883 830 2920 634.
856 2880 983 2920 Bentl.
1004 2882 1053 2920 ad
1066 2882 1159 2921 Hor.

302 2932 375 2972 Od.
391 2933 416 2971 Ι.
441 2940 501 2974 17.
522 2940 558 2975 8.
583 2936 712 2987 ibique
735 2935 979 2988 Peerlkamp.
1016 2939 1160 2976 Verum

301 2991 499 3029 masculini
525 3005 650 3043 genus
669 2993 730 3032 hic
747 2993 1039 3046 praeferendum
1057 2995 1161 3034 vide-

299 3049 376 3091 tur,
402 3047 489 3096 quia
503 3050 626 3099 agitur
639 3051 749 3099 quasi
763 3051 812 3088 de
827 3052 904 3089 viro
924 3055 963 3089 et
974 3051 1160 3102 seqnitur,

301 3115 385 3140 eum
417 3108 453 3141 te
482 3107 763 3157 sassinaturum
792 3112 828 3146 el
864 3109 1158 3149 devoraturum.

302 3158 350 3198 cf.
375 3160 483 3198 Serv.
509 3161 556 3198 ad
584 3162 679 3201 Aen.
706 3162 749 3202 ll.
776 3167 867 3203 470.

1286 1369 1532 1408 multinodis.
1591 1368 1700 1407 Male
1741 1370 1877 1420 probat
1911 1368 2089 1408 Roaldus

1230 1424 1431 1463 lectionem
1480 1426 1635 1464 duarum
1691 1426 1776 1464 edd.
1831 1427 2090 1466 multimodis.

1226 1481 1325 1520 Nam
1342 1495 1460 1533 gyros
1479 1483 1724 1533 serpentinos
1739 1482 2090 1533 auctorappellavit

1225 1538 1376 1577 nodos:
1402 1538 1450 1575 de
1476 1552 1552 1589 qua
1576 1539 1851 1587 significatione
1871 1538 1971 1577 ond.
1994 1538 2088 1576 adiri

1225 1595 1329 1632 iubet
1358 1594 1494 1632 Heius.
1526 1595 1575 1633 ad
1605 1595 1718 1633 Ovid.
1746 1594 1900 1633 Heroid.
1927 1594 1994 1633 IX.
2021 1597 2086 1635 86.

1222 1650 1316 1689 Met.
1334 1650 1397 1689 lx'.
1414 1655 1505 1691 490.
1526 1651 1632 1699 Yirg.
1646 1651 1744 1688 Aen.
1760 1650 1803 1689 ll.
1820 1655 1911 1691 220.
1937 1651 2084 1690 Lucan.

1222 1706 1285 1744 w.
1312 1710 1404 1747 [190.
1431 1707 1547 1758 Apul.
1574 1707 1668 1745 Met.
1686 1707 1733 1746 V.
1759 1720 1797 1758 p.
1825 1711 1916 1747 357.
1943 1708 2086 1746 nedum

1221 1765 1384 1802 rere-icis
1393 1763 1524 1815 [quem
1535 1767 1660 1802 tamen
1670 1763 1825 1814 Apuleii
1837 1764 1962 1802 locum
1972 1763 2087 1816 plane

1219 1820 1328 1857 aliter
1359 1820 1542 1871 intelligo.
1591 1819 1647 1857 Ita
1678 1833 1832 1871 quoque
1867 1821 2001 1859 nodus
2037 1820 2086 1858 (le

1218 1876 1384 1914 brachiis
1430 1876 1563 1915 dicitur
1606 1878 1701 1914 inter
1741 1890 1786 1915 se
1823 1877 2008 1914 connexis
2045 1880 2083 1914 et

1225 1933 1459 1977 constrictis,
1502 1937 1542 1971 ut
1583 1933 1762 1983 anguium
1804 1934 1923 1971 instar
1964 1945 2085 1983 gyros

1224 1990 1333 2038 quasi
1355 1988 1532 2027 efficiant.
1559 1989 1604 2027 ef.
1621 1989 1724 2039 Virg.
1751 1990 1849 2028 Aen.
1864 1988 1965 2027 Vlll.
1994 1993 2084 2030 ‘260-

1223 2045 1392 2084 Gronov.
1426 2045 1585 2083 Diatrib.
1620 2043 1664 2083 T.
1697 2044 1722 2083 Ι.
1752 2059 1789 2097 p.
1817 2049 1908 2086 238.
1957 2045 2086 2084 Hand.

1222 2101 1349 2151 ibique
1369 2102 1495 2139 locum
1515 2101 1648 2140 Aurel.
1662 2101 1806 2141 Victor.
1826 2102 1875 2139 de
1889 2100 2084 2140 Caesarib.

1223 2161 1286 2202 17,
1312 2161 1348 2197 8.
1380 2159 1415 2196 in
1447 2162 1522 2196 not.
1549 2158 1707 2203 Handii,
1742 2159 1803 2197 ubi
1826 2159 1946 2196 verba
1970 2159 2085 2197 cuius

1217 2216 1420 2265 frustratu
1444 2229 1524 2266 per
1553 2216 1682 2255 cibum
1720 2215 1961 2254 emendanda
1994 2218 2085 2252 suut

1221 2271 1255 2307 in
1283 2272 1349 2309 cui
1375 2273 1429 2310 ris
1449 2270 1688 2323 frustrata]

1276 2374 1595 2424 sanquimmtem.
1643 2373 1804 2412 Pontan.
1841 2373 1942 2411 Ann.
1980 2371 2006 2410 l.
2044 2377 2080 2413 8.

1221 2430 1380 2467 coniecit
1404 2431 1636 2469 scmiaatem.
1661 2430 1743 2469 Sed
1767 2431 1911 2482 optime
1929 2443 1952 2468 e
1968 2442 2083 2467 versu

1221 2485 1631 2536 x'i1·gil.Aen.il.207.
1658 2488 1854 2540 'iubaeque
1880 2487 2082 2538 Sanqui—

1220 2556 1336 2580 ueae
1371 2548 1618 2594 eccsuperaut
1654 2544 1785 2583 mulos
1821 2544 1921 2582 hunc
1956 2542 2082 2580 locum

1220 2598 1392 2636 defendit
1427 2597 1625 2638 Pricaeus.
1681 2600 1944 2653 Sauqquz'nare
1979 2599 2080 2637 enim

1219 2654 1254 2694 h.
1267 2655 1287 2693 l.
1305 2659 1476 2693 neutrum
1491 2661 1563 2701 est,
1573 2660 1612 2694 ut
1625 2657 1733 2695 colla
1747 2670 1815 2708 per
1827 2657 2080 2708 graecismum

1219 2711 1364 2750 dicatur
1389 2725 1456 2763 pro
1482 2714 1635 2752 circum
1660 2714 1771 2752 colla
1817 2713 1865 2751 cf.
1897 2712 1991 2751 Met.
2013 2710 2078 2749 Vl.

1218 2783 1254 2820 p.
1269 2772 1362 2810 406.
1389 2769 1520 2808 colla
1541 2770 1728 2821 porrecti
1743 2771 1850 2808 saevi
1868 2769 2078 2807 dracones.

1219 2825 1282 2863 De
1312 2826 1431 2863 verbo
1462 2827 1729 2878 sanqui‘nare,
1760 2825 1863 2876 quod
1892 2825 2011 2862 rarius
2042 2825 2076 2861 in

1218 2895 1292 2920 usu
1321 2886 1385 2919 est
1431 2881 1478 2920 cf.
1503 2881 1632 2920 Burin.
1663 2882 1710 2920 ad
1737 2880 1864 2928 Quint.
1890 2880 2002 2919 Decl.
2027 2879 2079 2919 X.

1218 2953 1248 2977 c.
1259 2942 1295 2978 8.
1310 2953 1327 2978 s
1336 2953 1359 2977 a
1368 2953 1392 2977 η
1400 2954 1429 2991 ⁴q
1439 2954 1466 2978 u
1475 2940 1488 2976 i
1495 2953 1518 2977 η
1527 2954 1551 2977 α
1561 2953 1579 2978 ι·
1588 2953 1637 2978 er
1645 2952 1665 2978 e
1675 2937 1907 2990 planctibus
1921 2937 2077 2976 lacerti.

1217 2994 1286 3033 IX.
1304 2999 1367 3035 18.
1385 3009 1502 3048 sano
1513 2997 1733 3035 uiuentes
1758 2994 1942 3033 lacertos.
1967 2992 2078 3045 [Ter-

1216 3052 1299 3090 tull.
1324 3052 1478 3090 advers.
1502 3051 1687 3090 Marcion.
1713 3050 1778 3088 lv.
1794 3055 1856 3091 20.
1870 3065 1907 3102 p.
1923 3054 2014 3091 434.
2030 3049 2076 3089 Β.

1219 3109 1315 3160 quia
1341 3109 1410 3147 lex
1428 3123 1451 3147 a
1474 3113 1664 3147 contactu
1680 3108 1858 3159 feminae
1881 3107 2076 3160 sanqui-

1218 3179 1242 3203 τι
1252 3179 1307 3204 an
1319 3166 1354 3203 ti
1362 3180 1379 3204 s
1402 3169 1620 3205 snnmmret.
1632 3164 1648 3216 J
