2155 3590
666 133 854 173 LIBER
882 131 954 172 VI.
1009 129 1133 172 CAP.
1164 130 1237 170 vt.
1766 127 1847 169 413

65 243 312 299 conspicuum
337 250 376 290 et
400 244 521 299 ipsius
546 243 634 284 auri
658 244 798 285 damno
824 245 1051 300 pretiosum.
1102 242 1164 285 De
1189 241 1342 291 multis,
1376 252 1475 293 quae
1501 239 1606 280 circa
1631 237 1848 279 cubiculum

64 301 241 341 dominae
265 300 484 351 stabulant,
511 301 725 355 procedunt
749 309 916 355 quatuor
941 301 1127 342 candidae
1152 298 1373 348 columbae,
1408 302 1447 336 et
1471 295 1606 336 hilaris
1631 294 1849 336 incessibus

63 357 163 411 picta
199 357 298 397 colla
334 363 561 410 torquentes
599 357 732 411 iugum
770 372 987 412 gemmeum
1017 357 1205 407 subeunt3
1243 359 1501 407 susceptaque
1532 350 1686 391 domina
1722 352 1849 391 laetae

62 413 283 454 subvolant.
313 411 484 454 Currum
510 414 604 454 deae
629 421 910 467 prosequentes
936 413 1101 468 gannitu
1125 409 1390 464 constrepenti
1415 408 1627 448 lasciviunt
1650 420 1848 461 passereS‚

62 476 100 510 et
119 476 273 510 ceterae
285 501 295 520 ,
324 483 422 523 quae
441 470 551 510 dulce
571 470 783 519 cantitant,
812 484 905 511 aves
920 470 1067 510 melleis
1082 468 1246 509 modulis
1259 479 1380 508 suave
1394 471 1626 505 resonantes
1641 464 1851 503 adventum

62 526 161 567 deae.
192 526 461 580 pronuntiant.
513 524 669 567 Cedunt
693 526 816 567 nubes
852 533 892 567 et
922 527 1073 567 coelum
1102 525 1204 565 filiae
1230 523 1426 579 panditur,
1455 528 1494 561 et
1518 533 1690 560 summus
1716 519 1853 559 aether

62 652 244 682 cubiculum
262 652 416 682 dominae
434 653 621 683 stabulant.
656 655 804 683 Imitatus
824 657 871 683 est
892 658 1002 683 auctor
1019 654 1195 689 Virgilium
1213 652 1295 681 Aen.
1310 652 1363 680 vl.
1383 652 1457 679 286.
1486 647 1653 676 Centauri
1669 645 1853 685 fusoribus

61 698 247 728 stabulant.
285 699 437 728 columba
450 698 595 728 candida
608 697 636 728 δ.
650 707 681 734 p.
720 697 926 736 praecedunt
942 699 963 728 f.
978 699 1077 727 solita
1089 697 1302 728 aberratione.
1326 696 1408 732 Quia
1420 698 1557 730 quatuor
1569 696 1659 723 erant
1674 693 1855 728 columbae,

60 745 237 780 sopingius
250 744 391 779 margini
405 746 542 774 adlevit:
559 743 741 782 geminium
760 748 793 773 at
805 748 882 773 tunc
895 752 959 773 non
972 744 1103 780 biiugae
1117 746 1206 772 erant
1219 743 1276 771 sed
1289 741 1515 777 quadriiugae,
1529 740 1586 768 uni
1600 738 1710 767 currui
1723 737 1854 765 iunctae

61 789 103 818 cs.
123 790 215 819 ovid.
234 793 311 819 Met.
330 793 371 819 11.
394 793 467 819 105.
515 789 677 818 subveunt
695 790 813 819 vitiose
832 791 870 818 D.
907 791 1060 818 Fortasse
1078 789 1235 822 scriptum
1254 790 1323 816 erat
1343 785 1514 814 subbeunt.
1562 783 1644 811 deae
1662 789 1798 810 currum
1817 781 1855 811 P.

55 838 315 872 prosequentes,
338 837 484 874 gannitu
502 836 631 864 Vicent.
648 837 731 864 lunt.
754 836 782 863 1.
802 836 878 864 Ald.
898 836 1012 863 Venet.
1033 836 1062 863 4.
1083 834 1190 862 Paris.
1232 830 1465 868 perstrepenez'
1481 832 1517 859 P.
1565 837 1638 857 cum
1658 827 1804 864 strepitu
1819 827 1855 856 0.

62 888 161 916 quam
175 878 269 908 dulce
283 889 311 915 p.
359 881 538 909 cantic-unt
554 889 665 909 omnes
686 881 756 909 edd.
777 883 852 908 vett.
869 883 995 914 praeter
1007 880 1089 907 lunt.
1104 881 1134 906 2.
1173 876 1353 905 canditum
1365 878 1401 906 P.
1438 875 1611 903 cantitant
1627 875 1662 903 F.
1679 875 1707 902 1.
1721 874 1752 901 3.
1767 873 1802 900 G.
1815 873 1855 901 D.

62 933 92 960 p.
113 926 147 954 0.
167 925 188 954 f.
215 929 249 954 ut
273 926 337 955 iam
357 927 498 955 restituit
519 925 664 954 u'ower.
685 932 773 959 seqq.
799 924 838 953 cf.
858 925 897 953 ad
918 927 993 953 Met.
1006 926 1045 952 11.
1066 932 1096 959 p.
1112 925 1186 951 113.
1223 921 1409 950 cantillam
1432 922 1578 950 emendat
1603 921 1689 948 male
1713 917 1856 946 colvius.

61 969 158 998 molis
171 968 260 998 dalis
278 972 317 999 D.
337 979 357 1000 a
368 980 410 1000 m.
424 980 453 1006 p.
469 979 525 1006 pro
545 969 697 998 modulis.
739 970 971 1006 pronuntiant
988 977 1097 997 omnes
1110 969 1200 997 codd.
1215 970 1343 1002 praeter
1355 968 1407 1002 Β..
1423 967 1478 1000 qui
1491 962 1857 1001 habetpraenunlt'ant.

61 1013 244 1044 discedunt.
270 1017 365 1045 Haud
379 1016 476 1045 unius
490 1016 578 1045 assis
592 1019 657 1053 est,
674 1018 703 1044 et
718 1022 805 1043 vana
818 1017 897 1044 haec
910 1014 1038 1043 Pricaei
1053 1014 1249 1042 coniectura.
1273 1013 1425 1046 Explicat
1441 1011 1618 1046 Apuleium
1631 1011 1761 1038 Lucret.
1774 1008 1798 1036 1.
1808 1009 1837 1036 6.
1848 1026 1857 1043 ,

60 1061 146 1089 unde
171 1068 233 1089 sua
251 1065 360 1090 noster
378 1061 507 1090 hausit:
535 1063 566 1088 te
585 1059 648 1087 dea
669 1063 700 1087 le
717 1059 855 1097 fugiunt
876 1059 983 1096 venti,
1010 1061 1041 1086 te
1062 1057 1178 1086 nubila
1199 1055 1293 1086 coeli.
1318 1058 1405 1092 Quod
1424 1059 1504 1086 hene
1523 1056 1661 1085 advertit
1676 1054 1805 1088 Sciopp.
1825 1053 1860 1082 in

58 1106 156 1140 Susp.
169 1107 271 1134 Lectt.
283 1107 339 1135 IV.
352 1108 410 1141 Ep.
427 1108 478 1135 14.
524 1104 585 1133 sed
595 1112 740 1134 summus
754 1107 790 1134 B.

61 1203 113 1241 ad
131 1203 298 1255 effigiem
319 1203 434 1244 lunae
449 1204 708 1243 corniculatae
723 1204 931 1254 figuratum.
992 1201 1106 1254 quod
1130 1200 1249 1241 leuius
1271 1201 1434 1253 yenert's
1459 1213 1548 1239 aves
1579 1200 1659 1238 sint
1681 1200 1723 1237 in
1748 1198 1861 1237 coitu

62 1258 175 1298 Luna
199 1261 299 1298 eni1n
325 1261 360 1299 in
392 1274 534 1299 cornua
563 1264 758 1305 tenuatur,
790 1260 932 1297 sentire
987 1258 1197 1309 fervidae.-
1221 1256 1271 1294 ad
1297 1270 1410 1307 quem
1438 1256 1562 1294 locum
1588 1254 1635 1293 cf.
1662 1253 1799 1293 Munk.
1823 1256 1863 1291 et

65 1316 168 1367 quod
199 1317 349 1355 videtur
380 1317 678 1361 detrimentum,
716 1329 801 1354 cum
839 1329 931 1354 vcro
990 1314 1039 1351 ad
1065 1313 1209 1351 Albi-ic.
1235 1312 1285 1350 de
1311 1312 1429 1363 Imag.
1456 1326 1487 1350 c.
1514 1316 1549 1351 5.
1575 1325 1612 1362 p.
1634 1314 1726 1351 903.
1753 1311 1862 1348 Stav.

64 1373 280 1424 pervenerit
302 1373 353 1411 ad
377 1372 626 1411 orbiculatam
646 1372 932 1416 rotunditatem,

63 1429 179 1480 pleno
204 1429 295 1468 orbe
321 1428 414 1467 nihil
439 1430 579 1480 patitur
603 1428 806 1479 dispendii.
832 1427 935 1479 [Sed

65 1487 228 1538 quisque
258 1485 469 1537 intelliget,
513 1498 628 1537 quam
659 1488 849 1531 contorta,
888 1498 935 1522 ne

65 1541 190 1581 dicam
209 1542 378 1581 absurda
401 1542 453 1580 sit
470 1541 569 1580 haec
588 1540 807 1592 explicandi
825 1541 933 1579 ratio.

65 1598 209 1638 Limae
244 1600 373 1650 potius
411 1598 619 1650 legendum
651 1601 690 1636 et
721 1597 770 1636 de
802 1597 932 1635 subtili

66 1669 195 1694 currus
221 1668 338 1706 opere
364 1659 402 1693 et
426 1655 524 1693 satis
543 1658 700 1693 tenuato
721 1654 936 1705 intelligen-

67 1711 158 1750 dum
172 1715 253 1758 est,
285 1711 390 1762 quod
405 1711 694 1750 accuratissimo
710 1724 794 1749 cum
807 1709 936 1749 studio

68 1771 107 1806 et
119 1781 272 1806 summa
285 1771 366 1806 arte
381 1767 584 1806 Vulcanus
599 1767 829 1819 perfecerat.
856 1766 936 1806 De·

68 1825 294 1864 trimentum
322 1823 435 1863 vides
468 1823 543 1862 hoc
569 1824 657 1862 loco
683 1824 839 1875 propria
863 1837 936 1862 sua

66 1881 104 1918 vi
139 1881 283 1919 dictum
319 1894 413 1919 esse
443 1881 492 1919 de
530 1894 666 1932 opere,
705 1879 810 1931 quod
849 1879 941 1918 lima

69 1936 248 1976 detritum
273 1940 311 1975 et
334 1937 566 1990 perpolitum
592 1936 683 1990 est.]

114 1994 242 2046 ipsius
256 1995 348 2033 auri
363 1994 526 2032 damno.
550 1993 735 2031 Beroald.
752 1993 938 2044 explicat:

71 2048 166 2088 Cum
186 2062 317 2088 aurum
337 2051 372 2088 in
393 2049 520 2100 effigie
546 2063 676 2088 currus
704 2049 941 2087 corniculata

70 2105 251 2152 deesset,
287 2109 401 2158 prout
437 2105 582 2144 fabrica
618 2106 708 2144 talis
747 2105 939 2156 deposcit,

70 2161 253 2200 damnum
277 2163 358 2200 auri
376 2162 454 2200 fieri
473 2162 509 2200 in
531 2161 708 2200 vehiculo
734 2161 944 2206 dicebatur,

70 2218 190 2268 idque
208 2231 257 2256 ex
269 2217 336 2256 tali
351 2218 577 2256 detrimento
597 2218 715 2257 fiebat
730 2217 944 2256 venustius.

74 2273 284 2327 [Equidem
317 2275 507 2314 damnum
544 2274 606 2313 hic
642 2274 946 2313 deminutionem

70 2344 165 2370 esse
178 2331 352 2370 dixerim.
365 2329 566 2370 Gettxx.
582 2336 619 2371 8.
635 2335 673 2369 et
686 2331 735 2369 de
749 2344 867 2382 opere
880 2330 946 2368 illo

71 2387 363 2439 intelligendum
399 2392 479 2434 est,
522 2387 719 2438 perforato
757 2388 869 2439 quasi
906 2391 946 2425 et

72 2445 355 2496 perterebrato,
382 2457 458 2495 quo
477 2444 719 2495 splendidior
738 2457 869 2482 currus
884 2444 945 2482 fie-

72 2502 157 2547 bat,
189 2506 228 2539 et
260 2502 295 2539 in
321 2515 398 2552 quo
423 2514 576 2539 summa
605 2514 670 2538 ars
694 2499 860 2539 Vulcani
897 2513 944 2538 eo

73 2558 200 2608 magis
230 2560 312 2596 erat
348 2558 579 2608 conspicua,
612 2570 688 2608 quo
721 2557 946 2595 subtiliores

74 2617 185 2653 erant
208 2627 280 2652 eae
304 2613 616 2666 perforationes]

132 2670 348 2710 stabulant.
409 2669 494 2722 [De
522 2669 803 2722 significatione
833 2669 947 2708 huius

77 2727 185 2765 vocis
199 2726 359 2766 neutrali
386 2726 433 2764 cs.
449 2726 570 2765 Prisc.
585 2725 690 2764 VIII.
705 2731 741 2768 6.
758 2729 822 2766 29.
849 2726 946 2765 Stat.

79 2780 202 2821 Theb.
211 2782 237 2822 I.
249 2787 340 2824 275.
351 2787 446 2823 457.
458 2782 543 2821 Intt.
553 2782 600 2820 ad
612 2783 720 2834 Virg.
731 2782 873 2834 Georg.
883 2781 947 2822 III.

81 2842 172 2880 224.
196 2838 297 2878 Aen.
311 2839 381 2879 Vl.
406 2839 523 2892 286.]

140 2900 312 2947 quatuor
327 2897 534 2936 candidae
548 2895 766 2935 columbae.
788 2894 949 2948 [Veneri

84 2947 281 2990 columbas
293 2966 431 2991 sacras
445 2953 570 2991 fuisse
585 2955 717 2991 notum
731 2955 802 2990 est.
830 2951 948 2991 Caus-

83 3019 168 3044 sam
204 3008 372 3060 explicat
407 3009 585 3059 Fulgent.
621 3008 791 3060 Mythol.
828 3007 874 3046 II.
910 3013 948 3049 4.

85 3074 122 3113 p.
138 3066 228 3105 670.
243 3064 350 3105 Stav.
375 3065 424 3105 In
444 3066 608 3105 Veneris
637 3066 756 3104 etiam
786 3065 950 3104 tutelam

85 3119 290 3161 columbas
296 3127 477 3174 ponunt;
502 3121 576 3161 illa
590 3122 777 3161 videlicet
795 3135 949 3166 caussa.

990 1369 1182 1408 Fortasse
1207 1370 1256 1407 ita
1284 1368 1465 1419 explicari
1479 1371 1610 1420 potest
1630 1366 1741 1405 locus
1766 1366 1863 1404 Met.

994 1424 1095 1463 vm.
1110 1440 1147 1477 p.
1163 1430 1254 1466 577.
1271 1438 1386 1475 quem
1412 1424 1460 1463 cf.
1474 1424 1546 1463 sed
1558 1424 1673 1462 nobis
1689 1436 1863 1476 quoque,

993 1483 1072 1522 tuis
1092 1481 1361 1534 palumbulis,
1387 1494 1690 1533 nonnumquam
1720 1480 1864 1531 imper-

993 1540 1085 1578 tias.
1132 1537 1237 1577 Nota
1268 1541 1473 1589 praeterea
1509 1540 1571 1575 est
1602 1535 1866 1575 columbarum

992 1595 1028 1633 in
1056 1594 1270 1633 osculando
1297 1594 1522 1646 improbitas
1553 1591 1601 1632 cs.
1628 1591 1791 1631 Taubm.
1816 1590 1867 1629 ad

995 1650 1121 1690 Plaut.
1159 1651 1312 1690 Asinar.
1350 1649 1376 1689 I.
1407 1655 1443 1692 3.
1471 1654 1535 1691 57.
1572 1649 1635 1688 De
1674 1647 1866 1687 columbis

995 1707 1140 1746 Veneri
1175 1707 1299 1746 sacris
1347 1707 1395 1746 cf.
1427 1710 1630 1759 praeterea
1661 1704 1786 1743 Cirino
1817 1704 1867 1742 de

994 1763 1101 1803 Urbe
1113 1764 1239 1803 Roma
1255 1777 1286 1802 c.
1305 1768 1365 1804 14.
1380 1765 1415 1802 in
1437 1763 1611 1813 Salleng.
1627 1761 1728 1800 Nov.
1743 1761 1866 1800 Thes.

995 1821 1127 1872 Antiq.
1161 1819 1206 1858 T.
1232 1819 1276 1858 ΙΙ.
1309 1834 1345 1871 p.
1376 1824 1465 1862 163.
1516 1818 1704 1858 Scheffer.
1731 1817 1780 1856 de
1805 1816 1868 1855 Re

998 1876 1159 1915 vehicul.
1190 1890 1221 1915 c.
1251 1880 1312 1917 18.
1344 1877 1380 1915 in
1410 1875 1550 1914 Polen.
1581 1874 1719 1927 Suppl.
1746 1873 1869 1912 Thes.

997 1933 1129 1984 Antiq.
1157 1930 1202 1973 T.
1216 1932 1267 1971 V.
1292 1946 1329 1984 p.
1349 1937 1466 1973 1212.
1487 1932 1607 1970 Voss.
1623 1930 1787 1982 mythol.
1803 1929 1868 1968 ΒΓ.

998 1989 1043 2028 ΙΙ.
1069 1994 1134 2030 48.
1161 1988 1275 2027 Ovid.
1302 1988 1398 2028 Met.
1419 1987 1527 2027 XIV.
1543 1992 1637 2029 597.
1663 1988 1794 2026 Burm.
1820 1985 1871 2024 ad

999 2046 1117 2085 Anth.
1154 2045 1201 2084 L.
1241 2044 1288 2085 T.
1312 2045 1340 2084 l.
1372 2059 1408 2097 p.
1441 2048 1504 2086 29.
1540 2045 1604 2083 ubi
1643 2043 1869 2096 legendum:

1000 2103 1070 2142 Ad
1113 2102 1276 2142 Veneris
1312 2116 1475 2142 currum
1512 2102 1646 2141 vincta
1683 2101 1872 2141 columba

1002 2173 1136 2213 cyyno
1161 2158 1245 2211 est]

1054 2216 1174 2267 picta
1199 2215 1310 2254 colla
1336 2219 1578 2268 torquentes.
1601 2213 1806 2252 Passerat.
1821 2212 1872 2251 ad

1003 2271 1197 2323 Prop.lV.
1208 2276 1243 2312 5.
1259 2271 1368 2323 tegit:
1386 2273 1504 2323 picta
1519 2271 1628 2311 colla
1643 2274 1873 2324 torquatae,

1007 2329 1096 2379 quia
1131 2341 1255 2379 saepe
1291 2327 1467 2379 legantur
1495 2328 1701 2366 columbae
1730 2326 1874 2365 collum

1004 2386 1116 2437 quasi
1140 2390 1284 2438 torque
1309 2388 1478 2423 ornatae.
1527 2383 1757 2423 Incedentes
1784 2396 1873 2421 vero

1005 2440 1211 2480 columbae
1234 2442 1365 2480 solent
1389 2441 1491 2480 colla
1514 2445 1705 2493 torquere.

1062 2499 1279 2538 lasciviunt
1298 2512 1493 2552 passeres.
1532 2497 1747 2550 [Passeres
1772 2497 1873 2534 enim

1004 2556 1040 2593 in
1064 2554 1260 2593 Venerem
1283 2559 1375 2593 sunt
1403 2555 1512 2607 proni
1549 2558 1588 2593 et
1623 2553 1798 2596 salaces,
1833 2556 1875 2591 ut

1004 2612 1105 2651 bene
1129 2611 1289 2650 adnotat
1311 2611 1473 2664 Rupert.
1500 2610 1550 2649 ad
1574 2610 1705 2649 Iuven.
1724 2609 1792 2648 IX.
1807 2612 1874 2655 54,

1007 2669 1071 2720 qui
1095 2668 1230 2720 plures
1256 2669 1365 2707 locos
1392 2671 1482 2706 vett.
1509 2671 1652 2706 enotat.
1678 2665 1874 2704 Passeres

1005 2725 1301 2782 Venerisacros
1316 2724 1440 2762 fuisse
1454 2727 1585 2762 notum
1611 2726 1691 2771 est3
1716 2722 1762 2761 cf.
1777 2721 1877 2768 Intt.,

1006 2794 1107 2832 quos
1125 2781 1241 2831 priori
1265 2781 1513 2820 adnotatione
1537 2780 1705 2826 laudavi,
1729 2778 1876 2819 Rhodi-

1007 2839 1082 2890 gin.
1107 2838 1236 2889 Antiq.
1261 2837 1389 2876 Lectt.
1414 2835 1523 2875 XIV.
1550 2836 1604 2889 6.]

1047 2895 1335 2947 pronuntiant.
1374 2892 1504 2946 [Hanc
1518 2894 1748 2943 optimorum
1760 2891 1875 2932 codd.

1007 2949 1232 2998 lectionem,
1263 2951 1373 2989 cuius
1403 2950 1637 2988 sententiam
1669 2963 1744 2988 non
1768 2947 1864 2988 intel

997 3006 1102 3050 ,lexIt
1125 3008 1248 3053 Oud.‚
1273 3006 1422 3045 retinui.
1470 3006 1752 3045 Pronuntiare
1775 3006 1878 3045 enim

1006 3064 1071 3103 hic
1105 3064 1198 3103 nihil
1235 3062 1340 3102 aliud
1375 3062 1588 3114 significat,
1631 3062 1705 3101 nisi
1745 3062 1878 3113 palam

1007 3122 1182 3161 nuntiare
1199 3124 1239 3159 et
1258 3133 1364 3159 more
1381 3133 1613 3171 praeconum
1627 3119 1879 3172 proclamare,
