2221 3667
256 130 337 172 716
521 129 568 170 1..
600 126 816 168 §.1²51AEss
847 123 1249 168 MADAURENSIS
1282 124 1822 171 METAMORPHOSEON

168 249 232 282 568
257 249 421 297 quentes
458 256 614 282 rursum
653 242 869 295 pergimus:
898 240 907 297 l
932 241 1069 294 dieque
1108 248 1188 281 tota
1233 248 1471 295 campestres
1509 244 1657 283 emensi
1692 245 1799 296 vias,
1852 246 2050 286 civitatem

133 304 230 350 [212]
265 300 496 355 [quamdam
522 298 747 353 populosam
774 305 813 339 et
837 298 1005 338 nobilem
1032 297 1106 337 iam
1142 299 1233 337 fessi
1264 298 1528 352 pervenimus.
1580 298 1679 339 Inibi
1710 301 1831 341 larem
1861 304 2050 356 sedesque

255 362 463 409 perpetuas
501 362 680 408 pastores
716 355 771 394 illi
808 362 983 395 statuere
1021 355 1258 405 decernunt,
1298 355 1397 408 quod
1430 362 1468 395 et
1499 356 1615 408 longe
1647 358 1884 409 quaesituris
1917 360 2050 399 firmae

254 412 429 452 latebrae
460 412 712 463 viderentur,
753 419 792 451 et
821 424 1003 451 annonae
1036 411 1216 465 copiosae
1248 411 1361 451 beata
1395 411 1602 452 celebritas
1634 412 1839 454 invitabat.
1900 415 2050 456 Triduo

344 548 479 569 cursum
495 543 569 570 αἱ,
585 549 605 570 a
616 549 656 570 m.
672 550 701 576 p.
738 538 876 577 deniqne
891 548 945 574 pro
959 538 1117 578 dz‘equel..
1133 544 1160 569 et
1178 541 1198 569 f.
1213 549 1252 569 ex
1267 543 1340 568 coll.
1354 542 1433 570 Oud.
1457 539 1606 578 diemque
1620 538 1649 571 ὃ.
1688 544 1778 569 tutas
1793 544 1828 571 G.
1843 544 1872 570 ⁴2.
1887 545 1922 571 D.
1936 545 1970 572 1..
1987 541 2014 572 ὃ.
2031 545 2052 573 f.

254 584 355 620 (teste
369 586 469 622 Oud.)
497 589 603 614 totam
619 588 654 615 G.
672 589 698 614 1.
715 587 749 614 0.
778 589 865 612 tutus
882 585 901 613 f.
917 594 957 614 ex
972 588 1045 614 coll.
1060 588 1173 614 Roald.
1200 589 1275 613 tnta
1289 587 1324 614 F.
1342 588 1369 614 1.
1384 589 1413 615 3.
1430 596 1458 621 p.
1473 587 1612 616 Scriver.
1627 591 1656 614 et
1671 588 1799 615 videtur
1813 589 1957 616 voluisse
1970 590 2051 619 Etm.

254 633 315 659 Sed
332 632 363 660 in
380 635 467 660 textu
483 632 553 660 eius
569 633 723 660 remansit
740 634 826 666 toto,
843 633 925 664 quod
941 635 1011 659 cett.
1027 633 1117 659 codd.
1133 635 1161 659 et
1177 633 1246 660 edd.
1261 634 1425 667 praebent.
1463 635 1684 668 campestrem
1701 634 1736 662 G.
1754 634 1781 661 1.
1797 634 1831 661 0.
1869 633 1993 661 emersi
2005 636 2053 671 P.‚

253 678 337 710 quod
354 685 407 711 pro
422 678 515 706 varia
529 678 693 711 scriptura
707 677 803 705 etiam
818 677 850 704 in
865 685 965 712 marg.
980 678 1028 705 ed.
1045 678 1136 706 Colv.
1151 678 1343 712 adnotatur,
1368 678 1623 706 Vicen1.Venet.
1640 680 1669 706 2.
1682 679 1764 707 lunt.
1782 679 1809 706 1.
1824 679 1899 707 ΑΜ.
1946 686 2054 706 emer-

252 721 355 750 simus
369 723 542 750 civitatem
558 725 593 751 G.
610 724 638 750 1.
654 724 688 751 0,
725 721 818 750 ‘e'ln'F-
832 723 857 750 1.
873 726 900 750 et
917 723 987 750 edd.
1002 730 1112 751 omnen
1128 730 1229 756 usque
1243 724 1282 751 ad
1299 723 1389 751 Colv.
1428 722 1463 750 ὑι
1476 720 1630 759 hylarem
1646 732 1700 757 pro
1715 723 1797 750 inihi
1810 722 1915 750 larem
1931 725 1965 753 G.
1977 726 2054 754 21),

250 766 306 795 ille·
318 769 405 796 deest
419 769 498 796 Edd.
512 770 594 796 Iunt.
608 769 634 796 1.
650 769 679 796 2.
694 768 768 796 Ani.
817 767 993 804 quaesitus·
1008 777 1039 801 qu.
1067 767 1233 804 quaesitis
1247 765 1275 796 ὃ.
1291 772 1321 796 et
1335 769 1401 796 cod.
1415 769 1524 797 Ursin.
1573 771 1675 795 tanta
1690 777 1744 804 pro
1759 768 1861 796 beata
1877 771 1950 798 θλ.
1965 771 2001 799 P.
2015 771 2053 799 D.

252 812 422 841 crebritas·
434 815 471 842 L.
487 822 518 847 φ.
534 810 563 842 δ.
578 813 664 842 Prie.
681 814 788 841 u'ow.
803 813 908 841 Scriv.
934 815 969 841 In
984 817 1057 842 cett.
1073 812 1266 842 celebritas.

311 924 434 976 lonye
460 925 712 976 quaese'laris.
770 922 1034 970 Stewechius,
1067 924 1125 962 cui

252 981 368 1019 dubia
380 981 583 1018 videbatur
603 993 697 1017 esse
721 980 821 1019 haec
843 979 970 1025 lectio,
998 994 1125 1018 emen-

252 1038 358 1076 davit
401 1037 555 1090 lonyae
603 1038 865 1089 quaesitionis
901 1037 963 1075 vel
1007 1037 1126 1090 Ionyi

255 1095 468 1146 quaesitus.
519 1093 622 1132 Oud.
655 1094 745 1132 item
777 1093 827 1132 ‹le
861 1094 946 1133 loco
976 1094 1124 1139 haeret,

252 1163 365 1189 suam
379 1152 612 1188 sententiam
627 1152 678 1189 ita
693 1164 915 1203 exponens:
936 1151 1124 1202 Vulgaris

255 1207 371 1245 lectio
399 1208 630 1246 contrarium
656 1221 819 1246 sensum
845 1208 984 1254 habet,
1012 1221 1128 1258 quam

252 1267 386 1302 auctor
400 1265 528 1302 innuit.
554 1263 656 1303 Nam
678 1265 859 1304 latebrae
884 1267 1129 1317 quaesituris

252 1335 327 1359 non
360 1325 529 1371 possunt
564 1321 800 1372 significare,
837 1322 910 1359 nisi
949 1321 1053 1367 loca,
1090 1322 1125 1359 in

253 1378 396 1429 quibus
424 1378 544 1416 latere
568 1383 738 1430 possunt
763 1379 805 1424 it,
833 1379 896 1429 qui
924 1383 1126 1430 quaerunt,

256 1448 342 1473 cum
367 1435 562 1486 Apuleius
590 1434 710 1474 voluit
735 1435 884 1480 (licere,
911 1449 996 1473 eam
1023 1449 1125 1474 man-

254 1492 409 1529 sionem
444 1493 569 1529 visam
608 1492 686 1530 illis
720 1505 815 1530 esse
845 1493 920 1531 sibi
953 1496 1056 1531 tutas
1090 1497 1129 1530 et

254 1548 383 1586 sirmas
400 1548 570 1587 latebras
586 1554 720 1587 contra
740 1550 858 1594 istos,
886 1550 949 1599 qui
969 1550 1043 1586 iam
1064 1549 1128 1587 din

252 1604 316 1642 vel
343 1618 366 1643 e
386 1605 595 1657 longinquo
616 1607 729 1658 ipsos
751 1606 1044 1658 quaesivissent
1066 1606 1126 1643 vel

252 1662 519 1712 investigaturi
533 1667 683 1702 essent.
721 1662 852 1709 Quare
875 1662 1029 1700 omnino
1049 1676 1127 1700 arn-

251 1718 402 1771 plector
417 1717 537 1757 Codd.
558 1719 680 1758 Ursin.
696 1723 735 1757 et
749 1719 880 1758 d'Orv.
898 1720 1127 1770 scripturam

255 1776 446 1828 quaesitis
460 1777 481 1814 i.
501 1789 533 1815 e.
550 1777 656 1828 quod
669 1776 865 1814 videretur
879 1776 978 1814 haec
992 1777 1126 1815 civitas

251 1836 373 1870 tutum
400 1845 494 1870 esse
517 1832 718 1872 latibulum
739 1833 786 1870 iis
806 1833 1043 1885 pastoribus,
1063 1833 1128 1871 ‹liu

251 1892 290 1927 et
305 1903 326 1926 e
348 1889 560 1940 longinqua
575 1891 734 1941 regione
747 1890 952 1941 inquisitis.
978 1888 1129 1928 Posset

251 1959 300 1984 ex
326 1948 411 1985 uris
437 1947 597 1996 cogitari
637 1946 686 1984 de
724 1946 993 1985 additamento
1030 1948 1127 1986 viris

249 2002 315 2041 vel
342 2004 430 2041 viris
455 2003 476 2041 i.
494 2017 526 2042 e.
553 2005 715 2043 nostris.
741 2003 809 2041 Sic
823 2003 914 2041 olim
929 2005 1126 2056 putabam.

252 2060 335 2098 Sed
360 2063 571 2112 postquam
597 2062 699 2099 bene
725 2060 914 2113 perpendi
945 2061 1123 2099 mutatio-

250 2130 338 2155 nem
363 2117 565 2155 modorum
590 2117 828 2158 viderentur
853 2121 892 2155 et
912 2118 1122 2163 invitabat,

250 2174 430 2226 apparuit
458 2174 551 2212 mihi
582 2174 708 2213 satius
735 2188 829 2212 esse
854 2174 946 2213 nihil
972 2175 1123 2219 mutari,

251 2236 289 2270 et
309 2230 385 2269 hoc
404 2244 528 2270 sensu
541 2229 734 2270 sumenda
747 2245 842 2269 esse
856 2232 994 2270 verba:
1022 2230 1125 2277 Quia

251 2291 435 2340 pastores
471 2288 698 2340 putabant,
737 2288 837 2327 haec
878 2289 963 2327 loca
995 2289 1122 2326 firmas

251 2345 422 2383 latebras
442 2346 567 2384 visum
587 2345 627 2383 iri
650 2344 741 2391 illis,
769 2346 832 2396 qui
848 2360 894 2384 se
910 2345 1124 2396 inquisituri

251 2406 388 2440 essent
405 2400 469 2439 vel
490 2403 680 2453 inquirere
704 2402 870 2447 vellent,
897 2407 935 2440 et
951 2416 1021 2439 eos
1036 2402 1125 2440 ideo

249 2459 403 2498 scilicet
417 2473 491 2497 non
506 2463 583 2496 tam
598 2459 718 2508 longe
732 2460 996 2511 vestigatores
1018 2473 1125 2504 esse,

252 2520 291 2555 et
328 2516 418 2567 quia
455 2529 635 2555 annonae
672 2518 784 2567 copia
820 2517 1043 2562 invitabat,
1084 2520 1126 2554 ut

248 2573 491 2626 participium
524 2587 598 2611 non
636 2573 809 2624 pendeat
846 2588 868 2612 a
896 2575 1039 2625 firmae
1071 2575 1124 2611 vi·

252 2631 459 2675 derentnr,
485 2630 559 2668 sed
583 2644 606 2667 a
625 2629 712 2667 solo
733 2631 852 2668 verbo
875 2631 1122 2669 viderentur.

253 2686 466 2738 [Equidem
498 2687 562 2725 vix
593 2686 788 2736 intelligo,
821 2688 884 2738 qui
910 2686 1020 2725 locus
1047 2688 1123 2724 cla-

253 2744 430 2781 rissimus
469 2747 597 2783 tantas
633 2744 816 2782 tenebras
849 2744 1124 2795 interpretibus

253 2800 454 2838 offundere
479 2801 658 2851 potuerit.
699 2799 943 2839 Constructio
971 2814 1018 2838 ea
1043 2804 1122 2838 est:

255 2857 367 2909 quod
392 2858 629 2897 riderentur
657 2860 799 2911 firmae
830 2871 910 2896 esse
940 2857 1123 2896 latebrae

252 2914 528 2963 (pastoribus),
556 2915 680 2967 lrmye
706 2915 950 2967 (semesum-is
968 2928 1022 2953 sc.
1044 2918 1122 2952 tam

249 2969 377 3007 firmas
410 2969 593 3010 latebras.
644 2970 852 3010 Tinnebant
882 2972 982 3009 enim
1016 2971 1121 3009 inve-

249 3026 507 3076 stigationem,
524 3029 654 3080 itaque
669 3028 757 3067 loca
772 3029 983 3080 quaesituri
999 3032 1119 3074 erant,

250 3083 285 3120 in
308 3082 447 3133 quibus
467 3085 534 3122 tuti
555 3098 671 3136 agere
693 3089 869 3136 possent.
895 3084 1006 3124 Haec
1024 3098 1118 3123 vero

250 3138 315 3176 diu
352 3138 493 3178 frustra
532 3143 824 3190 quaesiverant,
867 3142 928 3180 vel
968 3143 1118 3193 patriae

1184 924 1379 962 vicinitate
1394 923 1582 969 deterriti,
1606 924 1670 962 vel
1694 924 1862 963 locorum
1883 925 2055 976 ipsorum

1184 981 1402 1031 iniquitate,
1440 981 1478 1019 id
1515 981 1619 1032 quod
1657 995 1777 1032 supra
1814 987 2051 1032 exposuerat

1183 1037 1389 1088 Apuleius.
1438 1037 1594 1090 Duplici
1629 1051 1718 1075 vero
1750 1040 1899 1077 ratione
1931 1040 2056 1091 lonye

1183 1098 1315 1146 potest
1336 1094 1537 1146 explicari,
1563 1085 1604 1132 nt
1628 1095 1679 1132 sit
1699 1095 1858 1147 procul
1880 1099 1945 1133 aut
1969 1096 2054 1134 dice.

1183 1150 1297 1189 Prius
1322 1165 1397 1189 non
1431 1152 1723 1203 comprobatur,
1756 1153 1846 1202 quia
1878 1153 1913 1190 in
1946 1165 2057 1203 prae-

1190 1208 1341 1259 gressis
1367 1209 1440 1247 iam
1467 1208 1675 1246 indicatum
1700 1212 1779 1255 est3
1810 1221 1899 1247 nam
1925 1213 2058 1248 cetera

1187 1278 1343 1316 quoque
1381 1265 1484 1310 loca,
1524 1278 1624 1316 quae
1661 1270 1963 1316 peragraverant
1991 1280 2056 1318 pa-

1185 1326 1335 1368 stores,
1363 1323 1474 1360 nimis
1499 1326 1647 1360 remota
1671 1327 1779 1360 erant
1804 1336 1827 1360 a
1851 1323 1991 1373 patria,
2015 1327 2056 1360 ut

1186 1393 1271 1418 eam
1298 1380 1346 1417 ob
1373 1392 1553 1418 caussam
1580 1379 1628 1416 ab
1654 1379 1899 1429 inquisitione
1924 1381 2055 1417 timen-

1185 1436 1274 1473 dum
1289 1437 1335 1474 iis
1350 1450 1422 1474 non
1444 1440 1566 1474 esset.
1592 1434 1669 1473 Per
1689 1435 1836 1486 aliquot
1855 1437 1954 1474 enim
1969 1437 2056 1475 dies

1187 1493 1321 1531 itinera
1348 1493 1463 1541 longa
1489 1494 1561 1544 ipsi
1590 1492 1774 1532 fecerant.
1822 1493 1869 1532 cf.
1896 1507 1933 1545 p.
1960 1498 2054 1533 549.

1187 1554 1279 1590 551.
1308 1553 1400 1591 563.
1429 1553 1520 1589 568.
1559 1549 1701 1600 Neque
1732 1549 1859 1600 priora
1889 1549 1978 1589 loca
2004 1550 2053 1588 ob

1186 1607 1364 1645 viciniam
1389 1606 1642 1657 reliquerant,
1667 1606 1739 1645 sed
1765 1608 1814 1644 ob
1841 1620 1971 1645 eorum
2002 1607 2056 1645 di-

1186 1663 1355 1709 ritatem,
1382 1677 1498 1714 quum
1526 1664 1561 1701 in
1587 1677 1663 1701 uno
1689 1663 1805 1702 rlraco
1831 1667 1944 1702 esset
1968 1676 2055 1701 sae-

1186 1721 1389 1767 vissimus,
1422 1721 1539 1770 inque
1570 1719 1691 1758 altero
1718 1720 1897 1758 dominus
1923 1720 2057 1758 crude-

1188 1777 1374 1815 lissimus.
1437 1775 1552 1823 Quod
1589 1778 1702 1827 igitur
1745 1777 1887 1816 diutius
1930 1777 2056 1816 locum

1187 1833 1382 1872 domicilio
1422 1837 1554 1885 aptum
1592 1832 1734 1873 frustra
1768 1834 2056 1884 quaesiverant,

1187 1892 1308 1941 probo
1341 1890 1513 1929 adverbii
1551 1890 1850 1942 explicationem
1882 1890 2056 1930 alteram.

1190 1947 1335 2000 L0125Je
1362 1961 1428 1998 pro
1457 1948 1530 1986 diu
1555 1950 1711 1985 veteres
1732 1947 1882 1986 dixisse
1902 1952 2056 2000 praeter

1187 2004 1287 2042 alios
1325 2008 1490 2042 testatur
1524 2003 1650 2044 Ptaut.
1681 2004 1784 2043 Rud.
1817 2004 1886 2042 lV.
1924 2010 1955 2045 1.
1988 2009 2055 2045 24.

1186 2061 1288 2113 qnid
1307 2064 1374 2101 tu?
1401 2061 1680 2114 quamdudum
1701 2062 1742 2099 in
1759 2066 1926 2113 portum
1949 2063 2056 2101 vem's

1184 2118 1289 2157 huc?
1336 2119 1583 2170 lonqissime.
1632 2118 1680 2157 cf.
1718 2117 1845 2157 Hand.
1884 2118 2053 2158 Tursell.

1184 2173 1229 2213 T.
1256 2174 1318 2213 lll.
1345 2189 1381 2226 p.
1410 2179 1489 2217 546
1516 2175 1622 2227 sqq]

1241 2233 1466 2271 ‹felem-isus.
1519 2230 1622 2271 Oud.
1661 2236 1792 2271 contra
1829 2232 1966 2271 Heins.
2004 2233 2054 2271 ad

1182 2287 1297 2328 Ovid.
1331 2289 1428 2327 Met.
1455 2287 1522 2326 IV.
1550 2292 1614 2328 46.
1646 2289 1815 2340 praefert
1839 2289 2053 2335 crebritas,

1186 2347 1274 2396 quia
1289 2346 1503 2384 celebritas
1517 2347 1642 2396 magis
1658 2347 1864 2384 convenire
1881 2345 2056 2385 videatur

1185 2402 1407 2441 hominibus
1422 2403 1558 2453 iisque,
1576 2416 1675 2453 quae
1690 2404 1738 2441 ad
1754 2403 1865 2454 ipsos
1877 2403 2054 2441 homines

1185 2460 1394 2509 pertinent,
1421 2459 1619 2498 crebritas
1645 2464 1683 2497 et
1708 2459 1928 2499 hominibus
1944 2464 1982 2498 et
1996 2474 2054 2498 re-

1184 2516 1277 2560 bus.
1303 2520 1420 2567 atque
1435 2521 1475 2554 ut
1489 2516 1551 2554 hic
1566 2529 1753 2554 annonae.
1788 2516 1847 2555 Ex
1861 2517 2056 2555 sententia

1185 2574 1297 2623 igitur
1321 2577 1432 2625 putat
1456 2572 1678 2621 eligendum
1705 2587 1819 2620 esse,
1851 2578 1975 2612 utrum
2002 2575 2054 2612 vi-

1182 2629 1319 2668 deatur
1332 2629 1496 2681 singulis
1513 2629 1609 2667 locis
1627 2630 1768 2681 aptius,
1795 2644 1911 2681 quum
1927 2631 2052 2669 ubivis

1182 2686 1257 2725 hae
1295 2700 1414 2725 voces
1453 2690 1732 2725 commutentur
1769 2686 1857 2725 coll.
1894 2687 1991 2726 Met.
2024 2686 2051 2726 l.

1181 2758 1216 2796 p.
1243 2747 1309 2784 61.
1335 2742 1637 2782 Ovi‹l.1v1et.w.
1658 2747 1748 2784 165.
1776 2743 1905 2795 [hicet
1918 2746 1952 2783 in
1973 2745 2052 2782 uni-

1180 2814 1335 2839 versum
1357 2814 1441 2839 cum
1459 2799 1560 2838 Oud.
1587 2801 1622 2838 in
1648 2801 1848 2851 utriusque
1872 2801 2050 2839 vocabuli

1182 2857 1402 2896 discrimine
1424 2857 1681 2903 consentiam,
1708 2861 1836 2894 tamen
1852 2871 1926 2895 non
1948 2857 2052 2896 idem

1181 2914 1432 2953 observatum
1447 2927 1540 2952 esse
1556 2913 1668 2951 video
1683 2914 1716 2951 in
1734 2914 1935 2952 adiectivis
1952 2914 2051 2952 cius-

1181 2972 1270 3010 dem
1295 2971 1437 3010 radIcis
1459 2975 1499 3009 et
1512 2970 1719 3009 adverbiis.
1747 2969 1803 3009 lta
1817 2971 1922 3021 apud
1936 2969 2050 3009 Ovid.

1179 3028 1313 3070 Amor.
1349 3026 1413 3066 111.
1439 3032 1475 3068 5.
1503 3031 1539 3067 3.
1572 3027 1730 3078 legitur:
1769 3027 2051 3066 celeberrimus

1178 3086 1274 3124 ilice
1288 3085 1416 3129 lucus,
1437 3097 1486 3122 ex
1499 3082 1611 3122 Pont.
1626 3083 1653 3122 l.
1670 3087 1705 3124 9.
1723 3087 1804 3129 25„
1821 3084 1922 3134 apud
1940 3084 2050 3123 Suet.

1179 3141 1309 3180 Tiber.
1343 3145 1407 3181 52.
1437 3154 1516 3192 per
1546 3145 1701 3180 noctem
1734 3140 2050 3179 celeberrime
