2155 3590
648 124 836 164 LfBER
874 124 947 164 Xl.

75 237 264 276 intextas
298 235 548 290 progerebat.

68 396 274 434 procernbat
296 398 332 426 0.
366 397 569 436 proferebat
591 401 629 428 B.

1006 123 1079 163 CA
1090 123 1136 164 P.
1165 122 1286 163 XVI.
1758 115 1866 159 1043

609 235 716 277 Ecce
749 236 905 278 litterae
942 243 1074 278 votum
1110 233 1386 276 instaurabant
1420 232 1468 272 de
1504 230 1596 272 novi
1629 234 1868 270 commeatus

676 407 736 427 eae
760 397 900 427 litterae
926 407 982 433 pro
1007 406 1081 426 cece
1106 396 1246 425 litterae
1271 406 1304 430 φ.
1331 400 1362 424 ει
1392 403 1504 424 omnes
1529 393 1600 423 edd.
1625 396 1698 429 post
1720 393 1868 421 Wower.

72 441 304 470 instaurabat.
349 440 402 469 De
415 443 709 472 novae’commeaeus
722 444 940 482 navigatione
952 444 1021 471 iam
1036 441 1145 470 malus
1157 441 1316 479 insurgit.
1342 442 1392 469 Ita
1406 441 1611 476 distinguunt
1624 440 1661 467 G.
1675 441 1706 467 et
1717 439 1757 467 D.

73 588 147 612 non
177 587 300 625 posse
332 588 467 614 omnes
497 575 583 615 Intt.
613 576 807 622 viderunt,
846 589 940 628 quo-

71 644 152 668 rum
175 643 267 681 pars
291 636 493 682 praeterea
518 633 634 672 alnos
663 633 838 683 praebet.
884 633 940 670 At

71 686 181 725 codd.
209 686 449 738 corruptelae
475 690 617 735 undas,
644 703 754 735 arca,
780 689 939 728 utnbras

69 742 162 780 mihi
187 743 342 794 quidem
373 745 542 782 iudicare
572 745 738 790 videtur,
777 745 938 784 cumbas

70 812 102 838 s,
146 799 306 852 cymbas
352 813 444 838 esse
493 801 711 851 legendum.
787 800 936 853 Cymba

72 855 176 905 quod
211 856 247 894 in
283 857 505 895 universum
548 856 598 894 de
633 870 752 907 parvo
790 859 934 894 tautum

69 911 220 962 navigio
258 911 409 958 dicitur,
447 914 673 963 praesertim
711 913 762 950 de
794 911 934 949 lembis

67 967 288 1018 piscatoriis
324 973 363 1007 et
398 969 448 1007 de
485 968 687 1008 Charontis
728 969 835 1013 alno,
872 967 934 1005 hic

69 1025 213 1075 optime
237 1024 362 1062 locum
386 1025 523 1070 habet,
549 1029 589 1063 ut
611 1025 794 1076 superbia
817 1023 935 1061 unda-

66 1093 148 1118 rum
191 1080 371 1120 efferatur
418 1082 626 1132 ingentium
670 1094 738 1132 pro
784 1080 934 1118 navium

68 1137 286 1189 parvitate]

124 1192 279 1233 litteras
328 1195 409 1233 voti
455 1195 632 1233 intextas
670 1193 934 1246 proyerebat.

65 1247 122 1286 Ita
152 1262 202 1287 ex
231 1250 450 1288 coniectura
484 1249 689 1287 emendare
719 1249 848 1287 studui
880 1248 933 1285 lo-

66 1318 152 1343 cum
184 1306 531 1356 corruptissinmm,
568 1305 619 1343 de
647 1305 755 1344 cuius
786 1306 934 1342 ratione

66 1360 161 1398 infra
187 1361 403 1400 accuratius
427 1373 631 1411 exponam.
669 1360 794 1398 Ceteri
823 1361 934 1397 inter-

63 1420 196 1467 pretes
236 1417 353 1455 variis
394 1417 521 1455 modis
564 1416 654 1454 huic
690 1416 934 1466 corruptelae

63 1472 209 1511 mederi
235 1473 489 1517 conabantur,
516 1485 677 1523 quorum
702 1473 933 1523 potissimos

63 1528 201 1567 afferre
215 1528 341 1568 liceat.
368 1529 562 1568 Stewech.
577 1543 645 1580 pro
656 1530 788 1567 littere
803 1541 930 1566 emen·

65 1585 169 1624 davit
205 1586 332 1631 lutea,
370 1598 601 1636 quamquam
627 1585 753 1635 magis
779 1584 929 1622 inclinat

63 1642 111 1680 ad
133 1655 265 1680 eorum
283 1643 528 1687 sententiam,
556 1642 618 1692 qui
640 1645 842 1692 utrumque
867 1641 930 1678 ab·

63 1711 158 1736 esse
189 1697 346 1736 malunt.
402 1698 616 1748 Sequentia
639 1697 691 1735 ita
716 1697 929 1735 constituit:

62 1759 197 1793 votum
238 1755 446 1806 iuyestans
485 1753 752 1806 procedebat.
820 1752 931 1792 Ecce

64 1811 201 1849 littore
244 1815 375 1850 votum
417 1809 702 1849 instaurabant
743 1810 795 1848 cle
837 1809 930 1847 novi

62 1871 301 1906 commeatus
313 1880 519 1918 prospera
534 1867 810 1918 rzaviyati071e‚
825 1864 928 1915 quod

61 1922 113 1960 ad
138 1923 447 1961 circumstantem
479 1921 612 1973 populi
645 1935 826 1960 coronam
858 1925 928 1958 tra-

61 1978 134 2023 hit,
160 1980 224 2029 qui
247 1979 378 2017 soluta
403 1979 476 2017 iam
504 1979 587 2016 navi
615 1982 776 2016 secutus
801 1990 928 2015 sacer-

62 2035 166 2073 dotis
211 2035 356 2080 verba,
411 2034 540 2073 fausta
585 2038 675 2073 vota
722 2033 916 2085 precantis

63 2091 191 2130 omnia
227 2105 417 2143 prospera
452 2094 491 2129 et
533 2090 662 2130 felicia
697 2090 932 2142 adprecatus

62 2149 124 2186 sit.
184 2148 325 2187 Solere
361 2148 461 2186 euim
504 2148 539 2186 in
576 2148 695 2185 rebus
732 2146 872 2184 divinis
909 2159 934 2183 a

61 2217 254 2256 praecone
289 2204 435 2256 populo
467 2204 579 2242 indici
613 2205 749 2253 favete
778 2203 932 2255 linyuis

61 2258 126 2298 vel
149 2260 223 2300 hac
247 2260 414 2299 formula
445 2274 514 2299 ore
541 2261 688 2310 favete.
739 2258 825 2310 [De
857 2272 934 2308 qua

63 2315 110 2356 cf.
137 2316 221 2356 Intt.
247 2317 298 2356 ad
324 2317 456 2355 Horat.
482 2316 558 2354 Od.
586 2314 646 2353 111.
683 2320 744 2356 14.
776 2319 838 2354 11.
868 2313 932 2351 lll.

65 2378 101 2414 1.
127 2377 167 2414 2.
201 2373 309 2424 Virg.
338 2375 435 2411 Aen.
461 2372 510 2410 Y.
539 2376 602 2412 71.
635 2375 674 2409 et
704 2371 753 2410 ad
781 2370 858 2409 Cic.
886 2370 937 2408 de

61 2428 225 2468 DivinJ.
236 2432 340 2480 4:23.
353 2434 441 2470 102.
469 2428 580 2466 Hanc
594 2441 685 2466 vero
700 2426 936 2465 emendatio-

62 2498 152 2524 nem
166 2486 354 2537 improbo,
375 2485 480 2536 quod
494 2483 702 2522 verisimile
717 2498 790 2522 non
807 2487 880 2528 est,
895 2486 937 2520 ut

62 2543 161 2581 iuter
195 2543 304 2580 navis
335 2541 487 2581 Isiacae
523 2541 824 2592 descriptionem
860 2539 936 2577 hae

61 2598 198 2650 populi
239 2598 521 2637 circumstantis
563 2597 794 2636 cerimoniae
831 2609 934 2634 com-

63 2659 333 2700 memorentur,
358 2658 542 2704 totusque
567 2654 843 2692 sententiarum
869 2665 934 2690 ne-

62 2724 138 2749 xus
153 2710 449 2762 explicationem
464 2710 668 2748 verborum
689 2708 804 2748 modo
822 2721 935 2760 prae·

65 2767 282 2806 cedentium
308 2767 387 2806 dari
413 2766 660 2817 apertissime
685 2764 831 2816 ‹locet.]
856 2763 933 2802 Be-

63 2822 186 2862 roald.
216 2824 381 2862 correxit
418 2823 561 2867 lintea,
593 2820 697 2872 quod
729 2820 930 2872 epitheton

64 2893 225 2932 prorsus
260 2880 428 2918 otiosum
460 2878 608 2916 videtur
645 2891 740 2915 esse
777 2880 934 2928 propter

64 2936 302 2974 antecedens
325 2937 473 2979 nitens,
507 2934 682 2973 Colvius:
710 2933 846 2972 littore
869 2946 934 2972 vo-

67 2997 167 3032 tnm.
191 2997 309 3044 qesta
330 2991 605 3044 proyerebat,
632 2990 655 3028 i.
681 3002 716 3028 e.
740 2990 830 3040 ipsa
855 3001 935 3026 car-

63 3048 186 3086 basus
223 3061 248 3086 a
289 3047 562 3087 sacerdotibus
605 3049 720 3097 gesta
773 3045 936 3096 gerebat

64 3108 206 3151 votum,
249 3118 326 3159 qua
366 3103 627 3158 explicatione
666 3101 760 3142 nihil
803 3104 936 3154 potest

999 575 1073 614 dici
1098 572 1312 613 absurdius.
1358 572 1457 619 Quis
1484 573 1584 609 enim
1610 583 1778 622 unquam
1800 582 1870 620 pu·

999 632 1153 677 taverit,
1194 642 1333 668 navem
1364 629 1482 667 maris
1512 627 1690 666 fluctibus
1715 638 1869 665 accom-

998 687 1195 725 modatam
1226 690 1266 724 et
1298 684 1533 735 navigationi
1565 686 1737 734 paratam
1761 695 1786 719 a
1808 694 1870 719 sa-

999 743 1223 782 cerdotibus
1248 740 1419 792 gestari?
1459 738 1613 786 Quodsi
1638 739 1736 777 inter
1758 750 1869 789 pom-

995 813 1086 850 pam
1117 798 1259 836 factum
1291 800 1421 843 esset,
1460 799 1565 834 certo
1593 795 1734 833 certius
1758 793 1870 845 Apu-

997 855 1097 893 leius
1129 855 1491 892 commemorasset.
1540 850 1598 889 lta
1631 864 1726 888 vero
1764 851 1869 900 quis-

997 925 1073 962 que
1099 910 1275 961 iutelligit
1300 923 1437 948 navem
1464 922 1511 946 eo
1539 908 1626 959 ipso
1653 907 1738 945 loco
1764 907 1870 957 prius

996 981 1092 1006 esse
1129 967 1395 1009 constitutam,
1445 978 1522 1015 quo
1565 963 1688 1015 pridie
1722 961 1870 1000 Lucius

998 1028 1077 1062 tum
1126 1025 1259 1062 asinus
1306 1021 1583 1061 stabulaverat.
1658 1018 1872 1058 Praeterea

998 1081 1166 1131 quisque
1191 1079 1367 1117 offendet
1384 1079 1420 1116 in
1441 1077 1611 1115 dictione
1635 1080 1752 1127 qesta
1771 1088 1870 1126 pro·

995 1137 1178 1188 yerebat.
1254 1134 1377 1173 Porro
1406 1133 1568 1172 Colvius
1595 1136 1728 1171 votum
1753 1144 1869 1169 voca-

998 1192 1076 1230 buli
1113 1192 1382 1242 repetitionem
1421 1203 1538 1240 aegre
1570 1188 1719 1232 serens,
1755 1200 1870 1238 repo-

998 1248 1167 1286 nendum
1186 1247 1292 1286 aliud
1312 1247 1404 1298 quid
1425 1259 1519 1283 esse
1537 1245 1682 1288 statuit,
1708 1246 1747 1281 at
1766 1246 1871 1281 certe

997 1305 1122 1354 priore
1148 1303 1233 1342 loco
1260 1308 1408 1345 cotum.
1445 1305 1486 1340 ut
1520 1299 1787 1339 necessarium
1811 1312 1870 1337 re-

996 1361 1159 1398 tineatur
1184 1359 1340 1403 suadet,
1365 1372 1413 1396 eo
1441 1371 1581 1395 sensu:
1618 1355 1778 1394 Litteris
1802 1368 1871 1392 vo-

998 1420 1076 1454 tum
1109 1416 1143 1453 in
1177 1416 1340 1453 carbaso
1374 1418 1547 1452 notatum
1574 1412 1698 1450 fuerat
1724 1411 1870 1449 felicio-

996 1473 1048 1509 ris
1079 1472 1191 1509 istius
1222 1471 1311 1508 anmi
1338 1471 1427 1515 itus,
1453 1469 1614 1513 reditus,
1640 1479 1870 1518 comparans

997 1527 1174 1579 l’ropert.
1189 1526 1254 1564 lv.
1271 1530 1308 1567 6.
1325 1531 1391 1566 41.
1418 1525 1540 1564 Solve
1557 1528 1662 1563 metu
1676 1524 1872 1574 patriam,

1000 1598 1104 1637 quae
1119 1597 1225 1622 nunc
1242 1588 1279 1621 te
1293 1583 1433 1621 iudice
1443 1582 1556 1631 freta
1567 1579 1764 1630 Imposuit
1771 1592 1872 1630 pro·

997 1654 1068 1679 rae
1091 1639 1262 1692 publica
1288 1643 1380 1677 cota
1407 1642 1514 1676 tuae.
1563 1636 1734 1674 VVower.
1759 1634 1871 1672 resti-

996 1696 1082 1735 tuit:
1120 1695 1312 1735 carbasus
1337 1694 1484 1732 litteris
1508 1697 1640 1732 votum
1663 1693 1872 1743 ‘ingestam

986 1751 1257 1805 Vproyerebat.
1308 1750 1395 1789 Eae
1437 1749 1598 1787 litterae
1640 1752 1774 1786 votum
1813 1748 1871 1785 in-

994 1808 1255 1852 staurabant3
1303 1805 1509 1844 Pricaeus:
1554 1803 1698 1842 litteris
1738 1807 1871 1842 votum

997 1863 1229 1916 inqentibus
1263 1861 1530 1914 prayer-ebat.
1581 1859 1669 1898 Eae
1700 1859 1870 1904 litterae,

992 1919 1218 1971 explicans:
1257 1922 1386 1956 votum
1420 1930 1489 1968 pro
1516 1917 1603 1954 novi
1629 1918 1870 1954 commeatus

993 1989 1189 2028 prospera
1220 1974 1468 2026 navigatione
1496 1973 1648 2023 magnis
1678 1971 1872 2010 characte-

996 2033 1103 2071 ribus
1141 2032 1176 2070 in
1215 2031 1304 2069 velo
1343 2028 1457 2068 navis
1500 2028 1625 2066 fuisse
1668 2027 1871 2078 scriptum;

1000 2089 1233 2128 Scriverius:
1262 2088 1487 2126 litteratum
1511 2089 1645 2125 votum
1663 2085 1872 2136 inyestans

995 2145 1262 2197 praelerebat.
1292 2143 1466 2182 Exinde
1493 2141 1652 2180 litterae
1676 2140 1698 2178 i.
1714 2153 1747 2177 e.
1767 2141 1873 2190 ἱερεῖ,-

999 2200 1063 2239 vel
1089 2201 1240 2240 exinde
1266 2200 1428 2243 teletae,
1467 2198 1502 2236 in
1535 2210 1651 2248 quam
1680 2195 1873 2235 coniectu·

1000 2271 1079 2296 ram
1115 2257 1217 2295 idem
1254 2256 1380 2302 cadit,
1426 2253 1533 2305 quod
1574 2253 1625 2291 de
1663 2251 1874 2291 Stewechii

999 2313 1271 2352 emendatione
1291 2311 1480 2350 monitum
1502 2313 1575 2348 est.
1614 2308 1716 2348 Oud.
1731 2307 1781 2346 de
1799 2305 1874 2345 loci

1002 2370 1151 2408 ratione
1176 2369 1227 2407 ita
1253 2368 1430 2407 disserit:
1467 2366 1531 2405 De
1564 2365 1702 2405 litteris
1731 2363 1796 2402 hic
1818 2362 1873 2401 fa-

1002 2430 1101 2464 ctam
1137 2439 1232 2463 esse
1273 2425 1513 2463 mentionem
1555 2422 1655 2461 satis
1696 2422 1875 2459 evincunt

1000 2483 1219 2533 sequentia,
1238 2481 1312 2520 sed
1333 2484 1373 2519 et
1391 2479 1511 2519 simul
1532 2480 1709 2530 probant,
1731 2476 1876 2515 litteris

999 2544 1135 2579 votum
1158 2540 1368 2591 inyestans
1395 2537 1460 2575 vel
1488 2536 1634 2575 litteris
1659 2538 1791 2573 votum
1817 2532 1875 2569 in-

996 2596 1186 2648 gentibus
1211 2593 1473 2647 prayer-ebat
1504 2605 1580 2631 non
1610 2603 1704 2628 esse
1731 2585 1876 2638 Apule-

998 2652 1102 2698 iana3
1129 2652 1275 2702 quippe
1301 2651 1360 2689 sic
1386 2650 1450 2689 bis
1476 2661 1593 2687 unum
1617 2646 1798 2696 idemque
1823 2642 1877 2681 di-

996 2708 1125 2746 xisset
1148 2711 1292 2746 auctor.
1341 2705 1451 2746 Nam
1478 2705 1638 2744 litterae
1663 2706 1796 2741 votum
1820 2700 1878 2736 in-

996 2763 1238 2804 staurabant
1263 2760 1357 2813 quid
1383 2760 1519 2806 aliud,
1555 2772 1724 2811 quaeso,
1761 2766 1876 2806 quam

998 2820 1144 2860 litteris
1185 2822 1318 2859 votum
1354 2816 1623 2871 proqerebat
1663 2811 1878 2852 carbasus?

997 2874 1211 2915 Praeterea
1244 2874 1338 2912 mihi
1373 2872 1570 2926 explicari
1606 2870 1745 2915 velim,
1789 2865 1879 2916 quid

996 2932 1051 2970 sit
1085 2932 1278 2971 carbasus
1312 2931 1532 2983 inyesi'ans
1569 2927 1713 2966 litteris
1750 2928 1879 2962 votum

993 2989 1202 3040 proyerit,
1226 2987 1313 3025 sive
1329 2999 1433 3038 quae
1458 2986 1534 3023 ista
1546 2981 1745 3022 latinitatis
1759 2977 1879 3017 ratio?

998 3042 1167 3094 Opinor,
1203 3043 1305 3081 bene
1340 3041 1634 3081 subodoratum
1672 3049 1763 3074 esse
1793 3033 1882 3073 Col-

996 3100 1119 3149 vium,
1150 3112 1288 3140 vocem
1314 3104 1459 3148 votum
1484 3109 1604 3151 prave
1629 3107 1720 3132 esse
1744 3091 1882 3145 repeti-

1513 3152 1567 3194 (35
1584 3152 1602 3173 *
