<?xml version="1.0" encoding="UTF-8"?>
<!DOCTYPE html PUBLIC "-//W3C//DTD XHTML 1.0 Transitional//EN"
    "http://www.w3.org/TR/xhtml1/DTD/xhtml1-transitional.dtd">
<html xmlns="http://www.w3.org/1999/xhtml" xml:lang="en" lang="en">
 <head>
  <title>
</title>
<meta http-equiv="Content-Type" content="text/html;charset=utf-8" />
  <meta name='ocr-system' content='tesseract 3.04.00' />
  <meta name='ocr-capabilities' content='ocr_page ocr_carea ocr_par ocr_line ocrx_word'/>
</head>
<body>
  <div class='ocr_page' id='page_1' title='image "./operaomnia01apuluoft/operaomnia01apuluoft_0415.png"; bbox 0 0 2155 3590; ppageno 0'>
   <div class='ocr_carea' id='block_1_1' title="bbox 642 147 1268 190">
    <p class='ocr_par' dir='ltr' id='par_1_1' title="bbox 642 147 1268 190">
     <span class='ocr_line' id='line_1_1' title="bbox 642 147 1268 190; baseline -0.002 -3"><span class='ocrx_word' id='word_1_1' title='bbox 642 148 829 189; x_wconf 88' lang='lat' dir='ltr'><strong>LIBER</strong></span> <span class='ocrx_word' id='word_1_2' title='bbox 858 149 931 190; x_wconf 82' lang='lat' dir='ltr'>IV.</span> <span class='ocrx_word' id='word_1_3' title='bbox 992 148 1119 189; x_wconf 79' lang='lat' dir='ltr'>CAP.</span> <span class='ocrx_word' id='word_1_4' title='bbox 1148 147 1268 187; x_wconf 85' lang='lat' dir='ltr'>XXI.</span> 
     </span>
    </p>
   </div>
   <div class='ocr_carea' id='block_1_2' title="bbox 77 148 1870 599">
    <p class='ocr_par' dir='ltr' id='par_1_2' title="bbox 77 148 1870 599">
     <span class='ocr_line' id='line_1_2' title="bbox 1787 148 1868 190; baseline 0 0"><span class='ocrx_word' id='word_1_5' title='bbox 1787 148 1868 190; x_wconf 70' lang='lat'>265</span> 
     </span>
     <span class='ocr_line' id='line_1_3' title="bbox 78 260 1869 316; baseline -0.001 -12"><span class='ocrx_word' id='word_1_6' title='bbox 78 263 164 304; x_wconf 78' lang='lat' dir='ltr'>ivit.</span> <span class='ocrx_word' id='word_1_7' title='bbox 204 261 421 304; x_wconf 80' lang='lat' dir='ltr'><strong>Confestim</strong></span> <span class='ocrx_word' id='word_1_8' title='bbox 447 262 577 316; x_wconf 88' lang='lat' dir='ltr'>itaque</span> <span class='ocrx_word' id='word_1_9' title='bbox 603 262 829 302; x_wconf 80' lang='lat' dir='ltr'><strong>constrictis</strong></span> <span class='ocrx_word' id='word_1_10' title='bbox 855 262 1022 302; x_wconf 85' lang='lat' dir='ltr'>sarcinis</span> <span class='ocrx_word' id='word_1_11' title='bbox 1048 261 1146 312; x_wconf 89' lang='lat' dir='ltr'>illis,</span> <span class='ocrx_word' id='word_1_12' title='bbox 1179 274 1275 314; x_wconf 86' lang='lat' dir='ltr'>quas</span> <span class='ocrx_word' id='word_1_13' title='bbox 1308 260 1420 300; x_wconf 88' lang='lat' dir='ltr'>nobis</span> <span class='ocrx_word' id='word_1_14' title='bbox 1451 268 1710 301; x_wconf 75' lang='lat' dir='ltr'>servaverant</span> <span class='ocrx_word' id='word_1_15' title='bbox 1736 262 1869 306; x_wconf 76' lang='lat' dir='ltr'>fideles</span> 
     </span>
     <span class='ocr_line' id='line_1_4' title="bbox 79 317 1868 372; baseline -0.001 -12"><span class='ocrx_word' id='word_1_16' title='bbox 79 319 244 369; x_wconf 81' lang='lat' dir='ltr'>mortui,</span> <span class='ocrx_word' id='word_1_17' title='bbox 269 317 455 359; x_wconf 80' lang='lat' dir='ltr'>Plataeae</span> <span class='ocrx_word' id='word_1_18' title='bbox 480 318 669 359; x_wconf 87' lang='lat' dir='ltr'>terminos</span> <span class='ocrx_word' id='word_1_19' title='bbox 695 319 847 358; x_wconf 86' lang='lat' dir='ltr'>concito</span> <span class='ocrx_word' id='word_1_20' title='bbox 875 319 998 372; x_wconf 85' lang='lat' dir='ltr'>gradu</span> <span class='ocrx_word' id='word_1_21' title='bbox 1024 319 1249 358; x_wconf 83' lang='lat' dir='ltr'>deserentes</span> <span class='ocrx_word' id='word_1_22' title='bbox 1274 317 1376 357; x_wconf 87' lang='lat' dir='ltr'>istud</span> <span class='ocrx_word' id='word_1_23' title='bbox 1402 317 1501 370; x_wconf 87' lang='lat' dir='ltr'>apud</span> <span class='ocrx_word' id='word_1_24' title='bbox 1528 325 1685 358; x_wconf 85' lang='lat' dir='ltr'>nostros</span> <span class='ocrx_word' id='word_1_25' title='bbox 1717 318 1868 358; x_wconf 85' lang='lat' dir='ltr'>animos</span> 
     </span>
     <span class='ocr_line' id='line_1_5' title="bbox 78 373 1870 429; baseline -0.001 -14"><span class='ocrx_word' id='word_1_26' title='bbox 78 375 298 416; x_wconf 81' lang='lat' dir='ltr'>idemtidem</span> <span class='ocrx_word' id='word_1_27' title='bbox 328 374 624 429; x_wconf 75' lang='lat' dir='ltr'>reputabamus,</span> <span class='ocrx_word' id='word_1_28' title='bbox 659 375 798 415; x_wconf 85' lang='lat' dir='ltr'>merito</span> <span class='ocrx_word' id='word_1_29' title='bbox 832 375 976 415; x_wconf 88' lang='lat' dir='ltr'>nullam</span> <span class='ocrx_word' id='word_1_30' title='bbox 1006 375 1118 415; x_wconf 90' lang='lat' dir='ltr'>fidem</span> <span class='ocrx_word' id='word_1_31' title='bbox 1147 374 1189 414; x_wconf 91' lang='lat' dir='ltr'>in</span> <span class='ocrx_word' id='word_1_32' title='bbox 1212 373 1294 413; x_wconf 77' lang='lat' dir='ltr'>vita</span> <span class='ocrx_word' id='word_1_33' title='bbox 1318 380 1455 413; x_wconf 84' lang='lat' dir='ltr'>nostra</span> <span class='ocrx_word' id='word_1_34' title='bbox 1479 373 1666 427; x_wconf 78' lang='lat' dir='ltr'>reperiri,</span> <span class='ocrx_word' id='word_1_35' title='bbox 1695 375 1796 427; x_wconf 86' lang='lat' dir='ltr'>quod</span> <span class='ocrx_word' id='word_1_36' title='bbox 1821 375 1870 414; x_wconf 91' lang='lat' dir='ltr'>ad</span> 
     </span>
     <span class='ocr_line' id='line_1_6' title="bbox 77 427 1868 484; baseline -0.001 -12"><span class='ocrx_word' id='word_1_37' title='bbox 77 430 219 473; x_wconf 85' lang='lat' dir='ltr'>Manes</span> <span class='ocrx_word' id='word_1_38' title='bbox 248 432 326 471; x_wconf 87' lang='lat' dir='ltr'>iam</span> <span class='ocrx_word' id='word_1_39' title='bbox 357 439 396 472; x_wconf 84' lang='lat' dir='ltr'>et</span> <span class='ocrx_word' id='word_1_40' title='bbox 419 438 594 472; x_wconf 84' lang='lat' dir='ltr'>mortuos</span> <span class='ocrx_word' id='word_1_41' title='bbox 620 431 708 471; x_wconf 91' lang='lat' dir='ltr'>odio</span> <span class='ocrx_word' id='word_1_42' title='bbox 739 431 923 484; x_wconf 87' lang='lat' dir='ltr'>perfidiae</span> <span class='ocrx_word' id='word_1_43' title='bbox 954 438 1115 471; x_wconf 87' lang='lat' dir='ltr'>nostrae</span> <span class='ocrx_word' id='word_1_44' title='bbox 1145 430 1389 484; x_wconf 83' lang='lat' dir='ltr'>demigrarit.</span> <span class='ocrx_word' id='word_1_45' title='bbox 1440 427 1505 470; x_wconf 88' lang='lat' dir='ltr'>Sic</span> <span class='ocrx_word' id='word_1_46' title='bbox 1538 444 1657 470; x_wconf 91' lang='lat' dir='ltr'>onere</span> <span class='ocrx_word' id='word_1_47' title='bbox 1683 438 1868 471; x_wconf 79' lang='lat' dir='ltr'>vecturae</span> 
     </span>
     <span class='ocr_line' id='line_1_7' title="bbox 78 485 1867 544; baseline -0.001 -16"><span class='ocrx_word' id='word_1_48' title='bbox 78 489 193 529; x_wconf 91' lang='lat' dir='ltr'>simul</span> <span class='ocrx_word' id='word_1_49' title='bbox 217 495 256 528; x_wconf 87' lang='lat' dir='ltr'>et</span> <span class='ocrx_word' id='word_1_50' title='bbox 279 501 442 542; x_wconf 83' lang='lat' dir='ltr'>asperae</span> <span class='ocrx_word' id='word_1_51' title='bbox 466 487 554 528; x_wconf 78' lang='lat' dir='ltr'>viae</span> <span class='ocrx_word' id='word_1_52' title='bbox 580 487 651 528; x_wconf 81' lang='lat' dir='ltr'>toti</span> <span class='ocrx_word' id='word_1_53' title='bbox 677 487 852 541; x_wconf 74' lang='lat' dir='ltr'>fatigati,</span> <span class='ocrx_word' id='word_1_54' title='bbox 878 486 884 544; x_wconf 80' lang='grc' dir='ltr'>Ι</span> <span class='ocrx_word' id='word_1_55' title='bbox 906 487 1030 528; x_wconf 82' lang='lat' dir='ltr'>tribus</span> <span class='ocrx_word' id='word_1_56' title='bbox 1056 487 1238 528; x_wconf 86' lang='lat' dir='ltr'>comitum</span> <span class='ocrx_word' id='word_1_57' title='bbox 1266 486 1465 541; x_wconf 69' lang='lat' dir='ltr'>defecti-5,</span> <span class='ocrx_word' id='word_1_58' title='bbox 1493 485 1590 526; x_wconf 81' lang='lat' dir='ltr'>istas</span> <span class='ocrx_word' id='word_1_59' title='bbox 1611 501 1706 539; x_wconf 89' lang='lat' dir='ltr'>quas</span> <span class='ocrx_word' id='word_1_60' title='bbox 1726 487 1867 527; x_wconf 72' lang='lat' dir='ltr'>videtis</span> 
     </span>
     <span class='ocr_line' id='line_1_8' title="bbox 77 544 511 599; baseline -0.002 -14"><span class='ocrx_word' id='word_1_61' title='bbox 77 545 240 599; x_wconf 81' lang='lat' dir='ltr'>praedas</span> <span class='ocrx_word' id='word_1_62' title='bbox 265 544 511 585; x_wconf 79' lang='lat' dir='ltr'>adveximus.</span> 
     </span>
    </p>
   </div>
   <div class='ocr_carea' id='block_1_3' title="bbox 75 672 1874 1025">
    <p class='ocr_par' dir='ltr' id='par_1_3' title="bbox 75 672 1874 1025">
     <span class='ocr_line' id='line_1_9' title="bbox 78 672 1869 709; baseline 0.001 -8"><span class='ocrx_word' id='word_1_63' title='bbox 78 673 296 701; x_wconf 71' lang='lat' dir='ltr'>constrinctis</span> <span class='ocrx_word' id='word_1_64' title='bbox 312 675 396 702; x_wconf 84' lang='lat' dir='ltr'>Ium.</span> <span class='ocrx_word' id='word_1_65' title='bbox 417 675 446 702; x_wconf 75' lang='lat'>⁶2.</span> <span class='ocrx_word' id='word_1_66' title='bbox 465 677 493 702; x_wconf 78' lang='lat' dir='ltr'>et</span> <span class='ocrx_word' id='word_1_67' title='bbox 507 674 582 702; x_wconf 85' lang='lat' dir='ltr'>Ald.</span> <span class='ocrx_word' id='word_1_68' title='bbox 629 672 691 709; x_wconf 64' lang='lat' dir='ltr'>illi,</span> <span class='ocrx_word' id='word_1_69' title='bbox 711 674 794 707; x_wconf 85' lang='lat' dir='ltr'>quod</span> <span class='ocrx_word' id='word_1_70' title='bbox 809 676 884 702; x_wconf 78' lang='lat' dir='ltr'>ante</span> <span class='ocrx_word' id='word_1_71' title='bbox 902 673 1030 701; x_wconf 73' lang='lat' dir='ltr'>mortui</span> <span class='ocrx_word' id='word_1_72' title='bbox 1046 673 1196 702; x_wconf 88' lang='lat' dir='ltr'>nonnulli</span> <span class='ocrx_word' id='word_1_73' title='bbox 1209 673 1296 702; x_wconf 82' lang='lat' dir='ltr'>codd.</span> <span class='ocrx_word' id='word_1_74' title='bbox 1315 675 1345 702; x_wconf 87' lang='lat' dir='ltr'>et</span> <span class='ocrx_word' id='word_1_75' title='bbox 1361 673 1431 701; x_wconf 79' lang='lat' dir='ltr'>edd.</span> <span class='ocrx_word' id='word_1_76' title='bbox 1445 674 1579 707; x_wconf 76' lang='lat' dir='ltr'>hahent,</span> <span class='ocrx_word' id='word_1_77' title='bbox 1605 674 1696 701; x_wconf 83' lang='lat' dir='ltr'>abest</span> <span class='ocrx_word' id='word_1_78' title='bbox 1709 679 1729 700; x_wconf 89' lang='lat' dir='ltr'>a</span> <span class='ocrx_word' id='word_1_79' title='bbox 1742 673 1778 701; x_wconf 83' lang='lat' dir='ltr'>F.</span> <span class='ocrx_word' id='word_1_80' title='bbox 1796 674 1823 701; x_wconf 87' lang='lat'>1.</span> <span class='ocrx_word' id='word_1_81' title='bbox 1837 674 1869 702; x_wconf 83' lang='grc'>3.</span> 
     </span>
     <span class='ocr_line' id='line_1_10' title="bbox 78 715 1869 754; baseline -0.001 -7"><span class='ocrx_word' id='word_1_82' title='bbox 78 721 113 748; x_wconf 92' lang='lat' dir='ltr'>G.</span> <span class='ocrx_word' id='word_1_83' title='bbox 128 720 158 747; x_wconf 90' lang='lat'>1.</span> <span class='ocrx_word' id='word_1_84' title='bbox 171 720 202 748; x_wconf 84' lang='lat'>2.</span> <span class='ocrx_word' id='word_1_85' title='bbox 215 720 252 747; x_wconf 91' lang='lat' dir='ltr'>P.</span> <span class='ocrx_word' id='word_1_86' title='bbox 266 720 301 747; x_wconf 92' lang='grc' dir='ltr'>Ο.</span> <span class='ocrx_word' id='word_1_87' title='bbox 315 720 353 747; x_wconf 94' lang='lat' dir='ltr'>D.</span> <span class='ocrx_word' id='word_1_88' title='bbox 366 719 387 747; x_wconf 84' lang='lat' dir='ltr'>f.</span> <span class='ocrx_word' id='word_1_89' title='bbox 400 721 482 747; x_wconf 76' lang='lat' dir='ltr'>Iunt.</span> <span class='ocrx_word' id='word_1_90' title='bbox 499 721 528 747; x_wconf 76' lang='lat'>2.</span> <span class='ocrx_word' id='word_1_91' title='bbox 567 715 704 754; x_wconf 80' lang='lat' dir='ltr'>fidelem</span> <span class='ocrx_word' id='word_1_92' title='bbox 720 719 739 747; x_wconf 84' lang='lat' dir='ltr'>f.</span> <span class='ocrx_word' id='word_1_93' title='bbox 786 718 917 746; x_wconf 75' lang='lat' dir='ltr'>concito</span> <span class='ocrx_word' id='word_1_94' title='bbox 937 720 972 747; x_wconf 84' lang='lat' dir='ltr'>F.</span> <span class='ocrx_word' id='word_1_95' title='bbox 997 721 1023 747; x_wconf 89' lang='lat'>1.</span> <span class='ocrx_word' id='word_1_96' title='bbox 1044 720 1074 747; x_wconf 86' lang='lat'>3.</span> <span class='ocrx_word' id='word_1_97' title='bbox 1095 720 1131 747; x_wconf 96' lang='lat' dir='ltr'>G.</span> <span class='ocrx_word' id='word_1_98' title='bbox 1154 721 1181 746; x_wconf 91' lang='lat' dir='ltr'>l.</span> <span class='ocrx_word' id='word_1_99' title='bbox 1201 721 1232 747; x_wconf 83' lang='lat'>2.</span> <span class='ocrx_word' id='word_1_100' title='bbox 1246 719 1285 747; x_wconf 89' lang='lat' dir='ltr'>D.</span> <span class='ocrx_word' id='word_1_101' title='bbox 1299 719 1335 746; x_wconf 90' lang='lat' dir='ltr'>P.</span> <span class='ocrx_word' id='word_1_102' title='bbox 1351 718 1372 746; x_wconf 82' lang='lat' dir='ltr'>f.</span> <span class='ocrx_word' id='word_1_103' title='bbox 1387 727 1420 752; x_wconf 74' lang='grc' dir='ltr'>φ.</span> <span class='ocrx_word' id='word_1_104' title='bbox 1446 718 1525 746; x_wconf 79' lang='lat' dir='ltr'>Ceu.</span> <span class='ocrx_word' id='word_1_105' title='bbox 1545 718 1615 746; x_wconf 81' lang='lat' dir='ltr'>edd.</span> <span class='ocrx_word' id='word_1_106' title='bbox 1635 722 1663 746; x_wconf 78' lang='lat' dir='ltr'>et</span> <span class='ocrx_word' id='word_1_107' title='bbox 1683 720 1764 746; x_wconf 77' lang='lat' dir='ltr'>Mss.</span> <span class='ocrx_word' id='word_1_108' title='bbox 1791 718 1869 746; x_wconf 72' lang='lat' dir='ltr'>cieo.</span> 
     </span>
     <span class='ocr_line' id='line_1_11' title="bbox 77 763 1868 799; baseline 0 -8"><span class='ocrx_word' id='word_1_109' title='bbox 77 766 208 791; x_wconf 79' lang='lat' dir='ltr'>vestros</span> <span class='ocrx_word' id='word_1_110' title='bbox 221 765 350 791; x_wconf 77' lang='lat' dir='ltr'>animos</span> <span class='ocrx_word' id='word_1_111' title='bbox 363 765 402 792; x_wconf 90' lang='lat' dir='ltr'>D.</span> <span class='ocrx_word' id='word_1_112' title='bbox 449 766 582 799; x_wconf 80' lang='lat' dir='ltr'>nostra,</span> <span class='ocrx_word' id='word_1_113' title='bbox 596 765 678 798; x_wconf 85' lang='lat' dir='ltr'>quod</span> <span class='ocrx_word' id='word_1_114' title='bbox 700 765 733 792; x_wconf 89' lang='lat' dir='ltr'>in</span> <span class='ocrx_word' id='word_1_115' title='bbox 751 764 917 792; x_wconf 83' lang='lat' dir='ltr'>nonnullis</span> <span class='ocrx_word' id='word_1_116' title='bbox 931 767 1011 792; x_wconf 79' lang='lat' dir='ltr'>Mss.</span> <span class='ocrx_word' id='word_1_117' title='bbox 1034 769 1063 792; x_wconf 82' lang='lat' dir='ltr'>et</span> <span class='ocrx_word' id='word_1_118' title='bbox 1078 765 1146 792; x_wconf 88' lang='lat' dir='ltr'>edd.</span> <span class='ocrx_word' id='word_1_119' title='bbox 1160 768 1236 792; x_wconf 76' lang='lat' dir='ltr'>ven.</span> <span class='ocrx_word' id='word_1_120' title='bbox 1251 764 1399 792; x_wconf 81' lang='lat' dir='ltr'>omnihus</span> <span class='ocrx_word' id='word_1_121' title='bbox 1412 765 1540 797; x_wconf 76' lang='lat' dir='ltr'>exulat.</span> <span class='ocrx_word' id='word_1_122' title='bbox 1565 763 1684 798; x_wconf 80' lang='lat' dir='ltr'>legitur</span> <span class='ocrx_word' id='word_1_123' title='bbox 1696 763 1728 791; x_wconf 92' lang='lat' dir='ltr'>in</span> <span class='ocrx_word' id='word_1_124' title='bbox 1743 764 1778 791; x_wconf 80' lang='lat' dir='ltr'>F.</span> <span class='ocrx_word' id='word_1_125' title='bbox 1796 765 1823 791; x_wconf 84' lang='lat'>1.</span> <span class='ocrx_word' id='word_1_126' title='bbox 1838 764 1868 791; x_wconf 92' lang='lat'>3.</span> 
     </span>
     <span class='ocr_line' id='line_1_12' title="bbox 77 807 1869 845; baseline -0.001 -7"><span class='ocrx_word' id='word_1_127' title='bbox 77 811 112 838; x_wconf 87' lang='lat' dir='ltr'>G.</span> <span class='ocrx_word' id='word_1_128' title='bbox 132 810 158 837; x_wconf 85' lang='lat'>1.</span> <span class='ocrx_word' id='word_1_129' title='bbox 174 811 203 838; x_wconf 75' lang='lat'>2.</span> <span class='ocrx_word' id='word_1_130' title='bbox 217 811 254 837; x_wconf 92' lang='lat' dir='ltr'>D.</span> <span class='ocrx_word' id='word_1_131' title='bbox 269 811 305 837; x_wconf 90' lang='lat' dir='ltr'>B.</span> <span class='ocrx_word' id='word_1_132' title='bbox 321 809 342 837; x_wconf 84' lang='lat' dir='ltr'>f.</span> <span class='ocrx_word' id='word_1_133' title='bbox 358 819 390 843; x_wconf 75' lang='grc' dir='ltr'>φ.</span> <span class='ocrx_word' id='word_1_134' title='bbox 403 811 487 838; x_wconf 79' lang='lat' dir='ltr'>lunt.</span> <span class='ocrx_word' id='word_1_135' title='bbox 501 811 530 838; x_wconf 71' lang='lat'>¹2.</span> <span class='ocrx_word' id='word_1_136' title='bbox 578 809 743 845; x_wconf 72' lang='lat' dir='ltr'>reppetit-i</span> <span class='ocrx_word' id='word_1_137' title='bbox 759 811 794 837; x_wconf 90' lang='lat' dir='ltr'>G.</span> <span class='ocrx_word' id='word_1_138' title='bbox 811 811 840 838; x_wconf 71' lang='lat'>2.</span> <span class='ocrx_word' id='word_1_139' title='bbox 878 809 1021 844; x_wconf 69' lang='lat' dir='ltr'>repetire·</span> <span class='ocrx_word' id='word_1_140' title='bbox 1032 811 1069 837; x_wconf 89' lang='lat' dir='ltr'>D.</span> <span class='ocrx_word' id='word_1_141' title='bbox 1117 808 1226 836; x_wconf 75' lang='lat' dir='ltr'>manis</span> <span class='ocrx_word' id='word_1_142' title='bbox 1241 817 1269 843; x_wconf 83' lang='lat' dir='ltr'>p.</span> <span class='ocrx_word' id='word_1_143' title='bbox 1284 810 1397 837; x_wconf 73' lang='lat' dir='ltr'>Venel.</span> <span class='ocrx_word' id='word_1_144' title='bbox 1412 810 1442 836; x_wconf 77' lang='lat'>2.</span> <span class='ocrx_word' id='word_1_145' title='bbox 1480 807 1644 835; x_wconf 67' lang='lat' dir='ltr'>mansium</span> <span class='ocrx_word' id='word_1_146' title='bbox 1659 809 1694 836; x_wconf 90' lang='lat' dir='ltr'>G.</span> <span class='ocrx_word' id='word_1_147' title='bbox 1708 810 1735 836; x_wconf 91' lang='grc'>1.</span> <span class='ocrx_word' id='word_1_148' title='bbox 1751 816 1769 837; x_wconf 88' lang='lat' dir='ltr'>a</span> <span class='ocrx_word' id='word_1_149' title='bbox 1784 817 1813 844; x_wconf 86' lang='lat' dir='ltr'>p.</span> <span class='ocrx_word' id='word_1_150' title='bbox 1828 817 1869 837; x_wconf 91' lang='lat' dir='ltr'>m.</span> 
     </span>
     <span class='ocr_line' id='line_1_13' title="bbox 76 849 1874 891; baseline -0.002 -8"><span class='ocrx_word' id='word_1_151' title='bbox 76 855 191 883; x_wconf 80' lang='lat' dir='ltr'>deinde</span> <span class='ocrx_word' id='word_1_152' title='bbox 205 855 238 883; x_wconf 88' lang='lat' dir='ltr'>in</span> <span class='ocrx_word' id='word_1_153' title='bbox 251 854 417 882; x_wconf 75' lang='lat' dir='ltr'>maasiam</span> <span class='ocrx_word' id='word_1_154' title='bbox 436 858 624 883; x_wconf 74' lang='lat' dir='ltr'>correctum.</span> <span class='ocrx_word' id='word_1_155' title='bbox 660 849 795 882; x_wconf 56' lang='lat' dir='ltr'>mansit?</span> <span class='ocrx_word' id='word_1_156' title='bbox 813 855 848 882; x_wconf 91' lang='lat' dir='ltr'>G.</span> <span class='ocrx_word' id='word_1_157' title='bbox 864 856 893 882; x_wconf 77' lang='lat'>¹2.</span> <span class='ocrx_word' id='word_1_158' title='bbox 909 858 938 882; x_wconf 80' lang='lat' dir='ltr'>et</span> <span class='ocrx_word' id='word_1_159' title='bbox 952 856 989 883; x_wconf 86' lang='lat' dir='ltr'>D.</span> <span class='ocrx_word' id='word_1_160' title='bbox 1004 855 1026 883; x_wconf 83' lang='lat' dir='ltr'>f.</span> <span class='ocrx_word' id='word_1_161' title='bbox 1074 857 1109 881; x_wconf 82' lang='lat' dir='ltr'>et</span> <span class='ocrx_word' id='word_1_162' title='bbox 1119 854 1186 881; x_wconf 74' lang='lat' dir='ltr'>iam</span> <span class='ocrx_word' id='word_1_163' title='bbox 1200 857 1299 881; x_wconf 76' lang='lat' dir='ltr'>mort.</span> <span class='ocrx_word' id='word_1_164' title='bbox 1312 861 1342 887; x_wconf 82' lang='lat' dir='ltr'>p.</span> <span class='ocrx_word' id='word_1_165' title='bbox 1379 852 1452 881; x_wconf 82' lang='lat' dir='ltr'>odio</span> <span class='ocrx_word' id='word_1_166' title='bbox 1467 855 1556 882; x_wconf 79' lang='lat' dir='ltr'>abest</span> <span class='ocrx_word' id='word_1_167' title='bbox 1572 860 1592 882; x_wconf 87' lang='lat' dir='ltr'>a</span> <span class='ocrx_word' id='word_1_168' title='bbox 1605 850 1634 882; x_wconf 80' lang='grc' dir='ltr'>ὁ.</span> <span class='ocrx_word' id='word_1_169' title='bbox 1669 851 1874 891; x_wconf 78' lang='lat' dir='ltr'>derm&#39;grarit</span> 
     </span>
     <span class='ocr_line' id='line_1_14' title="bbox 75 896 1872 937; baseline 0 -9"><span class='ocrx_word' id='word_1_170' title='bbox 75 900 112 928; x_wconf 73' lang='lat' dir='ltr'>F.</span> <span class='ocrx_word' id='word_1_171' title='bbox 129 901 158 928; x_wconf 88' lang='grc'>1.</span> <span class='ocrx_word' id='word_1_172' title='bbox 172 901 203 928; x_wconf 81' lang='grc'>3.</span> <span class='ocrx_word' id='word_1_173' title='bbox 217 901 266 928; x_wconf 87' lang='lat' dir='ltr'>ed.</span> <span class='ocrx_word' id='word_1_174' title='bbox 279 908 325 934; x_wconf 80' lang='lat' dir='ltr'>pr.</span> <span class='ocrx_word' id='word_1_175' title='bbox 338 901 452 928; x_wconf 79' lang='lat' dir='ltr'>Venet.</span> <span class='ocrx_word' id='word_1_176' title='bbox 466 901 495 928; x_wconf 77' lang='lat'>2.</span> <span class='ocrx_word' id='word_1_177' title='bbox 510 901 585 928; x_wconf 90' lang='lat' dir='ltr'>Par.</span> <span class='ocrx_word' id='word_1_178' title='bbox 609 898 802 936; x_wconf 75' lang='lat' dir='ltr'>dimn&#39;graril</span> <span class='ocrx_word' id='word_1_179' title='bbox 817 900 850 928; x_wconf 96' lang='grc' dir='ltr'>Ο.</span> <span class='ocrx_word' id='word_1_180' title='bbox 867 899 887 928; x_wconf 83' lang='lat' dir='ltr'>f.</span> <span class='ocrx_word' id='word_1_181' title='bbox 913 898 1095 937; x_wconf 72' lang='lat' dir='ltr'>denzigrati</span> <span class='ocrx_word' id='word_1_182' title='bbox 1105 901 1141 928; x_wconf 91' lang='lat' dir='ltr'>P.</span> <span class='ocrx_word' id='word_1_183' title='bbox 1155 900 1194 928; x_wconf 90' lang='lat' dir='ltr'>D.</span> <span class='ocrx_word' id='word_1_184' title='bbox 1208 901 1244 928; x_wconf 91' lang='lat' dir='ltr'>G.</span> <span class='ocrx_word' id='word_1_185' title='bbox 1259 901 1289 928; x_wconf 78' lang='lat'>2.</span> <span class='ocrx_word' id='word_1_186' title='bbox 1315 896 1516 936; x_wconf 68' lang='lat' dir='ltr'>demigravit</span> <span class='ocrx_word' id='word_1_187' title='bbox 1529 900 1565 927; x_wconf 92' lang='lat' dir='ltr'>B.</span> <span class='ocrx_word' id='word_1_188' title='bbox 1580 903 1610 927; x_wconf 79' lang='lat' dir='ltr'>et</span> <span class='ocrx_word' id='word_1_189' title='bbox 1624 902 1695 928; x_wconf 81' lang='lat' dir='ltr'>cett.</span> <span class='ocrx_word' id='word_1_190' title='bbox 1709 901 1780 928; x_wconf 87' lang='lat' dir='ltr'>edd.</span> <span class='ocrx_word' id='word_1_191' title='bbox 1794 903 1872 928; x_wconf 75' lang='lat' dir='ltr'>velt.</span> 
     </span>
     <span class='ocr_line' id='line_1_15' title="bbox 76 941 1871 982; baseline 0 -11"><span class='ocrx_word' id='word_1_192' title='bbox 76 943 270 982; x_wconf 73' lang='lat' dir='ltr'>diruigram&#39;l</span> <span class='ocrx_word' id='word_1_193' title='bbox 285 945 386 974; x_wconf 84' lang='lat' dir='ltr'>Basil.</span> <span class='ocrx_word' id='word_1_194' title='bbox 404 946 432 974; x_wconf 87' lang='lat'>1.</span> <span class='ocrx_word' id='word_1_195' title='bbox 457 943 645 981; x_wconf 75' lang='lat' dir='ltr'>demigrant</span> <span class='ocrx_word' id='word_1_196' title='bbox 661 946 696 973; x_wconf 88' lang='lat' dir='ltr'>G.</span> <span class='ocrx_word' id='word_1_197' title='bbox 716 947 740 972; x_wconf 91' lang='lat'>1.</span> <span class='ocrx_word' id='word_1_198' title='bbox 767 943 889 979; x_wconf 80' lang='lat' dir='ltr'>(neque</span> <span class='ocrx_word' id='word_1_199' title='bbox 903 943 1087 982; x_wconf 69' lang='lat' dir='ltr'>dimigrant</span> <span class='ocrx_word' id='word_1_200' title='bbox 1100 949 1132 973; x_wconf 81' lang='lat' dir='ltr'>ut</span> <span class='ocrx_word' id='word_1_201' title='bbox 1148 946 1226 973; x_wconf 85' lang='lat' dir='ltr'>Oud.</span> <span class='ocrx_word' id='word_1_202' title='bbox 1240 944 1366 979; x_wconf 80' lang='lat' dir='ltr'>habel).</span> <span class='ocrx_word' id='word_1_203' title='bbox 1414 945 1482 972; x_wconf 78' lang='lat' dir='ltr'>seio</span> <span class='ocrx_word' id='word_1_204' title='bbox 1497 952 1553 979; x_wconf 80' lang='lat' dir='ltr'>pro</span> <span class='ocrx_word' id='word_1_205' title='bbox 1567 944 1616 971; x_wconf 78' lang='lat' dir='ltr'>sr&#39;e</span> <span class='ocrx_word' id='word_1_206' title='bbox 1629 946 1665 972; x_wconf 89' lang='lat' dir='ltr'>G.</span> <span class='ocrx_word' id='word_1_207' title='bbox 1679 946 1710 973; x_wconf 78' lang='lat'>2.</span> <span class='ocrx_word' id='word_1_208' title='bbox 1723 946 1762 973; x_wconf 93' lang='lat' dir='ltr'>D.</span> <span class='ocrx_word' id='word_1_209' title='bbox 1809 941 1871 971; x_wconf 80' lang='lat' dir='ltr'>lm-</span> 
     </span>
     <span class='ocr_line' id='line_1_16' title="bbox 76 990 1871 1025; baseline 0.001 -9"><span class='ocrx_word' id='word_1_210' title='bbox 76 997 155 1017; x_wconf 87' lang='lat' dir='ltr'>nere</span> <span class='ocrx_word' id='word_1_211' title='bbox 169 991 204 1018; x_wconf 92' lang='lat' dir='ltr'>G.</span> <span class='ocrx_word' id='word_1_212' title='bbox 220 991 249 1019; x_wconf 87' lang='lat'>1.</span> <span class='ocrx_word' id='word_1_213' title='bbox 286 992 426 1017; x_wconf 82' lang='lat' dir='ltr'>nectare</span> <span class='ocrx_word' id='word_1_214' title='bbox 439 998 494 1025; x_wconf 85' lang='lat' dir='ltr'>pro</span> <span class='ocrx_word' id='word_1_215' title='bbox 508 993 644 1017; x_wconf 72' lang='lat' dir='ltr'>vectare</span> <span class='ocrx_word' id='word_1_216' title='bbox 657 991 692 1018; x_wconf 91' lang='lat' dir='ltr'>G.</span> <span class='ocrx_word' id='word_1_217' title='bbox 704 992 733 1018; x_wconf 83' lang='lat'>2.</span> <span class='ocrx_word' id='word_1_218' title='bbox 747 991 785 1018; x_wconf 92' lang='lat' dir='ltr'>D.</span> <span class='ocrx_word' id='word_1_219' title='bbox 823 990 1013 1025; x_wconf 76' lang='lat' dir='ltr'>asperitate</span> <span class='ocrx_word' id='word_1_220' title='bbox 1026 990 1101 1017; x_wconf 78' lang='lat' dir='ltr'>viae</span> <span class='ocrx_word' id='word_1_221' title='bbox 1114 990 1189 1018; x_wconf 85' lang='lat' dir='ltr'>inde</span> <span class='ocrx_word' id='word_1_222' title='bbox 1203 997 1223 1018; x_wconf 89' lang='lat' dir='ltr'>a</span> <span class='ocrx_word' id='word_1_223' title='bbox 1235 991 1329 1017; x_wconf 76' lang='lat' dir='ltr'>Vulc.</span> <span class='ocrx_word' id='word_1_224' title='bbox 1345 990 1415 1018; x_wconf 87' lang='lat' dir='ltr'>edd.</span> <span class='ocrx_word' id='word_1_225' title='bbox 1430 998 1540 1018; x_wconf 84' lang='lat' dir='ltr'>omnes</span> <span class='ocrx_word' id='word_1_226' title='bbox 1554 991 1673 1018; x_wconf 78' lang='lat' dir='ltr'>habent</span> <span class='ocrx_word' id='word_1_227' title='bbox 1685 998 1774 1024; x_wconf 84' lang='lat' dir='ltr'>seqq.</span> <span class='ocrx_word' id='word_1_228' title='bbox 1787 992 1871 1018; x_wconf 84' lang='lat' dir='ltr'>Mss.</span> 
     </span>
    </p>
   </div>
   <div class='ocr_carea' id='block_1_4' title="bbox 76 1031 1874 1115">
    <p class='ocr_par' dir='ltr' id='par_1_4' title="bbox 76 1031 1874 1115">
     <span class='ocr_line' id='line_1_17' title="bbox 77 1031 1870 1071; baseline 0 -8"><span class='ocrx_word' id='word_1_229' title='bbox 77 1039 106 1063; x_wconf 78' lang='lat' dir='ltr'>et</span> <span class='ocrx_word' id='word_1_230' title='bbox 125 1036 196 1064; x_wconf 82' lang='lat' dir='ltr'>edd.</span> <span class='ocrx_word' id='word_1_231' title='bbox 214 1039 291 1063; x_wconf 74' lang='lat' dir='ltr'>velt.</span> <span class='ocrx_word' id='word_1_232' title='bbox 308 1037 427 1064; x_wconf 79' lang='lat' dir='ltr'>habent</span> <span class='ocrx_word' id='word_1_233' title='bbox 446 1042 589 1071; x_wconf 77' lang='lat' dir='ltr'>asperae</span> <span class='ocrx_word' id='word_1_234' title='bbox 608 1036 694 1063; x_wconf 71' lang='lat' dir='ltr'>viae.</span> <span class='ocrx_word' id='word_1_235' title='bbox 742 1033 885 1062; x_wconf 65' lang='lat' dir='ltr'>desertis</span> <span class='ocrx_word' id='word_1_236' title='bbox 898 1036 933 1064; x_wconf 84' lang='lat' dir='ltr'>F.</span> <span class='ocrx_word' id='word_1_237' title='bbox 946 1037 976 1063; x_wconf 88' lang='lat'>3.</span> <span class='ocrx_word' id='word_1_238' title='bbox 992 1037 1028 1064; x_wconf 88' lang='lat' dir='ltr'>G.</span> <span class='ocrx_word' id='word_1_239' title='bbox 1046 1037 1072 1063; x_wconf 89' lang='lat'>1.</span> <span class='ocrx_word' id='word_1_240' title='bbox 1087 1037 1116 1064; x_wconf 77' lang='lat'>2.</span> <span class='ocrx_word' id='word_1_241' title='bbox 1130 1036 1169 1062; x_wconf 94' lang='lat' dir='ltr'>D.</span> <span class='ocrx_word' id='word_1_242' title='bbox 1184 1036 1220 1063; x_wconf 91' lang='lat' dir='ltr'>P.</span> <span class='ocrx_word' id='word_1_243' title='bbox 1234 1036 1268 1063; x_wconf 92' lang='lat'>0.</span> <span class='ocrx_word' id='word_1_244' title='bbox 1282 1037 1319 1063; x_wconf 83' lang='lat' dir='ltr'>R.</span> <span class='ocrx_word' id='word_1_245' title='bbox 1334 1034 1355 1062; x_wconf 85' lang='lat' dir='ltr'>f.</span> <span class='ocrx_word' id='word_1_246' title='bbox 1376 1031 1406 1062; x_wconf 80' lang='grc' dir='ltr'>δ.</span> <span class='ocrx_word' id='word_1_247' title='bbox 1432 1035 1537 1063; x_wconf 83' lang='lat' dir='ltr'>Ceteri</span> <span class='ocrx_word' id='word_1_248' title='bbox 1556 1037 1636 1063; x_wconf 83' lang='lat' dir='ltr'>Mss.</span> <span class='ocrx_word' id='word_1_249' title='bbox 1657 1039 1686 1063; x_wconf 81' lang='lat' dir='ltr'>et</span> <span class='ocrx_word' id='word_1_250' title='bbox 1707 1036 1776 1063; x_wconf 85' lang='lat' dir='ltr'>edd.</span> <span class='ocrx_word' id='word_1_251' title='bbox 1792 1038 1870 1064; x_wconf 75' lang='lat' dir='ltr'>vett.</span> 
     </span>
     <span class='ocr_line' id='line_1_18' title="bbox 76 1077 1874 1115; baseline 0.001 -9"><span class='ocrx_word' id='word_1_252' title='bbox 76 1078 286 1109; x_wconf 74' lang='lat' dir='ltr'>desideratis.</span> <span class='ocrx_word' id='word_1_253' title='bbox 312 1081 370 1108; x_wconf 87' lang='lat' dir='ltr'>Hic</span> <span class='ocrx_word' id='word_1_254' title='bbox 383 1084 492 1109; x_wconf 81' lang='lat' dir='ltr'>autem</span> <span class='ocrx_word' id='word_1_255' title='bbox 505 1082 573 1109; x_wconf 89' lang='lat' dir='ltr'>cod.</span> <span class='ocrx_word' id='word_1_256' title='bbox 588 1077 616 1109; x_wconf 80' lang='grc' dir='ltr'>ὃ.</span> <span class='ocrx_word' id='word_1_257' title='bbox 642 1080 764 1115; x_wconf 80' lang='lat' dir='ltr'>pagina</span> <span class='ocrx_word' id='word_1_258' title='bbox 782 1082 898 1114; x_wconf 79' lang='lat' dir='ltr'>elapsa</span> <span class='ocrx_word' id='word_1_259' title='bbox 909 1083 963 1109; x_wconf 67' lang='lat' dir='ltr'>vel</span> <span class='ocrx_word' id='word_1_260' title='bbox 984 1081 1096 1109; x_wconf 85' lang='lat' dir='ltr'>excisa</span> <span class='ocrx_word' id='word_1_261' title='bbox 1115 1084 1161 1108; x_wconf 78' lang='lat' dir='ltr'>est</span> <span class='ocrx_word' id='word_1_262' title='bbox 1180 1080 1315 1108; x_wconf 80' lang='lat' dir='ltr'>mutilus</span> <span class='ocrx_word' id='word_1_263' title='bbox 1334 1087 1437 1114; x_wconf 84' lang='lat' dir='ltr'>usque</span> <span class='ocrx_word' id='word_1_264' title='bbox 1450 1081 1491 1108; x_wconf 88' lang='lat' dir='ltr'>ad</span> <span class='ocrx_word' id='word_1_265' title='bbox 1504 1088 1615 1108; x_wconf 71' lang='lat' dir='ltr'>voces:</span> <span class='ocrx_word' id='word_1_266' title='bbox 1641 1077 1710 1108; x_wconf 70' lang='lat' dir='ltr'>Nec</span> <span class='ocrx_word' id='word_1_267' title='bbox 1728 1079 1812 1108; x_wconf 85' lang='lat' dir='ltr'>em&#39;m</span> <span class='ocrx_word' id='word_1_268' title='bbox 1833 1082 1874 1108; x_wconf 80' lang='lat' dir='ltr'>ut</span> 
     </span>
    </p>
   </div>
   <div class='ocr_carea' id='block_1_5' title="bbox 75 1123 834 1162">
    <p class='ocr_par' dir='ltr' id='par_1_5' title="bbox 75 1123 834 1162">
     <span class='ocr_line' id='line_1_19' title="bbox 75 1123 834 1162; baseline 0.004 -11"><span class='ocrx_word' id='word_1_269' title='bbox 75 1133 162 1153; x_wconf 77' lang='lat' dir='ltr'>reor.</span> <span class='ocrx_word' id='word_1_270' title='bbox 209 1131 291 1152; x_wconf 71' lang='lat' dir='ltr'>ocus</span> <span class='ocrx_word' id='word_1_271' title='bbox 303 1133 360 1160; x_wconf 76' lang='lat' dir='ltr'>pro</span> <span class='ocrx_word' id='word_1_272' title='bbox 373 1132 458 1162; x_wconf 81' lang='lat' dir='ltr'>quas</span> <span class='ocrx_word' id='word_1_273' title='bbox 471 1127 509 1154; x_wconf 92' lang='lat' dir='ltr'>D.</span> <span class='ocrx_word' id='word_1_274' title='bbox 555 1123 739 1153; x_wconf 60' lang='lat' dir='ltr'>ademimus</span> <span class='ocrx_word' id='word_1_275' title='bbox 754 1127 790 1154; x_wconf 88' lang='lat' dir='ltr'>G.</span> <span class='ocrx_word' id='word_1_276' title='bbox 805 1127 834 1154; x_wconf 91' lang='lat'>1.</span> 
     </span>
    </p>
   </div>
   <div class='ocr_carea' id='block_1_6' title="bbox 72 1222 947 3191">
    <p class='ocr_par' dir='ltr' id='par_1_6' title="bbox 72 1222 945 2289">
     <span class='ocr_line' id='line_1_20' title="bbox 76 1222 943 1274; baseline 0 -13"><span class='ocrx_word' id='word_1_277' title='bbox 76 1223 275 1269; x_wconf 77' lang='lat' dir='ltr'>dubitabit,</span> <span class='ocrx_word' id='word_1_278' title='bbox 301 1224 388 1274; x_wconf 87' lang='lat' dir='ltr'>quin</span> <span class='ocrx_word' id='word_1_279' title='bbox 414 1227 519 1261; x_wconf 89' lang='lat' dir='ltr'>recte</span> <span class='ocrx_word' id='word_1_280' title='bbox 545 1223 606 1261; x_wconf 91' lang='lat' dir='ltr'>hic</span> <span class='ocrx_word' id='word_1_281' title='bbox 630 1223 784 1261; x_wconf 86' lang='lat' dir='ltr'>habeat.</span> <span class='ocrx_word' id='word_1_282' title='bbox 828 1222 943 1262; x_wconf 73' lang='lat' dir='ltr'>Unde</span> 
     </span>
     <span class='ocr_line' id='line_1_21' title="bbox 76 1280 943 1330; baseline -0.001 -12"><span class='ocrx_word' id='word_1_283' title='bbox 76 1293 205 1318; x_wconf 88' lang='lat' dir='ltr'>eorum</span> <span class='ocrx_word' id='word_1_284' title='bbox 231 1280 437 1330; x_wconf 88' lang='lat' dir='ltr'>improbari</span> <span class='ocrx_word' id='word_1_285' title='bbox 461 1283 593 1330; x_wconf 86' lang='lat' dir='ltr'>potest</span> <span class='ocrx_word' id='word_1_286' title='bbox 630 1280 840 1324; x_wconf 77' lang='lat' dir='ltr'>sententia,</span> <span class='ocrx_word' id='word_1_287' title='bbox 879 1281 943 1330; x_wconf 91' lang='lat' dir='ltr'>qui</span> 
     </span>
     <span class='ocr_line' id='line_1_22' title="bbox 72 1335 941 1389; baseline -0.003 -14"><span class='ocrx_word' id='word_1_288' title='bbox 72 1337 212 1389; x_wconf 64' lang='lat' dir='ltr'>gloria</span> <span class='ocrx_word' id='word_1_289' title='bbox 238 1349 318 1374; x_wconf 77' lang='lat' dir='ltr'>uon</span> <span class='ocrx_word' id='word_1_290' title='bbox 341 1336 496 1387; x_wconf 76' lang='lat' dir='ltr'>peribit</span> <span class='ocrx_word' id='word_1_291' title='bbox 520 1335 726 1387; x_wconf 82' lang='lat' dir='ltr'>legendum</span> <span class='ocrx_word' id='word_1_292' title='bbox 752 1349 844 1374; x_wconf 85' lang='lat' dir='ltr'>esse</span> <span class='ocrx_word' id='word_1_293' title='bbox 865 1336 941 1373; x_wconf 82' lang='lat' dir='ltr'>exi-</span> 
     </span>
     <span class='ocr_line' id='line_1_23' title="bbox 75 1391 942 1442; baseline 0 -12"><span class='ocrx_word' id='word_1_294' title='bbox 75 1393 286 1431; x_wconf 87' lang='lat' dir='ltr'>stimarunt.</span> <span class='ocrx_word' id='word_1_295' title='bbox 334 1391 453 1429; x_wconf 84' lang='lat' dir='ltr'>Latro</span> <span class='ocrx_word' id='word_1_296' title='bbox 493 1393 593 1430; x_wconf 80' lang='lat' dir='ltr'>enim</span> <span class='ocrx_word' id='word_1_297' title='bbox 630 1392 838 1442; x_wconf 80' lang='lat' dir='ltr'>significat,</span> <span class='ocrx_word' id='word_1_298' title='bbox 880 1407 942 1430; x_wconf 89' lang='lat' dir='ltr'>so-</span> 
     </span>
     <span class='ocr_line' id='line_1_24' title="bbox 78 1448 940 1500; baseline 0 -13"><span class='ocrx_word' id='word_1_299' title='bbox 78 1448 192 1494; x_wconf 82' lang='lat' dir='ltr'>cium,</span> <span class='ocrx_word' id='word_1_300' title='bbox 212 1461 442 1499; x_wconf 85' lang='lat' dir='ltr'>quamquam</span> <span class='ocrx_word' id='word_1_301' title='bbox 459 1448 626 1499; x_wconf 84' lang='lat' dir='ltr'>collegio</span> <span class='ocrx_word' id='word_1_302' title='bbox 643 1452 799 1500; x_wconf 82' lang='lat' dir='ltr'>ereptus</span> <span class='ocrx_word' id='word_1_303' title='bbox 820 1453 940 1494; x_wconf 76' lang='lat' dir='ltr'>esset,</span> 
     </span>
     <span class='ocr_line' id='line_1_25' title="bbox 76 1506 940 1558; baseline 0 -15"><span class='ocrx_word' id='word_1_304' title='bbox 76 1518 253 1558; x_wconf 74' lang='lat' dir='ltr'>corpore,</span> <span class='ocrx_word' id='word_1_305' title='bbox 283 1508 411 1542; x_wconf 87' lang='lat' dir='ltr'>tamen</span> <span class='ocrx_word' id='word_1_306' title='bbox 443 1519 516 1543; x_wconf 92' lang='lat' dir='ltr'>non</span> <span class='ocrx_word' id='word_1_307' title='bbox 549 1506 701 1543; x_wconf 84' lang='lat' dir='ltr'>omnino</span> <span class='ocrx_word' id='word_1_308' title='bbox 733 1506 940 1543; x_wconf 81' lang='lat' dir='ltr'>extinctum</span> 
     </span>
     <span class='ocr_line' id='line_1_26' title="bbox 74 1560 941 1612; baseline -0.001 -12"><span class='ocrx_word' id='word_1_309' title='bbox 74 1561 217 1612; x_wconf 17' lang='lat' dir='ltr'>irissper</span> <span class='ocrx_word' id='word_1_310' title='bbox 246 1562 486 1607; x_wconf 79' lang='lat' dir='ltr'>memoriam,</span> <span class='ocrx_word' id='word_1_311' title='bbox 523 1575 640 1612; x_wconf 88' lang='lat' dir='ltr'>quum</span> <span class='ocrx_word' id='word_1_312' title='bbox 678 1562 761 1599; x_wconf 89' lang='lat' dir='ltr'>eius</span> <span class='ocrx_word' id='word_1_313' title='bbox 794 1560 941 1599; x_wconf 87' lang='lat' dir='ltr'>sortiter</span> 
     </span>
     <span class='ocr_line' id='line_1_27' title="bbox 76 1617 939 1669; baseline 0 -13"><span class='ocrx_word' id='word_1_314' title='bbox 76 1617 178 1656; x_wconf 82' lang='lat' dir='ltr'>sacta</span> <span class='ocrx_word' id='word_1_315' title='bbox 213 1631 327 1656; x_wconf 89' lang='lat' dir='ltr'>omne</span> <span class='ocrx_word' id='word_1_316' title='bbox 363 1631 500 1657; x_wconf 84' lang='lat' dir='ltr'>aevum</span> <span class='ocrx_word' id='word_1_317' title='bbox 536 1622 763 1669; x_wconf 84' lang='lat' dir='ltr'>superatura</span> <span class='ocrx_word' id='word_1_318' title='bbox 793 1623 939 1656; x_wconf 77' lang='lat' dir='ltr'>essent.</span> 
     </span>
     <span class='ocr_line' id='line_1_28' title="bbox 75 1673 939 1727; baseline 0 -15"><span class='ocrx_word' id='word_1_319' title='bbox 75 1673 203 1727; x_wconf 83' lang='lat' dir='ltr'>[Hanc</span> <span class='ocrx_word' id='word_1_320' title='bbox 238 1687 330 1712; x_wconf 84' lang='lat' dir='ltr'>vero</span> <span class='ocrx_word' id='word_1_321' title='bbox 368 1673 587 1726; x_wconf 80' lang='lat' dir='ltr'>elegantem</span> <span class='ocrx_word' id='word_1_322' title='bbox 624 1674 798 1713; x_wconf 87' lang='lat' dir='ltr'>eiusdem</span> <span class='ocrx_word' id='word_1_323' title='bbox 830 1676 939 1714; x_wconf 71' lang='lat' dir='ltr'>vocis</span> 
     </span>
     <span class='ocr_line' id='line_1_29' title="bbox 74 1730 942 1782; baseline 0 -13"><span class='ocrx_word' id='word_1_324' title='bbox 74 1730 340 1782; x_wconf 80' lang='lat' dir='ltr'>repetitionem</span> <span class='ocrx_word' id='word_1_325' title='bbox 377 1731 616 1770; x_wconf 85' lang='lat' dir='ltr'>demonstrat</span> <span class='ocrx_word' id='word_1_326' title='bbox 653 1736 806 1782; x_wconf 80' lang='lat' dir='ltr'>praeter</span> <span class='ocrx_word' id='word_1_327' title='bbox 841 1732 942 1770; x_wconf 87' lang='lat' dir='ltr'>alios</span> 
     </span>
     <span class='ocr_line' id='line_1_30' title="bbox 74 1786 940 1839; baseline -0.001 -13"><span class='ocrx_word' id='word_1_328' title='bbox 74 1787 141 1826; x_wconf 91' lang='lat' dir='ltr'>Dr.</span> <span class='ocrx_word' id='word_1_329' title='bbox 166 1787 216 1825; x_wconf 85' lang='lat' dir='ltr'>ad</span> <span class='ocrx_word' id='word_1_330' title='bbox 239 1786 326 1825; x_wconf 81' lang='lat' dir='ltr'>Liv.</span> <span class='ocrx_word' id='word_1_331' title='bbox 352 1786 503 1826; x_wconf 87' lang='lat' dir='ltr'>XXXI.</span> <span class='ocrx_word' id='word_1_332' title='bbox 530 1792 594 1828; x_wconf 89' lang='grc'>30.</span> <span class='ocrx_word' id='word_1_333' title='bbox 621 1788 651 1839; x_wconf 60' lang='grc' dir='ltr'>ᾧ.</span> <span class='ocrx_word' id='word_1_334' title='bbox 679 1792 715 1828; x_wconf 88' lang='grc'>4.</span> <span class='ocrx_word' id='word_1_335' title='bbox 741 1801 856 1839; x_wconf 86' lang='lat' dir='ltr'>quem</span> <span class='ocrx_word' id='word_1_336' title='bbox 894 1787 940 1826; x_wconf 85' lang='lat' dir='ltr'>cf.</span> 
     </span>
     <span class='ocr_line' id='line_1_31' title="bbox 76 1843 945 1897; baseline -0.001 -13"><span class='ocrx_word' id='word_1_337' title='bbox 76 1843 113 1884; x_wconf 82' lang='grc' dir='ltr'><em>Α</em></span> <span class='ocrx_word' id='word_1_338' title='bbox 136 1843 275 1896; x_wconf 73' lang='lat' dir='ltr'>qlorae&#39;a</span> <span class='ocrx_word' id='word_1_339' title='bbox 301 1843 442 1881; x_wconf 85' lang='lat' dir='ltr'>dictum</span> <span class='ocrx_word' id='word_1_340' title='bbox 468 1849 528 1882; x_wconf 89' lang='lat' dir='ltr'>est</span> <span class='ocrx_word' id='word_1_341' title='bbox 553 1858 621 1896; x_wconf 88' lang='lat' dir='ltr'>pro</span> <span class='ocrx_word' id='word_1_342' title='bbox 649 1845 763 1897; x_wconf 77' lang='lat' dir='ltr'>qnod</span> <span class='ocrx_word' id='word_1_343' title='bbox 785 1845 945 1883; x_wconf 75' lang='lat' dir='ltr'>adtinet</span> 
     </span>
     <span class='ocr_line' id='line_1_32' title="bbox 76 1899 942 1952; baseline -0.002 -12"><span class='ocrx_word' id='word_1_344' title='bbox 76 1899 134 1940; x_wconf 82' lang='lat' dir='ltr'>ad</span> <span class='ocrx_word' id='word_1_345' title='bbox 161 1901 246 1938; x_wconf 85' lang='lat' dir='ltr'>sive</span> <span class='ocrx_word' id='word_1_346' title='bbox 271 1914 296 1938; x_wconf 88' lang='lat' dir='ltr'>a</span> <span class='ocrx_word' id='word_1_347' title='bbox 317 1905 441 1951; x_wconf 82' lang='lat' dir='ltr'>parte</span> <span class='ocrx_word' id='word_1_348' title='bbox 468 1900 634 1952; x_wconf 72' lang='lat' dir='ltr'>ylore&#39;ae</span> <span class='ocrx_word' id='word_1_349' title='bbox 681 1900 727 1938; x_wconf 84' lang='lat' dir='ltr'>cf.</span> <span class='ocrx_word' id='word_1_350' title='bbox 753 1900 849 1938; x_wconf 79' lang='lat' dir='ltr'>Met.</span> <span class='ocrx_word' id='word_1_351' title='bbox 874 1899 942 1938; x_wconf 67' lang='lat' dir='ltr'>Vl.</span> 
     </span>
     <span class='ocr_line' id='line_1_33' title="bbox 75 1956 942 2008; baseline 0 -14"><span class='ocrx_word' id='word_1_352' title='bbox 75 1969 112 2008; x_wconf 89' lang='lat' dir='ltr'>p.</span> <span class='ocrx_word' id='word_1_353' title='bbox 127 1960 219 1997; x_wconf 83' lang='lat'>437.</span> <span class='ocrx_word' id='word_1_354' title='bbox 244 1956 307 1994; x_wconf 92' lang='lat' dir='ltr'>ubi</span> <span class='ocrx_word' id='word_1_355' title='bbox 333 1957 547 1995; x_wconf 82' lang='lat' dir='ltr'>accuratius</span> <span class='ocrx_word' id='word_1_356' title='bbox 572 1956 621 1994; x_wconf 91' lang='lat' dir='ltr'>de</span> <span class='ocrx_word' id='word_1_357' title='bbox 646 1970 693 1994; x_wconf 91' lang='lat' dir='ltr'>eo</span> <span class='ocrx_word' id='word_1_358' title='bbox 719 1971 792 1994; x_wconf 87' lang='lat' dir='ltr'>usu</span> <span class='ocrx_word' id='word_1_359' title='bbox 818 1970 942 2007; x_wconf 77' lang='lat' dir='ltr'>agam.</span> 
     </span>
     <span class='ocr_line' id='line_1_34' title="bbox 75 2011 943 2063; baseline 0 -12"><span class='ocrx_word' id='word_1_360' title='bbox 75 2011 234 2052; x_wconf 64' lang='lat' dir='ltr'>Perit-it</span> <span class='ocrx_word' id='word_1_361' title='bbox 254 2011 394 2057; x_wconf 77' lang='lat' dir='ltr'>forma,</span> <span class='ocrx_word' id='word_1_362' title='bbox 421 2025 520 2063; x_wconf 89' lang='lat' dir='ltr'>quae</span> <span class='ocrx_word' id='word_1_363' title='bbox 538 2014 656 2051; x_wconf 87' lang='lat' dir='ltr'>rarior</span> <span class='ocrx_word' id='word_1_364' title='bbox 670 2017 748 2057; x_wconf 75' lang='lat' dir='ltr'>est,</span> <span class='ocrx_word' id='word_1_365' title='bbox 773 2014 822 2051; x_wconf 86' lang='lat' dir='ltr'>ab</span> <span class='ocrx_word' id='word_1_366' title='bbox 836 2014 943 2063; x_wconf 84' lang='lat' dir='ltr'>Apu-</span> 
     </span>
     <span class='ocr_line' id='line_1_35' title="bbox 76 2068 943 2120; baseline 0.001 -14"><span class='ocrx_word' id='word_1_367' title='bbox 76 2068 154 2106; x_wconf 86' lang='lat' dir='ltr'>leio</span> <span class='ocrx_word' id='word_1_368' title='bbox 190 2069 350 2119; x_wconf 85' lang='lat' dir='ltr'>saepius</span> <span class='ocrx_word' id='word_1_369' title='bbox 385 2068 537 2107; x_wconf 73' lang='lat' dir='ltr'>videtur</span> <span class='ocrx_word' id='word_1_370' title='bbox 572 2068 757 2120; x_wconf 80' lang='lat' dir='ltr'>praeferri</span> <span class='ocrx_word' id='word_1_371' title='bbox 788 2070 824 2107; x_wconf 89' lang='lat' dir='ltr'>in</span> <span class='ocrx_word' id='word_1_372' title='bbox 857 2068 943 2107; x_wconf 81' lang='lat' dir='ltr'>aliis</span> 
     </span>
     <span class='ocr_line' id='line_1_36' title="bbox 78 2124 943 2176; baseline 0 -14"><span class='ocrx_word' id='word_1_373' title='bbox 78 2138 233 2175; x_wconf 86' lang='lat' dir='ltr'>quoque</span> <span class='ocrx_word' id='word_1_374' title='bbox 258 2124 505 2175; x_wconf 87' lang='lat' dir='ltr'>compositis,</span> <span class='ocrx_word' id='word_1_375' title='bbox 538 2129 578 2163; x_wconf 88' lang='lat' dir='ltr'>ut</span> <span class='ocrx_word' id='word_1_376' title='bbox 602 2125 765 2163; x_wconf 79' lang='lat' dir='ltr'>vidimus</span> <span class='ocrx_word' id='word_1_377' title='bbox 790 2139 827 2176; x_wconf 92' lang='lat' dir='ltr'>p.</span> <span class='ocrx_word' id='word_1_378' title='bbox 851 2129 943 2165; x_wconf 78' lang='lat'>273.</span> 
     </span>
     <span class='ocr_line' id='line_1_37' title="bbox 77 2180 945 2232; baseline -0.001 -12"><span class='ocrx_word' id='word_1_379' title='bbox 77 2181 225 2220; x_wconf 73' lang='lat' dir='ltr'>subivit</span> <span class='ocrx_word' id='word_1_380' title='bbox 253 2184 291 2218; x_wconf 90' lang='lat' dir='ltr'>et</span> <span class='ocrx_word' id='word_1_381' title='bbox 320 2181 569 2220; x_wconf 75' lang='lat' dir='ltr'>transabirit.</span> <span class='ocrx_word' id='word_1_382' title='bbox 607 2180 692 2220; x_wconf 66' lang='lat' dir='ltr'>Vll.</span> <span class='ocrx_word' id='word_1_383' title='bbox 724 2194 759 2232; x_wconf 90' lang='lat' dir='ltr'>p.</span> <span class='ocrx_word' id='word_1_384' title='bbox 787 2184 879 2222; x_wconf 82' lang='lat'>460.</span> <span class='ocrx_word' id='word_1_385' title='bbox 907 2186 945 2220; x_wconf 91' lang='lat' dir='ltr'>et</span> 
     </span>
     <span class='ocr_line' id='line_1_38' title="bbox 78 2236 572 2289; baseline -0.002 -13"><span class='ocrx_word' id='word_1_386' title='bbox 78 2237 251 2276; x_wconf 70' lang='lat' dir='ltr'>interit-i,</span> <span class='ocrx_word' id='word_1_387' title='bbox 277 2236 365 2274; x_wconf 85' lang='lat' dir='ltr'>ibid.</span> <span class='ocrx_word' id='word_1_388' title='bbox 390 2250 427 2287; x_wconf 89' lang='lat' dir='ltr'>p.</span> <span class='ocrx_word' id='word_1_389' title='bbox 455 2236 572 2289; x_wconf 66' lang='lat'>458]</span> 
     </span>
    </p>

    <p class='ocr_par' dir='ltr' id='par_1_7' title="bbox 76 2294 947 3191">
     <span class='ocr_line' id='line_1_39' title="bbox 135 2294 946 2333; baseline 0.002 -3"><span class='ocrx_word' id='word_1_390' title='bbox 135 2294 177 2331; x_wconf 85' lang='lat' dir='ltr'>in</span> <span class='ocrx_word' id='word_1_391' title='bbox 210 2294 287 2332; x_wconf 74' lang='lat' dir='ltr'>cita</span> <span class='ocrx_word' id='word_1_392' title='bbox 320 2297 474 2331; x_wconf 81' lang='lat' dir='ltr'>nostra.</span> <span class='ocrx_word' id='word_1_393' title='bbox 521 2294 676 2333; x_wconf 73' lang='lat' dir='ltr'>Nostra</span> <span class='ocrx_word' id='word_1_394' title='bbox 708 2295 850 2331; x_wconf 85' lang='lat' dir='ltr'>rectius</span> <span class='ocrx_word' id='word_1_395' title='bbox 881 2295 946 2332; x_wconf 80' lang='lat' dir='ltr'>al)-</span> 
     </span>
     <span class='ocr_line' id='line_1_40' title="bbox 79 2348 945 2400; baseline 0.001 -13"><span class='ocrx_word' id='word_1_396' title='bbox 79 2362 172 2387; x_wconf 85' lang='lat' dir='ltr'>esse</span> <span class='ocrx_word' id='word_1_397' title='bbox 195 2362 219 2387; x_wconf 84' lang='lat' dir='ltr'>a</span> <span class='ocrx_word' id='word_1_398' title='bbox 242 2348 344 2387; x_wconf 85' lang='lat' dir='ltr'>Mss.</span> <span class='ocrx_word' id='word_1_399' title='bbox 371 2353 479 2399; x_wconf 86' lang='lat' dir='ltr'>putat</span> <span class='ocrx_word' id='word_1_400' title='bbox 503 2348 622 2395; x_wconf 61' lang='lat' dir='ltr'>Oud„</span> <span class='ocrx_word' id='word_1_401' title='bbox 656 2364 770 2400; x_wconf 85' lang='lat' dir='ltr'>quum</span> <span class='ocrx_word' id='word_1_402' title='bbox 796 2352 945 2400; x_wconf 77' lang='lat' dir='ltr'>passim</span> 
     </span>
     <span class='ocr_line' id='line_1_41' title="bbox 76 2404 944 2455; baseline 0 -10"><span class='ocrx_word' id='word_1_403' title='bbox 76 2407 159 2445; x_wconf 72' lang='lat' dir='ltr'>vita</span> <span class='ocrx_word' id='word_1_404' title='bbox 189 2405 335 2443; x_wconf 87' lang='lat' dir='ltr'>dicatur</span> <span class='ocrx_word' id='word_1_405' title='bbox 363 2418 433 2455; x_wconf 91' lang='lat' dir='ltr'>pro</span> <span class='ocrx_word' id='word_1_406' title='bbox 464 2404 684 2444; x_wconf 87' lang='lat' dir='ltr'>hominibus</span> <span class='ocrx_word' id='word_1_407' title='bbox 718 2407 944 2454; x_wconf 78' lang='lat' dir='ltr'>viventibus,</span> 
     </span>
     <span class='ocr_line' id='line_1_42' title="bbox 78 2461 945 2514; baseline 0.002 -15"><span class='ocrx_word' id='word_1_408' title='bbox 78 2461 219 2513; x_wconf 85' lang='lat' dir='ltr'>quibus</span> <span class='ocrx_word' id='word_1_409' title='bbox 255 2462 400 2500; x_wconf 81' lang='lat' dir='ltr'>Manes</span> <span class='ocrx_word' id='word_1_410' title='bbox 440 2466 479 2500; x_wconf 90' lang='lat' dir='ltr'>et</span> <span class='ocrx_word' id='word_1_411' title='bbox 520 2464 670 2501; x_wconf 79' lang='lat' dir='ltr'>mortm&#39;</span> <span class='ocrx_word' id='word_1_412' title='bbox 706 2467 945 2514; x_wconf 84' lang='lat' dir='ltr'>opponantur</span> 
     </span>
     <span class='ocr_line' id='line_1_43' title="bbox 79 2517 944 2559; baseline 0.001 -2"><span class='ocrx_word' id='word_1_413' title='bbox 79 2517 167 2557; x_wconf 87' lang='lat' dir='ltr'>coll.</span> <span class='ocrx_word' id='word_1_414' title='bbox 194 2517 312 2557; x_wconf 89' lang='lat' dir='ltr'>Gron.</span> <span class='ocrx_word' id='word_1_415' title='bbox 338 2517 387 2556; x_wconf 91' lang='lat' dir='ltr'>ad</span> <span class='ocrx_word' id='word_1_416' title='bbox 407 2517 572 2556; x_wconf 84' lang='lat' dir='ltr'>Martial.</span> <span class='ocrx_word' id='word_1_417' title='bbox 598 2518 650 2557; x_wconf 82' lang='lat' dir='ltr'>X.</span> <span class='ocrx_word' id='word_1_418' title='bbox 677 2524 711 2559; x_wconf 76' lang='grc'>4.</span> <span class='ocrx_word' id='word_1_419' title='bbox 740 2519 867 2557; x_wconf 74' lang='lat' dir='ltr'>Burin.</span> <span class='ocrx_word' id='word_1_420' title='bbox 894 2520 944 2558; x_wconf 87' lang='lat' dir='ltr'>ad</span> 
     </span>
     <span class='ocr_line' id='line_1_44' title="bbox 76 2573 944 2626; baseline 0.002 -14"><span class='ocrx_word' id='word_1_421' title='bbox 76 2573 304 2613; x_wconf 67' lang='lat' dir='ltr'>Lueau.Vl.</span> <span class='ocrx_word' id='word_1_422' title='bbox 332 2578 424 2614; x_wconf 89' lang='lat'>311.</span> <span class='ocrx_word' id='word_1_423' title='bbox 456 2575 585 2625; x_wconf 82' lang='lat' dir='ltr'>ibique</span> <span class='ocrx_word' id='word_1_424' title='bbox 611 2573 639 2612; x_wconf 76' lang='lat' dir='ltr'><em>C</em></span> <span class='ocrx_word' id='word_1_425' title='bbox 643 2579 710 2613; x_wconf 82' lang='lat' dir='ltr'>ort.</span> <span class='ocrx_word' id='word_1_426' title='bbox 725 2575 832 2626; x_wconf 70' lang='lat' dir='ltr'>Virg.</span> <span class='ocrx_word' id='word_1_427' title='bbox 848 2576 944 2614; x_wconf 82' lang='lat' dir='ltr'>Aen.</span> 
     </span>
     <span class='ocr_line' id='line_1_45' title="bbox 78 2629 944 2682; baseline 0.003 -15"><span class='ocrx_word' id='word_1_428' title='bbox 78 2629 144 2669; x_wconf 86' lang='lat' dir='ltr'>VI.</span> <span class='ocrx_word' id='word_1_429' title='bbox 171 2633 261 2671; x_wconf 86' lang='grc'>663.</span> <span class='ocrx_word' id='word_1_430' title='bbox 286 2629 452 2669; x_wconf 88' lang='lat' dir='ltr'>Martial.</span> <span class='ocrx_word' id='word_1_431' title='bbox 486 2630 617 2682; x_wconf 78' lang='lat' dir='ltr'>Epigr.</span> <span class='ocrx_word' id='word_1_432' title='bbox 644 2630 746 2669; x_wconf 75' lang='lat' dir='ltr'>Vlll.</span> <span class='ocrx_word' id='word_1_433' title='bbox 774 2636 809 2670; x_wconf 88' lang='lat'>5.</span> <span class='ocrx_word' id='word_1_434' title='bbox 847 2630 944 2671; x_wconf 90' lang='lat' dir='ltr'>Plin.</span> 
     </span>
     <span class='ocr_line' id='line_1_46' title="bbox 77 2684 947 2738; baseline 0.002 -14"><span class='ocrx_word' id='word_1_435' title='bbox 77 2684 204 2737; x_wconf 83' lang='lat' dir='ltr'>Epist.</span> <span class='ocrx_word' id='word_1_436' title='bbox 228 2685 314 2724; x_wconf 67' lang='lat' dir='ltr'>Vll.</span> <span class='ocrx_word' id='word_1_437' title='bbox 346 2691 411 2727; x_wconf 81' lang='lat'>55.</span> <span class='ocrx_word' id='word_1_438' title='bbox 461 2687 540 2725; x_wconf 87' lang='lat' dir='ltr'>Sed</span> <span class='ocrx_word' id='word_1_439' title='bbox 579 2701 694 2738; x_wconf 81' lang='lat' dir='ltr'>quum</span> <span class='ocrx_word' id='word_1_440' title='bbox 730 2687 947 2738; x_wconf 84' lang='lat' dir='ltr'>religiosior</span> 
     </span>
     <span class='ocr_line' id='line_1_47' title="bbox 79 2742 944 2794; baseline 0.002 -13"><span class='ocrx_word' id='word_1_441' title='bbox 79 2742 149 2788; x_wconf 77' lang='lat' dir='ltr'>sit,</span> <span class='ocrx_word' id='word_1_442' title='bbox 181 2755 297 2793; x_wconf 87' lang='lat' dir='ltr'>quam</span> <span class='ocrx_word' id='word_1_443' title='bbox 321 2743 385 2794; x_wconf 88' lang='lat' dir='ltr'>qui</span> <span class='ocrx_word' id='word_1_444' title='bbox 411 2749 549 2783; x_wconf 80' lang='lat' dir='ltr'>nostra</span> <span class='ocrx_word' id='word_1_445' title='bbox 577 2745 625 2782; x_wconf 87' lang='lat' dir='ltr'>ab</span> <span class='ocrx_word' id='word_1_446' title='bbox 652 2745 808 2794; x_wconf 82' lang='lat' dir='ltr'>optimis</span> <span class='ocrx_word' id='word_1_447' title='bbox 833 2745 944 2783; x_wconf 89' lang='lat' dir='ltr'>codd.</span> 
     </span>
     <span class='ocr_line' id='line_1_48' title="bbox 79 2800 947 2851; baseline 0.002 -14"><span class='ocrx_word' id='word_1_448' title='bbox 79 2803 272 2838; x_wconf 80' lang='lat' dir='ltr'>servatum</span> <span class='ocrx_word' id='word_1_449' title='bbox 287 2800 446 2845; x_wconf 71' lang='lat' dir='ltr'>reiiciat.</span> <span class='ocrx_word' id='word_1_450' title='bbox 467 2801 644 2839; x_wconf 72' lang='lat' dir='ltr'>terrestri</span> <span class='ocrx_word' id='word_1_451' title='bbox 658 2801 820 2844; x_wconf 75' lang='lat' dir='ltr'>coniicit,</span> <span class='ocrx_word' id='word_1_452' title='bbox 841 2801 947 2851; x_wconf 89' lang='lat' dir='ltr'>quod</span> 
     </span>
     <span class='ocr_line' id='line_1_49' title="bbox 81 2853 946 2908; baseline 0.003 -16"><span class='ocrx_word' id='word_1_453' title='bbox 81 2853 196 2905; x_wconf 84' lang='lat' dir='ltr'>plane</span> <span class='ocrx_word' id='word_1_454' title='bbox 223 2856 386 2894; x_wconf 87' lang='lat' dir='ltr'>ieiunum</span> <span class='ocrx_word' id='word_1_455' title='bbox 423 2856 562 2894; x_wconf 84' lang='lat' dir='ltr'>nemini</span> <span class='ocrx_word' id='word_1_456' title='bbox 599 2860 691 2908; x_wconf 88' lang='lat' dir='ltr'>puto</span> <span class='ocrx_word' id='word_1_457' title='bbox 723 2857 946 2907; x_wconf 84' lang='lat' dir='ltr'>comproba-</span> 
     </span>
     <span class='ocr_line' id='line_1_50' title="bbox 81 2911 944 2964; baseline 0.003 -16"><span class='ocrx_word' id='word_1_458' title='bbox 81 2913 162 2948; x_wconf 81' lang='lat' dir='ltr'>tum</span> <span class='ocrx_word' id='word_1_459' title='bbox 183 2911 225 2949; x_wconf 87' lang='lat' dir='ltr'>iri</span> <span class='ocrx_word' id='word_1_460' title='bbox 249 2915 287 2950; x_wconf 89' lang='lat' dir='ltr'>et</span> <span class='ocrx_word' id='word_1_461' title='bbox 300 2913 433 2951; x_wconf 87' lang='lat' dir='ltr'>mirum</span> <span class='ocrx_word' id='word_1_462' title='bbox 448 2917 527 2957; x_wconf 76' lang='lat' dir='ltr'>est,</span> <span class='ocrx_word' id='word_1_463' title='bbox 554 2914 617 2964; x_wconf 85' lang='lat' dir='ltr'>qui</span> <span class='ocrx_word' id='word_1_464' title='bbox 632 2912 734 2950; x_wconf 86' lang='lat' dir='ltr'>Oud.</span> <span class='ocrx_word' id='word_1_465' title='bbox 749 2912 842 2952; x_wconf 87' lang='lat' dir='ltr'>talia</span> <span class='ocrx_word' id='word_1_466' title='bbox 855 2926 944 2964; x_wconf 88' lang='lat' dir='ltr'>pro·</span> 
     </span>
     <span class='ocr_line' id='line_1_51' title="bbox 83 2964 944 3019; baseline 0.005 -16"><span class='ocrx_word' id='word_1_467' title='bbox 83 2964 181 3004; x_wconf 80' lang='lat' dir='ltr'>ferre</span> <span class='ocrx_word' id='word_1_468' title='bbox 209 2970 391 3018; x_wconf 82' lang='lat' dir='ltr'>potuerit;</span> <span class='ocrx_word' id='word_1_469' title='bbox 423 2983 509 3007; x_wconf 79' lang='lat' dir='ltr'>naui</span> <span class='ocrx_word' id='word_1_470' title='bbox 541 2970 605 3019; x_wconf 89' lang='lat' dir='ltr'>qui</span> <span class='ocrx_word' id='word_1_471' title='bbox 635 2969 670 3007; x_wconf 89' lang='lat' dir='ltr'>in</span> <span class='ocrx_word' id='word_1_472' title='bbox 702 2982 813 3019; x_wconf 83' lang='lat' dir='ltr'>seqq.</span> <span class='ocrx_word' id='word_1_473' title='bbox 844 2969 944 3008; x_wconf 91' lang='lat' dir='ltr'>dice-</span> 
     </span>
     <span class='ocr_line' id='line_1_52' title="bbox 84 3020 943 3077; baseline 0.005 -17"><span class='ocrx_word' id='word_1_474' title='bbox 84 3020 153 3060; x_wconf 74' lang='lat' dir='ltr'>bat</span> <span class='ocrx_word' id='word_1_475' title='bbox 174 3023 272 3063; x_wconf 83' lang='lat' dir='ltr'>odio</span> <span class='ocrx_word' id='word_1_476' title='bbox 290 3025 496 3077; x_wconf 80' lang='lat' dir='ltr'>perfidiae</span> <span class='ocrx_word' id='word_1_477' title='bbox 527 3030 736 3071; x_wconf 80' lang='lat' dir='ltr'>nostrae,</span> <span class='ocrx_word' id='word_1_478' title='bbox 761 3039 943 3064; x_wconf 87' lang='lat' dir='ltr'>necessa-</span> 
     </span>
     <span class='ocr_line' id='line_1_53' title="bbox 85 3077 943 3133; baseline 0.008 -19"><span class='ocrx_word' id='word_1_479' title='bbox 85 3077 140 3116; x_wconf 88' lang='lat' dir='ltr'>rio</span> <span class='ocrx_word' id='word_1_480' title='bbox 170 3079 284 3118; x_wconf 83' lang='lat' dir='ltr'>etiam</span> <span class='ocrx_word' id='word_1_481' title='bbox 312 3081 355 3119; x_wconf 85' lang='lat' dir='ltr'>in</span> <span class='ocrx_word' id='word_1_482' title='bbox 381 3083 459 3121; x_wconf 75' lang='lat' dir='ltr'>vita</span> <span class='ocrx_word' id='word_1_483' title='bbox 486 3086 654 3121; x_wconf 78' lang='lat' dir='ltr'>nostra</span> <span class='ocrx_word' id='word_1_484' title='bbox 680 3081 810 3120; x_wconf 89' lang='lat' dir='ltr'>dicere</span> <span class='ocrx_word' id='word_1_485' title='bbox 835 3086 943 3133; x_wconf 89' lang='lat' dir='ltr'>pote-</span> 
     </span>
     <span class='ocr_line' id='line_1_54' title="bbox 85 3135 940 3191; baseline 0.009 -21"><span class='ocrx_word' id='word_1_486' title='bbox 85 3136 153 3178; x_wconf 74' lang='lat' dir='ltr'>rat,</span> <span class='ocrx_word' id='word_1_487' title='bbox 166 3138 207 3174; x_wconf 89' lang='lat' dir='ltr'>ut</span> <span class='ocrx_word' id='word_1_488' title='bbox 217 3135 417 3176; x_wconf 79' lang='lat' dir='ltr'>offensioni</span> <span class='ocrx_word' id='word_1_489' title='bbox 432 3137 526 3177; x_wconf 86' lang='lat' dir='ltr'>illud</span> <span class='ocrx_word' id='word_1_490' title='bbox 540 3151 750 3190; x_wconf 86' lang='lat' dir='ltr'>pronomen</span> <span class='ocrx_word' id='word_1_491' title='bbox 767 3153 841 3178; x_wconf 89' lang='lat' dir='ltr'>non</span> <span class='ocrx_word' id='word_1_492' title='bbox 856 3139 940 3191; x_wconf 64' lang='lat' dir='ltr'>sit]</span> 
     </span>
    </p>
   </div>
   <div class='ocr_carea' id='block_1_7' title="bbox 999 1223 1874 3197">
    <p class='ocr_par' dir='ltr' id='par_1_8' title="bbox 999 1223 1873 2179">
     <span class='ocr_line' id='line_1_55' title="bbox 1058 1223 1870 1274; baseline 0 -12"><span class='ocrx_word' id='word_1_493' title='bbox 1058 1237 1228 1274; x_wconf 79' lang='lat' dir='ltr'>asperae</span> <span class='ocrx_word' id='word_1_494' title='bbox 1254 1225 1349 1262; x_wconf 73' lang='lat' dir='ltr'>riae.</span> <span class='ocrx_word' id='word_1_495' title='bbox 1377 1223 1444 1261; x_wconf 86' lang='lat' dir='ltr'>Sic</span> <span class='ocrx_word' id='word_1_496' title='bbox 1467 1237 1541 1262; x_wconf 89' lang='lat' dir='ltr'>non</span> <span class='ocrx_word' id='word_1_497' title='bbox 1567 1223 1681 1262; x_wconf 89' lang='lat' dir='ltr'>modo</span> <span class='ocrx_word' id='word_1_498' title='bbox 1707 1223 1750 1262; x_wconf 92' lang='lat' dir='ltr'>F.</span> <span class='ocrx_word' id='word_1_499' title='bbox 1770 1228 1802 1264; x_wconf 91' lang='lat'>1.</span> <span class='ocrx_word' id='word_1_500' title='bbox 1819 1223 1870 1270; x_wconf 88' lang='grc'>3.,</span> 
     </span>
     <span class='ocr_line' id='line_1_56' title="bbox 1001 1279 1870 1319; baseline 0.001 -2"><span class='ocrx_word' id='word_1_501' title='bbox 1001 1279 1075 1317; x_wconf 86' lang='lat' dir='ltr'>sed</span> <span class='ocrx_word' id='word_1_502' title='bbox 1101 1293 1235 1317; x_wconf 85' lang='lat' dir='ltr'>onmes</span> <span class='ocrx_word' id='word_1_503' title='bbox 1264 1280 1415 1317; x_wconf 85' lang='lat' dir='ltr'>omnino</span> <span class='ocrx_word' id='word_1_504' title='bbox 1442 1280 1554 1318; x_wconf 86' lang='lat' dir='ltr'>codd.</span> <span class='ocrx_word' id='word_1_505' title='bbox 1581 1284 1619 1318; x_wconf 88' lang='lat' dir='ltr'>et</span> <span class='ocrx_word' id='word_1_506' title='bbox 1639 1279 1738 1318; x_wconf 85' lang='lat' dir='ltr'>Edd.</span> <span class='ocrx_word' id='word_1_507' title='bbox 1765 1280 1870 1319; x_wconf 82' lang='lat' dir='ltr'>exhi—</span> 
     </span>
     <span class='ocr_line' id='line_1_57' title="bbox 1001 1335 1870 1389; baseline 0.003 -16"><span class='ocrx_word' id='word_1_508' title='bbox 1001 1337 1093 1373; x_wconf 90' lang='lat' dir='ltr'>bent</span> <span class='ocrx_word' id='word_1_509' title='bbox 1117 1340 1206 1373; x_wconf 84' lang='lat' dir='ltr'>aute</span> <span class='ocrx_word' id='word_1_510' title='bbox 1230 1335 1478 1374; x_wconf 63' lang='lat' dir='ltr'>Vulcanium.</span> <span class='ocrx_word' id='word_1_511' title='bbox 1506 1338 1569 1387; x_wconf 86' lang='lat' dir='ltr'>qui</span> <span class='ocrx_word' id='word_1_512' title='bbox 1592 1350 1710 1389; x_wconf 77' lang='lat' dir='ltr'>prave</span> <span class='ocrx_word' id='word_1_513' title='bbox 1736 1350 1757 1374; x_wconf 91' lang='lat' dir='ltr'>e</span> <span class='ocrx_word' id='word_1_514' title='bbox 1783 1351 1870 1376; x_wconf 88' lang='lat' dir='ltr'>con-</span> 
     </span>
     <span class='ocr_line' id='line_1_58' title="bbox 1002 1392 1872 1444; baseline 0 -14"><span class='ocrx_word' id='word_1_515' title='bbox 1002 1393 1142 1430; x_wconf 85' lang='lat' dir='ltr'>iectura</span> <span class='ocrx_word' id='word_1_516' title='bbox 1168 1392 1318 1430; x_wconf 84' lang='lat' dir='ltr'>intrusit</span> <span class='ocrx_word' id='word_1_517' title='bbox 1343 1395 1573 1444; x_wconf 73' lang='lat' dir='ltr'>asperitate.</span> <span class='ocrx_word' id='word_1_518' title='bbox 1623 1392 1674 1431; x_wconf 82' lang='lat' dir='ltr'>Et</span> <span class='ocrx_word' id='word_1_519' title='bbox 1705 1396 1872 1444; x_wconf 86' lang='lat' dir='ltr'>possunt</span> 
     </span>
     <span class='ocr_line' id='line_1_59' title="bbox 1003 1448 1870 1501; baseline 0.003 -15"><span class='ocrx_word' id='word_1_520' title='bbox 1003 1448 1184 1487; x_wconf 80' lang='lat' dir='ltr'>facillime</span> <span class='ocrx_word' id='word_1_521' title='bbox 1210 1450 1311 1499; x_wconf 78' lang='lat' dir='ltr'>iungi</span> <span class='ocrx_word' id='word_1_522' title='bbox 1338 1463 1457 1488; x_wconf 73' lang='lat' dir='ltr'>tmere</span> <span class='ocrx_word' id='word_1_523' title='bbox 1484 1455 1671 1489; x_wconf 65' lang='lat' dir='ltr'>vecturae</span> <span class='ocrx_word' id='word_1_524' title='bbox 1695 1454 1734 1487; x_wconf 88' lang='lat' dir='ltr'>et</span> <span class='ocrx_word' id='word_1_525' title='bbox 1759 1464 1870 1501; x_wconf 80' lang='lat' dir='ltr'>aspe—</span> 
     </span>
     <span class='ocr_line' id='line_1_60' title="bbox 1003 1505 1871 1557; baseline 0.001 -13"><span class='ocrx_word' id='word_1_526' title='bbox 1003 1519 1072 1544; x_wconf 78' lang='lat' dir='ltr'>rae</span> <span class='ocrx_word' id='word_1_527' title='bbox 1103 1507 1206 1549; x_wconf 73' lang='lat' dir='ltr'>riae,</span> <span class='ocrx_word' id='word_1_528' title='bbox 1238 1506 1393 1557; x_wconf 84' lang='lat' dir='ltr'>proprio</span> <span class='ocrx_word' id='word_1_529' title='bbox 1424 1505 1571 1544; x_wconf 85' lang='lat' dir='ltr'>scilicet</span> <span class='ocrx_word' id='word_1_530' title='bbox 1602 1510 1641 1543; x_wconf 89' lang='lat' dir='ltr'>et</span> <span class='ocrx_word' id='word_1_531' title='bbox 1670 1506 1871 1557; x_wconf 85' lang='lat' dir='ltr'>metapho-</span> 
     </span>
     <span class='ocr_line' id='line_1_61' title="bbox 1000 1562 1871 1614; baseline 0.001 -15"><span class='ocrx_word' id='word_1_532' title='bbox 1000 1562 1080 1600; x_wconf 88' lang='lat' dir='ltr'>rico</span> <span class='ocrx_word' id='word_1_533' title='bbox 1114 1575 1235 1600; x_wconf 81' lang='lat' dir='ltr'>sensu</span> <span class='ocrx_word' id='word_1_534' title='bbox 1265 1566 1342 1600; x_wconf 85' lang='lat' dir='ltr'>tam</span> <span class='ocrx_word' id='word_1_535' title='bbox 1367 1563 1476 1600; x_wconf 76' lang='lat' dir='ltr'>vocis</span> <span class='ocrx_word' id='word_1_536' title='bbox 1505 1576 1620 1608; x_wconf 74' lang='lat' dir='ltr'>onus,</span> <span class='ocrx_word' id='word_1_537' title='bbox 1648 1576 1763 1613; x_wconf 88' lang='lat' dir='ltr'>quam</span> <span class='ocrx_word' id='word_1_538' title='bbox 1788 1576 1871 1614; x_wconf 87' lang='lat' dir='ltr'>par-</span> 
     </span>
     <span class='ocr_line' id='line_1_62' title="bbox 1001 1618 1870 1671; baseline 0.001 -15"><span class='ocrx_word' id='word_1_539' title='bbox 1001 1619 1119 1669; x_wconf 85' lang='lat' dir='ltr'>ticipii</span> <span class='ocrx_word' id='word_1_540' title='bbox 1143 1620 1330 1671; x_wconf 65' lang='lat' dir='ltr'>sssffyssff-</span> <span class='ocrx_word' id='word_1_541' title='bbox 1379 1618 1457 1656; x_wconf 62' lang='lat' dir='ltr'>Vel</span> <span class='ocrx_word' id='word_1_542' title='bbox 1483 1619 1602 1657; x_wconf 82' lang='lat' dir='ltr'>iunxit</span> <span class='ocrx_word' id='word_1_543' title='bbox 1632 1623 1764 1657; x_wconf 87' lang='lat' dir='ltr'>auctor</span> <span class='ocrx_word' id='word_1_544' title='bbox 1794 1633 1870 1657; x_wconf 92' lang='lat' dir='ltr'>rur-</span> 
     </span>
     <span class='ocr_line' id='line_1_63' title="bbox 999 1675 1872 1727; baseline 0.002 -15"><span class='ocrx_word' id='word_1_545' title='bbox 999 1688 1069 1713; x_wconf 90' lang='lat' dir='ltr'>sus</span> <span class='ocrx_word' id='word_1_546' title='bbox 1094 1675 1170 1713; x_wconf 90' lang='lat' dir='ltr'>duo</span> <span class='ocrx_word' id='word_1_547' title='bbox 1196 1688 1313 1713; x_wconf 86' lang='lat' dir='ltr'>casus</span> <span class='ocrx_word' id='word_1_548' title='bbox 1333 1676 1393 1714; x_wconf 91' lang='lat' dir='ltr'>uni</span> <span class='ocrx_word' id='word_1_549' title='bbox 1416 1676 1628 1727; x_wconf 82' lang='lat' dir='ltr'>participio,</span> <span class='ocrx_word' id='word_1_550' title='bbox 1648 1679 1688 1713; x_wconf 90' lang='lat' dir='ltr'>ut</span> <span class='ocrx_word' id='word_1_551' title='bbox 1707 1675 1872 1714; x_wconf 80' lang='lat' dir='ltr'>vidimus</span> 
     </span>
     <span class='ocr_line' id='line_1_64' title="bbox 1000 1730 1872 1785; baseline 0.002 -16"><span class='ocrx_word' id='word_1_552' title='bbox 1000 1731 1096 1770; x_wconf 81' lang='lat' dir='ltr'>Met.</span> <span class='ocrx_word' id='word_1_553' title='bbox 1123 1730 1168 1770; x_wconf 84' lang='lat' dir='ltr'>ll.</span> <span class='ocrx_word' id='word_1_554' title='bbox 1195 1745 1231 1782; x_wconf 89' lang='lat' dir='ltr'>p.</span> <span class='ocrx_word' id='word_1_555' title='bbox 1254 1734 1317 1772; x_wconf 85' lang='lat'>97.</span> <span class='ocrx_word' id='word_1_556' title='bbox 1343 1731 1444 1771; x_wconf 78' lang='lat' dir='ltr'>Nam</span> <span class='ocrx_word' id='word_1_557' title='bbox 1467 1734 1676 1785; x_wconf 71' lang='lat' dir='ltr'>fc1t1&#39;9atus</span> <span class='ocrx_word' id='word_1_558' title='bbox 1701 1736 1872 1771; x_wconf 81' lang='lat' dir='ltr'>constru-</span> 
     </span>
     <span class='ocr_line' id='line_1_65' title="bbox 1000 1787 1873 1838; baseline 0.001 -12"><span class='ocrx_word' id='word_1_559' title='bbox 1000 1788 1055 1826; x_wconf 80' lang='lat' dir='ltr'>xit</span> <span class='ocrx_word' id='word_1_560' title='bbox 1068 1787 1262 1838; x_wconf 81' lang='lat' dir='ltr'>Apuleius</span> <span class='ocrx_word' id='word_1_561' title='bbox 1288 1802 1372 1826; x_wconf 88' lang='lat' dir='ltr'>cum</span> <span class='ocrx_word' id='word_1_562' title='bbox 1399 1789 1571 1827; x_wconf 87' lang='lat' dir='ltr'>secundo</span> <span class='ocrx_word' id='word_1_563' title='bbox 1592 1793 1631 1826; x_wconf 88' lang='lat' dir='ltr'>et</span> <span class='ocrx_word' id='word_1_564' title='bbox 1649 1793 1763 1827; x_wconf 86' lang='lat' dir='ltr'>sexto</span> <span class='ocrx_word' id='word_1_565' title='bbox 1779 1802 1873 1827; x_wconf 87' lang='lat' dir='ltr'>casu</span> 
     </span>
     <span class='ocr_line' id='line_1_66' title="bbox 1002 1843 1870 1897; baseline 0 -14"><span class='ocrx_word' id='word_1_566' title='bbox 1002 1843 1048 1883; x_wconf 88' lang='lat' dir='ltr'>cf.</span> <span class='ocrx_word' id='word_1_567' title='bbox 1075 1844 1170 1882; x_wconf 72' lang='lat' dir='ltr'>Met.</span> <span class='ocrx_word' id='word_1_568' title='bbox 1197 1843 1244 1882; x_wconf 91' lang='lat' dir='ltr'>ll.</span> <span class='ocrx_word' id='word_1_569' title='bbox 1270 1858 1306 1895; x_wconf 88' lang='lat' dir='ltr'>p.</span> <span class='ocrx_word' id='word_1_570' title='bbox 1338 1849 1427 1884; x_wconf 88' lang='grc'>171.</span> <span class='ocrx_word' id='word_1_571' title='bbox 1452 1844 1520 1883; x_wconf 68' lang='lat' dir='ltr'>IV.</span> <span class='ocrx_word' id='word_1_572' title='bbox 1545 1859 1581 1896; x_wconf 89' lang='lat' dir='ltr'>p.</span> <span class='ocrx_word' id='word_1_573' title='bbox 1609 1849 1701 1886; x_wconf 78' lang='lat'>246.</span> <span class='ocrx_word' id='word_1_574' title='bbox 1752 1844 1870 1897; x_wconf 86' lang='lat' dir='ltr'>[Puto</span> 
     </span>
     <span class='ocr_line' id='line_1_67' title="bbox 1003 1901 1872 1952; baseline 0 -13"><span class='ocrx_word' id='word_1_575' title='bbox 1003 1914 1182 1952; x_wconf 80' lang='lat' dir='ltr'>graecam</span> <span class='ocrx_word' id='word_1_576' title='bbox 1209 1914 1300 1938; x_wconf 89' lang='lat' dir='ltr'>esse</span> <span class='ocrx_word' id='word_1_577' title='bbox 1325 1903 1646 1939; x_wconf 87' lang='lat' dir='ltr'>constructionem</span> <span class='ocrx_word' id='word_1_578' title='bbox 1673 1901 1721 1939; x_wconf 85' lang='lat' dir='ltr'>ad</span> <span class='ocrx_word' id='word_1_579' title='bbox 1740 1901 1872 1941; x_wconf 87' lang='lat' dir='ltr'>analo-</span> 
     </span>
     <span class='ocr_line' id='line_1_68' title="bbox 1005 1957 1873 2009; baseline 0.001 -15"><span class='ocrx_word' id='word_1_580' title='bbox 1005 1958 1105 2007; x_wconf 77' lang='lat' dir='ltr'>giam</span> <span class='ocrx_word' id='word_1_581' title='bbox 1141 1957 1344 1995; x_wconf 74' lang='lat' dir='ltr'>verborum</span> <span class='ocrx_word' id='word_1_582' title='bbox 1368 1958 1568 2003; x_wconf 76' lang='lat' dir='ltr'>satiandi,</span> <span class='ocrx_word' id='word_1_583' title='bbox 1606 1958 1804 2009; x_wconf 76' lang='lat' dir='ltr'>implendi</span> <span class='ocrx_word' id='word_1_584' title='bbox 1834 1961 1873 1996; x_wconf 85' lang='lat' dir='ltr'>et</span> 
     </span>
     <span class='ocr_line' id='line_1_69' title="bbox 1003 2013 1873 2065; baseline 0.001 -13"><span class='ocrx_word' id='word_1_585' title='bbox 1003 2014 1143 2058; x_wconf 69' lang='lat' dir='ltr'>taedii,</span> <span class='ocrx_word' id='word_1_586' title='bbox 1170 2027 1402 2064; x_wconf 87' lang='lat' dir='ltr'>quamquam</span> <span class='ocrx_word' id='word_1_587' title='bbox 1417 2027 1488 2052; x_wconf 91' lang='lat' dir='ltr'>nec</span> <span class='ocrx_word' id='word_1_588' title='bbox 1507 2013 1609 2065; x_wconf 87' lang='lat' dir='ltr'>apud</span> <span class='ocrx_word' id='word_1_589' title='bbox 1622 2013 1786 2053; x_wconf 88' lang='lat' dir='ltr'>Latinos</span> <span class='ocrx_word' id='word_1_590' title='bbox 1801 2028 1873 2053; x_wconf 87' lang='lat' dir='ltr'>nec</span> 
     </span>
     <span class='ocr_line' id='line_1_70' title="bbox 1004 2069 1871 2121; baseline 0.002 -13"><span class='ocrx_word' id='word_1_591' title='bbox 1004 2070 1180 2108; x_wconf 85' lang='lat' dir='ltr'>Graecos</span> <span class='ocrx_word' id='word_1_592' title='bbox 1206 2069 1448 2121; x_wconf 81' lang='lat' dir='ltr'>exemplum,</span> <span class='ocrx_word' id='word_1_593' title='bbox 1479 2070 1583 2121; x_wconf 90' lang='lat' dir='ltr'>quod</span> <span class='ocrx_word' id='word_1_594' title='bbox 1609 2076 1789 2109; x_wconf 86' lang='lat' dir='ltr'>accurate</span> <span class='ocrx_word' id='word_1_595' title='bbox 1814 2084 1871 2109; x_wconf 89' lang='lat' dir='ltr'>re-</span> 
     </span>
     <span class='ocr_line' id='line_1_71' title="bbox 1003 2126 1635 2179; baseline 0.002 -16"><span class='ocrx_word' id='word_1_596' title='bbox 1003 2126 1216 2177; x_wconf 79' lang='lat' dir='ltr'>spondeat,</span> <span class='ocrx_word' id='word_1_597' title='bbox 1242 2127 1411 2164; x_wconf 82' lang='lat' dir='ltr'>invenire</span> <span class='ocrx_word' id='word_1_598' title='bbox 1435 2128 1635 2179; x_wconf 77' lang='lat' dir='ltr'>possum]</span> 
     </span>
    </p>

    <p class='ocr_par' dir='ltr' id='par_1_9' title="bbox 1000 2183 1874 3197">
     <span class='ocr_line' id='line_1_72' title="bbox 1061 2183 1871 2236; baseline 0.004 -16"><span class='ocrx_word' id='word_1_599' title='bbox 1061 2183 1189 2221; x_wconf 80' lang='lat' dir='ltr'>tribus</span> <span class='ocrx_word' id='word_1_600' title='bbox 1204 2184 1391 2223; x_wconf 69' lang='lat' dir='ltr'>comitum</span> <span class='ocrx_word' id='word_1_601' title='bbox 1406 2183 1590 2236; x_wconf 73' lang='lat' dir='ltr'>defectis.</span> <span class='ocrx_word' id='word_1_602' title='bbox 1607 2183 1871 2235; x_wconf 84' lang='lat' dir='ltr'>[Hancemen-</span> 
     </span>
     <span class='ocr_line' id='line_1_73' title="bbox 1004 2238 1871 2290; baseline 0.003 -14"><span class='ocrx_word' id='word_1_603' title='bbox 1004 2238 1218 2284; x_wconf 78' lang='lat' dir='ltr'>dationem,</span> <span class='ocrx_word' id='word_1_604' title='bbox 1245 2252 1346 2289; x_wconf 89' lang='lat' dir='ltr'>quae</span> <span class='ocrx_word' id='word_1_605' title='bbox 1371 2239 1685 2290; x_wconf 80' lang='lat' dir='ltr'>probabilissima</span> <span class='ocrx_word' id='word_1_606' title='bbox 1710 2240 1871 2287; x_wconf 75' lang='lat' dir='ltr'>videtur,</span> 
     </span>
     <span class='ocr_line' id='line_1_74' title="bbox 1007 2296 1871 2347; baseline 0.002 -15"><span class='ocrx_word' id='word_1_607' title='bbox 1007 2296 1041 2332; x_wconf 90' lang='lat' dir='ltr'>in</span> <span class='ocrx_word' id='word_1_608' title='bbox 1073 2299 1221 2333; x_wconf 82' lang='lat' dir='ltr'>textum</span> <span class='ocrx_word' id='word_1_609' title='bbox 1250 2296 1422 2347; x_wconf 87' lang='lat' dir='ltr'>recipere</span> <span class='ocrx_word' id='word_1_610' title='bbox 1454 2309 1501 2334; x_wconf 89' lang='lat' dir='ltr'>eo</span> <span class='ocrx_word' id='word_1_611' title='bbox 1533 2297 1658 2335; x_wconf 87' lang='lat' dir='ltr'>minus</span> <span class='ocrx_word' id='word_1_612' title='bbox 1688 2297 1871 2343; x_wconf 83' lang='lat' dir='ltr'>dubitavi,</span> 
     </span>
     <span class='ocr_line' id='line_1_75' title="bbox 1006 2351 1871 2405; baseline 0.006 -17"><span class='ocrx_word' id='word_1_613' title='bbox 1006 2351 1111 2402; x_wconf 89' lang='lat' dir='ltr'>quod</span> <span class='ocrx_word' id='word_1_614' title='bbox 1133 2351 1247 2389; x_wconf 90' lang='lat' dir='ltr'>lectio</span> <span class='ocrx_word' id='word_1_615' title='bbox 1263 2352 1505 2392; x_wconf 76' lang='lat' dir='ltr'>desideratis</span> <span class='ocrx_word' id='word_1_616' title='bbox 1522 2354 1557 2391; x_wconf 89' lang='lat' dir='ltr'>in</span> <span class='ocrx_word' id='word_1_617' title='bbox 1571 2354 1777 2405; x_wconf 86' lang='lat' dir='ltr'>perpaucis</span> <span class='ocrx_word' id='word_1_618' title='bbox 1792 2358 1871 2393; x_wconf 88' lang='lat' dir='ltr'>tan-</span> 
     </span>
     <span class='ocr_line' id='line_1_76' title="bbox 1002 2408 1874 2460; baseline 0.005 -15"><span class='ocrx_word' id='word_1_619' title='bbox 1002 2411 1083 2446; x_wconf 82' lang='lat' dir='ltr'>tum</span> <span class='ocrx_word' id='word_1_620' title='bbox 1109 2408 1220 2446; x_wconf 90' lang='lat' dir='ltr'>codd.</span> <span class='ocrx_word' id='word_1_621' title='bbox 1242 2409 1352 2447; x_wconf 75' lang='lat' dir='ltr'>obvia</span> <span class='ocrx_word' id='word_1_622' title='bbox 1368 2409 1543 2460; x_wconf 82' lang='lat' dir='ltr'>glossam</span> <span class='ocrx_word' id='word_1_623' title='bbox 1556 2410 1724 2456; x_wconf 76' lang='lat' dir='ltr'>redolet,</span> <span class='ocrx_word' id='word_1_624' title='bbox 1750 2410 1874 2449; x_wconf 84' lang='lat' dir='ltr'>altera</span> 
     </span>
     <span class='ocr_line' id='line_1_77' title="bbox 1003 2465 1870 2517; baseline 0.007 -17"><span class='ocrx_word' id='word_1_625' title='bbox 1003 2477 1094 2501; x_wconf 80' lang='lat' dir='ltr'>vero</span> <span class='ocrx_word' id='word_1_626' title='bbox 1121 2465 1288 2504; x_wconf 75' lang='lat' dir='ltr'>desertis</span> <span class='ocrx_word' id='word_1_627' title='bbox 1308 2465 1410 2503; x_wconf 88' lang='lat' dir='ltr'>nullo</span> <span class='ocrx_word' id='word_1_628' title='bbox 1426 2466 1540 2504; x_wconf 87' lang='lat' dir='ltr'>modo</span> <span class='ocrx_word' id='word_1_629' title='bbox 1557 2466 1712 2505; x_wconf 84' lang='lat' dir='ltr'>defendi</span> <span class='ocrx_word' id='word_1_630' title='bbox 1728 2470 1870 2517; x_wconf 80' lang='lat' dir='ltr'>potest.</span> 
     </span>
     <span class='ocr_line' id='line_1_78' title="bbox 1003 2519 1871 2571; baseline 0.005 -14"><span class='ocrx_word' id='word_1_631' title='bbox 1003 2519 1144 2571; x_wconf 74' lang='lat' dir='ltr'>Neque</span> <span class='ocrx_word' id='word_1_632' title='bbox 1175 2522 1276 2559; x_wconf 89' lang='lat' dir='ltr'>enim</span> <span class='ocrx_word' id='word_1_633' title='bbox 1309 2522 1458 2561; x_wconf 76' lang='lat' dir='ltr'>deserti</span> <span class='ocrx_word' id='word_1_634' title='bbox 1481 2528 1571 2561; x_wconf 88' lang='lat' dir='ltr'>sunt</span> <span class='ocrx_word' id='word_1_635' title='bbox 1595 2524 1732 2560; x_wconf 88' lang='lat' dir='ltr'>mortui</span> <span class='ocrx_word' id='word_1_636' title='bbox 1759 2521 1871 2562; x_wconf 83' lang='lat' dir='ltr'>latro-</span> 
     </span>
     <span class='ocr_line' id='line_1_79' title="bbox 1004 2577 1871 2629; baseline 0.003 -14"><span class='ocrx_word' id='word_1_637' title='bbox 1004 2590 1076 2615; x_wconf 86' lang='lat' dir='ltr'>nes</span> <span class='ocrx_word' id='word_1_638' title='bbox 1101 2577 1174 2616; x_wconf 80' lang='lat' dir='ltr'>sed</span> <span class='ocrx_word' id='word_1_639' title='bbox 1204 2579 1349 2616; x_wconf 83' lang='lat' dir='ltr'>amissi.</span> <span class='ocrx_word' id='word_1_640' title='bbox 1399 2578 1491 2616; x_wconf 64' lang='lat' dir='ltr'>veri</span> <span class='ocrx_word' id='word_1_641' title='bbox 1524 2579 1615 2629; x_wconf 84' lang='lat' dir='ltr'>quid</span> <span class='ocrx_word' id='word_1_642' title='bbox 1647 2578 1750 2617; x_wconf 88' lang='lat' dir='ltr'>Oud.</span> <span class='ocrx_word' id='word_1_643' title='bbox 1780 2580 1871 2618; x_wconf 91' lang='lat' dir='ltr'>sub-</span> 
     </span>
     <span class='ocr_line' id='line_1_80' title="bbox 1005 2633 1870 2687; baseline 0.005 -16"><span class='ocrx_word' id='word_1_644' title='bbox 1005 2633 1188 2672; x_wconf 81' lang='lat' dir='ltr'>odoratus</span> <span class='ocrx_word' id='word_1_645' title='bbox 1201 2638 1275 2679; x_wconf 78' lang='lat' dir='ltr'>est,</span> <span class='ocrx_word' id='word_1_646' title='bbox 1302 2635 1457 2687; x_wconf 79' lang='lat' dir='ltr'>desecti</span> <span class='ocrx_word' id='word_1_647' title='bbox 1469 2636 1626 2675; x_wconf 79' lang='lat' dir='ltr'>seilicet</span> <span class='ocrx_word' id='word_1_648' title='bbox 1650 2649 1672 2672; x_wconf 91' lang='lat' dir='ltr'>e</span> <span class='ocrx_word' id='word_1_649' title='bbox 1692 2649 1870 2687; x_wconf 88' lang='lat' dir='ltr'>compen-</span> 
     </span>
     <span class='ocr_line' id='line_1_81' title="bbox 1004 2689 1870 2744; baseline 0.002 -16"><span class='ocrx_word' id='word_1_650' title='bbox 1004 2689 1067 2728; x_wconf 90' lang='lat' dir='ltr'>dio</span> <span class='ocrx_word' id='word_1_651' title='bbox 1094 2691 1248 2742; x_wconf 83' lang='lat' dir='ltr'>defecti</span> <span class='ocrx_word' id='word_1_652' title='bbox 1271 2706 1298 2730; x_wconf 90' lang='lat' dir='ltr'>s.</span> <span class='ocrx_word' id='word_1_653' title='bbox 1315 2692 1532 2730; x_wconf 89' lang='lat' dir='ltr'>coniiciens.</span> <span class='ocrx_word' id='word_1_654' title='bbox 1559 2692 1758 2744; x_wconf 77' lang='lat' dir='ltr'>Defectus</span> <span class='ocrx_word' id='word_1_655' title='bbox 1780 2706 1870 2731; x_wconf 77' lang='lat' dir='ltr'>vero</span> 
     </span>
     <span class='ocr_line' id='line_1_82' title="bbox 1003 2746 1869 2800; baseline 0.007 -17"><span class='ocrx_word' id='word_1_656' title='bbox 1003 2746 1105 2784; x_wconf 88' lang='lat' dir='ltr'>idem</span> <span class='ocrx_word' id='word_1_657' title='bbox 1137 2760 1248 2793; x_wconf 73' lang='lat' dir='ltr'>esse,</span> <span class='ocrx_word' id='word_1_658' title='bbox 1283 2747 1386 2798; x_wconf 86' lang='lat' dir='ltr'>quod</span> <span class='ocrx_word' id='word_1_659' title='bbox 1413 2749 1621 2800; x_wconf 70' lang='lat' dir='ltr'>deficiens,</span> <span class='ocrx_word' id='word_1_660' title='bbox 1646 2750 1869 2800; x_wconf 76' lang='lat' dir='ltr'>confectus,</span> 
     </span>
     <span class='ocr_line' id='line_1_83' title="bbox 1005 2804 1872 2856; baseline 0.001 -16"><span class='ocrx_word' id='word_1_661' title='bbox 1005 2807 1193 2848; x_wconf 77' lang='lat' dir='ltr'>mortuus,</span> <span class='ocrx_word' id='word_1_662' title='bbox 1204 2804 1395 2855; x_wconf 79' lang='lat' dir='ltr'>perditus</span> <span class='ocrx_word' id='word_1_663' title='bbox 1409 2804 1589 2855; x_wconf 80' lang='lat' dir='ltr'>exempla</span> <span class='ocrx_word' id='word_1_664' title='bbox 1604 2805 1754 2850; x_wconf 55' lang='lat' dir='ltr'>docent</span> <span class='ocrx_word' id='word_1_665' title='bbox 1770 2819 1872 2856; x_wconf 83' lang='lat' dir='ltr'>quae</span> 
     </span>
     <span class='ocr_line' id='line_1_84' title="bbox 1005 2858 1872 2911; baseline 0.007 -16"><span class='ocrx_word' id='word_1_666' title='bbox 1005 2858 1114 2910; x_wconf 85' lang='lat' dir='ltr'>plura</span> <span class='ocrx_word' id='word_1_667' title='bbox 1138 2860 1314 2898; x_wconf 86' lang='lat' dir='ltr'>adiiciam</span> <span class='ocrx_word' id='word_1_668' title='bbox 1339 2860 1387 2898; x_wconf 86' lang='lat' dir='ltr'>ad</span> <span class='ocrx_word' id='word_1_669' title='bbox 1412 2860 1507 2899; x_wconf 71' lang='lat' dir='ltr'>Met.</span> <span class='ocrx_word' id='word_1_670' title='bbox 1538 2861 1584 2899; x_wconf 71' lang='lat' dir='ltr'>V.</span> <span class='ocrx_word' id='word_1_671' title='bbox 1609 2874 1646 2911; x_wconf 86' lang='lat' dir='ltr'>p.</span> <span class='ocrx_word' id='word_1_672' title='bbox 1672 2863 1766 2901; x_wconf 83' lang='lat'>361.</span> <span class='ocrx_word' id='word_1_673' title='bbox 1790 2861 1872 2901; x_wconf 82' lang='lat' dir='ltr'>¹Hic</span> 
     </span>
     <span class='ocr_line' id='line_1_85' title="bbox 1003 2915 1870 2959; baseline 0.002 -6"><span class='ocrx_word' id='word_1_674' title='bbox 1003 2915 1170 2954; x_wconf 83' lang='lat' dir='ltr'>sufficiat</span> <span class='ocrx_word' id='word_1_675' title='bbox 1204 2917 1373 2954; x_wconf 69' lang='lat' dir='ltr'>excitare</span> <span class='ocrx_word' id='word_1_676' title='bbox 1402 2916 1492 2955; x_wconf 62' lang='lat' dir='ltr'>Yal.</span> <span class='ocrx_word' id='word_1_677' title='bbox 1528 2916 1658 2955; x_wconf 86' lang='lat' dir='ltr'>Flacc.</span> <span class='ocrx_word' id='word_1_678' title='bbox 1694 2915 1739 2956; x_wconf 90' lang='lat' dir='ltr'>ll.</span> <span class='ocrx_word' id='word_1_679' title='bbox 1778 2922 1870 2959; x_wconf 84' lang='lat'>489.</span> 
     </span>
     <span class='ocr_line' id='line_1_86' title="bbox 1005 2972 1870 3027; baseline 0.006 -17"><span class='ocrx_word' id='word_1_680' title='bbox 1005 2972 1247 3024; x_wconf 77' lang='lat' dir='ltr'>defectaque</span> <span class='ocrx_word' id='word_1_681' title='bbox 1284 2973 1493 3025; x_wconf 72' lang='lat' dir='ltr'>Peryama</span> <span class='ocrx_word' id='word_1_682' title='bbox 1533 2974 1723 3012; x_wconf 73' lang='lat' dir='ltr'>monstris</span> <span class='ocrx_word' id='word_1_683' title='bbox 1758 2976 1870 3027; x_wconf 77' lang='lat' dir='ltr'>eripe-</span> 
     </span>
     <span class='ocr_line' id='line_1_87' title="bbox 1000 3028 1871 3082; baseline 0.007 -17"><span class='ocrx_word' id='word_1_684' title='bbox 1000 3028 1066 3065; x_wconf 81' lang='lat' dir='ltr'>ubi</span> <span class='ocrx_word' id='word_1_685' title='bbox 1090 3028 1190 3066; x_wconf 84' lang='lat' dir='ltr'>idem</span> <span class='ocrx_word' id='word_1_686' title='bbox 1218 3029 1328 3067; x_wconf 85' lang='lat' dir='ltr'>codd.</span> <span class='ocrx_word' id='word_1_687' title='bbox 1350 3029 1495 3067; x_wconf 75' lang='lat' dir='ltr'>variant</span> <span class='ocrx_word' id='word_1_688' title='bbox 1519 3030 1616 3067; x_wconf 90' lang='lat' dir='ltr'>inter</span> <span class='ocrx_word' id='word_1_689' title='bbox 1640 3030 1805 3082; x_wconf 81' lang='lat' dir='ltr'>desecta</span> <span class='ocrx_word' id='word_1_690' title='bbox 1832 3036 1871 3071; x_wconf 86' lang='lat' dir='ltr'>et</span> 
     </span>
     <span class='ocr_line' id='line_1_88' title="bbox 1002 3084 1869 3127; baseline 0.006 -5"><span class='ocrx_word' id='word_1_691' title='bbox 1002 3084 1171 3124; x_wconf 77' lang='lat' dir='ltr'>deserta.</span> <span class='ocrx_word' id='word_1_692' title='bbox 1221 3085 1319 3123; x_wconf 82' lang='lat' dir='ltr'>Stat.</span> <span class='ocrx_word' id='word_1_693' title='bbox 1346 3084 1469 3123; x_wconf 79' lang='lat' dir='ltr'>Theb.</span> <span class='ocrx_word' id='word_1_694' title='bbox 1486 3085 1698 3127; x_wconf 73' lang='lat' dir='ltr'>V111.648.</span> <span class='ocrx_word' id='word_1_695' title='bbox 1723 3087 1772 3126; x_wconf 86' lang='lat' dir='ltr'>(le</span> <span class='ocrx_word' id='word_1_696' title='bbox 1789 3102 1869 3127; x_wconf 91' lang='lat' dir='ltr'>mo-</span> 
     </span>
     <span class='ocr_line' id='line_1_89' title="bbox 1000 3141 1869 3197; baseline 0.007 -18"><span class='ocrx_word' id='word_1_697' title='bbox 1000 3141 1161 3180; x_wconf 89' lang='lat' dir='ltr'>ribundo</span> <span class='ocrx_word' id='word_1_698' title='bbox 1187 3141 1287 3192; x_wconf 75' lang='lat' dir='ltr'>Aty:</span> <span class='ocrx_word' id='word_1_699' title='bbox 1314 3142 1372 3180; x_wconf 84' lang='lat' dir='ltr'>ad</span> <span class='ocrx_word' id='word_1_700' title='bbox 1395 3156 1536 3181; x_wconf 78' lang='lat' dir='ltr'>nomen</span> <span class='ocrx_word' id='word_1_701' title='bbox 1562 3144 1666 3183; x_wconf 76' lang='lat' dir='ltr'>visus</span> <span class='ocrx_word' id='word_1_702' title='bbox 1690 3144 1869 3197; x_wconf 79' lang='lat' dir='ltr'>defecta-</span> 
     </span>
    </p>
   </div>
  </div>
 </body>
</html>
