2155 3590
751 106 781 145 C
806 108 842 145 A
866 106 899 145 P
924 106 959 144 U
985 104 1018 143 T
1077 103 1152 142 ΙΙΙ.
1711 113 1855 138 Lxxxv

58 223 236 263 Oudend.
267 222 432 260 Merceri
463 218 564 258 Edit.
596 218 720 258 Paris.
757 223 895 265 1601„
932 230 1046 270 quam
1081 216 1173 254 mihi
1213 215 1317 252 clare
1347 213 1526 265 apparuit
1551 212 1730 251 eamdem
1763 225 1857 249 esse

59 294 172 331 quam
206 278 378 316 Vulcanii
409 277 570 329 primam
601 275 751 313 dixerat
781 275 890 321 alibi,
919 288 993 313 nos
1017 272 1196 311 Vulcanii
1221 271 1371 309 tertiam
1397 269 1599 307 dicendam
1625 268 1856 319 putavimus.

58 336 187 374 Habet
211 347 366 385 quoque
391 334 489 371 haec
514 332 588 371 Ed.
612 332 897 369 dedicationem
923 330 1074 369 Theod.
1101 329 1265 367 Cantero
1291 327 1530 377 inscriptam,
1564 338 1677 374 quam
1704 325 1753 362 ab
1780 324 1857 361 edi-

59 397 140 430 tore
165 390 377 429 parisiensi
408 390 589 427 reiectam
620 400 732 433 esse,
762 391 894 425 monet
924 387 1052 425 Burm.
1087 385 1108 423 l.
1135 399 1165 423 c.
1226 383 1306 421 Sed
1341 382 1416 420 alia
1447 394 1604 431 quoque
1634 380 1706 418 Ed.
1733 379 1858 418 Paris,

58 449 133 487 hoc
162 461 261 485 anno
292 446 448 497 prodiit:
481 457 581 494 quae
605 445 640 481 in
666 443 767 481 Bibl.
794 443 1029 489 Rtjveriana,
1059 441 1163 480 Part.
1188 440 1233 478 ll.
1258 453 1295 490 p.
1322 443 1415 479 308.
1442 438 1517 475 hoc
1540 437 1651 475 titulo
1682 449 1858 474 recense-

57 509 130 542 tur:
155 502 204 542 L.
229 501 402 553 Apuleii
435 515 561 552 opera
589 501 721 538 omnia
749 514 851 551 qnae
876 504 1054 545 exstant,
1086 512 1106 537 e
1132 498 1274 549 quibus
1298 493 1582 545 Philosophia-i
1617 493 1733 530 Libri
1757 507 1857 530 men-

58 562 122 599 dis
147 559 374 610 expurgyati
399 563 437 596 et
460 558 572 595 ancti
594 570 670 607 per
698 556 750 595 B.
787 556 1034 595 Valcaninm.
1060 552 1248 593 Lutetiae
1272 549 1423 597 Paris„
1449 548 1644 589 Michael
1669 549 1859 593 Sonnias,

61 620 178 656 1601.
238 615 379 652 Mirum
412 627 508 651 sane
538 613 715 650 videatur
746 612 807 649 bis
833 612 971 649 eodem
998 625 1096 649 anno
1125 609 1285 647 Parisiis
1311 607 1454 645 editum
1487 606 1611 643 fuisse
1636 605 1860 656 Apuleium,

56 672 120 722 qui
146 672 259 709 etiam
288 670 460 721 proximo
488 682 587 706 aimo
613 669 647 705 in
675 668 812 705 eadem
838 669 934 706 urbe
960 667 1083 706 fuerat
1108 666 1254 704 editus:
1286 665 1320 703 si
1347 677 1423 714 qua
1447 663 1545 701 fides
1571 661 1860 711 Oudendorpio,

57 728 297 772 Burmanno,
323 725 569 763 Ruhnkeuio.
595 725 686 763 Yid.
711 738 840 775 supra.

170 809 288 845 1604.
338 803 505 854 Apuleii
530 817 658 855 opera
674 800 1052 842 o.I’lzil.Beroal1li
1077 805 1282 840 comment.
1310 801 1351 838 in
1377 799 1475 837 asin.
1497 811 1587 837 aur.
1607 801 1645 835 et
1661 796 1860 835 Godeselz.

56 862 267 901 Steweclzii
294 860 594 913 quaestionibus
620 865 656 898 et
682 859 941 904 coniecturis,
975 862 999 899 2
1025 857 1113 895 Vol.
1140 862 1164 897 8
1190 856 1317 907 Lugd.
1343 855 1434 906 Hug
1467 868 1489 893 a
1515 853 1632 892 Porta
1662 852 1862 903 Repetitio

56 919 117 958 ed.
143 920 247 956 Aun.
281 921 398 957 1587.

173 1000 291 1036 1606.
351 993 400 1033 L.
438 992 615 1046 Apuleii
651 992 945 1033 Maclaurensis
980 991 1188 1031 Platonici
1228 1005 1355 1043 opera
1391 988 1507 1029 Ioan.
1541 1003 1567 1027 a
1598 989 1777 1028 Wouuer
1807 987 1864 1025 ml

58 1059 228 1092 veterum
263 1053 457 1090 librorum
487 1051 606 1101 fidem
638 1051 852 1095 recensuit,
885 1051 1052 1101 infinitis
1084 1049 1185 1087 locis
1217 1048 1460 1091 emendavit,
1492 1045 1701 1084 nonnullis
1732 1045 1863 1083 auxit.

56 1108 127 1148 Es
153 1108 418 1159 Bibliopolio
445 1107 714 1145 Frobeniano.
745 1103 900 1145 CUI.)
912 1103 1020 1144 CVI.
1051 1110 1114 1145 12.
1143 1126 1193 1131 -
1220 1104 1282 1141 Ad
1305 1103 1462 1154 Apuleii
1487 1105 1707 1139 contextum
1735 1113 1864 1137 emen-

59 1165 226 1202 dandum
257 1179 330 1201 non
363 1164 522 1202 multum
554 1162 713 1200 contulit
742 1162 965 1199 NVowerius
996 1165 1034 1198 et
1064 1161 1225 1199 aliorum
1257 1160 1552 1197 emendationes
1577 1172 1650 1195 non
1676 1170 1762 1194 raro
1789 1156 1865 1193 sibi

56 1221 280 1259 vindicavit:
316 1220 389 1257 sed
425 1221 592 1257 omnium
630 1218 923 1256 accuratissime
954 1217 1004 1255 de
1034 1217 1204 1255 auctoris
1236 1217 1315 1253 vita
1340 1221 1380 1253 et
1404 1216 1558 1267 scriptis
1584 1215 1664 1265 egit
1694 1213 1730 1250 in
1755 1225 1864 1263 prae·

57 1278 216 1316 satione.

174 1359 291 1397 1606.
350 1353 613 1397 Francosurti‚
643 1357 704 1393 12.
762 1350 1004 1405 Ἀιέχόμειός
1029 1365 1114 1390 cum
1140 1350 1331 1402 Priapeiis
1353 1349 1471 1400 Casp.
1494 1348 1689 1400 Scioppii,
1714 1351 1753 1385 et
1778 1360 1808 1385 c.
1829 1361 1864 1385 n.

56 1426 157 1451 varr.

173 1494 292 1531 1607.
350 1489 548 1542 Apologia
572 1489 649 1526 hoc
673 1502 773 1526 anno
800 1501 885 1525 cum
909 1488 1011 1525 notis
1041 1485 1335 1535 Heidelbergae
1359 1498 1383 1522 a
1407 1483 1548 1522 Ioanne
1562 1482 1736 1521 Mem-sio
1762 1482 1865 1519 edita

57 1547 197 1599 legitur
226 1548 261 1585 in
293 1547 381 1584 Act.
415 1545 525 1596 Lips.
555 1559 603 1583 m.
635 1544 757 1595 April.
795 1548 913 1584 1736.
973 1543 1153 1593 Lugduni
1180 1542 1415 1581 Batavorum
1442 1540 1517 1578 hoc
1540 1554 1640 1577 anno
1671 1538 1867 1589 prodiisse

59 1604 220 1643 Meursii
254 1603 492 1648 Editionem,
524 1605 655 1639 monet
684 1599 977 1638 Hallewordius
1008 1599 1108 1637 Bihl.
1137 1598 1297 1636 furiosa
1326 1612 1361 1635 v.
1388 1597 1506 1648 Apul.
1567 1596 1647 1633 Sed
1673 1608 1865 1644 nunquam

59 1661 238 1712 equidem
270 1672 291 1697 a
318 1659 494 1697 Mem-sio
522 1658 676 1709 Apuleii
708 1658 826 1694 ullam
859 1661 1004 1707 partem
1041 1656 1182 1693 editam
1215 1655 1344 1692 credo,
1404 1653 1518 1691 Error
1543 1652 1632 1690 inde
1659 1655 1765 1689 ortus
1791 1655 1865 1689 est.

59 1718 164 1768 quod
190 1717 264 1754 hoe
288 1729 388 1754 anno
413 1715 612 1753 Meursius
639 1714 810 1756 Scipioni
839 1713 982 1751 Gentili
1008 1712 1231 1763 Apologiae
1257 1711 1464 1748 editionem
1490 1709 1637 1760 paranti
1669 1708 1774 1744 misit
1798 1721 1866 1758 per

59 1773 287 1824 epistolam,
320 1772 449 1810 datam
480 1770 674 1822 Altorphii
706 1769 935 1807 Noricorum
966 1769 1126 1820 postrid.
1157 1768 1261 1805 Nm..
1290 1767 1367 1805 lun.
1394 1764 1665 1809 CULMWH„
1698 1763 1865 1802 animad-

57 1831 261 1868 versiones
286 1842 435 1880 paucas
460 1828 587 1876 exigui
612 1840 710 1865 sane
735 1826 863 1877 pretii,
890 1839 991 1877 quae
1015 1829 1106 1877 post
1124 1824 1345 1862 Editionem
1370 1823 1564 1873 Scipionis
1591 1822 1708 1859 Gent.
1733 1819 1865 1871 legun-

58 1892 117 1926 tur
140 1890 179 1924 et
205 1886 294 1923 huic
318 1886 432 1923 etiam
458 1883 559 1922 Edit.
585 1884 753 1921 insertae
778 1886 879 1920 sunt.

174 1980 296 2016 1607.
353 1974 480 2023 Lugd.
513 1973 600 2011 Bat.
634 1977 671 2012 8.
704 1972 863 2024 Apuleii
894 1971 1013 2010 Liber
1044 1970 1094 2008 de
1118 1970 1206 2009 Deo
1234 1969 1409 2008 Socratis
1439 1968 1641 2007 subiectus
1665 1970 1728 2004 est
1752 1965 1865 2017 priori

58 2034 119 2072 ed.
145 2032 384 2072 Heinsianae
409 2030 724 2068 dissertationum
749 2028 908 2067 Maximi
936 2027 1054 2079 Tyrii.

175 2126 297 2163 1607.
354 2119 576 2166 Hanoviae,
615 2123 650 2159 8.
699 2118 897 2171 Apologia
933 2131 1018 2155 cum
1049 2117 1321 2155 commentario
1356 2115 1550 2166 Scipionis
1582 2112 1767 2157 GentiHs,
1806 2112 1863 2150 cui

59 2180 223 2220 Meursii
249 2177 529 2226 castigationes
553 2177 754 2214 subiectae
779 2180 882 2213 sunt.
941 2175 1074 2224 Scipio
1096 2174 1280 2217 Gentilis‚
1308 2171 1419 2209 {Cius
1445 2170 1731 2210 nobilissimus,
1757 2168 1864 2220 Apo-

62 2237 205 2287 logiam
235 2235 427 2272 uberrimo
459 2237 497 2269 et
529 2232 736 2269 utilissimo
767 2231 1041 2269 commentario
1075 2232 1240 2275 ornavit,
1271 2228 1392 2266 multa
1417 2227 1504 2265 loca
1530 2241 1551 2264 e
1578 2226 1662 2263 lure
1686 2226 1864 2263 Romano

60 2293 265 2333 illustravit
302 2295 339 2327 et
371 2289 541 2327 vicissim
573 2288 637 2325 lus
668 2288 885 2326 Romanum
916 2300 965 2324 ex
995 2286 1165 2337 Apuleio
1198 2284 1393 2336 explicuit.
1460 2282 1768 2321 Commentarius
1799 2280 1865 2317 ille

61 2364 146 2389 cum
171 2352 279 2386 textu
304 2345 527 2397 Apuleiano
554 2345 748 2383 constituit
768 2343 942 2382 Vol.Vl.
969 2341 1142 2394 Operum
1170 2342 1335 2380 omnium
1363 2340 1469 2391 Scip.
1496 2340 1608 2378 Gent.
1635 2351 1736 2390 quae
1761 2337 1865 2375 edita

61 2410 150 2445 sunt
173 2402 344 2455 Neapoli
371 2416 432 2440 an.
462 2405 581 2442 1768.

179 2498 297 2535 1610.
356 2491 483 2542 Lugd.
510 2491 596 2529 Bat.
623 2495 659 2531 8.
690 2489 865 2542 Apuleia·
892 2503 1019 2541 opera
1045 2490 1196 2534 omnia,
1224 2501 1328 2540 qnae
1352 2490 1525 2526 eoestmzt.
1556 2483 1628 2524 Ea:
1656 2487 1720 2536 off.
1744 2480 1865 2521 Plan-

63 2554 133 2592 tin.
161 2549 424 2602 Rapieeleny.
456 2571 504 2576 ———
533 2546 728 2585 Exstal)at
752 2547 848 2584 inter
874 2546 994 2583 libros
1020 2547 1053 2584 in
1078 2545 1182 2583 Bihl.
1208 2545 1316 2594 regia
1339 2543 1463 2582 Aead.
1485 2542 1655 2591 Gotting.
1682 2541 1718 2578 iu
1744 2539 1863 2590 duplo

63 2613 286 2653 exstantes,
312 2619 371 2644 au.
401 2608 507 2644 1784
533 2603 771 2648 divenditos,
795 2616 897 2640 num.
923 2606 1044 2643 3444.
1070 2601 1267 2653 Repetitio
1293 2601 1381 2638 edit.
1406 2600 1456 2637 A.
1486 2602 1604 2639 1600.

179 2701 297 2738 1614.
357 2696 556 2746 Lugduni,
589 2700 625 2735 8.
657 2692 702 2731 ll.
734 2692 825 2729 voll.
867 2690 1041 2743 Apnlcii
1064 2690 1355 2730 Madaurensis
1387 2688 1629 2741 philosophi
1658 2684 1865 2724 Platonici

66 2769 191 2807 opera
220 2767 323 2805 alnae
347 2757 512 2792 exstant
537 2753 684 2789 omnia.
751 2747 850 2788 Cam
876 2747 1063 2800 Philippi
1089 2747 1295 2788 Beroaldi
1318 2748 1358 2784 in
1383 2745 1554 2784 Asinum
1585 2756 1748 2783 aureum
1778 2756 1864 2780 ern-

64 2811 266 2850 ‹IItissimis
292 2810 605 2847 comnwniariis:
630 2819 848 2856 recensque
877 2805 1149 2845 Gmlesclzalci
1180 2802 1377 2841 sien-ecla?
1396 2803 1436 2839 in
1463 2801 1512 2839 L.
1537 2799 1710 2852 Apuleia·
1737 2812 1864 2849 opera

66 2869 199 2906 omnia
239 2866 537 2917 quaestionibus
574 2869 611 2902 el
648 2863 907 2905 coniecturis,
945 2875 1018 2900 nec
1050 2875 1132 2899 non
1164 2860 1337 2897 aliorum
1369 2858 1585 2895 doctorum
1615 2857 1790 2893 virorum
1820 2856 1862 2892 in

66 2924 232 2963 eurvdem
259 2921 606 2960 emendationibus
631 2919 811 2957 adiectis.
872 2915 1100 2955 Postremae
1125 2917 1218 2955 hnic
1243 2915 1415 2954 editioni
1440 2917 1691 2952 accesserunt
1710 2910 1760 2950 Is.
1786 2908 1862 2949 θα·

66 2979 236 3018 sanboni
266 2979 307 3016 in
338 2976 595 3028 Almia-qiam
626 2975 884 3014 doctissimae.
914 2974 1213 3023 casliyationes.
1273 2969 1334 3009 Io.
1366 2967 1505 3008 Pirrhi
1535 2970 1578 3006 in
1609 2967 1734 3007 libros
1766 2981 1862 3019 qna-

67 3040 160 3074 taor
192 3034 455 3074 Floridorum
485 3032 653 3073 scholia.
713 3031 759 3070 F.
792 3030 951 3069 Roalcli
981 3030 1118 3069 variae
1150 3028 1349 3067 lectiones.
1408 3024 1502 3066 Iani
1535 3025 1706 3066 Grnteri.
1735 3024 1860 3075 suspi-
