2221 3667
204 675 268 708 056

298 109 380 150 838
564 109 609 147 L.
642 107 861 147 APULEII
892 107 1292 149 MADAURENSIS
1323 109 1862 150 METAMORPHOSEON

771 311 807 359 C
867 314 911 358 A
971 313 1008 358 Ρ
1069 313 1110 358 U
1169 312 1214 358 T
1318 313 1622 360 XXXIII.

406 442 537 485 Nocte
553 444 718 498 quadam
735 444 1018 498 paterfamilias
1034 444 1190 498 quidam
1203 445 1250 488 de
1264 458 1365 499 pago
1379 458 1574 499 proxumo
1586 477 1596 496 ,
1630 446 1805 486 tenebris
1826 446 1984 489 illuniae
2003 449 2095 490 cali-

295 500 398 554 ginis
414 501 621 554 impeditus
636 508 676 542 et
687 501 812 541 imbre
826 500 946 541 nimio
967 501 1210 541 madefactus
1242 508 1359 554 atque
1379 501 1428 541 ob
1451 501 1489 542 id
1504 501 1708 542 abitinere
1723 502 1872 543 directo
1886 504 2093 555 cohibitus,

294 557 342 597 ad
368 557 566 597 hortulum
593 564 772 598 nostrum
798 557 875 597 iam
902 558 1008 597 sesso
1035 571 1135 610 equo
1161 558 1409 607 deverterat,
1442 565 1701 612 receptusque
1722 559 1886 600 comiter
1905 574 1974 614 pro
2000 567 2095 601 tem-

293 627 409 667 pore,
436 613 529 654 licet
547 628 626 654 non
647 614 834 664 delicato,
862 614 1090 654 necessario
1113 621 1242 654 tamen
1263 613 1405 668 quietis
1424 614 1598 655 subsidio
1619 616 1866 656 remunerari
1884 616 2100 671 benignum

293 670 487 726 hospitem
525 670 686 726 cupiens
723 670 916 725 promittit
941 669 994 718 ei,
1029 671 1075 711 de
1100 670 1270 725 praediis
1302 670 1385 712 suis
1415 684 1505 712 sese
1536 671 1716 712 daturum
1743 678 1782 712 et
1806 672 1814 727 1
1841 673 2030 721 frumenti
2059 679 2100 714 et

383 797 532 837 quadam
545 797 810 838 paterfamilias
830 797 967 836 quidam
986 797 1026 826 de
1041 807 1132 836 pugo
1151 800 1187 828 F.
1208 800 1239 829 3.
1260 801 1295 829 G.
1309 801 1340 829 2.
1356 800 1392 829 Ο.
1407 800 1443 829 Ρ.
1469 798 1584 835 [etiam
1610 800 1642 828 in
1663 801 1828 836 excerptis
1847 796 1895 839 ads
1906 808 2006 837 marg.
2029 802 2099 830 edd.

292 844 384 874 Colv.
433 843 589 882 quipago
604 852 634 879 p.
648 845 718 873 edd.
733 848 811 873 vett.
825 848 902 874 ante
916 845 1008 874 Colv.
1055 845 1115 882 qm·
1125 851 1176 871 me
1184 853 1274 882 pugo
1288 846 1324 874 F.
1339 847 1369 874 1.
1384 846 1422 874 B.
1436 844 1470 874 in
1483 845 1646 880 excerptis
1660 847 1738 874 oud.
1764 847 1826 875 Sed
1848 846 1881 874 in
1896 847 1980 875 Mod.
1995 843 2100 876 colla-

294 889 382 918 tione
400 890 482 919 nihil
502 890 707 918 emendatum
726 894 792 927 est,
819 897 903 924 quae
924 898 997 919 cum
1017 891 1091 919 edit.
1114 891 1203 919 Colv.
1223 893 1322 919 hahet
1339 889 1621 930 paterfamilias
1641 889 1681 917 de
1695 899 1784 927 pago
1798 891 1977 930 prosince,
2003 899 2101 925 quam

291 935 464 964 lecti0nem
477 938 549 963 cett.
564 935 641 963 libri
654 938 685 964 et
697 935 812 970 scripti
827 939 856 964 et
871 935 949 964 editi
963 938 1131 970 praebent.
1179 934 1215 963 in
1229 935 1344 963 limiae
1356 937 1393 966 F.
1407 937 1437 965 3.
1462 934 1580 964 illum‘e
1594 938 1631 965 G.
1646 938 1676 964 2.
1692 937 1727 964 B.
1752 935 1858 968 ilunz'e
1871 938 1907 965 G.
1925 938 1952 965 1.
1983 935 2102 964 illimie

291 981 330 1009 D.
357 980 391 1007 in
405 978 527 1007 lumine
540 981 576 1008 0.
600 979 637 1008 In
651 983 723 1008 cett.
737 979 876 1008 illumne.
903 979 1052 1008 Illum'ae
1066 981 1323 1010 terminationem
1337 984 1459 1010 rectam
1472 989 1547 1010 esse
1560 982 1812 1010 demonstratum
1827 986 1874 1010 est
1896 983 1935 1010 ad
1955 984 2032 1010 Met.
2045 982 2101 1012 IV.

291 1033 322 1060 p.
339 1026 414 1054 278.
439 1027 579 1052 servato
593 1025 704 1053 noctis
729 1024 885 1053 r'llunz'o
914 1028 1070 1062 tempore.
1119 1026 1219 1054 nimis
1232 1028 1271 1055 D.
1320 1025 1539 1065 madefactus
1553 1027 1588 1056 F.
1606 1028 1634 1055 1.
1651 1028 1680 1055 3.
1697 1028 1732 1056 G.
1749 1028 1829 1056 1.L.
1843 1029 1880 1056 B.
1905 1025 2102 1054 madescens

290 1071 328 1102 Ι..
349 1074 430 1099 teste
443 1071 522 1099 Oud.
538 1073 573 1099 G.
588 1073 619 1099 2.
635 1071 726 1100 Coiv.
742 1073 835 1100 Vulc.
850 1074 951 1100 Mero.
966 1073 1077 1100 u'ow.
1093 1072 1179 1100 Prie.
1216 1070 1355 1100 madens
1368 1074 1406 1101 D.
1432 1072 1537 1101 Ceteri
1558 1073 1647 1100 codd.
1668 1080 1780 1101 omnes
1800 1075 1828 1100 et
1850 1073 1919 1101 edd.
1939 1075 2016 1100 vett.
2037 1072 2101 1100 aii-

290 1119 431 1150 quotque
445 1116 642 1144 recentiores
655 1117 688 1144 in
702 1117 842 1145 lectione
856 1115 1073 1154 madefactus
1087 1117 1293 1145 consentiunt
1305 1139 1313 1151 ,
1339 1121 1425 1146 certe
1445 1119 1483 1146 de
1504 1121 1577 1146 cett.
1596 1118 1687 1146 codd.
1702 1117 1783 1146 nihil
1804 1118 1975 1146 varietatis
1993 1117 2104 1146 attulit

290 1162 370 1189 oud.
406 1159 448 1188 ab
463 1164 538 1189 aute
550 1160 674 1189 itinere
688 1170 752 1190 non
767 1166 929 1196 comparet
944 1163 977 1190 in
991 1164 1028 1190 D.
1053 1161 1226 1189 abstinere
1240 1171 1296 1196 pro
1310 1161 1352 1189 ab
1365 1162 1488 1190 itinere
1501 1163 1537 1191 F.
1554 1164 1582 1191 1.
1594 1184 1601 1198 ,
1618 1170 1674 1197 pro
1688 1170 1749 1196 quo
1764 1164 1797 1191 Β.
1810 1165 1906 1191 habet
1920 1161 1962 1190 ab
1975 1160 2103 1199 hyeme.

290 1204 338 1232 ad
349 1204 521 1234 hortulum
536 1207 573 1235 F.
590 1208 618 1235 1.
631 1208 662 1235 3.
677 1208 712 1235 G.
733 1209 760 1235 1.
774 1209 805 1236 2.
820 1208 856 1236 Ρ.
882 1206 998 1241 (etiam
1012 1207 1046 1235 iu
1060 1207 1224 1241 excerptis
1237 1209 1277 1235 ad
1293 1215 1392 1243 marg.
1407 1209 1456 1236 ed.
1469 1208 1580 1243 Golia]
1595 1209 1676 1236 0.D.
1687 1204 1716 1236 δ’.
1731 1208 1751 1235 s.
1766 1210 1849 1236 Elm.
1863 1208 1967 1236 Scriv.
1980 1207 2102 1236 Floria.

291 1249 452 1278 horreum
465 1260 494 1287 p.
519 1253 556 1280 In
572 1255 644 1281 cett.
658 1250 807 1281 hortum.
845 1253 991 1281 Priorem
1013 1253 1186 1281 lectionem
1207 1260 1404 1288 quamquam
1417 1254 1497 1282 Oud.
1511 1253 1675 1288 probavit,
1700 1254 1831 1283 Ruhuk.
1847 1257 1954 1282 tamen
1969 1260 2024 1288 pro
2039 1259 2103 1282 sua

291 1297 432 1330 quadam
463 1297 599 1326 levitate
622 1295 759 1325 hortum
786 1298 819 1327 in
844 1301 936 1326 textu
962 1298 1105 1326 retinuit.
1145 1296 1263 1336 serso⁴
1284 1300 1319 1326 G.
1350 1300 1378 1327 1.
1427 1296 1622 1325 decerem-ac
1647 1299 1682 1327 F.
1704 1299 1734 1327 1.
1754 1299 1784 1327 3.
1809 1299 1892 1328 Eud.
1917 1301 1994 1327 vett..
2019 1305 2101 1332 qua-

292 1349 362 1370 rum
381 1341 504 1376 aliquot
523 1340 716 1370 diverterat
738 1351 779 1371 ex
800 1343 896 1371 solito
915 1345 996 1371 Eud.
1016 1351 1124 1371 errore
1143 1345 1315 1378 praebent.
1340 1344 1424 1381 Esslm·
1443 1343 1547 1371 Scriv.
1566 1341 1714 1370 devertit
1731 1345 1766 1372 G.
1788 1345 1818 1371 2.
1841 1344 1876 1372 P.
1899 1344 1934 1372 0.
1954 1344 1992 1371 D.
2012 1343 2050 1371 R.
2071 1339 2100 1371 δ’.

292 1386 432 1414 divertit
453 1390 490 1416 G.
513 1389 541 1416 1.
564 1388 584 1417 f.
605 1389 702 1417 Vulc.
720 1390 751 1417 2.
771 1391 872 1417 merc.
893 1390 1008 1417 tvow.
1025 1396 1114 1423 seqq.
1140 1391 1342 1415 reverentur
1361 1396 1390 1422 p.
1438 1389 1558 1416 crmn'te
1572 1390 1607 1417 G.
1627 1390 1657 1416 2.
1678 1389 1713 1418 P.
1734 1390 1773 1417 D.
1822 1388 2044 1416 communiter
2063 1395 2102 1416 π.

292 1433 356 1461 sed
373 1436 460 1461 certo
479 1437 687 1469 argumento,
714 1433 896 1461 communis
915 1434 1172 1468 quotiescunque
1192 1441 1248 1467 pro
1267 1432 1370 1460 comis
1389 1434 1421 1462 in
1436 1437 1517 1463 Mss.
1537 1434 1706 1469 reperitur,
1732 1434 1893 1468 reperitur
1904 1437 2010 1462 autem
2026 1440 2103 1462 sae-

292 1478 446 1513 pissime,
459 1486 523 1506 non
537 1482 645 1507 tamen
660 1479 769 1507 ubivis
782 1486 894 1507 veram
906 1488 981 1507 esse
995 1479 1202 1513 scripturam.
1239 1478 1380 1515 quic-itis
1394 1480 1431 1507 G.
1450 1481 1476 1507 l.
1492 1480 1526 1508 Ο.
1571 1478 1775 1516 promittens
1790 1486 1819 1513 p.

293 1522 363 1551 suis
377 1524 414 1552 F.
433 1524 461 1552 1.
476 1522 498 1553 s.
514 1525 550 1552 G.
563 1525 595 1553 2.
608 1525 648 1552 D.
662 1520 692 1553 ὃ.
706 1532 737 1559 p.
752 1525 789 1553 L.
809 1525 879 1553 edd.
893 1528 970 1553 vett.
985 1528 1061 1553 ante
1074 1526 1151 1553 Bas.
1167 1525 1197 1553 2.

352 1632 631 1673 CAPXXXHI.
658 1634 968 1686 paterfann‘le'as
984 1634 1163 1687 quidam.

1868 1476 1907 1505 de
1916 1476 2102 1515 praesidiis

1222 1526 1258 1553 In
1275 1528 1348 1553 cett.
1369 1521 1408 1550 de
1420 1522 1576 1561 praediis
1589 1523 1670 1552 suis.

1223 1647 1339 1685 seqq.
1364 1634 1574 1686 promittit
1602 1634 1727 1684 magis
1753 1634 1944 1673 accedere
1973 1632 2102 1672 videa-

294 1688 443 1741 [Quum
464 1690 577 1729 codd.
599 1691 634 1728 in
656 1689 730 1730 loci
748 1691 942 1741 scriptura
959 1694 1040 1729 tam
1058 1691 1166 1729 varie
1222 1695 1299 1737 tur,
1337 1695 1376 1728 et
1412 1690 1613 1729 latinitatis
1650 1690 1806 1741 ingenio
1845 1703 1940 1729 esse
1975 1691 2102 1741 magis

293 1746 489 1793 fluctuent,
517 1746 620 1785 Oud.
636 1747 686 1785 ad
700 1748 962 1786 coniecturam
980 1748 1167 1799 eqm'tans

294 1816 314 1840 c
339 1816 461 1855 payo
491 1803 682 1854 confugit,
712 1803 763 1841 ad
793 1817 905 1855 seqq.
943 1817 1050 1857 equo
1085 1804 1168 1843 iam

291 1860 401 1909 fesso
426 1861 652 1911 respiciens.
702 1859 789 1911 Ego
816 1863 951 1899 contra
976 1873 1026 1898 ex
1056 1872 1170 1912 repe-

294 1915 429 1954 titione
476 1915 717 1967 pronominis
768 1917 935 1969 quz'dam
990 1916 1170 1957 lectionis

293 1972 522 2010 varietatem
552 1972 770 2024 profectam
802 1986 897 2011 esse
923 1973 1169 2012 confirmave-

295 2028 383 2074 rim,
409 2029 447 2066 id
462 2029 567 2080 quod
581 2029 605 2067 ii
621 2029 733 2068 codd.
750 2032 790 2067 et
803 2029 906 2068 Edd.
919 2030 1170 2081 apertissime

294 2084 579 2132 demonstrant,
606 2099 707 2137 quae
728 2086 949 2137 posteriore
969 2086 1057 2125 loco
1085 2087 1169 2140 qui-

296 2141 392 2180 dam
416 2142 607 2182 omittunt.
655 2142 842 2195 Optimos
868 2143 982 2182 codd.
1007 2147 1171 2186 Secutus

297 2198 466 2249 quidam
491 2211 566 2249 ego
590 2199 740 2246 retinui,
767 2213 884 2251 quum
910 2213 982 2252 per
1006 2213 1052 2239 se
1076 2201 1170 2238 into-

293 2252 458 2293 lerabile
482 2269 557 2293 non
583 2255 669 2308 sit]

341 2312 515 2350 tenebris
540 2312 747 2365 caliyim's.

295 2381 398 2419 nym.
427 2367 471 2406 T.
498 2366 561 2406 ΠΙ.
586 2382 624 2420 p.
653 2369 763 2421 166]

351 2424 622 2476 madefactus.
681 2425 862 2464 Lectioni
894 2426 1007 2464 codd.
1038 2427 1173 2466 made·

296 2494 408 2520 scens
427 2479 533 2518 favet
545 2481 755 2520 admodum
769 2481 881 2521 locus
900 2482 1015 2521 Ovid.
1031 2483 1128 2522 Met.
1144 2484 1172 2522 l.

298 2541 368 2577 65:
388 2537 655 2591 pluvioque
671 2539 912 2580 madescit
934 2540 985 2578 ab
1006 2539 1171 2580 Austro.

298 2593 493 2632 caussam
530 2607 643 2641 vero,
687 2608 765 2646 qua
805 2600 1025 2634 commotus
1068 2595 1173 2636 Oud.

298 2649 460 2688 alteram
501 2651 730 2703 scripturam
770 2652 977 2703 praetulit,
1027 2653 1173 2706 quippe

299 2706 405 2756 quod
419 2719 610 2757 nusquam
624 2708 920 2759 alibiApuleius
928 2710 1172 2757 madescere,

296 2762 372 2801 sed
395 2776 554 2816 semper
576 2766 835 2816 madefactus
853 2769 893 2804 et
912 2765 1175 2816 madefacere

299 2819 484 2866 dixisset,
517 2821 698 2873 equidem
729 2823 897 2873 probare
927 2836 1099 2872 nequeo,
1131 2827 1174 2861 ut

299 2876 332 2911 si
359 2876 492 2926 plures
518 2877 715 2929 iidemque
740 2879 874 2931 optimi
900 2879 1012 2918 codd.
1039 2880 1173 2918 made-

301 2945 412 2970 scens
440 2932 636 2985 legerent,
672 2935 710 2974 id
744 2935 918 2987 recipere
949 2936 1173 2986 neutiquam

302 2988 547 3043 dubitarem]

361 3045 597 3086 deverterat.
637 3047 756 3099 [Oud.
783 3061 833 3086 ex
857 3047 1034 3100 plurimis
1058 3049 1171 3087 codd.

305 3099 477 3140 defendit
516 3104 718 3142 lectionem
757 3107 943 3151 (teremit,
984 3119 1085 3156 quae
1123 3105 1170 3143 ad

796 2311 861 2364 [cf.
887 2312 1018 2353 Doed.
1043 2313 1170 2365 Syno-

1225 1748 1474 1785 conveniens.
1522 1744 1906 1798 Plusquanipersecti
1932 1747 2035 1785 enim
2059 1750 2101 1785 et

1226 1803 1448 1854 praesentis
1463 1802 1626 1841 offendit
1640 1803 1870 1842 coniunctio.
1895 1802 1996 1841 Hinc
2009 1806 2105 1848 erat,

1231 1873 1348 1911 quum
1374 1873 1443 1911 pro
1468 1860 1697 1900 deverterat
1720 1860 1853 1911 legere
1873 1858 2016 1898 vellem
2036 1859 2103 1898 de-

1230 1917 1422 1962 vertebat,
1449 1929 1550 1967 quae
1576 1915 1791 1967 imperfecti
1818 1921 1858 1955 et
1881 1916 2104 1968 praesentis

1228 1977 1307 2011 tem
1341 1987 1448 2011 orum
1473 1973 1633 2012 varIatio
1659 1987 1732 2011 non
1759 1974 1813 2013 ita
1836 1986 1923 2012 rara
1948 1977 2022 2012 est.
2054 1972 2102 2011 cs.

1228 2029 1280 2068 ad
1330 2029 1400 2068 Iet.
1425 2028 1488 2068 ΙΙΙ.
1514 2043 1551 2081 p.
1575 2032 1668 2070 192.
1695 2029 1779 2068 Sed
1803 2027 2017 2082 Apuleium
2041 2041 2105 2066 me

1228 2086 1281 2125 ita
1294 2100 1369 2124 non
1391 2086 1629 2125 emendasse
1647 2086 1721 2125 sed
1735 2086 1959 2126 maculasse
1973 2086 2105 2137 potius

1230 2142 1445 2194 putandum
1477 2147 1558 2189 est,
1589 2143 1735 2196 quippe
1767 2145 1830 2195 qui
1856 2144 2104 2194 potissimum

1230 2200 1266 2237 in
1303 2203 1521 2252 temporum
1556 2213 1631 2241 usu
1668 2199 1751 2238 sere
1794 2199 2003 2250 singularis
2040 2199 2104 2236 sit.

1229 2256 1451 2296 Deverlere
1475 2269 1548 2295 nec
1572 2256 1772 2296 divertere
1796 2257 1915 2295 scribi
1946 2255 2105 2299 debere,

1229 2314 1391 2365 saepius
1417 2326 1441 2351 a
1463 2325 1527 2350 me
1550 2313 1734 2351 monitum
1761 2313 1853 2366 est]

1290 2370 1343 2409 de
1361 2369 1554 2422 praediis
1576 2370 1669 2409 suis.
1718 2369 1814 2417 Alii,
1842 2371 1906 2420 qui
1922 2371 1974 2410 de
1981 2381 2103 2421 prae-

1231 2426 1352 2466 sidiz's
1375 2427 1458 2466 suis
1477 2424 1682 2465 lectionem
1703 2426 1919 2466 defendunt
1932 2430 1973 2465 ut
1986 2423 2104 2464 Roai-

1232 2482 1332 2528 dus,
1386 2482 1604 2534 intelligunt
1651 2482 1701 2521 de
1742 2485 1949 2535 pecunia,
2003 2494 2106 2532 quae

1226 2539 1484 2591 praesidium
1509 2539 1771 2590 cuiuscunque
1790 2540 1844 2578 rei
1864 2540 1965 2578 bene
1984 2536 2104 2577 nomi-

1232 2596 1313 2634 nari
1339 2600 1473 2647 queat,
1500 2609 1680 2648 quaeque
1700 2596 1894 2635 occultata
1913 2601 1952 2634 et
1971 2596 2105 2635 iacens

1232 2652 1310 2691 alio
1343 2653 1457 2691 etiam
1490 2653 1644 2690 nomine
1670 2653 1880 2704 peculium
1904 2650 2106 2705 appellata

1230 2708 1346 2748 suerit
1370 2708 1513 2747 celebri
1539 2708 1605 2747 illo
1630 2709 1859 2747 rusticorum
1880 2709 1981 2748 dicto
2001 2707 2106 2759 apud

1233 2764 1392 2804 Celsum
1411 2764 1438 2804 Ι.
1461 2768 1524 2806 79.
1551 2765 1580 2815 §.
1600 2771 1633 2805 1.
1659 2764 1710 2803 de
1735 2765 1811 2817 leg.
1838 2768 1875 2806 3.
1900 2766 2105 2817 pecuniam

1231 2823 1318 2861 sine
1341 2820 1495 2874 peculio
1520 2822 1696 2873 fragilem
1723 2834 1835 2869 esse;
1866 2820 1954 2861 aliis
1981 2835 2104 2874 prae-

1231 2879 1341 2918 sidia
1356 2878 1598 2930 explicantur
1612 2878 1739 2916 omnia
1751 2877 1802 2917 ad
1815 2879 1931 2922 vitam
1949 2882 2103 2917 susten-

1230 2935 1390 2974 tandam
1415 2935 1640 2973 neccssaria
1659 2935 1745 2972 etin
1761 2934 1824 2973 his
1837 2936 2002 2986 pecunia
2015 2933 2105 2974 coll.

1230 2992 1363 3031 Burm.
1387 2991 1439 3030 ad
1462 2990 1631 3030 Phaedr.
1645 2990 1713 3029 lv.
1734 2995 1798 3031 21.
1818 2995 1881 3032 12.
1906 2991 1950 3030 Ιιὶ
1967 3005 2102 3038 zonas,

1232 3049 1297 3086 illa·
1309 3062 1372 3087 res
1381 3050 1585 3099 pretiosas
1598 3048 1814 3098 colliqmzt,
1836 3048 2104 3088 subsidium

1234 3106 1346 3143 vilar.
1375 3104 1439 3155 [es.
1457 3102 1887 3156 idcmadPetron.75.}
1915 3103 2101 3154 Heusing.
