2221 3667
174 800 239 832 364

312 169 393 212 366
561 170 608 209 L.
639 169 857 210 APULEII
886 165 1284 208 MADAL'RENSIS
1314 162 1851 205 METAMORPHOSEON

311 282 435 335 ipsum
460 281 563 335 ignis
590 283 706 323 totius
728 283 838 323 deum
859 281 1010 329 aduris,
1039 293 1125 318 cum
1144 285 1182 318 te
1201 277 1352 317 seilicet
1370 285 1521 318 amator
1539 277 1698 331 aliquis,
1727 283 1768 317 ut
1790 274 1931 315 diutius
1953 274 2090 328 cupitis

310 338 426 377 etiam
464 345 577 378 nocte
616 339 828 392 potiretur,
867 338 1013 391 primus
1045 334 1253 374 invenerit.
1301 332 1368 374 Sic
1398 334 1551 374 inustus
1583 333 1745 375 exsiluit
1776 333 1891 381 deus,
1930 330 2091 382 visaque

311 394 486 435 detectae
506 394 591 434 fidei
616 395 793 442 colluvie,
815 406 974 447 prorsus
990 405 1042 430 ex
1059 389 1181 430 oculis
1196 397 1235 430 et
1249 390 1426 430 manibus
1441 390 1732 431 infelicissimae
1753 387 1931 440 coniugis
1951 387 2091 427 tacitus

311 450 497 491 avolavit.

856 642 1247 688 CAPUT
1339 640 1562 689 XXIV.

419 788 474 828 At
496 787 647 842 Psyche
673 785 803 825 statim
823 785 1069 838 resurgentis
1091 785 1174 825 eius
1194 798 1309 825 crure
1329 785 1494 825 dextero
1515 784 1692 824 manibus
1711 783 1897 823 ambabus
1916 790 2089 838 arrepto,

306 844 480 884 sublimis
506 842 718 884 evectionis
745 842 939 895 appendix
965 841 1209 890 miseranda,
1237 848 1276 881 et
1296 855 1365 894 per
1384 841 1536 881 nubilas
1557 841 1690 894 plagas
1710 839 1864 893 penduli
1887 840 2091 880 comitatus

306 908 483 940 extrema
500 898 728 951 consequia,
758 898 912 937 tandem
928 898 1033 938 fessa
1048 897 1241 938 delabitur
1253 898 1349 937 solo.
1395 896 1482 937 Nec
1497 898 1590 936 deus
1605 903 1758 935 amator
1777 895 1881 935 humi
1902 896 2092 936 iacentem

306 957 488 996 deserens
525 954 717 994 involavit
752 954 972 1008 proximam
1008 967 1257 1007 cupressum,
1298 954 1420 1006 deque
1457 953 1540 993 eius
1578 952 1656 991 alto
1689 951 1889 992 cacumine
1921 952 1976 991 sic
2007 965 2092 992 eam

306 1013 479 1066 graviter
504 1018 717 1050 commotus
744 1010 902 1050 affatur:
934 1009 1022 1064 Ego
1048 1011 1222 1064 quidem,
1256 1009 1543 1063 simplicissima
1571 1007 1746 1063 Psyche,
1782 1007 1952 1061 parentis
1983 1020 2092 1048 meae

306 1068 471 1108 Veneris
498 1073 791 1121 praeceptorum
817 1066 1041 1116 immemor,
1071 1080 1168 1120 quae
1194 1073 1231 1106 te
1256 1065 1389 1106 miseri
1415 1065 1660 1118 extremique
1686 1064 1853 1104 hominis
1872 1064 2092 1104 devinctam

305 1124 480 1178 cupidine
511 1123 642 1163 infimo
674 1123 922 1162 matrimonio
953 1123 1079 1163 addici
1109 1123 1301 1173 iusserat,
1336 1122 1418 1176 ipse
1456 1122 1582 1175 potius
1617 1127 1768 1160 amator
1799 1120 1979 1161 advolavi
2006 1120 2088 1159 tibi.

303 1179 379 1220 Sed
406 1180 476 1219 hoc
504 1179 578 1220 feei
607 1179 767 1229 leviter,
802 1179 901 1219 scio:
929 1187 968 1219 et
993 1179 1217 1234 praeclarus
1243 1179 1308 1218 ille
1335 1178 1566 1231 sagittarius
1598 1178 1679 1230 ipse
1705 1190 1765 1217 me
1791 1176 1868 1216 telo
1893 1190 1979 1216 meo
2005 1189 2091 1231 per-

304 1236 427 1286 cussi,
457 1244 569 1289 teque
595 1236 800 1290 coniugem
825 1249 949 1276 meam
975 1236 1070 1286 feci,
1098 1243 1141 1275 ut
1164 1235 1289 1276 bestia
1315 1235 1466 1275 scilicet
1491 1234 1559 1274 tibi
1583 1234 1754 1283 viderer,
1783 1239 1823 1273 et
1848 1234 1952 1273 ferro
1979 1239 2093 1286 caput

303 1293 505 1333 excideres
537 1306 685 1343 meum,
717 1292 816 1346 quod
848 1293 944 1332 istos
976 1300 1172 1332 amatores
1204 1299 1291 1331 tuos
1324 1291 1457 1331 oculos
1491 1290 1618 1344 gerit?
1648 1288 1758 1330 Haec
1791 1289 1857 1329 tibi
1882 1289 2088 1329 identidem

301 1431 405 1469 istsum
418 1432 523 1469 v'gnem
538 1431 622 1469 ignis
639 1431 742 1460 totius
757 1430 849 1459 deum
866 1432 885 1460 t'.
933 1430 1038 1467 ipSum
1052 1430 1145 1459 deum
1157 1430 1244 1467 ignis
1259 1430 1363 1458 totius
1378 1432 1413 1459 G.
1428 1431 1457 1457 2.
1472 1430 1508 1458 P.
1522 1431 1559 1458 D.
1609 1431 1714 1457 cutem
1730 1437 1785 1463 pro
1799 1437 1870 1457 cum
1887 1432 1917 1456 te
1929 1427 1962 1466 β.
1993 1435 2090 1455 amur

301 1486 355 1512 pro
375 1481 511 1505 uniatur
530 1480 565 1506 G.
580 1480 611 1506 ¹2.
625 1479 661 1506 P.
676 1479 713 1505 l).
761 1476 888 1504 invenit
906 1478 1019 1506 Venet.
1040 1480 1068 1506 4.
1089 1478 1165 1505 Bas.
1188 1478 1215 1504 1.
1265 1476 1410 1503 iniustus
1430 1476 1543 1504 Veniet.
1562 1476 1591 1503 2.
1641 1475 1806 1502 innatans
1831 1483 1860 1509 p.
1909 1472 2089 1513 cmfferlz'm

301 1527 375 1551 ante
387 1522 527 1550 exsiluit
541 1523 626 1551 addit
640 1524 673 1551 0.
722 1521 854 1550 wilica
869 1524 904 1551 G.
920 1524 947 1550 1.
963 1523 998 1552 Ο.
1013 1522 1035 1551 f.
1083 1521 1230 1559 congigis
1243 1523 1281 1550 D.
1296 1529 1315 1549 a
1328 1529 1367 1550 ni.
1382 1530 1412 1556 p.
1450 1520 1601 1548 concitus
1620 1528 1676 1555 pro
1690 1519 1838 1556 confugis
1851 1519 1978 1548 Vicent.
2027 1516 2089 1546 ml-

300 1567 429 1595 volae-it
442 1570 477 1596 G.
495 1570 522 1596 1.
538 1570 566 1596 2.
582 1569 616 1596 P.
630 1569 668 1596 D.
685 1567 703 1596 f.
729 1566 876 1594 evolavit
889 1568 924 1596 B.
940 1564 967 1595 δ.
984 1575 1012 1601 ι).

390 1621 432 1639 αι·
441 1611 565 1649 psyche
579 1610 607 1641 ὃ.
655 1611 795 1639 (ΙεῙΙενη
811 1614 844 1641 F.
861 1611 890 1640 3.
905 1614 952 1640 ed.
967 1613 1068 1640 scriv.
1094 1614 1129 1640 Iu
1144 1615 1215 1639 cett.
1230 1609 1365 1639 dez-tro.
1414 1613 1530 1637 aret-lo
1545 1612 1579 1639 G.
1597 1611 1625 1638 1.
1674 1609 1858 1637 ecentn'mn's
1873 1610 1907 1638 Ο.
1923 1610 1957 1637 G.
1975 1610 2002 1637 1.
2018 1616 2090 1637 cum

300 1660 412 1693 glossa
423 1658 623 1687 interlineari
633 1657 853 1694 portationis.
889 1656 935 1684 utI
943 1656 1070 1693 pendia·
1084 1659 1119 1685 G.
1134 1659 1164 1685 2.
1202 1655 1358 1691 adpendit
1372 1657 1411 1684 D.
1442 1653 1606 1691 appendio
1626 1656 1662 1683 B.
1710 1654 1829 1682 nubles
1846 1656 1886 1683 D.
1934 1657 2091 1681 extrema

301 1711 467 1740 consequa
488 1705 574 1732 Grut.
594 1706 688 1737 susp.
707 1705 763 1731 ΠΙ.
786 1705 836 1731 14.
856 1703 1039 1731 emendavit
1057 1706 1153 1735 atque
1174 1702 1221 1729 sie
1235 1702 1399 1730 ediderunt
1415 1702 1525 1729 u'ow.
1539 1702 1621 1728 Elm.
1636 1700 1720 1729 Pric.
1768 1699 1842 1727 sola
1856 1707 1912 1734 pro
1925 1697 1995 1727 solu
2010 1700 2045 1727 G.
2062 1701 2089 1728 1.

301 1756 320 1776 a
333 1756 372 1776 ΠΙ·
388 1757 416 1782 Ι).
464 1747 589 1775 ‹lesa-is
602 1749 640 1776 D.
677 1755 868 1783 cupressum
881 1749 920 1776 D.
957 1746 1095 1784 (leuique
1111 1754 1165 1780 pro
1179 1744 1282 1782 deque
1297 1746 1316 1774 f.
1331 1747 1444 1775 Venet.
1459 1747 1488 1774 4.
1526 1744 1717 1772 caet-maine
1729 1746 1767 1773 D.
1804 1752 1861 1782 ego
1875 1744 1906 1772 si
1917 1742 2045 1781 quidem
2060 1741 2088 1772 δ’.

306 1792 442 1820 Vnam-is
458 1794 550 1821 tineis
565 1794 764 1821 incluserunt
778 1794 886 1821 u'ow.
901 1796 929 1821 et
944 1793 1029 1820 Pric.

300 1840 335 1866 G.
351 1840 379 1866 41.
394 1840 423 1866 2.
438 1840 472 1866 P.
486 1840 523 1867 l).
538 1840 572 1866 0.
587 1834 615 1866 ὸ’.
631 1839 707 1866 BaS.
724 1840 751 1867 1.

299 1881 418 1910 adt-ela
424 1883 456 1910 υί
468 1883 507 1911 D.

298 1932 373 1957 vett.
421 1927 549 1956 leniter.

298 1976 334 2000 uc
348 1972 418 2001 stin
431 1973 557 2000 scilicet
573 1972 611 2001 D.

299 2022 379 2047 teste
392 2019 536 2047 Pricaeo.

1077 1791 1311 1827 immemorque
1325 1792 1438 1819 Venet.
1454 1792 1483 1818 2.
1514 1798 1639 1817 memor
1657 1792 1692 1818 G.
1707 1792 1737 1819 2.
1758 1798 1776 1818 a
1792 1798 1831 1818 m.
1847 1798 1875 1824 p.

799 1836 980 1874 cupidinem
994 1838 1107 1865 Venet.
1122 1838 1151 1864 4.
1172 1837 1249 1865 Bas.
1267 1838 1294 1864 1.

554 1881 700 1921 hocfeci
710 1884 744 1911 F.
762 1884 788 1911 1.
803 1885 834 1911 3.
848 1885 883 1912 G.
902 1883 1024 1911 1.1un1.
1038 1884 1069 1910 2.
1095 1879 1178 1908 staec
1193 1884 1228 1909 G.
1242 1883 1272 1909 2.
1289 1883 1322 1910 0.
1337 1883 1371 1909 Ρ.
1385 1883 1423 1910 R.
1439 1881 1460 1910 f.
1476 1889 1503 1915 p.
1519 1878 1547 1909 ὃ.
1572 1878 1627 1908 laic
1648 1881 1682 1909 in
1704 1880 1839 1914 reliquis
1853 1883 1940 1908 extat
1955 1881 2043 1908 codd.
2059 1883 2089 1908 et

588 1926 662 1955 Scio
676 1930 707 1954 et
728 1930 762 1956 G.
776 1930 806 1956 2.
826 1929 864 1956 D.
913 1928 995 1956 Olim
1017 1928 1141 1955 Gruter.
1161 1927 1388 1955 emendaverat
1408 1926 1572 1963 nequiter.

659 1972 786 2000 scilicet
801 1975 890 2002 abest
906 1980 925 2001 a
938 1972 960 2001 f.
1008 1975 1043 1999 ut
1058 1971 1168 1999 bestia
1181 1978 1225 1999 sc.
1241 1974 1275 1999 ul
1292 1972 1326 2000 P.
1365 1969 1492 1999 videret
1506 1973 1543 2000 l).
1585 1969 1753 1998 erc-Meris
1766 1971 1804 1999 D.
1841 1968 2039 1997 e.z·t,·1‘ude1·es
2060 1978 2088 2004 p.

585 2018 669 2046 istos
685 2018 767 2046 istos
781 2019 816 2047 G.
831 2020 862 2046 ,2.
883 2026 947 2047 non
962 2020 1055 2046 male.
1104 2015 1216 2044 oculos
1233 2020 1306 2044 euos
1320 2025 1350 2051 p.
1394 2014 1478 2044 haec
1491 2017 1542 2045 bis
1555 2014 1674 2051 legitur
1686 2017 1721 2045 F.
1739 2017 1766 2045 1.
1781 2017 1811 2043 3.
1827 2016 1861 2044 G.
1879 2016 1906 2044 1.
1922 2016 1951 2044 2.
1967 2016 2000 2044 0.
2014 2015 2051 2043 R.
2068 2015 2087 2043 f.

1923 1787 1960 1816 de
1965 1797 1981 1816 v
1986 1788 2016 1817 ic
2021 1792 2089 1816 term

1343 1836 1480 1863 via-erae
1496 1837 1531 1865 G.
1546 1838 1576 1863 2.
1613 1836 1777 1862 vinxerat
1795 1837 1833 1863 l).
1854 1843 1910 1869 pro
1928 1834 2088 1863 iusserat.

1621 1925 1832 1962 sagt'plarius
1850 1923 1890 1952 D.
1910 1928 1939 1953 et
1958 1927 2037 1954 lunt.
2062 1926 2088 1954 1.

298 2066 382 2093 lunt.
396 2066 427 2092 2.
441 2066 523 2093 Elm.
538 2065 642 2093 Scriv.
656 2064 774 2092 Florid.
799 2062 861 2091 hoc
873 2072 903 2098 p.
920 2064 994 2091 ΑΜ.
1018 2064 1054 2091 In
1069 2065 1142 2091 cett.
1156 2060 1220 2090 laic.

357 2184 441 2224 (Ar.
467 2184 612 2223 XXIV.
666 2185 903 2238 Conseqm‘a.
954 2183 1063 2236 [Hoc
1095 2197 1158 2221 vo-

299 2242 475 2280 cabulum
491 2242 570 2280 iure
584 2241 754 2280 defendit
768 2242 886 2287 Oud.,
902 2242 1159 2293 pedisequam

299 2302 337 2335 et
368 2297 564 2350 Cupidinis
602 2299 712 2350 quasi
749 2299 1064 2349 consequentiam
1094 2310 1158 2335 ex-

298 2354 460 2405 plicans.
498 2354 572 2401 Qui
599 2357 698 2393 enim
724 2369 926 2407 consequa
950 2355 1159 2405 probarunt

299 2425 348 2448 ex
362 2411 539 2462 analogia
553 2413 658 2450 vocis
668 2413 928 2464 pedisequus,
940 2425 1011 2449 non
1026 2424 1160 2461 respe—

299 2472 448 2514 xerunt,
468 2469 701 2506 abstractum
716 2469 845 2519 potins
860 2467 922 2506 hie
936 2467 1158 2511 desiderari,

300 2539 415 2575 quum
440 2525 658 2576 appendia*
683 2524 908 2576 praecedat,
940 2525 1011 2561 nisi
1039 2527 1158 2562 totum

300 2579 373 2619 loci
389 2581 559 2619 ordinem
575 2585 612 2618 et
627 2585 796 2619 tenorem
813 2580 1012 2618 disturbari
1030 2580 1160 2618 velint.

305 2638 532 2691 Conseqm'a
549 2638 748 2676 formatum
764 2640 919 2689 put0,ut
932 2637 1163 2689 exsequiae,

302 2695 409 2732 cuius
425 2708 655 2746 quamquam
664 2694 870 2746 singularis
880 2707 951 2730 non
967 2694 1163 2739 invenitur,

302 2755 427 2789 tamen
453 2752 646 2805 exsequt'a
672 2752 775 2802 prius
802 2750 978 2788 extitisse
1004 2763 1164 2787 eonsen-

302 2811 454 2845 taueum
479 2811 558 2853 est,
585 2812 622 2846 et
641 2807 868 2860 obsequiae,
883 2806 917 2844 si
933 2806 1088 2844 latinum
1103 2810 1165 2844 est

301 2864 564 2916 vocabulum]

360 2922 583 2960 devinctam
625 2920 821 2973 cupidine
961 2918 1163 2958 adi-olavi.

306 2976 492 3029 formpta
523 2977 669 3033 aliquqt
699 2976 787 3015 edd.
819 2976 932 3015 lectio
970 2975 1166 3015 cleric-tam

306 3034 500 3085 cupitline
531 3033 793 3072 Stewechium
824 3033 873 3072 ad
905 3032 1069 3070 otiosam
1106 3031 1166 3069 fri-

306 3090 512 3140 gidamque
539 3091 793 3129 coniecturam
824 3089 970 3141 adegit:
997 3089 1166 3140 ‹li-qnam

306 3145 501 3197 cupitline
578 3147 746 3187 adulari
760 3147 849 3192 ilbi,
878 3145 979 3199 quod
995 3145 1166 3183 solerent

1218 2183 1361 2234 antiqui
1398 2196 1556 2222 exarare
1593 2183 1779 2221 deienam
1815 2195 1884 2234 pro
1917 2182 2087 2234 (liquam

1218 2244 1255 2277 et
1280 2240 1514 2291 deponentia
1544 2240 1669 2277 activa
1699 2252 1822 2291 saepe
1856 2238 1975 2278 forma
2002 2252 2085 2291 pro·

1218 2296 1369 2335 ferrent.
1429 2297 1576 2335 Verum
1617 2296 1721 2334 istud
1762 2299 1801 2334 et
1834 2295 1911 2334 huc
1953 2299 2086 2334 contra

1216 2352 1317 2391 Mss.
1343 2352 1392 2392 O.
1421 2357 1459 2391 et
1485 2352 1705 2403 dignitatem
1721 2352 1795 2390 Dei
1815 2357 1934 2402 atque
1958 2352 2084 2402 ipsum

1219 2408 1376 2448 fabulae
1390 2413 1655 2461 argumentum
1670 2408 1880 2453 intrudere,
1906 2411 1968 2447 est
1980 2421 2084 2446 mera

1218 2466 1420 2504 innovandi
1472 2469 1510 2503 et
1551 2466 1748 2517 antiquata
1789 2465 1908 2503 verba
1956 2463 2081 2502 ubivis

1218 2522 1431 2560 inculcandi
1458 2522 1622 2574 prurigo.

1275 2580 1361 2630 ipse
1375 2592 1432 2618 me
1445 2578 1524 2617 zelo
1537 2592 1622 2617 meo
1638 2578 1834 2631 percussi.
1885 2576 2084 2629 [Fulgent.

1222 2634 1389 2686 Mythol.
1416 2633 1477 2673 111.
1509 2639 1568 2675 16.
1594 2648 1629 2685 p.
1657 2637 1749 2674 716.
1782 2637 1821 2672 et
1845 2635 2084 2686 ziiayvzificzts

1223 2691 1431 2731 iaculator
1462 2692 1547 2743 Ipse
1575 2704 1614 2729 se
1644 2705 1716 2730 suo
1745 2690 1825 2729 {elo
1845 2688 2081 2741 percussit]

1280 2748 1499 2787 excideres.
1566 2746 1859 2791 Exsvhuleres,
1905 2745 2008 2796 quod
2047 2746 2082 2782 in

1222 2804 1309 2843 aliis
1347 2803 1458 2843 codd.
1495 2802 1571 2855 legi
1603 2803 1692 2841 dicit
1715 2801 1920 2846 Pricaeus,
1957 2815 2084 2852 neque

1224 2861 1327 2900 Oud.
1360 2874 1430 2899 nec
1459 2873 1532 2911 ego
1564 2860 1599 2897 in
1629 2858 1708 2897 ullo
1740 2858 1825 2896 cod.
1857 2858 2082 2902 invenimus,

1224 2918 1314 2956 licet
1339 2917 1567 2956 creberrima
1595 2917 1646 2953 sit
1675 2915 1852 2953 varietas.
1901 2913 1947 2952 cf.
1980 2914 2084 2954 Oud.

1225 2975 1273 3014 ad
1299 2972 1411 3012 Caes.
1436 2973 1483 3012 B.
1506 2973 1550 3012 G.
1566 2970 1649 3010 Vll.
1665 2975 1728 3012 50.
1756 2969 1893 3022 [Buen.
1909 2970 1958 3008 ad
1973 2970 2082 3010 Laet'.

1224 3030 1360 3069 Institt.
1391 3028 1416 3068 I.
1449 3029 1478 3079 ξ.
1505 3032 1541 3070 8.
1573 3042 1609 3080 p.
1639 3032 1727 3068 114.
1776 3025 1837 3065 111.
1865 3031 1900 3067 2.
1926 3041 1962 3078 p.
1989 3031 2081 3067 288.

1225 3087 1392 3125 Gronov.
1417 3086 1466 3124 ad
1493 3084 1630 3123 Senec.
1657 3084 1706 3122 de
1733 3082 1919 3122 Clement.
1945 3082 1970 3122 I.
1998 3097 2030 3122 e.
2047 3088 2081 3122 1.

1223 3157 1259 3196 p.
1272 3147 1362 3185 426.
1378 3142 1477 3181 Ded.
1489 3138 1807 3180 adDict.Cret.11.
1821 3143 1880 3181 16.
1897 3143 1972 3179 not.
1983 3139 2080 3193 crit]
