2155 3590
693 140 880 183 LIBER
905 141 979 183 XI.
1039 141 1166 183 CAP.
1185 143 1234 183 V.
1797 140 1879 183 995

93 249 220 302 nium,
246 249 370 305 prima
395 251 574 292 coelitum
590 283 602 304 ,
624 251 632 309 Ι
653 253 813 294 deorum
837 254 1075 309 dearumque
1100 253 1222 295 facies
1249 252 1477 304 uniformis,
1513 265 1611 306 quae
1644 251 1742 292 coeli
1767 252 1879 293 lumi—
1903 257 1967 290 762>

88 375 223 405 deorum
248 378 449 408 desideratur
471 379 505 409 in
529 381 564 409 B.
600 379 739 409 dearum
764 380 968 420 dearumque
993 391 1023 418 p.
1048 381 1213 411 Plurimae
1230 382 1299 411 edd.
1319 381 1551 417 interpungunt
1570 384 1642 416 post
1665 379 1876 419 deorumque,

88 424 172 452 Iunt.
185 425 215 452 2.
230 427 301 459 post
315 422 528 463 dearumque.
565 423 751 464 flammina
762 429 845 457 Iunt.
864 430 890 457 1.
904 429 979 457 Ald.
995 424 1146 466 flunu‘na
1157 429 1202 456 M.

89 545 162 570 non
189 536 332 584 potest.
381 532 484 574 oud.
509 536 583 573 iam
615 536 824 585 intellexit,
862 537 952 576 Ma·

86 589 194 627 nium
219 590 361 640 optIme
385 592 623 641 respondere
647 593 776 630 verbis
800 594 949 643 infero·

86 657 175 684 ‘rum
210 645 432 696 deplorata
465 647 626 687 silentIa
661 650 822 688 nutibus
857 650 951 687 meis

85 700 294 752 dispenso,
324 702 426 740 unde
449 704 606 755 recepit.
654 704 835 743 Attamen
861 705 950 754 quia

84 769 233 796 summa
267 760 523 805 numinum,
567 774 590 798 a
625 761 852 800 Manibus
888 760 949 798 dc·-

82 825 300 860 versorum,
326 813 417 852 nihil
441 815 593 853 differat
616 830 639 854 a
664 818 803 868 prima
829 816 947 855 coeli—

82 871 180 913 tum,
216 873 255 907 et
284 884 390 909 mare
420 875 537 922 atque
567 886 702 910 amnes
734 884 946 921 eorumque

82 925 173 962 varii
195 930 323 965 motus
349 927 545 977 pendeant
568 941 590 965 e
614 928 871 979 dispositione
896 928 945 965 si-

80 979 232 1026 derum,
270 983 409 1033 quibus
433 984 580 1035 praesit
601 983 695 1029 Isis,
725 998 772 1022 ac
795 984 943 1028 Lunae,

79 1048 180 1086 quae
203 1037 291 1089 ipsa
315 1040 365 1077 sit
388 1038 483 1085 Isis,
512 1044 630 1090 atque
653 1044 790 1078 auctus
815 1044 854 1077 et
878 1040 943 1077 de-

80 1099 286 1140 crementa,
301 1109 490 1134 accessus
504 1101 544 1134 et
563 1110 745 1135 recessus
761 1097 945 1133 omnium-

77 1161 153 1198 que
178 1151 364 1189 undarum
387 1151 541 1191 fluentia
570 1166 640 1203 per
668 1152 773 1190 sistri
798 1156 943 1189 motum

77 1209 117 1243 et
161 1206 315 1244 situlam
362 1221 394 1246 s.
438 1208 630 1259 cymbium
678 1208 942 1258 designentur,

77 1263 228 1301 omnino
253 1268 390 1302 censet
419 1264 685 1314 corrigendum
711 1277 804 1301 esse
830 1264 942 1303 lemti-

74 1331 168 1357 mcm
191 1332 224 1357 s.
248 1319 429 1357 siderum.
466 1319 618 1357 Lunam
644 1320 745 1357 enim
765 1320 941 1358 siderum

74 1386 168 1411 esse
196 1376 381 1426 reyinam
412 1375 617 1414 bicornem
647 1375 782 1414 Horat.
814 1374 938 1413 Carm.

73 1429 187 1467 saec.
214 1434 298 1476 35„
324 1443 371 1468 ac
395 1431 542 1482 passim
569 1429 667 1469 haec
691 1431 762 1469 tria
787 1431 938 1469 leonina

71 1498 104 1524 s,
117 1485 262 1532 sidera,
286 1488 451 1526 numina
474 1501 506 1525 s.
534 1487 709 1532 caelites,
736 1486 796 1524 vel
824 1487 937 1524 etiam

72 1541 172 1580 deos
197 1555 351 1588 omnes,
376 1543 520 1582 IlIanes
550 1556 583 1582 s.
609 1543 768 1588 inferos,
794 1542 937 1580 additis

72 1611 227 1649 quoque
263 1598 462 1638 elementis
490 1599 610 1650 iungi,
647 1604 687 1637 et
715 1600 790 1638 sub
822 1597 936 1636 Isidis

70 1658 268 1705 potestate
281 1668 374 1693 esse
387 1657 537 1700 narrari,
553 1659 594 1693 ut
606 1655 704 1694 Met.
718 1654 763 1692 11.
778 1669 814 1706 p.
834 1658 937 1700 160„

70 1711 134 1748 ubi
162 1715 340 1762 precetur
369 1711 592 1762 Aegyptius
622 1711 830 1750 sacerdos:
860 1723 938 1762 per

71 1767 259 1806 coelestia
283 1767 468 1812 sidera,
497 1781 574 1819 per
598 1768 766 1817 inferna.
789 1767 936 1805 numi-

67 1837 146 1868 πα,
179 1837 258 1875 per
281 1824 490 1862 naturalia
521 1823 774 1868 elementa3
809 1820 871 1860 Ill.
898 1835 934 1872 p.

69 1882 161 1920 200.
200 1879 344 1932 quibus
381 1879 610 1919 obaudiunt
644 1892 816 1925 manes,
854 1882 936 1918 tur-

69 1935 217 1974 bantur
251 1935 436 1982 sidera,
480 1939 687 1988 coquntur
722 1936 934 1980 numina,

69 1992 246 2031 serviunt
282 1991 526 2031 elementa.
587 1990 785 2030 Contrario
817 1990 932 2028 modo

67 2048 220 2100 peccari
254 2047 351 2086 infra
381 2061 417 2098 p.
444 2051 539 2088 807.
575 2048 650 2086 tibi
683 2048 935 2099 respondent

65 2104 254 2149 sidera,
290 2104 478 2157 yauclenl
512 2104 725 2149 numina,
760 2103 934 2142 redeunt

65 2165 305 2211 tempora,
336 2160 513 2199 serviunt
535 2160 781 2198 elementa.
829 2158 930 2197 Nam

63 2229 269 2268 perperam
296 2216 346 2254 ibi
369 2215 487 2267 vulgo
517 2215 578 2254 edi
606 2216 766 2255 lumina.
798 2215 931 2266 Saepe

64 2272 184 2310 etiam
219 2272 357 2312 sidera
403 2285 450 2310 ac
495 2273 679 2317 numina,
727 2271 843 2310 Deos
884 2285 931 2310 ac

64 2328 167 2367 coeli
198 2328 350 2368 lumina
380 2328 560 2366 distincta
589 2341 613 2366 a
642 2341 688 2366 se
718 2328 881 2365 invicem
907 2340 931 2365 a

61 2384 261 2423 veteribus
285 2384 474 2435 coniungi,
499 2388 540 2422 ut
563 2384 670 2435 Virg.
697 2383 780 2423 Ecl.
800 2383 848 2422 V.
864 2387 928 2424 23.

64 2441 181 2480 deos
199 2445 322 2493 atque
342 2445 477 2479 astra
495 2445 629 2480 vocat.
652 2439 926 2481 Aen.lll.600.

62 2496 131 2535 IV.
157 2500 251 2537 520.
280 2495 428 2535 Lucan.
454 2495 482 2535 Ι.
509 2500 604 2536 453.
635 2496 683 2535 cf.
708 2496 758 2534 ad
783 2496 926 2535 Florid-

59 2566 101 2604 p.
127 2557 195 2593 57.
233 2551 380 2591 Lucan.
404 2551 455 2591 X.
486 2557 575 2593 185.
612 2552 700 2591 val.
726 2551 834 2591 Max.
859 2551 928 2592 IX.

65 2613 129 2649 11.
150 2606 187 2660 ξ.
201 2612 237 2648 4.
268 2607 423 2646 Extern.
444 2608 563 2660 Apul.
584 2607 678 2647 Met.
699 2622 735 2660 p.
751 2613 844 2649 752.
863 2610 926 2648 ‹li-

61 2666 159 2704 vino
177 2666 262 2704 eius
280 2664 474 2704 luminis
503 2665 795 2717 numinisque
817 2670 928 2704 nutu.

60 2721 245 2772 Alioquin
276 2720 309 2759 si
340 2721 410 2760 dei
439 2725 477 2759 et
506 2722 669 2760 numina
700 2721 928 2772 coniungan-

60 2781 138 2823 tur,
173 2777 239 2815 vel
269 2777 414 2815 inferos
445 2790 570 2828 aeque
602 2790 649 2816 ac
678 2790 846 2828 superos
877 2777 928 2815 in-

58 2832 201 2885 telligi,
236 2832 301 2871 vel
332 2833 447 2872 simul
472 2846 604 2872 eorum
629 2836 864 2884 potestatem
890 2838 929 2873 et

58 2889 340 2941 providentiam
371 2890 486 2929 innui.
548 2888 656 2941 [Ego
682 2903 756 2927 non
782 2890 817 2928 in
843 2903 924 2928 voc.

57 2947 263 2986 numinum
292 2946 367 2985 sed
397 2947 432 2984 in
465 2947 549 2984 eius
579 2945 838 2997 explicatione
873 2946 927 2985 of-

58 3001 190 3049 fendo,
216 3003 305 3053 quia
326 3015 416 3041 mea
441 3002 595 3053 quidem
620 3002 813 3041 sententia
838 3017 924 3043 cae-

59 3058 148 3099 lites
166 3059 240 3096 iam
260 3060 296 3097 in
316 3059 471 3098 notione
490 3059 695 3100 numinum
712 3062 802 3098 sunt
821 3072 926 3098 com-

1007 535 1209 588 prehensi3
1251 548 1416 586 eamque
1447 536 1496 573 ob
1529 548 1712 575 caussam
1736 537 1874 589 prima

1008 592 1274 631 necessarium
1300 595 1361 629 est
1385 591 1495 629 aliter
1519 592 1743 642 explicetur.
1788 592 1873 643 Ego

1007 648 1180 698 intelligo
1201 647 1511 699 primiyem'am,
1547 652 1712 687 matrem
1743 650 1873 695 deam,

1009 703 1203 755 quomodo
1228 702 1303 741 lsis
1327 702 1488 754 saepius
1514 704 1740 751 nominatur,
1766 705 1872 755 Vir-g.

1005 760 1108 799 Aen.
1119 759 1269 799 X.252.
1285 758 1392 798 alma
1404 772 1556 810 parens
1571 759 1699 799 Idaea
1719 761 1872 806 deum,

1004 816 1058 854 ita
1082 820 1122 854 ut
1145 815 1246 852 bene
1270 815 1450 865 princeps
1481 819 1520 852 et
1551 816 1684 865 regina
1714 816 1872 855 deorum

1005 872 1241 921 dearumque
1277 885 1300 909 a
1335 876 1458 909 matre
1488 870 1729 911 discernatur
1759 872 1871 910 coeli-

1002 932 1094 966 tum.
1130 927 1349 966 IVumz‘num
1373 927 1486 977 igitur
1508 928 1653 966 retinui.
1692 927 1870 967 Ceterum

1005 984 1136 1024 lunzen
1161 987 1200 1021 et
1223 996 1367 1022 numen
1397 983 1433 1021 in
1460 983 1571 1022 codd.
1597 985 1759 1035 saepius
1785 999 1870 1023 con-

1004 1039 1228 1084 funduntur,
1266 1039 1312 1077 cf.
1343 1039 1473 1089 Kopp.
1507 1040 1556 1078 ad
1582 1040 1693 1078 Mart.
1721 1039 1869 1093 Capell.

1002 1095 1031 1135 I.
1056 1095 1086 1144 ᾧ.
1114 1099 1194 1136 73.:
1222 1095 1295 1134 Ast
1318 1095 1388 1133 ubi
1406 1097 1564 1146 primos
1588 1097 1782 1135 honorati
1807 1112 1870 1136 ca-

996 1152 1101 1203 pitis
1123 1152 1267 1190 radios
1290 1152 1545 1203 inyressuros
1568 1153 1743 1199 immisit,
1780 1155 1870 1205 ipse

1003 1209 1121 1246 etiam
1152 1207 1310 1258 Iupiter
1340 1207 1560 1257 paululum
1597 1214 1868 1261 retroyressvs

1000 1263 1071 1302 sub
1096 1264 1272 1302 innnensz'
1300 1264 1447 1302 nitor-[s
1480 1266 1667 1304 numine
1697 1266 1744 1316 (i.
1772 1279 1804 1305 e.
1830 1268 1867 1304 vi

1002 1322 1041 1356 et
1054 1320 1271 1368 potestate)
1293 1319 1504 1371 caliyavt’t,
1532 1321 1594 1358 ubi
1614 1320 1744 1371 Kopp.
1765 1323 1868 1359 male

1001 1375 1150 1413 lumine
1175 1388 1260 1413 cum
1279 1374 1366 1412 aliis
1386 1377 1519 1426 reponi
1539 1376 1671 1423 voluit,
1697 1378 1867 1428 itemque

999 1430 1236 1468 retinendum
1267 1430 1371 1480 apud
1395 1430 1541 1470 Lucan.
1568 1431 1596 1470 I.
1622 1437 1732 1473 452:
1770 1434 1866 1473 sol1's

997 1499 1112 1524 nosse
1136 1486 1234 1524 deos
1253 1491 1292 1524 et
1309 1486 1414 1524 coeli
1438 1487 1629 1527 numina
1654 1489 1776 1535 vobis,
1801 1490 1866 1528 ubi

998 1541 1127 1579 itidem
1153 1541 1304 1581 ἰιιηιίηα
1328 1542 1436 1580 multi
1461 1543 1683 1596 corrigunt]

1054 1598 1222 1636 dem-mn
1259 1598 1507 1650 dearmuqne
1537 1601 1672 1650 facies
1707 1602 1866 1652 unifor-

996 1654 1081 1693 mis.
1163 1653 1345 1692 Deorum
1375 1654 1482 1694 delet
1522 1654 1629 1694 Bert.
1671 1663 1864 1709 sequente

997 1708 1170 1755 Florida.
1209 1710 1300 1759 quia
1327 1711 1503 1750 videatur
1526 1711 1720 1764 Apuleius
1752 1713 1864 1753 femi-

995 1766 1083 1803 nina
1118 1769 1263 1803 tantum
1299 1767 1454 1805 nomina
1495 1771 1534 1806 et
1576 1770 1731 1808 numina
1771 1770 1864 1809 Isidi

995 1821 1215 1867 attribuere,
1241 1835 1326 1859 cum
1353 1826 1484 1861 contra
1506 1825 1723 1864 masculum
1749 1826 1865 1866 saciat

994 1877 1151 1915 deorum
1174 1882 1417 1929 regnatorem
1435 1878 1592 1927 Osirim,
1618 1881 1727 1920 cuius
1752 1896 1865 1921 sacra

992 1935 1212 1984 peregerint
1238 1933 1352 1972 Isidis
1376 1935 1550 1975 ministri.
1588 1935 1690 1976 Oud.
1718 1938 1862 1978 nullum

992 1989 1148 2028 dubium
1174 1994 1253 2035 est,
1290 1992 1378 2041 quin
1410 1992 1579 2031 deorum
1609 1993 1808 2045 irrepserit
1840 2009 1863 2033 e

992 2045 1133 2097 glossa
1169 2047 1278 2085 vocis
1315 2048 1523 2094 coelltum,
1560 2062 1646 2087 cum
1672 2063 1747 2100 qua
1772 2051 1862 2091 edd.

990 2103 1137 2153 primae
1191 2102 1293 2140 male
1346 2104 1516 2143 deorum
1564 2108 1860 2147 construxerint.

990 2157 1133 2196 Isidem
1164 2159 1265 2197 euim
1297 2159 1331 2197 in
1362 2173 1477 2211 seqq.
1505 2161 1701 2200 nominare
1729 2177 1861 2202 omnes

989 2215 1106 2261 deas,
1144 2228 1303 2266 quarum
1334 2216 1552 2255 nominibus
1583 2221 1623 2256 et
1648 2218 1747 2257 facie
1773 2220 1861 2271 ipsa

988 2270 1076 2309 sola
1109 2271 1366 2321 intelligatur,
1409 2276 1450 2310 at
1485 2273 1641 2313 nullum
1677 2275 1858 2322 deornm,

989 2329 1052 2377 qui
1077 2327 1451 2379 comprehendantur
1474 2330 1549 2367 sub
1563 2329 1733 2370 osiride.
1768 2331 1857 2369 Non

987 2384 1099 2434 igitur
1135 2398 1234 2436 opus
1271 2397 1366 2422 esse
1404 2398 1490 2423 cum
1527 2386 1645 2437 vulgo
1677 2387 1858 2438 refugere

986 2439 1036 2479 ad
1061 2439 1160 2478 deos
1184 2438 1465 2491 ἀρσενοθῇλεις.
1504 2440 1768 2494 [Quamquam
1782 2457 1856 2494 ego

986 2509 1142 2547 quoque
1184 2497 1220 2534 in
1262 2510 1360 2535 voce
1402 2498 1574 2538 deorum
1619 2498 1758 2537 eadem
1807 2500 1857 2538 (le

985 2565 1129 2591 caussa
1153 2552 1321 2598 offendo,
1347 2556 1474 2591 tamen
1500 2554 1738 2605 persuadere
1763 2556 1855 2594 mihi

984 2622 1157 2659 nequeo,
1181 2609 1359 2660 glossam
1385 2623 1479 2648 esse
1503 2610 1715 2662 superioris
1742 2625 1854 2651 voca-

987 2665 1091 2711 buli,
1135 2666 1226 2717 quia
1261 2665 1538 2717 impedimento
1575 2666 1666 2705 mihi
1703 2667 1756 2706 ita
1792 2672 1856 2706 est

990 2735 1066 2774 que
1091 2721 1295 2774 part1cula3
1321 2723 1393 2760 nisi
1419 2721 1518 2761 hanc
1541 2735 1617 2761 una
1637 2736 1722 2761 cum
1741 2737 1854 2762 voca-

986 2778 1078 2816 bulo
1105 2778 1285 2823 deorum,
1317 2778 1422 2828 quod
1448 2791 1495 2816 eo
1522 2779 1650 2829 posito
1670 2793 1852 2818 necessa-

985 2835 1083 2872 rium
1125 2833 1260 2880 suerit,
1308 2834 1537 2873 eiiciendam
1579 2848 1673 2874 esse
1716 2849 1851 2887 ponas.

979 2888 1212 2934 Ἀσυνδετῶς
1242 2890 1341 2928 enim
1376 2890 1473 2929 haec
1502 2892 1629 2929 omnia
1653 2891 1852 2930 efferenda

984 2960 1096 2992 esse,
1133 2947 1262 2984 statim
1295 2946 1441 2992 elucet,
1478 2950 1519 2984 ut
1542 2947 1576 2985 si
1602 2948 1853 3000 dearumque

980 3003 1115 3053 facies
1132 3003 1350 3052 uniformis
1369 3002 1614 3049 scriberetur,
1641 3005 1758 3042 totius
1778 3004 1851 3042 loci

983 3058 1221 3098 concinnitas
1251 3057 1541 3098 disturbaretur.
1609 3059 1788 3101 Deorum
1817 3061 1852 3098 si

1469 3113 1571 3155 63*
