2221 3667
234 606 300 640 754

323 125 408 168 984

590 123 636 162 L.
668 121 889 162 APULEII
918 121 1320 162 MADAURENSIS
1348 122 1464 162 ΜΕΤ
1468 123 1891 165 AMORPHOSEON

324 235 530 290 praecipue
566 232 824 287 religionibus
861 233 1103 288 aptissimum
1141 233 1296 274 divinus
1322 233 1386 273 ille
1416 232 1664 288 Pythagoras
1701 236 1888 290 prodidit,
1921 237 2047 277 laetus
2079 241 2118 276 et

324 293 455 332 alacer
479 291 590 331 deam
615 296 909 345 praepotentem
934 290 1144 331 lacrimoso
1168 289 1280 331 vultu
1305 289 1362 331 sic
1387 290 1646 345 apprecabar:

911 439 1354 511 οᾼΡυΤ

1456 439 1537 488 ΙΙ.

438 549 631 604 „Regina
658 549 780 601 coeli,
807 549 892 591 sive
917 556 957 590 tu
972 548 1097 590 Ceres
1117 550 1220 590 alma
1244 550 1403 604 frugum
1427 563 1572 604 parens
1592 551 1818 605 originalis,
1846 565 1945 605 quae
1963 559 2124 606 repertu

324 607 471 648 laetata
495 607 621 659 filiae,
649 614 831 648 vetustae
857 606 1009 661 glandis
1032 607 1038 663 1
1059 606 1187 647 ferino
1217 613 1369 648 remoto
1394 607 1557 662 pabulo,
1590 608 1675 648 miti
1705 615 2010 649 commonstrato
2037 608 2124 649 cibo

325 735 500 774 religionis
513 737 591 766 Bas.
605 738 636 765 2.
652 737 742 766 colv.
756 737 853 765 Vulc.
867 738 898 765 2.

325 783 537 810 artissimum
557 784 592 811 G.
621 783 650 811 1.
698 779 858 809 dic-initus
879 783 915 810 G.
934 783 965 812 2.

934 735 1201 773 religioniVulc.
1217 737 1245 765 1.
1259 737 1371 766 u⁷0w.
1385 737 1471 765 Pric.
1495 736 1686 774 regionibus
1700 738 1737 766 L.
1762 739 1799 766 In
1811 740 1884 767 cett.
1899 735 2127 775 religionibus.

991 781 1071 816 (nec
1090 783 1126 810 G.
1149 783 1177 811 1.
1198 785 1231 810 ut
1250 783 1328 811 Oud.
1349 783 1511 818 protulit.)
1524 784 1562 812 D.
1577 784 1614 812 L.
1629 784 1664 812 P.
1702 781 1828 810 diutius
1842 791 1871 817 p.
1915 786 2127 820 pyctogoras

327 830 363 857 G.
380 830 409 857 1.
422 830 454 856 2.
468 829 506 857 D.
555 825 658 854 letam
667 829 924 864 praepotentem
938 835 969 862 p.
1017 825 1233 855 alacrz’ssmeo
1253 829 1290 856 G.

1310 829 1340 856 2.
1361 829 1450 857 0.D.
1470 827 1549 863 (nec
1563 836 1640 857 vero
1654 831 1688 857 ut
1702 829 1781 857 oud.
1802 829 1894 858 testis
1911 829 2009 858 estin
2030 829 2127 867 G-1.,

327 875 382 910 qui
395 871 586 901 lacrissimo
601 875 716 907 habet,
739 873 825 901 unde
838 880 903 901 non
916 873 1130 908 improbabile
1142 876 1207 910 est,
1233 874 1270 902 Ο.
1285 881 1412 908 quoque
1425 874 1472 902 ita
1484 872 1634 908 habere.)

417 921 558 956 repertu
572 919 608 947 G.
621 919 652 948 2.
666 919 703 947 Ρ.
715 919 754 947 1).
802 916 918 945 lerata
933 919 969 947 G.
985 920 1014 948 1.
1062 916 1218 946 vesculae
1230 919 1267 949 B.
1292 922 1448 949 vestutae
1461 916 1490 949 ὃ.
1535 917 1678 957 grandis
1691 919 1820 949 Vicent.
1835 920 1947 949 venet.
1960 921 1992 950 2.

328 1035 370 1069 ut
393 1031 517 1081 impar
546 1032 824 1067 sacrosanctus
855 1033 957 1077 erat3
993 1029 1041 1068 cf.
1072 1029 1202 1080 Heyn.

330 1088 379 1127 ad
411 1087 517 1137 Virg.
552 1086 653 1124 Aen.
684 1085 732 1124 V.
766 1089 832 1125 85.
880 1084 964 1124 Intt.
1002 1086 1051 1126 ad
1087 1085 1204 1126 Ovid.

331 1144 426 1183 Met.
454 1143 503 1181 V.
530 1146 623 1183 537.
650 1141 718 1180 IX.
745 1145 837 1182 292.
863 1142 913 1181 Χ.
936 1146 1001 1183 73.
1027 1142 1203 1182 Macrob.

333 1201 415 1239 Sat.
430 1198 458 1238 Ι.
474 1203 510 1240 6.
535 1199 647 1237 Varr.
663 1198 768 1249 apud
783 1198 888 1238 Gell.
901 1198 963 1237 Ill.
982 1204 1044 1240 10.
1071 1199 1204 1251 Kopp.

332 1255 622 1307 palaeograph.
649 1255 694 1294 II.
710 1258 747 1295 3.
770 1258 800 1305 §.
816 1260 909 1296 237.
926 1254 970 1295 T.
984 1256 1047 1295 III.
1062 1270 1098 1308 p.
1115 1261 1207 1297 288.

333 1318 372 1352 et
402 1313 452 1352 ad
483 1312 598 1351 Mart.
631 1311 781 1364 Capell.
807 1311 836 1352 I.
861 1312 891 1363 ξ.
918 1317 983 1354 40.
1009 1327 1046 1364 p.
1073 1318 1138 1354 86.
1171 1317 1210 1352 et

332 1370 572 1424 praeceteris
586 1369 636 1408 ad
651 1367 737 1408 Vll.
754 1370 788 1417 ξ.
805 1373 897 1410 738.
918 1382 955 1420 p.
971 1373 1063 1410 591.
1093 1371 1210 1416 Quid

335 1432 467 1467 autem
503 1432 540 1466 te
577 1426 749 1477 heptas
784 1428 1066 1465 veneranda
1103 1441 1208 1466 com-

335 1483 566 1523 memorem?
612 1481 810 1520 Censorio.
842 1496 877 1522 c.
911 1486 974 1522 14.
1004 1482 1127 1522 Orell.
1160 1482 1210 1521 ad

336 1540 482 1579 Arnob.
506 1537 593 1578 Vll.
619 1542 686 1579 38.
712 1539 746 1576 in
772 1539 877 1577 Add.
903 1552 942 1590 p.
968 1538 1082 1592 447]

392 1596 608 1637 submerso.
674 1594 765 1647 [De
797 1595 872 1634 hoc
901 1608 1011 1634 more
1042 1596 1091 1636 cf.
1122 1595 1209 1635 Intt.

336 1654 386 1693 ad
411 1652 580 1692 luvenal.
606 1651 674 1691 vl.
700 1651 811 1704 523.]

395 1709 485 1749 CAP.
510 1708 553 1747 II.
612 1710 762 1761 reyz'na
793 1709 909 1748 coeli.
971 1708 1044 1761 [cf.
1075 1708 1208 1761 Kopp.

339 1767 389 1805 ad
412 1766 530 1805 Mart.
556 1764 708 1816 Capell.
734 1764 759 1803 I.
785 1764 816 1814 ᾧ.
843 1770 880 1805 4.
905 1778 942 1816 p.
963 1769 1027 1805 20.
1056 1766 1209 1805 Gruter.

336 1827 401 1870 83,
431 1827 482 1864 12
507 1827 546 1860 et
573 1825 635 1862 13.
685 1819 849 1860 Taubm.
880 1821 930 1860 ad
955 1820 1082 1862 Plaut.
1109 1822 1209 1874 Sup-

336 1880 452 1933 posit.
476 1892 515 1930 p.
543 1878 683 1931 1505]

393 1937 472 1976 sive
496 1941 541 1975 tu
570 1934 697 1974 Ceres.
743 1934 824 1987 [De
842 1948 952 1974 more
968 1939 1157 1982 veterum,
1171 1936 1207 1974 in

336 1992 579 2032 solemnibus
626 1992 810 2043 precibus
852 2006 1109 2044 quaecunque
1146 1992 1209 2031 dei

338 2051 489 2088 dcaeve
514 2050 670 2088 nomina
691 2049 867 2094 vocandi,
893 2050 969 2087 iam
989 2049 1133 2088 dictum
1148 2054 1211 2089 est

337 2107 387 2145 ad
417 2106 516 2146 Met.
546 2105 616 2146 Vl.
647 2120 684 2157 p.
717 2109 830 2153 388.;
880 2106 1020 2156 quibus
1056 2106 1211 2145 dietatis

338 2164 433 2202 libet
461 2163 607 2201 addere
639 2162 724 2201 Intt.
757 2162 806 2201 ad
837 2161 940 2202 Plat.
966 2163 1016 2201 de
1039 2162 1210 2216 Republ.

339 2220 401 2259 III.
428 2223 464 2261 6.
490 2233 526 2271 p.
554 2223 646 2260 394.
672 2219 721 2258 A.
764 2219 900 2271 Kopp.
924 2219 973 2258 ad
998 2219 1113 2259 Mart.
1142 2219 1211 2259 Ca-

338 2276 432 2329 pell.
463 2275 509 2315 II.
542 2276 571 2326 δ.
601 2280 691 2317 191.
723 2289 760 2328 p.
787 2280 882 2317 236.
918 2281 956 2315 te
986 2277 1211 2330 Serapim

340 2334 478 2378 Nilus,
518 2333 722 2385 Illempleis
758 2338 973 2373 veneratur
1011 2334 1209 2380 Osirim,

340 2391 520 2429 Dissomz
541 2404 661 2429 sacra
686 2389 938 2430 Mithram.
964 2390 1211 2443 Ditemque

336 2449 552 2499 ferumque
578 2447 614 2486 Τ
617 2446 828 2485 illione'm
852 2446 985 2499 seqq]

394 2507 569 2555 sruyum
582 2516 735 2555 parcns
749 2503 979 2553 oriyivzalis.
1002 2502 1065 2555 [cf.
1076 2502 1212 2542 Munk.

340 2559 390 2598 ad
416 2558 560 2598 Albric.
588 2557 732 2597 XXIII.
757 2572 795 2610 p.
815 2562 910 2599 937.
941 2559 1057 2598 Diod.
1080 2561 1158 2598 sic.
1184 2559 1211 2599 I.

345 2622 358 2657 1
371 2621 406 2657 2.
433 2614 614 2668 εἰρούσης
627 2610 759 2662 Ἴσιδος
772 2612 838 2654 τόι
855 2631 898 2654 τε
917 2619 986 2654 τοῦ
1006 2617 1128 2669 πιροῦ
1148 2615 1211 2655 καὶ

340 2676 479 2724 κηιθῆς
493 2670 655 2739 καρπὸι.
678 2688 746 2711 του
731 2668 800 2710 δὲ
818 2669 1004 2724 Ὀσίριδος
1017 2676 1213 2724 &mmmm-

338 2728 404 2782 μέν
407 2745 448 2770 ου
462 2726 528 2781 τὴν
534 2727 678 2769 ‘totitem
686 2731 935 2781 κατεργασίαι
942 2730 1192 2780 τῶνκαρπῶν.
1194 2729 1211 2783 ]

396 2791 575 2826 zetustae
609 2785 791 2838 glandis.
871 2786 1030 2838 Sciopp.
1074 2787 1215 2837 probat

341 2843 546 2882 lectionem
582 2841 689 2881 Bert.
732 2842 915 2882 resculae
956 2842 1018 2881 his
1060 2843 1210 2881 verbis:

340 2901 524 2940 resculae
547 2900 572 2939 i.
598 2912 632 2938 e.
656 2899 787 2938 siccae
812 2903 851 2937 et
876 2899 1008 2939 durae.
1055 2898 1212 2938 Lucret.

341 2957 363 2994 l.
392 2960 487 2999 326.
522 2970 677 2996 vescum
711 2955 778 2995 sal
809 2955 906 2994 dixit
934 2970 1005 3007 pro
1036 2956 1147 2995 edaci
1176 2957 1211 2994 si

340 3012 464 3051 Festo
491 3013 684 3052 credimus
714 3013 772 3065 (p.
799 3016 890 3054 161.
916 3012 1113 3063 Lindem.)
1147 3013 1212 3064 qui

339 3070 390 3106 ait
416 3070 593 3110 vasculos
616 3069 794 3108 homines
820 3082 913 3108 esse
932 3069 1035 3108 male
1055 3073 1211 3108 curatos

341 3128 380 3162 ct
393 3126 572 3176 graciles.
599 3125 667 3165 Sic
680 3126 815 3166 Afran.
831 3126 935 3179 apud
948 3126 1052 3167 Non.
1064 3139 1101 3178 p.
1120 3130 1209 3168 187.

1261 1029 1384 1071 Merc.
1418 1030 1474 1070 At
1494 1044 1601 1083 puer
1626 1036 1681 1069 est
1705 1044 1883 1077 ress-us,
1907 1030 2132 1071 imbecillus

1263 1088 1424 1127 viribus.
1475 1087 1516 1126 ln
1544 1087 1679 1126 Gloss.
1705 1086 1859 1125 Philox.
1885 1100 1924 1138 p.
1949 1090 2040 1128 223.
2066 1100 2131 1125 ex-

1262 1146 1415 1194 ponitur
1439 1158 1574 1184 vesens
1605 1142 1823 1195 ὀλιγόσιτος.
1876 1143 2001 1182 Lucil.
2027 1143 2131 1196 apud

1262 1199 1363 1240 Non.
1397 1200 1419 1240 l.
1446 1216 1478 1240 c.
1519 1202 1652 1246 Quam
1684 1202 1945 1251 fastidiosum
1982 1215 2034 1240 ae
2062 1215 2132 1240 ve-

1267 1271 1393 1297 scum
1419 1259 1558 1297 vivere.
1608 1258 1673 1296 Sic
1700 1257 1788 1308 lego
1815 1257 1918 1308 apud
1943 1257 2043 1295 Non.
2068 1271 2132 1296 re-

1267 1328 1377 1354 scum
1391 1328 1426 1366 p.
1445 1319 1535 1356 186.
1551 1314 1588 1352 id
1603 1319 1665 1353 est
1685 1327 1769 1352 cum
1797 1313 1951 1352 fastidio
1978 1313 2131 1359 edendi,

1266 1371 1386 1410 veluti
1423 1373 1693 1422 interpretatur
1730 1370 1832 1409 Gell.
1858 1369 1965 1409 XVI.
1999 1375 2034 1411 5.
2068 1371 2131 1420 qui

1267 1442 1421 1468 vescum
1446 1441 1496 1466 ex
1521 1441 1564 1466 ve
1595 1432 1634 1466 et
1664 1441 1755 1466 esca
1786 1429 2041 1479 compositum
2068 1427 2134 1465 do-

1269 1488 1340 1523 cet.
1390 1485 1495 1536 Virg.
1523 1484 1667 1535 Georg.
1694 1483 1756 1522 III.
1787 1487 1896 1529 173..
1931 1484 1996 1522 ubi
2024 1484 2136 1523 Serv.

1275 1541 1449 1581 Vescas
1478 1542 1608 1580 siccas
1639 1546 1676 1580 et
1705 1545 1871 1579 teneras.
1927 1541 2034 1580 Nam
2064 1555 2136 1579 ve-

1267 1612 1395 1637 scum
1431 1598 1509 1637 lzoc
1545 1602 1603 1636 est
1631 1600 1820 1649 proprie.
1877 1597 1994 1636 Unde
2019 1599 2137 1638 etiam

1269 1655 1373 1693 telae
1415 1667 1657 1693 aranearum
1705 1654 1878 1693 rescae
1925 1659 2135 1694 vocantur.

1269 1709 1335 1761 [cf.
1363 1710 1471 1748 Fest.
1497 1724 1537 1762 p.
1565 1714 1655 1756 158,
1683 1714 1758 1750 741
1784 1714 1822 1748 et
1840 1714 1933 1751 750.
1959 1709 2138 1751 Lindem.

1267 1766 1398 1806 Doed.
1429 1767 1646 1818 Synonym.
1672 1766 1718 1805 Τ.
1744 1766 1810 1805 lv,
1838 1779 1873 1818 p.
1899 1770 1987 1808 168.
2015 1767 2137 1807 Salm.

1267 1822 1370 1862 Plin.
1394 1838 1432 1876 p.
1460 1823 1542 1876 26]
1592 1823 1675 1862 Sed
1699 1822 1813 1861 male.
1855 1822 2013 1862 Passim
2037 1825 2139 1862 enim

1267 1881 1391 1933 ylans
1420 1881 1454 1918 in
1487 1880 1637 1931 frugum
1669 1880 1956 1932 oppositionem
1981 1886 2140 1919 vocatur

1268 1938 1382 1977 cibus
1420 1942 1601 1977 vetustus.
1663 1935 1848 1976 Pricaeus
1878 1937 1977 1976 haec
2008 1937 2136 1976 affert:

1266 1994 1378 2044 Yirg.
1404 1993 1546 2045 Georg.
1572 1992 1597 2032 I.
1625 1997 1717 2034 348.
1754 1999 1937 2045 tempora
1971 2008 2139 2047 querna,

1267 2051 1331 2089 ubi
1360 2050 1540 2089 Servius:
1579 2051 1746 2090 Habens
1782 2051 1823 2088 in
1859 2051 2052 2090 memoria
2087 2052 2140 2090 vi-

1270 2112 1376 2147 etam
1396 2109 1598 2159 priorem,
1636 2122 1661 2146 α
1690 2121 1771 2159 quo
1799 2107 1955 2147 Cereris
1977 2121 2140 2148 revoca-

1271 2168 1335 2204 tus
1360 2169 1417 2203 est
1441 2165 1702 2216 beniquitate,
1727 2178 1820 2202 nam
1847 2164 1940 2202 olim
1963 2164 2141 2204 homines

1269 2221 1428 2272 ylande
1454 2221 1722 2260 vescebantur.
1759 2218 1914 2259 Pollux.
1929 2219 1956 2260 I.
1974 2224 2035 2261 12.
2055 2220 2086 2271 ξ.
2102 2225 2138 2262 9.

1270 2276 1385 2316 Ovid.
1402 2277 1509 2316 Fast.
1526 2276 1551 2315 I.
1569 2282 1648 2318 675
1664 2290 1723 2327 sq.
1746 2291 1825 2329 per
1841 2291 1940 2329 quas
1955 2283 2142 2317 correcta

1272 2339 1485 2373 vetustas
1516 2335 1764 2386 Quernaque
1793 2334 1916 2385 ylaris
1946 2335 2055 2373 victa
2085 2339 2142 2373 est

1269 2391 1437 2430 utiliore
1473 2391 1564 2429 cibo
1603 2389 1718 2442 [ibid.
1757 2389 1823 2428 lv.
1862 2394 1943 2431 400
1973 2404 2032 2441 sq.
2080 2390 2142 2429 Ex

1272 2447 1347 2485 hoc
1372 2447 1485 2498 igitur
1515 2447 1603 2485 loco
1634 2446 1836 2485 retinenda
1865 2447 2014 2485 videtur
2038 2448 2142 2498 apud

1271 2502 1452 2554 Fulgent.
1478 2503 1648 2555 Mythol.
1664 2503 1691 2542 I.
1712 2518 1748 2555 p.
1766 2507 1858 2544 621.
1886 2503 2063 2542 Staveer.
2089 2504 2142 2542 le-

1272 2560 1346 2598 ctio
1366 2561 1572 2600 archaieis
1590 2561 1768 2600 sensibus
1786 2560 2003 2613 ylamlium
2025 2562 2141 2613 φήῃ·

1265 2617 1383 2668 pium
1407 2619 1585 2669 sapiam,
1610 2630 1679 2667 pro
1706 2631 1782 2668 qua
1807 2617 1990 2655 emendat
2012 2616 2140 2655 Bentl.

1274 2673 1324 2712 ad
1361 2673 1494 2712 Horat.
1533 2672 1661 2725 Epist.
1700 2673 1727 2711 I.
1766 2679 1803 2714 5.
1847 2678 1880 2713 1.
1919 2673 2140 2720 arcadicis,

1274 2743 1378 2780 quae
1427 2731 1647 2769 coniectura
1694 2730 1878 2782 explicari
1919 2730 2051 2780 possit
2093 2743 2142 2768 ex

1272 2785 1453 2838 Fulgent.
1486 2787 1594 2826 Cont.
1628 2787 1734 2837 Virg.
1760 2801 1796 2838 p.
1824 2790 1915 2826 747.
1945 2786 2008 2824 ubi
2041 2787 2141 2826 vide.

1271 2843 1501 2884 Archaicus
1543 2848 1582 2882 nt
1618 2844 1818 2883 archaeus
1853 2843 1889 2880 in
1930 2855 2004 2880 usu
2046 2847 2142 2890 crat,

1272 2901 1518 2950 potissimum
1551 2900 1612 2938 his
1642 2899 1910 2951 scriptoribus.
1960 2898 2010 2938 cf.
2041 2899 2141 2938 Elm.

1271 2956 1322 2995 ad
1337 2957 1481 2996 Arnob.
1506 2956 1551 2996 ll.
1579 2959 1644 2997 23.
1670 2970 1707 3008 p.
1724 2960 1786 2996 75.
1813 2959 1852 2994 et
1872 2969 1904 2994 c.
1927 2958 1991 2997 66.
2017 2969 2054 3008 p.
2076 2960 2141 2998 98.

1269 3011 1328 3052 ed.
1354 3013 1482 3065 Lugd.
1507 3013 1619 3066 Bar]

1326 3071 1424 3109 miti.
1484 3069 1672 3108 Pricaeus
1697 3068 1874 3107 adnotat:
1901 3067 2016 3108 Ovid.
2042 3069 2140 3109 Met.

1272 3126 1319 3166 V.
1346 3131 1439 3168 342.
1473 3127 1617 3166 Prima
1650 3124 1817 3175 (Ceres)
1851 3126 1970 3165 dedit
1995 3127 2143 3179 fruges
