2155 3590
661 126 849 166 LIBER
878 127 929 166 II.
988 126 1119 166 CAP.
1148 124 1364 164 XXVIII.
1843 124 1919 166 141

116 246 155 279 et
180 252 325 280 arcana
347 237 604 293 Memphitica
629 246 668 278 et
692 239 813 279 sistra
827 238 1036 280 Phariaca.
1054 237 1118 279 Da
1141 238 1302 278 brevem
1329 236 1423 277 solis
1450 249 1609 276 usuram
1625 267 1635 286 ‚
1664 243 1704 277 et
1726 235 1766 275 in
1793 242 1922 277 aeter-

116 309 208 336 uum
237 294 404 336 conditis
436 295 559 335 oculis
591 295 781 335 modicam
812 296 938 336 lucem
969 295 1147 335 infunde.
1208 292 1303 334 Non
1336 292 1552 333 obnitimur
1583 305 1655 332 nec
1682 299 1814 332 terrae
1839 305 1924 332 rem

115 365 225 391 suam
251 351 511 405 denegamus,
540 352 607 391 sed
633 351 681 391 ad
707 351 867 391 ultionis
894 353 965 393 sol
958 352 1078 392 mum
1104 350 1292 404 exiguum
1319 349 1425 389 vitae
1451 348 1619 413 spatium
1647 349 1920 402 deprecamur.

113 405 311 462 Propheta
341 407 397 447 sic
429 407 663 462 propitiatus
697 407 899 448 herbulam
932 408 1152 462 quampiam
1184 407 1232 447 ob
1265 420 1309 446 os
1343 406 1521 460 corporis
1553 411 1592 445 et
1626 404 1742 444 aliam
1773 404 1923 458 pectori

113 511 337 551 memphytica
350 515 386 542 G.
402 514 431 542 ἱ).
444 514 483 542 D.
508 511 707 550 mempln‘ica
721 515 748 543 ἱ
752 518 835 542 enet.
850 516 879 543 4.
928 517 960 542 et
976 519 1051 544 ante
1064 514 1174 542 sistra
1192 515 1303 542 exulat
1316 514 1356 541 ab
1371 513 1442 541 edd.
1455 512 1540 540 Elin.
1555 511 1659 539 Scriv.
1674 510 1758 539 Pric.
1779 510 1900 538 emi-sev
1903 518 1925 536 a

111 567 168 593 pro
182 559 292 587 sistra
309 561 346 588 G.
362 560 390 587 1.
403 560 435 587 2.
454 559 492 587 D.
507 566 528 587 a
541 567 571 593 p.
585 567 626 588 m.
641 560 677 588 P.
690 566 727 587 π.
767 559 920 597 fariaea
941 562 976 588 G.
991 562 1021 589 2.
1035 561 1074 589 D.
1098 555 1275 598 sarim-ha
1293 559 1329 586 G.
1347 558 1374 586 1.
1399 556 1549 596 furiata
1562 557 1598 584 P.
1616 555 1782 595 fasciam
1796 557 1832 584 B.
1880 554 1926 582 da

113 600 198 636 ὸνιιῖε
212 603 292 632 solis
306 605 341 633 G.
355 605 387 632 2.
413 602 525 631 bovem
538 612 594 639 pro
608 603 739 631 brecem
752 606 789 632 P.
805 608 885 633 teste
899 606 1034 634 Putsch.
1083 611 1177 632 usum
1191 611 1227 632 π.
1243 611 1284 632 ex
1296 604 1421 639 glossa.
1468 602 1503 629 in
1520 603 1714 628 caeternum
1730 601 1765 628 G.
1783 600 1811 629 1.
1859 608 1925 627 non

113 648 321 677 obmitlv'mur
334 650 370 678 G.
386 650 414 678 1.
462 656 531 676 rem
545 656 643 677 suam
658 652 774 677 terrae
788 648 899 686 deneg.
913 651 949 678 G.
963 652 989 679 1.
1039 648 1233 686 denegemus
1246 650 1284 678 D.
1299 655 1319 677 a
1332 656 1361 682 p.
1377 656 1416 676 m.
1463 646 1726 683 inprecamurB.
1777 648 1829 672 ter
1841 646 1925 679 qumi

112 699 188 723 ante
202 693 240 722 ob
254 702 290 722 os
303 695 338 723 in
351 694 463 723 munis
477 696 548 724 edd.
564 695 698 731 legitur,
725 697 818 724 abest
832 702 852 723 a
865 696 900 724 F.
914 697 939 723 1.
951 697 980 724 3.
996 696 1032 723 G.
1046 696 1113 724 1.‘.².
1128 696 1167 723 D.
1177 696 1213 725 0.
1226 701 1263 723 π.
1278 690 1307 722 δ.
1321 694 1357 722 Ρ.
1372 695 1410 722 R.
1426 692 1589 722 f.1un1.2.
1617 690 1696 726 [Sed
1710 690 1810 720 facile
1823 690 1925 718 omitti

111 743 237 774 poterat
251 738 440 774 compendio
453 741 507 768 ΠΙ.
532 740 689 775 scriplum
710 744 839 775 propter
858 741 1104 769 antecedentem
1123 740 1265 769 litteram
1279 747 1320 773 m,
1336 745 1531 772 quamquam
1544 745 1608 765 non
1623 737 1726 765 audeo
1740 736 1774 763 in
1787 738 1876 764 textu
1892 735 1926 763 iu

111 783 292 820 reponere]
313 783 352 812 ob
365 782 426 812 hos
434 786 489 814 Dr.
506 787 559 813 ter
571 785 606 813 in
620 792 656 813 os
670 787 705 814 Β.
721 783 767 813 ad
779 794 815 813 os
830 788 954 815 Ms.Al.
965 790 1048 814 teste
1057 786 1149 814 Colv.
1159 783 1305 813 etale‘am
1316 781 1602 820 herbampectori
1611 783 1651 812 D.
1665 783 1762 810 habet
1776 781 1808 809 in
1823 787 1924 815 marg.

110 834 144 857 ut
157 831 225 859 cod.
238 830 408 859 cuiusdam
421 830 590 859 lectionem
605 839 624 860 a
637 839 678 860 m.
694 840 720 859 s.

109 921 236 956 tarunt
254 919 500 969 interpretes,
533 918 713 965 Quidam,
737 923 776 957 ut
796 919 910 957 testis
926 922 987 956 est

109 973 390 1020 Bedehemus,
422 989 445 1012 e
477 976 675 1014 veteribus
706 976 813 1013 libris
840 980 987 1027 operta

110 1032 329 1082 coptitz'ca,
367 1046 442 1070 non
474 1034 588 1084 pauci
621 1033 776 1084 adepta
808 1032 987 1083 legerunt

109 1090 148 1124 et
183 1087 284 1126 alius
321 1088 406 1127 cod.
442 1090 737 1128 vetustissimus
775 1092 986 1139 comperta

109 1143 332 1184 [iliadum
349 1149 441 1196 post
466 1147 689 1197 coeptt'tica
715 1145 846 1183 habet.
870 1143 984 1181 Alios

109 1200 226 1238 etiam
251 1204 417 1240 testatur
441 1202 504 1239 hic
530 1202 717 1241 clzomata
738 1214 788 1238 ex
805 1200 982 1251 Ulpiano,

108 1270 154 1295 se
185 1270 277 1296 vero
311 1263 484 1310 operata
519 1257 692 1309 Coptica
726 1259 749 1296 i.
775 1271 809 1296 e.
843 1270 984 1308 opera-

107 1315 237 1352 tiones
255 1315 461 1366 sacrt'ficia
483 1315 660 1365 probare.
717 1312 846 1351 Aliter
865 1311 986 1350 voluit

107 1370 143 1408 in
157 1369 262 1408 Add.
282 1370 478 1422 adoptiva
500 1371 680 1421 copte'ca.
728 1369 869 1408 Roald.
885 1369 987 1405 bene

108 1426 326 1465 coniecerat
350 1427 558 1479 adoperta
588 1426 784 1477 Coptica,
811 1426 986 1463 Wower.

108 1483 237 1537 adyta
269 1484 438 1535 coptt'ca
472 1483 588 1535 Bapt.
620 1481 716 1521 Pius
741 1482 842 1520 Ann.
873 1481 986 1534 prior.

107 1553 145 1591 p.
159 1543 248 1580 108.
259 1539 413 1591 adepta
428 1541 573 1591 coopti
577 1553 639 1584 ca,
649 1538 812 1577 Fulvius
826 1540 988 1593 adypta

112 1596 305 1648 Coptica,
348 1595 534 1635 Beroald.
571 1600 610 1634 et
646 1595 783 1634 Schik.
826 1596 987 1647 adopta

112 1652 307 1705 Coptica,
340 1652 445 1704 quod
477 1653 526 1691 de
556 1653 775 1704 sepiniento
802 1656 841 1691 et
867 1664 987 1703 opere

107 1710 421 1760 interpretantur,
442 1709 547 1760 quod
566 1709 741 1747 muniunt
761 1708 985 1747 hirundines

106 1780 180 1804 non
195 1767 279 1804 sine
294 1765 426 1817 aliqua
438 1766 626 1815 religione
641 1767 746 1805 iuxta
756 1765 921 1817 Copton.
937 1764 985 1802 cf.

106 1821 208 1861 Plin.
240 1822 344 1862 Hist.
372 1821 463 1862 Nat.
488 1822 539 1861 X.
567 1837 598 1861 c.
625 1826 691 1863 33.
717 1822 748 1872 ξ.
775 1826 846 1863 49;
885 1834 986 1872 quae

107 1880 299 1919 sententia
317 1879 502 1930 probatur
522 1878 566 1917 B.
594 1878 666 1917 Pio
694 1880 730 1917 in
753 1878 873 1917 Thes.
894 1877 985 1916 Crit.

109 1935 220 1975 Tom.
239 1935 266 1974 Ι.
293 1950 330 1988 p.
352 1939 448 1977 377.
480 1935 682 1974 Maussac.
709 1935 760 1974 ad
786 1934 985 1973 Plutarch.

107 1992 157 2030 de
176 1991 301 2032 Flum.
322 2006 359 2044 p.
375 1996 470 2033 301.
491 1996 531 2030 et
550 1992 690 2031 eodem
708 2005 833 2031 sensu
851 1991 986 2030 Barth.

107 2049 209 2087 Adv.
224 2048 332 2087 XXI.
349 2054 385 2089 7.
399 2063 438 2101 p.
457 2053 575 2090 1032.
597 2049 781 2087 emendat
800 2049 986 2099 adsepta.

108 2105 189 2144 Sed
203 2104 308 2144 Oud.
334 2110 440 2144 recte
466 2107 541 2144 iam
567 2109 698 2143 monet
723 2105 884 2155 intelligi
911 2118 985 2142 non

107 2175 233 2214 posse
263 2162 363 2201 haec
391 2159 556 2215 χώματα
580 2162 681 2200 adeo
707 2175 821 2201 sacra
846 2161 986 2206 fuisse,

108 2223 149 2257 ut
178 2232 250 2271 per
285 2232 334 2258 ea
369 2219 536 2258 iurarent
566 2223 605 2257 et
629 2222 878 2270 precarentur
910 2217 986 2256 Ae-

108 2277 232 2327 gyptii
263 2275 367 2326 magi
399 2279 438 2313 et
471 2274 548 2314 alii.
608 2274 700 2325 lpse
732 2288 823 2314 vero
857 2275 987 2328 adyta

107 2332 246 2370 retinet
276 2345 512 2383 quamquam
543 2336 711 2377 veretur,
742 2335 784 2370 ut
813 2345 905 2369 vera
938 2330 990 2369 sit

110 2388 238 2434 lectio,
264 2401 381 2439 quum
407 2403 482 2427 non
508 2388 558 2427 de
581 2389 683 2427 Iocis
709 2390 831 2439 egerit
855 2392 988 2427 auctor

109 2445 184 2483 sed
214 2444 262 2484 de
294 2446 415 2485 rebus
446 2446 588 2484 sacris:
626 2445 700 2482 iam
735 2457 826 2484 vero
857 2445 987 2498 adyta

108 2515 184 2540 non
216 2501 291 2540 dici
320 2502 392 2540 nisi
424 2501 474 2540 de
503 2515 701 2541 sacrarum
727 2501 880 2540 aedium
907 2501 986 2539 inti-

108 2559 196 2597 mis.
244 2557 345 2597 Hinc
364 2573 438 2596 non
458 2559 620 2604 dubitat,
648 2559 737 2609 quin
760 2571 809 2596 ex
829 2557 986 2596 Becich.

109 2614 212 2653 Mss.
240 2619 385 2667 operta
411 2616 473 2653 161
500 2616 708 2667 adoperta
728 2615 903 2666 Coptica
923 2614 987 2652 xel

113 2670 324 2723 Coptitica
357 2671 507 2723 legatur
545 2684 671 2722 eaque
705 2670 876 2722 explicet
918 2684 988 2722 per

109 2729 300 2782 mysteria
319 2727 366 2767 cf.
387 2713 485 2767 Met.
499 2727 564 2767 III.
577 2742 613 2780 p.
630 2732 722 2769 200.
737 2728 774 2764 Χ
778 2727 828 2767 al.
842 2726 986 2766 Flacco

109 2781 158 2822 11.
185 2788 280 2825 440.
340 2785 660 2824 Additamentum
686 2797 778 2822 xero
804 2784 986 2822 xetustis-

110 2841 196 2879 simi
238 2838 400 2880 Becich.
438 2841 585 2880 codicis
622 2841 844 2881 Niliadum
883 2855 986 2881 com-

105 2902 230 2950 perta
255 2897 306 2936 de
332 2912 408 2950 quo
434 2898 528 2936 adiri
553 2898 659 2936 iubet
679 2897 789 2935 Serv.
816 2897 866 2936 ad
879 2897 989 2948 Virg.

112 2952 159 2992 G.
169 2952 235 2992 lv.
247 2955 502 2996 364.1ninimc
517 2955 552 2992 ei
567 2955 839 3005 comprobatur
855 2953 989 3005 [Equi-

112 3009 201 3048 dem
215 3024 266 3048 ex
279 3012 456 3063 vestigiis
471 3011 618 3050 codicis
635 3010 802 3049 Florent.
820 3014 856 3051 3.
871 3010 989 3061 longe

111 3069 436 3116 praestantissimi
456 3068 705 3106 scribendum
720 3067 878 3106 arbitror
891 3067 988 3120 ady-

114 3127 155 3160 Ιιι
174 3123 391 3176 soptilc'ca.
443 3124 545 3163 Nihil
575 3125 673 3162 enini
700 3137 762 3162 mc
784 3127 914 3162 movet
932 3137 987 3162 ar-

1047 919 1285 969 gumentatio
1325 917 1427 956 Ond.
1507 915 1610 954 Nam
1657 914 1762 967 quod
1797 914 1925 968 adyta

1047 974 1097 1012 de
1124 974 1220 1013 locis
1246 975 1368 1013 sacris
1399 973 1544 1023 ubique
1572 975 1800 1023 usurpatur,
1827 983 1927 1021 quos

1047 1031 1154 1069 adire
1167 1030 1282 1069 nefas
1297 1034 1397 1075 erat,
1410 1029 1499 1068 hinc
1514 1029 1590 1068 iam
1611 1027 1848 1078 intelligitur,
1875 1027 1926 1064 in-

1046 1091 1104 1125 ter
1116 1088 1405 1126 sacratissimas
1419 1099 1483 1124 res
1499 1085 1620 1136 adyta
1630 1084 1755 1123 fuisse
1770 1097 1926 1123 enume-

1045 1147 1140 1188 rata,
1164 1147 1206 1181 ut
1230 1144 1352 1181 iurare
1377 1157 1447 1194 per
1472 1156 1520 1181 ea
1545 1145 1584 1179 et
1608 1142 1756 1193 precari
1780 1140 1926 1180 liceret.

1047 1199 1255 1245 Quomodo
1292 1200 1393 1237 enim
1430 1199 1525 1237 inter
1561 1212 1608 1236 se
1640 1197 1796 1236 differre
1826 1197 1928 1235 velis

1047 1256 1254 1307 adoperta
1286 1255 1458 1307 Coptica
1484 1259 1522 1292 et
1547 1269 1705 1294 arcana
1726 1254 1928 1306 fllempln'-

1048 1313 1131 1351 tica
1159 1326 1231 1350 non
1258 1311 1474 1363 perspicio,
1507 1324 1625 1362 quum
1649 1314 1854 1362 utrumque
1879 1310 1929 1349 (le

1050 1369 1173 1406 sacris
1200 1367 1348 1406 dicatur
1373 1368 1627 1419 Aegypticis:
1655 1381 1811 1407 arcana
1836 1380 1928 1405 vero

1050 1429 1089 1462 et
1114 1424 1320 1476 adoperta
1358 1424 1499 1462 eadem
1531 1423 1759 1473 significent.
1824 1423 1928 1474 Cop-

1049 1482 1138 1520 tlttc
1141 1495 1178 1528 α,
1199 1481 1468 1533 stlemplzitc‘ca
1483 1484 1521 1518 et
1538 1480 1753 1519 Phariaca
1766 1493 1837 1531 pro
1854 1479 1928 1518 Ae-

1046 1539 1196 1591 qyptc‘a
1223 1537 1328 1576 dicta
1353 1541 1453 1575 sunt.
1503 1537 1551 1575 ct.
1578 1535 1699 1588 Kopp
1674 1550 1711 1588 p.
1739 1536 1789 1574 ad
1813 1533 1929 1575 Mart

1047 1593 1074 1632 l.
1095 1595 1124 1646 ξ.
1149 1599 1184 1634 4.
1206 1608 1243 1645 p.
1266 1598 1329 1636 20.
1354 1593 1456 1633 C01·.t
1478 1594 1527 1633 ad
1547 1592 1695 1632 Lucan.
1716 1590 1819 1631 VIII
1834 1596 1930 1634 478.

1046 1650 1208 1702 Rupert.
1242 1651 1291 1690 ad
1320 1650 1398 1690 Iuv.
1425 1650 1491 1688 V.I
1524 1653 1589 1691 89.
1650 1649 1766 1688 Isidis
1799 1649 1929 1700 desig-

1048 1709 1128 1746 nari
1147 1721 1263 1746 sacra
1281 1708 1375 1746 mihi
1389 1706 1593 1759 probabile
1608 1707 1648 1745 fit
1663 1719 1712 1744 ex
1727 1707 1814 1745 loco
1828 1705 1929 1744 ΡΙίη.

1047 1763 1147 1802 Hist.
1175 1764 1224 1803 N.
1251 1763 1302 1802 X.
1329 1768 1395 1805 33.
1421 1765 1453 1815 ξ.
1479 1767 1544 1804 49.
1606 1764 1655 1802 In
1686 1763 1829 1802 eadem
1854 1762 1929 1802 Ae-

1045 1826 1180 1875 qypto
1211 1822 1330 1860 iuxta
1365 1821 1569 1873 oppidum
1598 1820 1762 1872 Copton
1792 1819 1929 1858 insula

1047 1882 1105 1916 est
1134 1891 1256 1917 sacra
1281 1878 1404 1923 Isicli,
1438 1881 1477 1915 et
1508 1890 1560 1914 ex
1590 1877 1794 1915 sistrorum
1826 1889 1928 1914 com-

1047 1934 1346 1979 memoratione,
1374 1947 1475 1984 quae
1506 1934 1662 1985 propria
1692 1937 1783 1971 sunt
1812 1931 1930 1970 Isidis

1047 1991 1295 2029 sacerdotum
1320 1989 1570 2042 gestamina]

1104 2061 1179 2086 nec
1221 2052 1357 2087 terrae
1399 2061 1482 2086 rem
1519 2060 1632 2088 suam
1668 2047 1928 2099 deneqamus.

1050 2103 1148 2142 Elm.
1182 2108 1381 2155 comparat
1413 2104 1562 2142 dictum
1593 2102 1789 2155 Euripidis
1825 2102 1929 2154 apud

1049 2158 1170 2198 Cicer.
1198 2159 1316 2200 Tusc.
1352 2160 1412 2199 III.
1439 2165 1505 2201 25.
1532 2161 1564 2211 ξ.
1592 2163 1656 2201 60.
1684 2158 1846 2198 Tertull.
1878 2158 1929 2197 de

1049 2218 1160 2255 anim.
1188 2230 1219 2255 c.
1247 2222 1312 2258 50

1107 2275 1344 2326 quampiam
1365 2275 1415 2314 ob
1435 2288 1488 2313 os.
1539 2273 1638 2326 [Ter
1651 2273 1784 2325 quod
1776 2287 1810 2312 in
1833 2277 1927 2325 optt.

1049 2334 1088 2368 et
1108 2330 1225 2382 longe
1250 2331 1426 2383 pluribus
1452 2331 1566 2370 codd.
1587 2331 1733 2374 exulat,
1758 2331 1794 2368 in
1820 2333 1929 2367 textu

1048 2400 1194 2439 ponere
1208 2401 1282 2426 non
1299 2402 1421 2427 ausus
1434 2401 1534 2434 sum,
1556 2388 1703 2439 quippe
1718 2386 1823 2437 quod
1838 2385 1929 2423 doc—

1047 2448 1128 2483 tum
1144 2444 1320 2483 videatur
1334 2458 1428 2483 esse
1442 2444 1676 2496 glossatoris
1691 2443 1928 2482 additamen-

1048 2504 1147 2545 tum,
1181 2501 1243 2553 qni
1270 2505 1311 2539 ut
1336 2502 1372 2540 in
1398 2501 1600 2553 sortilegio
1627 2502 1679 2539 ita
1704 2500 1740 2538 in
1765 2499 1928 2550 magicis

1049 2559 1174 2596 sacris
1206 2562 1245 2596 et
1275 2556 1568 2597 lustrationibus
1601 2559 1809 2608 mysticum
1834 2568 1930 2594 esse

1048 2615 1257 2653 ternarium
1294 2628 1493 2653 numerum
1527 2617 1774 2665 cognoverat.
1834 2612 1928 2651 Ber-

1048 2671 1111 2709 tini
1145 2671 1246 2709 enim
1271 2672 1357 2710 cod.
1383 2671 1614 2716 auctoritas,
1640 2683 1754 2721 quem
1779 2670 1928 2720 priores

1048 2727 1137 2767 edd.
1168 2728 1312 2778 ubique
1345 2728 1426 2766 sere
1457 2731 1689 2778 sequuntur,
1727 2739 1802 2764 non
1833 2726 1928 2764 tanti

1048 2786 1202 2823 omnino
1229 2788 1308 2830 est,
1334 2788 1375 2823 ut
1399 2785 1434 2823 ei
1459 2784 1673 2822 miserrime
1695 2781 1927 2834 interpolato

1051 2845 1090 2880 et
1114 2856 1138 2881 a
1161 2855 1277 2880 manu
1303 2841 1540 2892 glossatoris
1560 2840 1772 2879 dilacerato
1791 2839 1927 2878 suffra-

1049 2911 1194 2949 gemur.
1233 2898 1411 2949 Longum
1428 2901 1502 2942 est,
1517 2911 1655 2935 omnes
1670 2897 1823 2936 omnino
1837 2909 1928 2934 enu-

1049 2968 1199 2994 merare
1219 2956 1464 3007 interpretes,
1491 2955 1555 3004 qui
1576 2954 1662 2992 eius
1687 2954 1742 2992 rei
1767 2953 1927 2991 mentio-

1048 3025 1137 3050 nem
1169 3012 1406 3057 iniicIebant‚
1438 3010 1542 3049 unde
1572 3009 1739 3049 sufficiat
1770 3009 1927 3049 afferre:

1050 3067 1200 3108 Ciosan.
1216 3068 1263 3105 ad
1280 3066 1397 3106 ovid.
1413 3067 1508 3106 Met.
1524 3066 1632 3106 XIV.
1648 3071 1740 3108 387.
1755 3066 1927 3105 Broukli.

1048 3125 1097 3164 ad
1121 3124 1262 3164 Tibull.
1281 3124 1304 3162 1.
1323 3129 1359 3165 ’2.
1377 3129 1442 3165 50.
1464 3123 1599 3162 Heius.
1622 3122 1802 3163 adOvid.
1818 3123 1928 3162 Fast.
