2155 3590
702 132 890 175 LIBER
920 132 991 173 VI.
1052 131 1182 174 CAP.
1215 130 1266 172 11.

1800 131 1882 176 401

87 248 237 283 secreta
275 241 483 293 cistarum,
521 250 562 283 et
602 256 672 298 per
707 245 941 286 famulorum
976 252 1132 286 tuorum
1167 243 1381 285 draconum
1406 242 1567 296 pinnata
1598 241 1815 294 curricula,
1843 250 1884 285 ct

87 298 222 353 glebae
235 296 391 339 Siculae
404 298 635 351 sulcamina,
659 307 699 341 et
722 316 879 343 currum
901 316 1100 357 rapacem,
1116 308 1157 342 et
1176 307 1323 342 terram
1337 305 1531 351 tenacem,
1552 306 1592 340 et
1615 299 1881 341 illuminarum

82 444 186 466 eac-ra
205 445 260 473 pro
277 441 412 467 secreta
430 440 468 468 R.
488 440 633 475 Vulgata
649 442 731 469 haec
749 444 797 470 est
815 441 912 471 lectio
930 445 963 470 ut
982 443 1067 471 Elm.
1080 441 1176 471 Vulc.
1189 442 1221 470 2.
1241 440 1332 470 colv.
1379 441 1413 467 et
1427 442 1502 469 ante
1509 447 1574 476 per
1578 437 1795 478 famulorum
1814 446 1881 469 non

81 486 240 517 comparet
251 483 286 512 in
297 485 337 513 Ι).
378 492 444 521 per
455 488 531 514 ante
534 484 750 525 famulorum
764 487 966 516 desideratur
978 487 1012 516 in
1026 487 1046 517 f.
1062 484 1090 516 δ.
1137 484 1323 514 draconum
1335 487 1426 515 abest
1439 492 1461 514 a
1473 486 1509 515 P.
1551 483 1709 514 sulcant'a
1722 486 1757 515 0.
1799 483 1879 514 illu-

79 527 240 556 minatum
251 530 336 559 Elm.

126 661 206 700 per
229 651 357 689 tacita
375 655 528 690 secreta
549 652 749 692 cistarum.
778 652 944 692 Secreta

76 704 190 744 lectio
222 719 337 757 quum
369 707 643 759 interpretibus
673 721 837 760 magnas
863 722 943 746 mo-

75 760 213 800 lestias
239 761 468 809 facesseret,
495 765 639 815 quippe
663 765 726 815 qui
751 769 941 816 putarent,

72 818 112 856 id
135 819 232 856 satis
263 819 453 858 inclusum
479 833 573 858 esse
602 821 690 859 voci
721 822 868 867 tacita,
900 825 941 860 ut

71 873 463 916 Va1.F1ace.ll.277.
483 876 631 929 plenas
655 879 813 916 tacita
836 880 939 930 for-

70 930 249 969 midine
263 932 541 978 cistas,factum
552 936 626 977 est,
634 937 675 971 ut
682 947 803 974 sacra
812 947 940 972 emen-

70 986 212 1025 darent.
234 987 286 1025 Et
298 992 401 1027 certe
409 1003 528 1028 sacra
543 989 878 1029 defenduntOvid.
888 991 938 1029 de

70 1040 221 1081 Cereris
235 1045 358 1082 sacris
372 1044 466 1083 Met.
476 1043 527 1083 X.
543 1049 637 1085 437.
663 1060 850 1086 arcana
861 1061 938 1100 que

66 1111 209 1137 sacra
230 1102 508 1153 frequentant.
540 1101 698 1140 Heroid.
730 1101 774 1140 II.
801 1106 869 1143 42.
899 1108 938 1142 et

60 1167 142 1206 per
166 1156 395 1207 taediferae
424 1159 626 1211 mystica
650 1171 793 1198 sacra
819 1159 934 1199 deae.

64 1209 199 1250 Horat.
224 1211 299 1250 Od.
324 1211 369 1250 ΙΙ.
391 1217 426 1253 2.
442 1217 506 1254 26.
560 1213 716 1254 Cereris
743 1229 933 1254 sacrum

63 1280 289 1307 arcanae.
318 1267 461 1309 Tibull.
486 1268 513 1308 I.
541 1273 576 1310 8.
603 1274 656 1310 48
683 1275 721 1309 et
745 1271 840 1310 levis
865 1284 930 1310 oc-

64 1323 184 1363 cultis
220 1326 421 1364 conscia
453 1326 580 1364 cista
610 1327 747 1365 sacris.
795 1326 930 1377 Atque

60 1378 113 1417 ita
137 1379 228 1418 citat
240 1380 452 1431 Spanhem.
472 1381 522 1420 ad
538 1380 762 1420 Callimach.
781 1395 818 1434 p.
835 1386 927 1424 658.

62 1448 133 1475 nec
155 1450 274 1476 sacra
292 1442 416 1476 mutat
429 1438 639 1477 &Vasseus
667 1438 769 1491 [Sed
782 1439 931 1478 ratione

59 1504 133 1530 non
158 1492 288 1531 habita
311 1490 434 1540 Mss.‚
465 1508 513 1533 ea
539 1507 714 1546 quoque,
741 1508 843 1546 quae
863 1496 929 1534 ad-

58 1548 143 1586 tulit
155 1547 277 1594 oud„
292 1550 473 1602 exempla
487 1550 578 1589 nihil
591 1552 769 1603 probant,
784 1553 930 1604 quippe

59 1605 188 1645 omnia
222 1606 272 1644 ad
315 1620 427 1645 sacra
464 1606 663 1646 Eleusinia
703 1608 928 1655 referantur,

56 1673 184 1713 neque
197 1675 288 1701 vero
303 1663 352 1701 ad
365 1663 546 1702 cistarum
559 1665 757 1715 mysteria.
782 1666 929 1704 Tacita

56 1723 209 1758 secreta
251 1721 443 1759 cistarum
477 1733 547 1771 per
595 1719 834 1772 hypallagen
877 1723 928 1760 ita

58 1773 159 1812 dicta
196 1787 290 1813 esse
331 1780 425 1827 puto
441 1806 453 1822 ,
499 1780 542 1815 ut
586 1778 663 1815 sint
709 1778 929 1818 tacitarum

56 1836 211 1870 secreta
235 1833 437 1872 cistarum.
464 1834 652 1874 Tacitum
673 1847 765 1872 vero
784 1833 847 1872 hic
867 1837 930 1872 est

55 1889 213 1932 tectum,
224 1889 426 1928 occultum
433 1890 588 1928 etcuius
597 1891 930 1935 caussanescitur‚

55 1941 104 1981 cf.
136 1941 236 1983 Cort.
267 1944 317 1983 ad
347 1943 494 1984 Lucan.
519 1945 587 1983 IV.
613 1949 706 1987 465.
739 1950 778 1984 et
802 1946 853 1985 ad
876 1947 925 1984 V.

55 2002 150 2039 811.
187 2000 253 2038 ubi
287 1999 450 2052 plurima
484 2001 694 2040 afferuntur
730 2001 926 2053 exempla.

54 2053 106 2093 Et
130 2056 181 2093 ita
205 2057 364 2107 saepius
390 2056 560 2096 locutum
590 2071 684 2096 esse
708 2057 923 2109 Apuleium

53 2111 253 2150 observari
275 2112 367 2151 licet
389 2112 438 2152 cf.
463 2112 527 2152 111.
551 2127 588 2164 p.
615 2118 708 2155 200.
741 2128 924 2154 arcana

55 2166 244 2207 dominae
260 2182 370 2208 meae
387 2169 568 2208 revelare
592 2175 791 2210 secreta.
817 2169 920 2209 VIII.

53 2235 90 2274 p.
118 2226 211 2264 529.
243 2225 401 2264 tacita
421 2226 606 2276 pectoris
628 2227 691 2266 sui
719 2231 919 2266 secreta.

51 2277 171 2319 Plura
185 2279 310 2319 dicam
322 2280 371 2319 ad
386 2281 482 2319 Met.
492 2280 706 2333 X1.p.799.
733 2297 922 2322 arcana

47 2337 292 2388 purissimae
315 2338 530 2390 reliyz'onis
559 2343 758 2378 secreta.
811 2339 920 2379 cista

53 2404 126 2430 non
140 2391 268 2431 solum
282 2394 317 2432 in
332 2394 456 2432 sacris
470 2394 570 2432 deae
583 2395 922 2434 circumferebatur

51 2448 125 2486 sed
139 2449 254 2488 etiam
268 2450 356 2502 ipsa
369 2450 445 2488 dea
463 2451 600 2489 camin
613 2464 730 2489 manu
743 2451 919 2499 tenebat;

51 2503 101 2544 cf.
126 2503 295 2546 Pausan.
319 2504 423 2545 VIII.
438 2510 503 2547 25.
529 2520 565 2558 p.
581 2511 673 2548 649.
698 2506 742 2547 τὸ
767 2509 834 2559 μὲν
856 2507 922 2560 τῆς

44 2557 229 2613 Ἐρίννυος
251 2563 322 2612 (ita
345 2563 448 2601 enim
473 2562 594 2602 Ceres
618 2563 722 2615 apud
740 2563 919 2603 Arcadas

50 2619 334 2668 nominabatur)
365 2615 432 2670 τήν
460 2634 501 2658 τε
532 2622 658 2672 κίστην
687 2623 919 2672 καλουμένην

50 2671 122 2726 ἔχει
143 2676 207 2714 καὶ
230 2678 267 2714 ἐν
290 2675 335 2727 τῇ
359 2675 461 2725 δεξίᾳ
486 2676 596 2725 δᾷδα.
622 2690 653 2715 c.
676 2680 740 2718 37.
766 2690 805 2728 p.
825 2681 918 2719 675.

53 2731 144 2771 676.
174 2729 197 2783 ἦ
227 2731 294 2783 μὲν
324 2726 390 2772 οὖν
421 2730 606 2786 Δημήτηρ
629 2733 730 2782 δᾷδα
755 2737 791 2772 ἐν
816 2734 918 2784 ὃεξίᾳ

52 2787 154 2838 φέρει
261 2786 315 2828 Ἠ
335 2788 375 2828 δὲ
398 2790 595 2828 Δέσποινα
619 2794 814 2842 σκῆπτρον
836 2788 918 2843 ἔχει·

51 2843 97 2892 τῇ
109 2843 173 2881 καὶ
183 2842 302 2897 ἔχεται
313 2848 359 2896 τῇ
377 2845 478 2895 ὃεξίᾳ
496 2847 635 2897 κίστης.
659 2845 723 2885 De
737 2846 797 2885 his
812 2847 919 2885 cistis

54 2908 262 2950 earumque
283 2901 471 2953 religione
497 2902 546 2941 cf.
572 2915 673 2953 quae
706 2903 830 2942 fusius
855 2916 919 2941 ex-

53 2954 184 3004 posuit
204 2955 351 2997 Meurs.
378 2958 550 2997 Eleusin.
577 2972 610 2997 c.
636 2959 724 3012 25.]

111 3008 333 3053 draconum
345 3016 525 3066 pinnata.
545 3016 765 3056 curricula.
781 3015 919 3067 [Dra-

57 3077 176 3106 cones
209 3081 244 3108 s.
272 3077 477 3123 serpentes
508 3071 661 3110 Cereris
693 3073 864 3110 curribus
895 3085 919 3111 a

52 3123 181 3173 poetis
214 3123 414 3177 iunguntur
452 3130 698 3180 potissimum
734 3128 918 3181 Orphicis

1003 653 1051 692 cf.
1090 652 1224 692 CreuZ.
1262 651 1439 703 Symbol.
1471 650 1540 690 IV.
1578 663 1615 702 p.
1649 654 1730 692 270
1761 663 1876 702 seqq.

1002 709 1124 749 Voss.
1153 707 1317 760 mythol.
1346 707 1411 746 ΒΓ.
1437 706 1477 746 ll.
1504 710 1589 754 53.,
1621 708 1711 758 quia
1735 707 1874 758 anguis

1000 765 1224 817 symbolum
1239 768 1322 804 erat
1335 763 1541 803 fertilitatis
1554 767 1594 802 et
1606 763 1873 814 agriculturae3

1001 821 1050 860 cf.
1065 821 1180 860 Ovid.
1194 820 1292 860 Met.
1306 820 1357 860 V.
1373 824 1468 862 642.
1493 819 1592 858 Vlll.
1610 822 1702 860 799.
1726 816 1872 859 Minue.

1000 876 1084 917 Fel.
1106 876 1218 916 XXI.
1246 876 1276 927 §.
1292 880 1328 917 2.
1359 876 1476 917 Ceres
1495 876 1663 929 facibus
1688 876 1872 916 accensis

998 939 1050 973 et
1072 938 1339 985 serpente
1370 932 1733 973 circumlata.
1759 931 1869 971 Serv,

998 989 1142 1041 Georg.
1174 988 1200 1027 Ι.
1236 992 1300 1030 19.
1335 988 1473 1027 Munk.
1498 988 1642 1040 Hygin.
1669 987 1747 1027 sab.
1776 991 1869 1030 147.

995 1059 1034 1097 p.
1066 1049 1161 1087 258.
1191 1044 1293 1084 Hinc
1322 1045 1467 1084 factum
1500 1049 1580 1090 est,
1610 1048 1654 1083 ut
1684 1045 1801 1084 etiam
1831 1046 1868 1083 in

994 1101 1108 1141 Isidis
1127 1103 1322 1152 mysteriis
1342 1101 1533 1140 dracones
1553 1100 1867 1154 conspiciantur]

1048 1157 1195 1211 ylebae
1209 1158 1379 1198 Siculae
1390 1158 1630 1197 sulcamina.
1658 1156 1867 1211 [Referun-

992 1218 1050 1252 tur
1075 1214 1174 1252 haec
1198 1214 1248 1252 ad
1271 1216 1421 1265 raptum
1445 1212 1725 1264 Proserpinae,
1752 1227 1867 1265 quem

991 1269 1134 1309 factum
1171 1283 1265 1308 esse
1300 1268 1452 1320 plui-lmi
1489 1273 1670 1308 auctores
1700 1270 1868 1321 probant

990 1326 1026 1364 in
1052 1325 1203 1374 Sicilia3
1229 1325 1279 1365 cf.
1304 1324 1441 1364 Claud.
1465 1325 1584 1377 Rapt.
1611 1324 1794 1377 Proserp.
1820 1325 1865 1364 II.

988 1382 1133 1434 Hygin.
1148 1382 1225 1421 sab.
1244 1386 1335 1424 146.
1358 1380 1475 1420 ovid.
1489 1380 1597 1421 Fast.
1607 1381 1863 1434 1V.419sqq.

990 1438 1088 1478 Met.
1102 1438 1152 1478 V.
1177 1442 1271 1479 385.
1306 1438 1370 1476 De
1400 1436 1474 1477 loci
1506 1437 1749 1483 diversitate,
1787 1451 1864 1489 quo

988 1499 1100 1547 rapta
1125 1507 1217 1534 esse
1243 1495 1392 1540 dicitur,
1420 1493 1616 1533 cfiMunk.
1643 1494 1693 1533 ad
1717 1493 1862 1545 Hygin.

989 1550 1014 1590 l.
1040 1566 1074 1591 c.
1099 1566 1135 1604 p.
1157 1555 1238 1593 255
1264 1564 1325 1602 sq.
1353 1550 1436 1589 Sed
1461 1551 1499 1588 in
1525 1549 1601 1589 alia
1625 1564 1667 1588 re
1692 1550 1861 1591 offendo.

987 1607 1101 1648 Haec
1124 1609 1227 1647 enim
1252 1608 1372 1647 verba
1396 1606 1447 1645 ad
1472 1606 1653 1646 frumenti
1677 1608 1862 1646 inventio-

987 1678 1075 1703 nem
1083 1665 1258 1703 videntur
1271 1678 1365 1703 esse
1377 1662 1593 1711 reserenda,
1602 1677 1718 1715 quam
1730 1667 1862 1703 notum

986 1726 1051 1760 est
1074 1721 1350 1772 aTriptolemo
1364 1719 1579 1772 profectam
1605 1733 1711 1767 esse,
1732 1733 1862 1772 neque

987 1792 1078 1816 vero
1109 1791 1133 1816 a
1159 1778 1316 1816 Siculis.
1352 1776 1425 1815 Ille
1449 1778 1550 1815 enim
1576 1777 1761 1815 curriculo
1789 1776 1860 1815 Ce-

988 1835 1083 1873 reris
1107 1847 1224 1879 usus,
1248 1832 1519 1885 agriculturam
1542 1835 1774 1884 propagavit
1808 1832 1858 1873 cf.

989 1891 1095 1942 Hyg.
1122 1890 1198 1929 fab.
1229 1895 1321 1931 147.
1347 1894 1392 1928 at
1415 1889 1668 1941 Triptolemo
1692 1890 1858 1929 alumno

984 1961 1059 1986 suo
1085 1951 1291 1986 aeternum
1317 1947 1552 1998 beneficium
1575 1945 1738 1992 tribuit,
1764 1959 1858 1985 nam

980 2007 1129 2056 fruycs
1147 2003 1384 2055 propayati
1410 2001 1491 2050 (ubi
1505 2001 1676 2040 fortasse
1689 2015 1739 2040 ex
1753 2001 1856 2041 Mss.

983 2058 1150 2098 lectione
1180 2057 1466 2098 emendandum
1498 2062 1560 2096 est
1587 2060 1736 2111 fruyes
1754 2071 1855 2110 pro·

977 2116 1138 2168 payarz'
1186 2114 1234 2153 cf.
1260 2113 1373 2154 Ouw.
1404 2113 1519 2153 Noct.
1545 2113 1697 2165 Hagan.
1723 2128 1760 2167 p.
1788 2118 1854 2155 82.

981 2171 1043 2210 vel
1066 2174 1214 2224 fruyes
1233 2171 1513 2223 propayancli
1541 2184 1596 2209 sc.
1623 2184 1769 2210 caussa
1805 2170 1853 2210 cl.

981 2227 1103 2266 Tacit.
1117 2226 1293 2266 Ann.111.
1309 2231 1373 2267 27.
1389 2230 1453 2267 41.
1479 2225 1586 2265 XIV.
1608 2228 1662 2275 3.)
1690 2241 1853 2267 currum

981 2284 1232 2324 draconibus
1266 2285 1448 2323 iunctum
1483 2283 1679 2330 tradidit,
1708 2284 1852 2336 quibus

978 2341 1121 2380 vellens
1146 2339 1281 2379 orbem
1304 2345 1507 2379 terrarum
1522 2339 1720 2392 fruyibus
1740 2340 1850 2379 obse-

978 2398 1043 2436 υἰέ.
1069 2396 1200 2435 Alium
1225 2395 1353 2434 locum
1373 2396 1544 2434 invenire
1564 2409 1639 2434 non
1660 2399 1849 2447 poteram,

979 2466 1054 2504 quo
1079 2453 1180 2492 hanc
1194 2451 1352 2503 Apuleii
1372 2453 1605 2491 sententiam
1623 2452 1847 2492 stabilirem.

978 2509 1062 2548 Sed
1087 2508 1134 2548 cf.
1160 2507 1275 2547 Ovid.
1301 2508 1397 2547 Met.
1411 2508 1460 2547 V.
1486 2513 1567 2549 475
1593 2508 1705 2561 Sqq.]

1033 2570 1185 2605 terram
1196 2570 1388 2605 tenacem.
1417 2564 1541 2618 [Quid
1558 2565 1634 2603 hoc
1653 2565 1725 2602 sibi
1740 2564 1848 2610 velit,

977 2622 1131 2661 silentio
1150 2625 1328 2674 premunt
1340 2621 1427 2661 Intt.
1442 2621 1510 2659 Vir
1523 2621 1663 2660 doctus
1678 2621 1713 2659 in
1728 2634 1847 2671 marg.

976 2679 1037 2718 ed.
1060 2692 1174 2718 meae
1192 2677 1338 2717 Florid.
1364 2676 1675 2728 Kulenkampius
1700 2677 1849 2715 adlevit

979 2735 1130 2775 Orcum
1154 2748 1367 2787 rapacem,
1398 2737 1440 2772 ut
1469 2739 1580 2773 terra
1604 2747 1674 2784 pro
1701 2734 1847 2785 inferis

976 2792 1099 2842 accipi
1110 2791 1215 2830 velit.
1241 2790 1353 2830 Haec
1372 2803 1464 2829 vero
1484 2789 1594 2828 vocis
1618 2789 1847 2840 significatio

978 2861 1093 2899 quum
1117 2846 1224 2887 nullo
1243 2846 1425 2898 exemplo
1446 2846 1688 2898 comprobari
1705 2846 1846 2897 possit,

977 2905 1026 2943 ab
1057 2904 1133 2944 hac
1162 2904 1357 2943 sententia
1386 2916 1456 2955 per
1484 2916 1530 2941 se
1561 2903 1708 2952 optima
1741 2915 1845 2941 rece-

976 2960 1144 3000 dendum
1160 2965 1232 2999 est.
1267 2959 1381 2998 Certe
1394 2965 1520 2999 tenax
1534 2959 1584 2997 de
1598 2957 1701 2997 Orco
1715 2960 1846 3010 rapaci

974 3016 1111 3056 dicitur
1124 3018 1264 3057 senec.
1278 3013 1438 3067 Hippol.
1452 3019 1546 3057 625.
1559 3016 1678 3067 reym'
1692 3017 1846 3055 tenacis

977 3074 1163 3114 dominus
1187 3078 1226 3112 et
1248 3073 1400 3111 tacitae
1414 3071 1566 3126 Styyz's.
1596 3069 1683 3122 Ego
1696 3075 1844 3111 terram

974 3133 1154 3170 tenacem
1178 3129 1451 3181 explicaverim
1475 3141 1582 3173 eam,
1618 3140 1719 3178 quae
1743 3140 1828 3167 com

1469 3182 1527 3228 26
