2155 3590
591 153 780 193 LIBER
803 153 876 194 Vl.

937 152 1062 193 CAP.
1087 152 1208 193 XIV.
1236 151 1332 191 XV.

1784 149 1863 191 441

78 265 208 321 Fuge!
249 273 306 307 et:
336 266 514 318 Peribis,
548 266 710 307 subinde
737 267 915 307 clamant.
965 265 1031 308 Sic
1061 264 1372 320 impossibilitate
1397 264 1481 318 ipsa
1505 270 1654 304 mutata
1677 262 1718 302 in
1742 261 1868 317 lapide

76 321 230 378 Psyche
255 323 432 376 quamvis
457 323 654 377 praesenti
679 337 859 377 corpore,
888 323 1069 364 sensibus
1093 330 1224 363 tamen
1248 321 1399 370 aberat,
1428 327 1468 360 et
1492 318 1778 360 inextricabilis
1803 331 1868 372 pe-

76 379 190 420 riculi
213 379 314 420 mole
338 393 500 434 prorsus
526 379 666 420 obruta
691 379 940 420 lacrimarum
967 379 1085 420 etiam
1109 385 1289 420 extremo
1309 377 1449 418 solatio
1474 376 1644 417 carebat.

664 540 1102 588 CAPUT
1193 539 1318 588 XV.

185 649 272 691 Nec
307 651 578 705 providentiae
613 650 741 692 bonae
768 664 911 704 graves
937 651 1071 691 oculos
1096 650 1320 691 innocentis
1346 649 1499 690 animae
1524 648 1640 688 latuit
1663 660 1867 687 aerumna.

73 706 179 748 Nam
204 707 320 761 primi
344 706 451 749 Iovis
476 707 622 762 regalis
648 708 730 748 ales
756 707 843 758 illa,
884 715 1062 762 repente,
1099 707 1305 761 propansis
1341 705 1536 759 utrimque
1572 703 1724 759 pinniS,
1763 703 1875 743 affuit

74 823 264 861 r‘mpolitate
288 826 327 853 Ι).
373 827 504 852 mutate
523 827 560 854 P.
607 825 641 852 in
662 823 773 862 lapide
791 826 827 854 F.
848 826 878 854 3.
899 827 935 855 G.
955 827 990 854 P.
1010 826 1048 853 D.
1069 827 1103 853 Ο.
1123 826 1161 853 R.
1184 824 1203 853 f.
1225 822 1253 853 15.
1278 826 1314 853 Iu
1336 827 1407 852 cett.
1426 822 1461 849 in
1480 821 1634 859 lapidem.
1676 818 1812 858 psyche*
1834 822 1875 849 D.

67 869 264 906 praesentis
278 878 308 904 p.
323 871 402 899 Oud.
415 878 478 898 non
492 871 641 905 displicet
654 871 816 905 scriptura
829 872 896 899 cod.
906 867 934 898 δ’.
955 877 1120 906 praesens
1135 877 1266 907 corpus.
1292 872 1323 897 el
1337 867 1389 896 leis
1403 867 1619 896 extricabilis
1626 868 1703 896 F.3.
1723 865 1876 903 peric-ule

74 915 202 944 Vicent.
249 922 341 942 more
354 923 409 950 pro
423 914 506 942 mole
520 917 569 944 ed.
583 916 689 944 Paris.
704 918 802 945 Merc.
816 917 927 944 u'ow.
943 916 1029 943 Prie.

165 958 479 996 necproz-fflentme.
504 962 554 989 Ita
566 962 599 989 in
613 965 764 989 contextu
779 962 814 989 F.
829 962 859 988 3.
874 961 1031 995 scriptum
1046 964 1093 989 est
1104 983 1111 996 ,
1137 961 1194 989 sed
1214 963 1254 989 ab
1274 961 1386 988 eadem
1407 967 1505 988 manu
1517 959 1550 987 in
1564 958 1710 994 margine
1724 957 1877 986 emenda-

75 1008 142 1033 tum
161 1008 209 1034 est
231 1004 286 1033 vel
296 1004 514 1042 providentia
532 1005 618 1034 boni.
661 1005 769 1042 primi
781 1004 876 1033 Iners
894 1006 929 1034 F.
947 1007 975 1035 1.
989 1007 1019 1034 3.
1035 1007 1070 1034 G.
1085 1007 1122 1034 1).
1143 1010 1173 1034 et
1188 1009 1260 1034 cett.
1275 1006 1363 1033 codd.
1379 1008 1410 1033 et
1423 1006 1493 1033 edd.
1507 1007 1583 1032 vett.
1598 1006 1727 1038 praeter
1739 1003 1794 1039 B.‚
1822 1002 1878 1037 qui

73 1051 297 1086 habetpremr'.
323 1053 401 1079 Sola
413 1051 758 1085 edit.Vulc.2.quiqne
771 1059 841 1080 eam
855 1054 988 1079 secutus
1002 1055 1049 1079 est
1063 1052 1146 1079 Elin.
1161 1051 1306 1079 scribunt
1321 1050 1448 1086 optimi,
1463 1050 1545 1083 quod
1560 1050 1878 1082 interpretamentum

73 1095 170 1130 sapit.
198 1093 354 1132 Snprmm’
369 1097 556 1125 coniectura
574 1100 622 1125 est
642 1097 752 1125 modii.
801 1095 873 1124 ales
886 1097 923 1124 F.
940 1097 968 1124 1.
982 1098 1012 1124 3.
1028 1098 1063 1124 G.
1077 1097 1116 1125 D.
1131 1097 1166 1124 Ο.
1182 1095 1203 1124 f.
1218 1093 1247 1124 δ.
1266 1098 1349 1123 Iunt.
1366 1097 1395 1124 2.
1416 1096 1500 1123 Elm.
1520 1094 1623 1122 Scriv.
1642 1093 1765 1122 Florid.
1779 1093 1878 1122 Orell.

71 1142 109 1169 ln
134 1144 206 1169 cett.
232 1142 320 1169 codd.
347 1146 378 1170 et
402 1142 472 1169 edd.
496 1145 573 1170 vett.
599 1145 687 1170 extat
712 1149 768 1175 per
791 1143 935 1175 glossam
960 1141 1043 1169 aris.
1074 1143 1112 1169 ln
1131 1141 1244 1169 venet.
1265 1142 1296 1169 2.

1322 1143 1559 1175 typothetarum
1585 1146 1692 1167 errore
1717 1142 1767 1166 est
1791 1138 1879 1168 anis.

72 1186 228 1223 utrisque
240 1187 279 1214 D.
322 1186 443 1223 pennis
456 1183 485 1214 ὃ.
496 1208 503 1221 ,
529 1186 584 1220 qui
599 1187 717 1220 ubique
730 1186 775 1214 ila
788 1188 927 1214 aberrat.
947 1186 1028 1222 pinr
1041 1186 1060 1213 's
1073 1187 1201 1214 Vicent.

129 1289 285 1324 mutata
301 1286 342 1322 ’ἰη
357 1284 512 1336 lapide.
563 1283 695 1336 [Hanc
720 1284 949 1336 scripturam

73 1354 123 1379 ex
136 1341 292 1392 optimis
308 1340 420 1378 codd.
434 1340 603 1386 restitui,
630 1341 704 1378 etsi
720 1340 816 1386 scio,
833 1353 949 1390 quam

76 1397 235 1436 diversa
258 1398 310 1435 sit
333 1397 501 1435 virorum
527 1396 728 1435 doctorum
763 1410 807 1435 ea
835 1397 884 1435 de
909 1410 950 1434 re

73 1454 279 1493 sententia.
305 1453 366 1492 Ex
391 1453 504 1492 codd.
532 1454 757 1492 auctoritate
771 1453 949 1505 plurimis

75 1511 172 1550 locis
187 1510 279 1549 nihil
295 1512 382 1562 opis
397 1510 609 1561 petendum
636 1514 715 1555 est,
741 1523 858 1561 quum
875 1509 948 1547 levi

72 1567 236 1619 saepius
260 1567 473 1606 mutatione
493 1571 599 1605 totus
622 1567 731 1605 locus
752 1566 948 1605 emendari

73 1624 220 1676 possit,
247 1627 289 1661 ut
313 1627 445 1662 nostro
472 1623 580 1668 loco,
605 1624 669 1661 ubi
694 1623 844 1674 virgula
869 1627 950 1661 tan-

73 1680 272 1719 tummodo
286 1681 435 1718 omissa
444 1680 638 1718 ablativus
647 1694 716 1732 pro
726 1680 896 1718 accusati
904 1693 950 1717 vo

73 1737 216 1776 existit.
256 1736 339 1775 Sed
360 1749 594 1788 quamquam
614 1751 688 1775 non
709 1739 742 1775 is
756 1750 860 1780 sum,
888 1737 952 1788 qui

73 1793 191 1832 talem
217 1793 483 1845 antiquitatem
507 1793 707 1838 affectem,
744 1797 784 1831 ut
819 1792 953 1831 ubiubi

73 1863 174 1889 unus
203 1853 351 1888 tantum
383 1849 510 1888 codex
540 1850 622 1889 tale
649 1850 738 1901 quid
764 1849 948 1901 praefert,

73 1907 205 1946 statim
219 1906 444 1952 emendem,
468 1910 598 1944 tamen
612 1920 681 1958 pro
697 1905 854 1957 Apuleii
875 1919 949 1944 usu

75 1967 114 2002 et
132 1963 287 2013 ingenio
308 1966 347 2001 et
366 1962 478 2001 codd.
499 1963 728 2002 auctoritate
748 1963 789 2000 in
805 1963 950 2014 lapide

73 2019 225 2058 retinui.
274 2018 325 2058 cs.
357 2019 407 2058 ad
440 2019 535 2057 Met.
562 2018 626 2058 Ill.
656 2033 694 2070 p.
724 2022 814 2059 191.
838 2020 950 2071 fiscus

74 2077 119 2114 in
143 2075 287 2127 lapide
310 2076 412 2114 steti.
437 2075 530 2113 Alia
556 2075 603 2114 cf.
629 2075 734 2126 apud
759 2075 877 2113 Gron.
904 2075 953 2113 ad

78 2131 255 2170 Macrob.
283 2130 416 2169 Somn.
445 2131 550 2182 Scip.
578 2131 606 2170 l.
633 2136 671 2171 4.
698 2130 889 2169 Schefl'er.
904 2131 954 2169 ad

75 2186 145 2226 Iul.
159 2185 312 2238 Obseq.
333 2191 397 2227 71.
426 2185 529 2226 Cort.
543 2187 593 2225 ad
608 2187 704 2226 Sall.
721 2186 802 2226 Cat.
822 2184 952 2226 XLII.

76 2244 107 2296 ξ.
135 2247 171 2284 3.
197 2243 327 2282 Hand.
353 2241 525 2282 Tursell.
550 2243 614 2283 Ill.
639 2257 676 2296 p.
704 2243 815 2295 297]

129 2301 343 2352 praesenti
383 2313 574 2352 corpore.
635 2299 722 2352 [De
759 2301 954 2339 sententia

76 2356 125 2395 cs.
152 2355 282 2394 d'Orv.
309 2355 358 2394 ad
381 2354 694 2397 Cha1·it.V111.4.
721 2370 757 2407 p.
774 2360 865 2397 617.
892 2357 954 2396 ed.

77 2412 212 2464 Εἰμὶ]

134 2468 222 2508 CAP.
235 2467 328 2507 XV.
371 2469 666 2520 providentiae
685 2470 824 2509 bonae.
863 2469 952 2522 [Mi-

75 2539 159 2564 rum
180 2529 260 2571 cst,
287 2525 485 2577 quomodo
502 2525 640 2564 eadem
655 2539 793 2565 manus
807 2527 842 2564 in
864 2526 953 2565 Flo-

75 2585 169 2621 rent.
196 2586 233 2623 3.
264 2581 366 2619 haec
390 2582 510 2620 verba
541 2583 576 2620 in
608 2583 674 2621 rel
692 2583 954 2634 providentia

77 2639 174 2678 boni
181 2638 390 2676 emendare
404 2640 583 2689 potuerit,
592 2652 709 2690 quum
724 2639 760 2677 in
771 2643 955 2678 contextu

74 2694 236 2747 vulgata
268 2695 402 2740 lectio,
435 2707 550 2745 quarn
582 2696 699 2733 ceteri
732 2695 844 2734 codd.
877 2709 956 2734 ser-

76 2755 184 2798 vant,
220 2752 441 2790 retineatur.
507 2752 582 2791 Vel
616 2756 656 2790 et
688 2752 956 2803 providentia

77 2807 190 2847 nulla·
207 2809 356 2847 ratione
386 2811 556 2859 possunt
587 2809 849 2860 comprobari,
881 2809 955 2847 nisi

76 2865 298 2903 coniectura
328 2865 455 2903 locum
486 2878 628 2903 sanare
664 2864 783 2911 velis,
817 2867 955 2916 proti·

77 2921 221 2960 dantia
251 2921 349 2960 boni
379 2934 472 2968 vcro
504 2922 538 2959 si
576 2921 710 2972 plures
749 2920 860 2960 codd.
889 2921 954 2960 ad-

76 2976 372 3028 stipularentur,
405 2978 619 3028 reciperem
682 2977 756 3016 Est
780 2975 883 3015 enim
908 2991 957 3017 ea

77 3032 341 3084 providentia,
384 3047 487 3085 quae
524 3035 574 3073 ad
611 3047 680 3072 res
716 3035 861 3080 bonas,
905 3034 956 3072 ad

72 3088 284 3128 ‚honestum
309 3094 480 3142 spectat,
505 3094 547 3129 ut
572 3091 822 3130 conscientt'a
848 3091 955 3136 boni,

78 3144 212 3194 malel]

1065 1298 1212 1336 “frares
1240 1284 1389 1322 oculos.
1441 1282 1577 1335 [Quid
1599 1296 1744 1335 gyrat-es
1770 1282 1881 1322 oculi

1009 1341 1070 1379 hic
1095 1341 1169 1378 sibi
1194 1340 1326 1384 velint,
1352 1353 1464 1378 nemo
1491 1341 1740 1390 interpretum
1759 1339 1882 1390 expli-

1009 1398 1127 1442 cavit,
1153 1400 1192 1434 et
1210 1396 1363 1434 Radius
1389 1410 1473 1434 cum
1499 1396 1707 1447 interprete
1731 1394 1882 1433 franco-

1008 1453 1113 1504 gallo
1140 1454 1295 1491 omnino
1321 1453 1396 1491 hoc
1422 1452 1621 1504 epitheton
1648 1453 1682 1489 in
1702 1453 1882 1489 versione

1009 1511 1230 1548 omiserunt.
1266 1509 1350 1560 Ego
1365 1510 1502 1547 velim:
1530 1506 1883 1560 dieyewichtiyen

1011 1566 1176 1618 Avyen,
1204 1567 1294 1617 quia
1319 1579 1499 1617 magnam
1525 1565 1791 1604 auctoritatem
1816 1564 1883 1603 ha-

1008 1624 1104 1661 bent
1128 1623 1177 1661 ad
1202 1623 1318 1660 vitam
1344 1623 1539 1661 hominum
1561 1621 1883 1660 constituendam.

1012 1680 1073 1718 De
1098 1680 1379 1730 significatione
1404 1679 1453 1718 cf.
1480 1678 1583 1717 an.
1610 1678 1661 1716 ad
1686 1676 1831 1718 Flor.l.
1847 1681 1884 1718 3.

1011 1736 1188 1775 wessel.
1213 1736 1262 1774 ad
1289 1736 1407 1775 Diod.
1433 1735 1551 1774 Sicul.
1573 1734 1885 1786 T01n.1.p.306.

1012 1797 1051 1831 et
1077 1792 1187 1831 Toni.
1217 1792 1260 1831 ll.
1294 1807 1330 1845 p.
1359 1796 1450 1833 630.
1482 1792 1552 1830 vir
1583 1791 1721 1830 doctus
1754 1792 1790 1829 in
1822 1791 1884 1830 ed.

1007 1863 1097 1888 mea
1123 1848 1232 1887 Colv.
1265 1850 1447 1888 correxit:
1478 1853 1644 1900 stratas,
1683 1848 1787 1899 quod
1819 1849 1886 1886 mi-

1007 1906 1109 1944 nime
1128 1908 1263 1957 probo,
1315 1905 1378 1944 De
1399 1905 1628 1943 confusione
1653 1905 1790 1943 horum
1806 1917 1886 1942 ver-

1008 1964 1143 2000 borum
1170 1961 1318 2001 cs.1ntt.
1342 1962 1391 2001 ad
1411 1962 1495 2000 Liv.
1522 1960 1550 2000 l.
1579 1966 1641 2002 16.
1667 1962 1698 2011 6.
1725 1960 1782 2014 5.]

1061 2020 1192 2070 primi
1226 2019 1342 2057 loris.
1411 2017 1568 2056 Plurimi
1593 2016 1678 2056 lntt.
1705 2031 1822 2068 quum
1847 2017 1886 2056 ln

1014 2088 1111 2112 voce
1136 2076 1266 2127 primi
1280 2074 1541 2121 offenderent,
1568 2074 1726 2114 diversa
1739 2074 1886 2113 ratione

1013 2131 1141 2170 locum
1173 2131 1405 2178 coniecturis
1436 2135 1639 2177 vexarunt,
1672 2135 1713 2170 ut
1738 2131 1887 2169 Stewe-

1013 2187 1141 2234 chius,
1169 2189 1232 2239 qui
1258 2202 1352 2227 nam
1376 2189 1563 2240 inprimis
1588 2187 1822 2233 emendavit,
1849 2190 1889 2226 et

1013 2243 1175 2296 Sciopp.
1214 2245 1249 2282 in
1283 2244 1459 2296 Symbol.
1492 2248 1531 2282 et
1563 2243 1775 2296 Susp.1V.
1805 2248 1887 2289 14„

1012 2301 1077 2352 qui
1104 2314 1189 2339 cum
1215 2300 1317 2340 Elm.
1343 2314 1393 2339 ex
1420 2301 1505 2339 loco
1533 2300 1709 2341 Met.111.
1735 2314 1773 2352 p.
1792 2305 1887 2341 217.

1015 2359 1195 2410 quamvis
1219 2359 1351 2409 ipsias
1376 2358 1545 2411 aquilae
1569 2358 1749 2398 sublimis
1779 2357 1887 2397 vola-

1013 2414 1118 2453 tibus
1143 2418 1232 2453 toto
1258 2414 1374 2454 coelo
1393 2415 1579 2466 pervius,
1613 2420 1652 2453 et
1673 2414 1888 2466 supremi

1015 2470 1061 2509 10
1072 2485 1091 2509 ι·
1100 2473 1139 2509 is
1160 2475 1293 2510 certus
1306 2472 1479 2510 nuncius
1491 2471 1556 2510 rel
1568 2472 1696 2511 laetus
1708 2471 1889 2523 armiqer

1012 2526 1135 2565 Modii
1150 2527 1409 2566 coniecturam
1423 2529 1601 2579 supremi
1609 2527 1887 2579 comprobavit.

1012 2583 1115 2622 Oud.
1142 2583 1350 2622 lectionem
1368 2584 1617 2635 plurimorum
1637 2583 1750 2622 codd.
1761 2583 1889 2635 primi

1015 2639 1208 2686 defendit,
1235 2653 1320 2678 cuni
1335 2654 1477 2692 graeco
1491 2643 1642 2693 πρῶτος
1655 2641 1678 2678 i.
1693 2653 1725 2678 e.
1741 2640 1886 2692 primus

1014 2697 1196 2748 princeps
1228 2701 1267 2735 et
1292 2691 1416 2750 ἅρχων
1438 2701 1547 2735 θεῶν
1578 2697 1615 2734 id
1641 2709 1885 2748 comparans,

1015 2752 1103 2792 coll.
1135 2752 1251 2792 Ovid.
1284 2753 1441 2792 Heroid.
1474 2752 1539 2791 IV.
1567 2755 1631 2793 39.
1670 2753 1755 2792 Iam
1789 2752 1887 2790 mihi

1008 2811 1171 2862 prima
1197 2811 1276 2849 dea
1301 2824 1351 2849 es.
1379 2808 1565 2862 [Primus
1590 2810 1689 2847 enim
1715 2812 1777 2847 est
1797 2809 1886 2861 pri-

1013 2867 1182 2921 marius,
1206 2867 1421 2918 princeps,
1448 2878 1548 2916 quae
1573 2866 1800 2916 significatio
1827 2863 1885 2903 Ci-

1013 2923 1166 2960 ceronis
1190 2936 1264 2961 usu
1289 2922 1492 2960 stabilitur.
1517 2920 1575 2959 lta
1601 2920 1758 2960 Tuscul.
1774 2920 1802 2961 1.
1819 2925 1886 2962 33.

1013 2977 1043 3028 §.
1071 2982 1134 3019 812
1174 2979 1224 3017 Ρ.
1256 2978 1407 3023 Crassi,
1440 2982 1478 3016 et
1511 2979 1709 3029 sapientis
1738 2983 1778 3017 et}
1805 2978 1885 3017 elo-

1016 3036 1174 3087 quentis
1187 3039 1226 3073 et
1243 3035 1396 3086 primi
1420 3035 1607 3080 hominis,
1632 3034 1697 3072 ubi
1713 3033 1885 3073 nonnulli

1013 3090 1155 3129 frustra
1179 3092 1365 3142 inprimis
1390 3090 1606 3129 emendant.
1656 3090 1702 3130 ef.
1730 3091 1885 3130 Schott.

1014 3146 1115 3185 Nod.
1150 3146 1272 3186 Cicer.
1304 3146 1370 3185 lv.
1408 3150 1469 3188 16.
1501 3161 1539 3199 p.
1572 3150 1666 3188 387.
1698 3147 1810 3186 Verr.
1837 3146 1881 3185 ll.
