2155 3590
683 143 873 184 LIBER
905 145 978 185 vl.
1037 145 1166 184 CAP.
1196 144 1225 184 1.
1251 145 1292 183 Π

1808 147 1889 189 399

109 254 324 309 componit,
363 261 450 295 rata
480 254 653 306 seilicet,
691 256 836 296 nullius
860 255 938 298 Dei
968 257 1060 297 fana
1092 272 1144 298 ac
1173 255 1408 298 cerimonias
1440 257 1640 312 negligere
1664 271 1707 299 se
1731 258 1887 309 debere,

107 311 175 351 sed
199 310 369 352 omnium
392 310 623 353 benevolam
647 311 956 354 misericordiam
980 326 1209 368 corrogare.

693 460 1133 508 CAPUT
1233 462 1312 509 II.

215 579 326 620 Haec
345 593 429 620 eam
449 580 614 621 sollicite
635 580 847 634 seduloque
867 588 1068 621 curantem
1090 580 1214 622 Ceres
1235 581 1336 622 alma
1364 581 1637 637 deprehendit,
1672 591 1711 625 et
1734 584 1893 639 longum

59 647 61 649 “
104 636 302 677 exclamat
324 635 520 690 protinus:
545 637 631 687 Ah,
659 635 812 690 Psyche
837 637 1078 687 miseranda,
1104 645 1225 678 totum
1251 651 1321 692 per
1345 639 1477 679 orbem
1503 639 1640 681 Venus
1672 641 1792 681 anxia
1817 642 1894 681 dis-

104 692 314 746 quisitione
339 699 446 732 tuum
470 693 680 746 vestigium
706 694 841 733 furens
862 693 981 732 animi
999 694 1206 749 relquiritg
1234 702 1348 748 teque
1368 696 1414 735 ad
1434 703 1655 736 extremum
1668 697 1894 751 supplicium
1918 710 2017 750 [174]

104 749 277 803 expetit,
305 755 344 788 ct
367 749 461 790 totis
487 749 657 789 numinis
683 749 744 789 sui
768 749 919 789 viribus
945 749 1131 790 ultionem
1156 751 1328 804 flagitat!
1356 751 1419 792 Tu
1443 765 1539 793 vero
1563 766 1696 792 rerum
1721 767 1896 793 mearum

103 805 265 845 tutelam
278 819 382 845 nunc
396 804 520 859 geriS,
548 812 588 846 et
611 805 715 846 aliud
741 805 948 859 quidquam
972 806 1145 860 cogitas,
1173 807 1250 847 nisi
1275 808 1321 847 de
1345 814 1413 847 tua
1437 808 1591 849 salute?
1614 808 1728 849 Tunc
1740 807 1896 864 Psyche

103 935 135 960 el
147 955 155 969 ‚
180 934 262 967 quod
276 936 351 962 ante
374 932 581 962 ceremonias
594 931 731 969 legitur,
756 935 846 962 abest
861 933 896 961 in
907 934 944 963 F.
958 934 989 962 3.
1003 935 1040 962 G.
1053 934 1090 963 P.
1104 935 1139 963 0.
1153 930 1182 963 (5.
1198 942 1228 969 p.
1242 935 1264 963 f.
1279 938 1309 963 et
1329 936 1398 964 edd.
1416 939 1493 965 vett.
1512 940 1588 966 ante
1605 937 1682 967 Bas.
1695 938 1728 967 2.
1753 940 1784 966 et
1802 938 1894 966 Colv.

103 977 298 1005 ceremoniis
311 980 394 1007 lunt.
408 980 473 1007 1.2.
487 979 562 1007 Ald.
579 979 676 1016 fmm
690 977 872 1005 ceremmzis
887 980 1000 1007 Venet.
1014 981 1045 1007 2.
1060 983 1089 1007 el
1103 981 1213 1007 collat.
1232 981 1267 1008 F.
1283 981 1350 1009 cod.
1364 981 1398 1009 in
1411 989 1511 1018 marg.
1526 983 1574 1010 ed.
1588 983 1678 1011 Colv.
1724 981 1896 1019 neglegere

102 1023 138 1050 F.
156 1024 184 1050 1.
200 1023 501 1051 ColuVustAVow.
515 1024 600 1051 Prin.
617 1025 695 1052 oud.
712 1023 743 1050 in
760 1023 924 1057 plerisque
937 1024 1028 1052 codd.
1043 1023 1088 1052 ita
1102 1024 1177 1059 legi.
1205 1025 1345 1053 adnotat.
1371 1026 1431 1060 Qui
1446 1034 1519 1055 vero
1533 1027 1588 1055 isti
1602 1027 1683 1062 sint,
1709 1028 1896 1056 accuratius

103 1075 164 1095 non
179 1068 277 1096 addit.
301 1068 336 1095 In
350 1068 432 1096 meis
446 1063 534 1096 codd.
545 1072 630 1096 extat
644 1067 820 1105 negligere.
857 1066 916 1095 sed
929 1067 1071 1095 omnium
1085 1071 1218 1098 exulant
1233 1077 1251 1098 a
1261 1071 1296 1098 P.
1316 1069 1572 1098 belie'colentz'mn
1587 1079 1615 1106 p.
1639 1070 1897 1100 bem‘oolcneimn

101 1114 134 1139 et
148 1110 414 1139 uu'sericorde'am
428 1109 457 1141 ὃ.

193 1159 306 1184 aulem
325 1165 381 1191 pro
399 1165 471 1184 eam
491 1165 521 1192 p.
570 1160 713 1185 curante
734 1159 769 1186 G.
782 1158 819 1186 P.
832 1158 871 1185 D.
919 1155 1012 1184 m'ma
1026 1165 1126 1192 prave
1141 1158 1343 1187 desideratur
1354 1160 1388 1188 in
1401 1161 1450 1188 ed.
1464 1162 1541 1190 Bas.
1558 1162 1586 1190 1.
1634 1160 1846 1190 arelatum-it
1859 1165 1895 1191 G.

103 1202 138 1230 P.
152 1203 190 1229 D.
205 1203 243 1230 R.
259 1201 280 1229 f.
295 1203 330 1230 0.
343 1209 379 1230 π.
395 1199 424 1230 ὃ.
473 1199 501 1228 Α
513 1200 643 1238 Psyche
656 1204 769 1231 Venet.
784 1204 813 1230 ⁸2.
862 1210 906 1228 an
921 1204 954 1231 0.
967 1204 1050 1230 lunt.
1066 1204 1096 1230 2.
1121 1201 1179 1229 uin
1194 1211 1222 1237 p.
1239 1203 1258 1231 f.
1274 1205 1366 1232 G.ed.
1383 1213 1427 1238 pr.
1443 1204 1566 1240 (neque
1580 1215 1634 1233 am
1650 1212 1681 1235 ut
1697 1208 1781 1236 dedit
1793 1208 1896 1243 Elm.]

101 1248 214 1275 Venet.
229 1248 258 1274 4.
271 1246 379 1275 Paris.
404 1245 471 1273 m‘n'
486 1248 520 1274 P.
534 1247 571 1274 Β.
587 1247 689 1275 Basil.
704 1250 732 1274 et
747 1247 912 1281 aemam..
939 1247 993 1280 qui
1007 1246 1121 1275 deinde
1135 1245 1179 1274 ala
1194 1248 1344 1277 correxit.
1370 1257 1436 1285 ayn
1451 1247 1480 1277 ὁ.
1516 1248 1669 1288 Apsyclae
1689 1256 1775 1280 extat
1795 1253 1828 1281 in
1848 1254 1896 1282 ed.

100 1291 244 1327 Vim-ent..
270 1291 351 1323 quod
372 1291 405 1319 in
425 1298 516 1319 meae
535 1292 610 1319 edit.
628 1292 774 1324 margine
795 1295 972 1319 correctum
992 1294 1041 1320 est
1060 1292 1093 1319 in
1107 1290 1164 1320 ah.
1203 1292 1331 1331 furens
1345 1296 1381 1320 ul
1395 1295 1431 1323 P.
1445 1296 1484 1323 D.
1498 1302 1570 1324 am.
1584 1304 1614 1330 p.
1639 1295 1742 1330 (quod
1756 1305 1898 1326 excom-

101 1337 217 1370 pendio
237 1333 282 1363 αἴ
302 1336 431 1364 videtur
448 1340 559 1364 natum
572 1336 675 1371 esse.)
722 1335 855 1371 appelit
866 1343 923 1370 pro
938 1335 1071 1372 expetit
1088 1344 1120 1372 p.
1157 1336 1300 1376 fatigat
1317 1346 1374 1373 pro
1384 1336 1538 1376 flagitat
1554 1342 1593 1370 Β.
1616 1342 1700 1376 quod
1716 1342 1845 1377 Sciopp.
1865 1342 1898 1370 in

96 1383 211 1415 symb.
224 1384 256 1409 et
268 1382 363 1416 Susp.
376 1382 479 1409 Leclt.
491 1382 548 1410 IV.
564 1382 616 1410 14.
628 1381 782 1416 praefert.

153 1494 264 1543 fana
286 1504 337 1530 ac
362 1491 614 1530 cerimonias.
641 1490 716 1542 [Ita
728 1489 972 1530 hunclocum

101 1560 153 1585 ex
176 1548 395 1586 coniectura
419 1546 604 1586 facillima
628 1547 729 1586 dedi.
776 1545 973 1587 Particula

104 1604 203 1642 enim
233 1605 298 1643 'ac
334 1607 489 1654 propter
524 1604 662 1654 prioris
698 1603 878 1642 vocabuli
916 1603 974 1642 lit-

103 1666 223 1698 teram
234 1658 388 1697 finalem
402 1663 442 1698 et
454 1660 658 1710 sequentis
665 1660 825 1712 primam
835 1659 973 1699 oculos

103 1716 340 1755 librariorum
368 1715 485 1754 facile
516 1717 569 1754 ita
597 1720 750 1767 poterat
778 1716 974 1767 decipere,

102 1776 144 1811 ut
156 1772 274 1823 plane
287 1773 513 1810 omitterent.
535 1771 634 1811 Tum
647 1773 771 1824 proba
783 1773 976 1812 sententia

102 1828 259 1867 sublata
272 1829 504 1867 intruserunt
512 1833 550 1867 et
561 1828 756 1880 copulam,
765 1842 841 1879 qua
853 1833 975 1867 totum

104 1883 230 1923 locum
242 1889 435 1923 sanarent.
449 1882 582 1924 Minus
598 1885 812 1935 probabilis
827 1885 977 1923 videtur

103 1940 206 1979 oud.
232 1940 450 1979 emendatio
463 1944 568 1992 fano
583 1942 843 1986 cerimonias,
870 1953 973 1992 quae

105 1998 220 2035 etiam
256 1995 406 2035 Orellio
443 1997 561 2035 dubia
590 2001 685 2035 erat.
735 1997 796 2035 Ex
833 1997 974 2035 eodem

105 2053 212 2091 sonte
236 2052 348 2091 fluxit
371 2052 432 2091 ed.
456 2052 552 2092 lunt.
579 2056 616 2093 2.
641 2053 757 2091 lectio
780 2056 890 2105 fana
913 2066 974 2092 ce-

104 2107 321 2160 rimoniis.]

151 2164 376 2217 neylz'qere.
397 2163 615 2216 [Scriptura
627 2165 859 2217 neyleyere,
875 2178 976 2216 quae

107 2221 143 2258 in
168 2218 364 2258 nonnullis
388 2220 500 2259 codd.
527 2224 652 2265 extat,
683 2221 905 2271 probarem,
942 2221 976 2259 si

107 2292 130 2315 a
154 2276 238 2315 cod.
263 2275 308 2314 F.
333 2279 389 2322 3.,
415 2276 480 2327 qui
503 2277 539 2314 in
565 2277 840 2327 orthographia
862 2290 978 2315 accu-

107 2332 325 2371 ratissimus
350 2335 431 2378 est,
457 2337 686 2371 servaretur.
710 2332 825 2372 Hunc
847 2337 976 2371 tamen

107 2390 290 2439 optimum
305 2389 443 2427 ducem
457 2388 725 2440 derelinquere
737 2389 854 2434 nolui,
873 2389 979 2439 quod

106 2458 170 2483 me
183 2458 270 2483 meo
285 2445 366 2483 iure
379 2445 526 2483 fecisse
539 2446 764 2496 putaverim.
791 2445 838 2484 cf.
847 2445 976 2485 D1·.ad

107 2500 194 2540 Liv.
218 2499 264 2540 H.
292 2505 355 2541 11.
386 2501 417 2551 ξ.
438 2505 475 2541 4.
508 2500 636 2539 XXII.
658 2506 695 2542 9.
721 2501 751 2551 §.
775 2505 810 2542 7.
844 2501 975 2541 Bentl.

107 2557 184 2595 ind.
210 2555 364 2596 Terent.
388 2571 422 2596 s.
436 2570 472 2596 v.
498 2561 538 2596 et
560 2557 751 2610 saepius]

165 2612 253 2652 Cu.
289 2612 334 2652 H.
394 2614 490 2652 totis
519 2614 692 2653 numinis
725 2614 788 2652 sui
817 2613 978 2654 viribus.

110 2668 307 2721 [Deorum
338 2670 493 2708 numina
528 2673 567 2707 et
596 2670 734 2719 genios
765 2670 927 2721 agnosci
956 2684 980 2710 a

109 2726 323 2771 veteribus,
349 2725 562 2776 singularia
586 2725 768 2763 videlicet
792 2730 831 2764 et
850 2726 898 2765 ab
913 2740 980 2764 eo-

110 2794 194 2819 rum
231 2781 342 2832 quasi
380 2782 558 2820 essentia
592 2782 743 2832 reliqua
785 2786 982 2833 separata,

113 2850 229 2887 quum
252 2837 386 2877 Barth.
411 2838 582 2876 Advers.
606 2836 690 2876 Lll.
720 2841 782 2877 12.
807 2852 844 2889 p.
859 2842 982 2880 2558.

113 2895 347 2944 exposuerit,
362 2898 534 2932 nostrum
549 2907 704 2944 quoque
718 2893 844 2932 locum
857 2894 982 2941 affert,

117 2948 332 2999 qroenus
346 2949 567 3002 Apuleiana
586 2964 660 2988 non
687 2963 747 2996 se,
772 2950 846 2988 sed
870 2964 983 2990 suum

117 3017 257 3043 numen
282 3007 461 3045 omnibus
489 3006 573 3044 suis
586 3006 730 3044 viribus
749 3007 787 3044 in
801 3007 985 3046 auxilium

118 3059 195 3098 sibi
218 3061 401 3109 advocet,
428 3062 533 3113 quod
557 3066 661 3100 certe
686 3063 734 3100 ab
760 3063 848 3113 ipsa
872 3062 987 3103 fuerit

121 3115 214 3167 quid
236 3117 449 3166 diversum,
474 3126 516 3160 ut
534 3118 716 3160 videlicet
733 3132 872 3160 numen
891 3118 987 3163 illud

1030 1492 1157 1531 anima
1171 1493 1362 1543 quaedam
1372 1492 1470 1532 deae
1484 1495 1607 1546 ipsius
1615 1496 1676 1535 sit.
1690 1494 1901 1536 Praeterea

1029 1547 1159 1587 locum
1183 1548 1281 1587 Met.
1295 1548 1362 1588 VJ.
1387 1563 1424 1601 p.
1451 1554 1544 1592 390.
1569 1551 1645 1591 huc
1668 1552 1803 1592 refert:
1830 1553 1901 1593 Ad

1030 1605 1148 1644 istum
1178 1605 1341 1645 modum
1369 1608 1628 1659 supplicanti
1658 1610 1796 1648 statim
1819 1622 1901 1648 sese

1032 1661 1140 1701 Iano
1154 1675 1243 1701 cum
1255 1662 1378 1702 totius
1395 1665 1470 1703 sui
1486 1665 1617 1704 numi
1625 1666 1674 1704 ni
1681 1679 1699 1704 s
1723 1670 1902 1718 augusta

1033 1718 1239 1770 cliynitate
1258 1725 1507 1770 praesentat.
1568 1720 1652 1759 Sed
1676 1735 1792 1773 quam
1816 1735 1902 1774 per·

1031 1786 1148 1812 verse
1178 1773 1246 1812 ille
1277 1775 1417 1824 egerit,
1448 1776 1549 1814 bene
1572 1781 1705 1829 potest
1729 1777 1901 1828 intelligi.

1032 1829 1192 1869 Numen
1217 1830 1318 1868 enim
1342 1835 1384 1869 ut
1406 1833 1567 1883 saepius
1592 1833 1667 1871 vim
1692 1837 1811 1885 atque
1835 1847 1902 1885 po-

1032 1887 1192 1924 tentiam
1223 1886 1382 1925 deorum
1401 1888 1609 1939 significat,
1647 1890 1712 1939 qui
1730 1903 1803 1928 sua
1821 1894 1902 1928 tan-

1030 1941 1229 1980 tummodo
1239 1941 1435 1982 voluntate
1449 1948 1489 1982 et
1501 1949 1594 1983 nutu
1606 1945 1707 1991 solo,
1722 1946 1904 1997 quicquid

1031 1997 1202 2043 libuerit,
1227 2003 1396 2050 possunt
1418 2000 1618 2050 perficere.
1642 2001 1689 2041 ef.
1713 2001 1837 2041 Bach.
1851 2002 1903 2042 ad

1032 2052 1147 2092 Ovid.
1172 2053 1269 2094 Met.
1281 2053 1350 2093 XI.
1380 2056 1495 2109 134.]

1078 2109 1461 2164 ultionemslayitat.
1483 2112 1677 2167 [Scioppii
1696 2115 1920 2161 sententia‚'

1035 2166 1100 2217 qui
1126 2166 1272 2206 cod.B.
1299 2167 1504 2207 lectionem
1525 2172 1689 2224 fatigat
1709 2171 1903 2223 praetulit,

1034 2221 1140 2260 nullo
1165 2223 1281 2261 modo
1300 2227 1432 2274 potest
1450 2228 1673 2267 sustentari.
1704 2228 1784 2265 Vix
1803 2230 1905 2266 en'nn

1033 2283 1128 2331 puto
1153 2278 1228 2318 dici
1252 2292 1376 2331 posse
1401 2282 1593 2322 ultionem
1618 2286 1807 2337 faliyare
1834 2298 1904 2336 pro

1035 2338 1222 2386 appetere
1247 2339 1287 2374 et
1309 2349 1557 2389 summopere
1581 2339 1695 2387 velle,
1722 2341 1795 2379 nisi
1820 2354 1891 2392 per

1036 2404 1174 2430 sonam
1198 2391 1261 2430 hic
1291 2405 1385 2431 esse
1422 2396 1630 2441 sumseris,
1669 2410 1785 2447 quam
1821 2398 1904 2435 suis

1031 2448 1215 2500 precibus
1228 2448 1367 2487 Venus
1391 2455 1552 2501 premat.
1587 2452 1788 2505 Fatiyare
1805 2454 1905 2492 enim

1036 2516 1154 2554 quum
1195 2504 1246 2543 ad
1286 2519 1350 2543 res
1390 2519 1632 2557 personasve
1666 2509 1906 2554 transfertur,

1034 2573 1193 2612 semper
1212 2561 1252 2599 id
1267 2562 1458 2612 significat
1476 2564 1594 2614 quod,
1613 2564 1757 2615 aliquid
1771 2566 1907 2617 premit

1038 2620 1079 2655 et
1107 2617 1342 2667 perficiendo
1375 2620 1488 2669 quasi
1520 2620 1636 2659 laxat.
1683 2621 1739 2659 At
1768 2621 1907 2660 Venus

1036 2673 1207 2711 nondum
1241 2673 1323 2712 ulta
1357 2679 1439 2713 erat
1463 2674 1647 2727 Psyches
1672 2679 1907 2728 superbiam,

1038 2728 1113 2767 sed
1137 2730 1315 2768 omnibus
1339 2730 1484 2770 viribus
1509 2733 1570 2770 sui
1599 2734 1764 2772 numinis
1789 2747 1909 2786 appe-

1037 2785 1138 2831 tivit,
1163 2789 1205 2825 ut
1226 2784 1442 2825 ulciscendi
1468 2802 1614 2827 caussa
1637 2789 1673 2827 in
1698 2790 1822 2840 ipsius
1842 2804 1909 2842 po-

1037 2845 1222 2881 testatem
1241 2843 1398 2880 veniret.
1425 2844 1627 2895 Fatiyaro
1642 2846 1909 2898 metaphorico

1039 2911 1162 2936 sensu
1197 2898 1344 2950 triplici·
1380 2903 1585 2950 usurpatur
1631 2902 1911 2953 significatione

1040 2953 1104 2992 vel
1128 2957 1170 2992 ut
1194 2954 1246 2992 sit
1263 2968 1440 3005 premere
1459 2955 1627 3006 aliquem
1642 2961 1682 2996 et
1694 2959 1747 2997 ita
1758 2960 1912 2998 vincere

1042 3009 1382 3061 cf.Virg.Aen.VI.
1397 3015 1461 3051 78.
1473 3015 1709 3063 praeaeteris
1718 3017 1913 3066 precibus

1043 3070 1115 3105 cet.
1140 3066 1274 3104 Horat.
1288 3065 1364 3105 Od.
1390 3066 1418 3106 l.
1444 3071 1481 3108 2.
1507 3072 1573 3110 26.
1593 3083 1722 3122 prece
1747 3086 1829 3124 qua
1849 3075 1914 3124 fa-

1045 3124 1179 3176 tiyent
1189 3123 1370 3175 viryines
1388 3129 1555 3165 sanctae
1573 3155 1600 3166 ..
1610 3155 1619 3165 .
1632 3168 1643 3181 ⁸
1653 3126 1808 3168 Vestam
1827 3128 1912 3168 Intt.
