2155 3590
690 136 880 178 LIBER
907 135 936 177 1.

997 132 1123 174 CAP.
1147 132 1211 172 111.
1797 128 1849 171 21

0 266 1 297 i
60 257 194 307 evelli,
229 256 328 296 diem
354 254 457 304 tolli,
491 258 645 292 noctem
675 250 813 292 teneri.
873 249 986 290 Tunc
1016 261 1090 301 ego
1120 245 1161 285 in
1185 242 1308 285 verba
1333 242 1531 283 fidentior:
1564 240 1675 282 Heus
1700 248 1764 291 tu,
1791 241 1852 280 in-

58 327 193 370 quam,
229 312 294 365 qui
319 323 539 352 sermonem
564 308 714 348 ieceras
740 303 949 361 prioreml‚
989 317 1038 344 ne
1062 303 1193 357 pigeat
1216 307 1255 341 te
1279 299 1345 339 vel
1369 299 1525 339 taedeat
1546 298 1699 351 reliqua
1723 304 1850 352 perte·
1878 301 1921 334 18

57 384 169 412 xere.
230 367 285 408 Et
314 368 361 407 ad
393 366 526 406 alium:
552 364 614 404 Tu
638 377 735 403 vero
766 362 911 402 crassis
937 360 1096 401 auribus
1122 365 1162 398 et.
1186 356 1382 397 obstinato
1409 355 1526 395 corde
1550 354 1725 408 respuis,
1754 366 1854 407 quae

58 426 223 467 forsitan
260 437 355 464 verc
386 421 678 476 perhibeantur.

740 417 875 459 Minus
909 417 1086 458 hercule!
1121 413 1238 454 calles
1264 411 1508 467 pravissimis
1535 410 1781 464 opinionibus
1807 423 1855 449 ea

56 534 165 560 notem
180 532 216 559 G.
264 535 445 556 sermonem
469 527 577 554 iteras
597 527 632 554 G.
648 530 676 554 et
692 526 727 554 P.
766 530 904 561 ceperas
923 525 961 552 D.
992 522 1111 560 pigeat
1131 523 1172 549 te.
1194 522 1225 548 te
1243 521 1334 548 abest
1349 520 1388 547 ab
1403 518 1437 546 0.
1451 519 1712 553 —praetexere
1724 518 1808 545 lunt.
1828 517 1854 543 1.

55 577 166 607 Aldin.
185 577 299 604 Venet.
321 576 351 602 2.

56 623 126 651 VII.
141 629 167 650 c.
181 622 211 649 4.

59 708 227 753 censuit3
256 707 306 746 de
337 705 535 745 eaeauimis
572 707 610 741 et
641 704 850 742 esranimus
882 701 929 739 cs.

57 763 175 804 Drak.
209 763 258 802 ad
287 762 374 801 Liv.
408 761 435 799 Ι.
468 765 532 801 25.
565 760 594 811 δ.
622 763 658 800 6.
689 763 729 797 et
752 757 838 797 Vll.
865 762 928 798 21.

57 823 87 873 ᾗ.
118 825 155 861 5.
186 821 380 859 inanimes
410 818 650 856 nominantur
673 816 795 861 venti:
827 814 930 866 quod

56 879 206 916 animae
230 876 305 927 ipsi
328 875 432 913 venti
457 878 563 920 sunt:
590 872 637 912 cf.
652 872 701 910 ad
721 872 769 910 de
782 870 929 909 Mundo

113 990 236 1030 solem
260 988 437 1027 ‘inhibere'
459 986 621 1038 [Magos
651 985 750 1023 solis
777 997 929 1023 cursum

55 1047 198 1085 sistere
222 1057 359 1097 posse,
386 1057 434 1082 ex
451 1043 527 1082 hoc
551 1057 640 1088 uno,
666 1041 770 1093 quod
795 1041 928 1084 sciam,

55 1102 213 1154 Apuleii
243 1100 423 1151 exemplo
449 1099 646 1144 indicatur,
671 1111 787 1148 quum
813 1097 930 1135 ceteri

57 1160 267 1211 scriptores
288 1157 416 1196 solem
439 1160 504 1194 aut
528 1154 657 1193 nubilo
685 1154 853 1192 obducto
878 1156 932 1190 te—

57 1216 186 1255 nebris
210 1215 318 1259 abdi,
343 1212 456 1251 Ovid.
481 1211 638 1250 Heroid.
664 1209 731 1248 Vl.
758 1213 842 1253 83.,
868 1212 934 1246 aut

57 1286 183 1324 equos
198 1271 296 1309 solis
309 1269 480 1308 revocari
495 1268 640 1313 dicant3
663 1266 708 1305 cs.
719 1265 833 1303 ovid.
843 1265 932 1302 Am.

60 1328 105 1368 11.
133 1333 170 1369 2.
197 1327 279 1379 24]

115 1386 253 1425 lunam
270 1381 517 1435 dcspumari.
537 1379 674 1418 Heins.
697 1379 937 1430 despumare

59 1442 201 1481 rectius
227 1440 317 1491 poni
339 1438 547 1482 existimat,
572 1437 661 1487 quia
685 1434 845 1473 Lucano
866 1432 933 1471 Vl.

58 1502 152 1540 505.
190 1498 277 1548 ipsa
313 1495 404 1534 luna
442 1506 632 1546 spumare
668 1492 831 1535 dicatur,
863 1503 935 1528 seu

59 1567 220 1606 spumas
247 1565 429 1591 evomere
452 1551 603 1601 magico
618 1549 802 1594 cannineg
822 1546 869 1585 cf.
885 1546 935 1584 ad

60 1611 176 1650 Ovid.
205 1609 303 1648 Met.
334 1607 420 1647 Vll.
453 1610 546 1648 268.
579 1604 713 1644 Claud.
750 1606 785 1642 in
818 1602 933 1641 Proh.

61 1672 100 1706 et
123 1666 260 1718 Otybr.
276 1664 394 1704 Cous.
415 1668 493 1709 54„
520 1675 621 1714 quos
646 1660 748 1700 Oud.
775 1659 934 1710 allegat.

61 1724 161 1769 Sed,
191 1727 233 1762 ut
265 1722 367 1760 idem
399 1721 655 1765 demonstrat,
694 1718 936 1770 despumare

62 1781 148 1826 mel,
172 1780 325 1820 undam
350 1782 423 1817 etc.
450 1777 585 1815 dicitur
604 1777 650 1821 is,
672 1776 735 1826 qui
756 1786 935 1825 spumam

59 1837 167 1877 melli
203 1835 386 1879 detrahit,
428 1834 532 1872 unde
573 1846 648 1870 non
697 1831 826 1869 solum
871 1830 936 1868 cle-

59 1894 241 1947 spumari
270 1892 434 1944 probum
465 1893 545 1935 est,
577 1889 652 1927 sed
682 1901 754 1926 eos
781 1899 937 1938 quoque

61 1950 144 1990 falli
167 1948 411 1999 intelligitur,
443 1947 507 1998 qui
534 1945 763 1997 dispamari
787 1942 936 1993 praese-

62 2010 156 2046 runt.
206 2005 481 2057 [Despumari
512 2002 693 2053 equidem
730 2000 854 2038 refero
887 1999 938 2036 ad

61 2063 296 2103 sententiam
326 2064 516 2105 veterum,
549 2059 613 2109 qui
637 2057 824 2109 putabant
850 2055 939 2093 luna

62 2125 200 2160 terram
224 2117 449 2160 humectari,
474 2116 578 2154 unde
590 2114 810 2157 roscidam,
836 2113 938 2150 rori-

62 2179 187 2232 fluam
218 2187 305 2212 eam
346 2172 606 2211 nominabant.
643 2170 750 2220 Virg.
788 2168 836 2207 G.
874 2167 938 2206 111.

67 2237 160 2274 337.
191 2230 263 2270 Sil.
289 2228 317 2268 l.
344 2233 437 2269 576.
468 2228 599 2266 Burm.
626 2224 787 2265 Anthol.
821 2223 867 2262 T.
893 2223 938 2262 ll.

64 2303 101 2343 p.
128 2292 222 2329 301.
255 2290 294 2324 et
328 2299 365 2337 p.
398 2289 491 2326 327.
529 2287 568 2322 et
604 2295 705 2333 quae
740 2285 942 2333 praeterea

59 2345 223 2384 ‘uberius
249 2341 386 2381 adtulit
409 2340 541 2392 Kopp.
576 2339 626 2377 ad
650 2338 764 2377 Mart.
791 2336 885 2387 Cap.
911 2335 938 2375 Ι.

68 2403 99 2454 §.
128 2405 191 2442 14.
218 2414 255 2451 p.
282 2402 347 2438 48.
381 2397 526 2436 Terrae
552 2396 652 2434 enim
676 2394 940 2433 halationibus

66 2457 182 2498 Luna
218 2458 271 2494 ita
307 2455 544 2506 gravidatur,
579 2456 622 2490 ut
657 2464 723 2489 aer
760 2450 872 2501 quasi
903 2450 939 2487 in

67 2527 207 2567 aquam
232 2513 423 2564 depactus
443 2515 568 2549 terrae
582 2508 737 2546 defluat.
765 2508 860 2544 Sine
874 2505 940 2543 ‹lu-

66 2572 130 2610 bio
160 2570 237 2609 huc
264 2567 529 2611 referendum,
555 2565 661 2617 quod
684 2564 826 2615 Lydus
851 2562 942 2600 dicit

67 2629 105 2666 in
118 2627 299 2677 Excerpt.
323 2628 386 2665 12.
413 2637 450 2675 p.
475 2627 537 2663 10.
563 2621 708 2660 Roeth.
732 2620 945 2672 pervenire

70 2685 129 2724 ad
153 2682 353 2724 circulum
372 2681 579 2720 Luuarem
605 2678 730 2716 omnis
752 2676 945 2714 materiae

70 2743 369 2780 excrementum
393 2738 415 2775 i.
442 2749 476 2775 e.
504 2735 712 2786 vaporibus
736 2737 862 2771 terrae
880 2732 945 2769 ab·

69 2796 190 2836 undat
215 2800 254 2834 et
277 2794 452 2834 Macrob.
475 2792 609 2830 Somn.
636 2790 742 2841 Scip.
768 2788 795 2827 Ι.
826 2793 888 2828 11.
909 2791 947 2825 et

76 2856 139 2894 19.
170 2851 301 2892 lunam
332 2851 560 2890 aetheream
585 2852 735 2886 terram
759 2843 946 2896 appellat,

73 2914 113 2949 et
135 2908 324 2961 Aegyptii
356 2910 459 2945 teste
490 2903 616 2942 Procl.
650 2903 687 2941 in
719 2900 816 2940 Tim.
849 2899 876 2939 l.
910 2913 947 2951 p.

69 2970 140 3007 45.
165 2978 290 3004 rorem
309 2963 427 3002 Aeris
453 2966 490 3000 et
503 2960 638 3000 Lunae
664 2958 781 2997 filium
807 2957 947 2996 dicunt.

75 3022 158 3061 Sed
182 3036 257 3060 non
282 3020 410 3058 soltmi
434 3018 545 3062 luna,
570 3016 644 3055 sed
668 3012 811 3053 stellae
837 3014 951 3052 etiam

75 3092 199 3117 rorem
218 3082 343 3116 terrae
364 3076 584 3120 demittunt:
610 3071 657 3110 cf.
671 3070 827 3122 Forbig.
843 3069 949 3120 Virg.

400 571 517 609 aliqua
531 574 621 607 pert.
643 571 663 599 f.
677 586 722 591 ——
735 578 757 597 a
771 568 898 597 crassis
912 567 1053 596 auribus
1072 569 1106 596 Ο.
1121 566 1199 595 Oud.
1213 567 1378 599 comparat
1397 564 1526 591 Lucret.
1544 563 1599 590 VI.
1617 563 1711 589 1052.
1727 561 1856 590 Vitruv.

251 616 502 657 prohibeantur
515 619 596 645 Mss.
611 616 698 644 Colv.
715 615 883 643 tritissima
899 613 1143 648 permutatione.
1186 607 1402 648 parvissimis
1417 616 1445 643 p.
1461 607 1501 635 cf.
1515 607 1586 635 Liv.
1599 608 1623 635 Ι.
1638 607 1691 635 27.
1707 605 1730 644 f?-
1745 609 1776 635 5.

989 700 1198 738 nutriuntur
1206 713 1216 745 ;
1241 697 1288 736 cf.
1309 696 1438 734 Senec
1457 693 1621 740 Quaest.
1640 692 1731 731 Nat.
1752 691 1798 731 Π.
1819 696 1856 733 5.

990 756 1067 795 Cic.
1088 756 1138 794 de
1156 754 1246 793 Nat.
1259 753 1377 792 Deor.
1392 751 1445 790 11:
1461 755 1523 792 16.
1547 749 1659 800 Lips.
1676 747 1858 800 Physiol.

990 813 1108 851 Stoic.
1135 810 1198 849 lib.
1220 809 1264 849 11.
1285 810 1380 848 diss.
1405 812 1466 848 14.
1488 820 1523 858 p.
1545 810 1638 848 932.
1660 819 1751 857 opp.
1766 803 1856 842 Vol.

989 869 1056 907 IV.
1082 882 1119 919 p.
1147 871 1239 908 932.
1266 867 1328 905 ed.
1351 863 1489 903 Vesal.
1518 867 1636 904 1675.
1663 865 1702 900 et
1725 860 1857 912 Kopp.

987 926 1037 964 ad
1060 924 1173 963 Mart.
1201 922 1294 974 Cap.
1320 921 1388 960 lX.
1415 922 1444 972 ξ.
1472 923 1564 961 912.
1590 933 1627 972 p.
1650 922 1740 960 708.
1767 916 1858 956 Ful-

988 986 1090 1033 gent.
1129 979 1298 1030 Mythol.
1336 977 1382 1016 ΙΙ.
1419 980 1484 1018 19.
1520 990 1558 1028 p.
1591 979 1683 1017 702.
1727 974 1860 1025 Sagae

988 1039 1099 1089 igitur
1135 1036 1396 1074 abundantem
1434 1034 1548 1072 lunae
1583 1044 1761 1084 spumam
1798 1028 1860 1067 vel

987 1095 1102 1139 virus,
1130 1106 1205 1144 quo
1230 1095 1437 1135 uterentur,
1461 1091 1496 1128 in
1522 1089 1664 1128 herbas
1683 1101 1730 1126 se
1744 1086 1861 1125 effun-

992 1151 1085 1188 dere
1108 1163 1181 1187 suo
1208 1149 1374 1186 carmine
1400 1147 1603 1198 cogebant.
1633 1144 1691 1184 Ita
1715 1143 1863 1182 Lucan.

991 1206 1058 1245 VI.
1075 1209 1168 1246 505.
1185 1208 1220 1245 6.
1248 1209 1286 1242 et
1304 1205 1468 1256 patitur
1494 1207 1628 1241 tantos
1653 1206 1778 1240 cantu
1798 1200 1864 1239 de.-

988 1276 1141 1315 preusa
1168 1261 1339 1305 labores,
1368 1260 1498 1298 donec
1515 1259 1751 1310 suppositas
1767 1270 1863 1309 pro-

987 1320 1088 1371 pior
1119 1319 1328 1369 despumet
1358 1318 1399 1354 in
1425 1315 1580 1360 herbas,
1612 1314 1677 1352 ubi
1701 1312 1867 1365 plurima.

994 1374 1131 1413 adtulit
1145 1372 1310 1417 Cortius,
1338 1385 1452 1423 quem
1476 1371 1592 1408 velim
1611 1383 1705 1421 prae
1726 1369 1866 1408 ceteris

995 1431 1173 1470 conferas
1199 1434 1238 1467 et
1261 1428 1346 1468 lna.
1373 1428 1423 1466 ad
1446 1426 1525 1466 Iuv.
1550 1426 1618 1465 Vl.
1645 1430 1738 1466 442.
1759 1425 1842 1477 43]

1049 1487 1189 1527 stellas
1222 1486 1348 1525 evelli.
1387 1483 1643 1536 [putabantur
1674 1482 1774 1520 enim
1803 1494 1867 1518 ve-

994 1545 1140 1583 neficae
1166 1543 1295 1581 lunam
1320 1546 1358 1580 et
1381 1540 1520 1579 stellas
1551 1552 1625 1578 sua
1650 1540 1685 1576 vi
1710 1543 1749 1577 et
1773 1537 1868 1576 arbi-

995 1605 1094 1639 tratu
1123 1612 1292 1638 movere.
1328 1597 1446 1636 Plura
1478 1596 1613 1635 adtulit
1637 1594 1670 1633 F
1674 1595 1796 1645 orbig.
1820 1594 1869 1632 ad

994 1658 1102 1707 Yirg.
1132 1655 1269 1695 Bucol.
1294 1653 1381 1693 Vll.
1408 1657 1472 1694 69.
1510 1652 1595 1691 Fea
1618 1652 1668 1690 ad
1692 1651 1817 1690 Horat
1840 1649 1869 1688 1.

995 1728 1031 1765 p.
1059 1717 1152 1754 232.
1179 1712 1312 1750 Horat.
1341 1708 1606 1762 Epod.XVII.
1635 1713 1670 1748 5.
1701 1707 1870 1746 Linden-

997 1772 1104 1821 brog.
1134 1769 1183 1808 ad
1209 1768 1327 1807 Anth.
1353 1767 1441 1806 Lat.
1466 1766 1597 1805 Burni.
1625 1763 1735 1803 Tom.
1762 1762 1808 1802 ll.
1833 1777 1870 1814 p.

996 1831 1088 1868 328.
1115 1840 1196 1877 sq.,
1229 1826 1292 1876 qui
1319 1838 1399 1862 rem
1425 1822 1715 1862 accuratissime
1740 1833 1872 1872 perse-

995 1888 1106 1923 cutus
1132 1887 1194 1921 est
1219 1886 1257 1920 et
1280 1881 1367 1919 Intt.
1393 1881 1443 1918 ad
1469 1877 1610 1917 Tibull.
1637 1876 1664 1916 Ι.
1694 1882 1728 1917 1.
1758 1877 1837 1930 19.]

1053 1941 1158 1979 diem
1196 1939 1288 1977 tolli
1325 1936 1396 1989 [cf.
1430 1935 1578 1974 Triller.
1616 1938 1655 1972 et
1687 1932 1789 1972 cort.
1824 1933 1874 1971 ad

995 1996 1142 2035 Lucan.
1156 1994 1224 2033 VI.
1241 1998 1333 2034 461.
1358 1992 1436 2031 Pro
1463 1991 1736 2030 commentario
1755 1987 1873 2027 velim

996 2052 1179 2104 perlegas
1221 2049 1335 2088 Ovid.
1380 2049 1476 2088 Met.
1519 2046 1605 2087 Vll.
1652 2050 1741 2088 199.
1785 2058 1873 2097 sqq.

997 2107 1237 2148 Heroid.vl.
1267 2110 1331 2148 83.
1358 2119 1446 2158 sqq.
1473 2109 1511 2143 et
1524 2102 1752 2143 LucamVl.
1780 2105 1874 2143 461.

998 2180 1099 2217 sqq„
1125 2165 1189 2202 ubi
1202 2177 1400 2215 niagarum
1421 2163 1522 2201 vires
1541 2165 1580 2201 et
1599 2159 1763 2199 effeetus
1782 2159 1874 2198 ube-

998 2224 1078 2260 rius
1104 2219 1404 2272 enumerantur]

1056 2280 1219 2317 ieceras.
1263 2276 1365 2315 Oud.
1404 2278 1602 2326 comparat
1639 2273 1876 2312 Graecorum

1000 2332 1150 2388 βάλλειν
1170 2338 1209 2372 et
1228 2329 1492 2385 καταβάλλειν,
1515 2331 1619 2383 quod
1638 2330 1778 2368 eodem
1796 2342 1876 2366 mo-

1000 2392 1049 2430 ‹lo
1075 2391 1125 2429 (le
1149 2390 1395 2429 sermonibus
1421 2389 1568 2427 dicatur
1595 2387 1660 2439 [cf.
1681 2385 1800 2425 Drak.
1827 2384 1878 2422 ad

999 2447 1084 2487 Liv.
1110 2452 1183 2493 25,
1214 2447 1252 2487 4.
1279 2447 1310 2498 ξ.
1339 2450 1375 2486 7.
1401 2445 1537 2483 Heius.
1564 2444 1614 2482 ad
1639 2442 1753 2481 Ovid.
1779 2440 1876 2480 Met.

999 2505 1048 2543 V.
1076 2507 1169 2544 665.
1200 2503 1321 2542 Kritz.
1353 2502 1403 2541 ad
1435 2500 1532 2541 Sall.
1564 2499 1644 2551 lug.
1675 2498 1743 2538 XI.
1777 2498 1808 2549 §.
1840 2502 1876 2538 5.

1001 2560 1172 2600 Miscell.
1199 2560 1298 2598 obs.
1322 2558 1414 2597 vol.
1441 2557 1486 2596 Il.
1516 2555 1626 2595 Tom.
1652 2555 1697 2594 Π.
1724 2568 1762 2605 p.
1786 2557 1877 2595 186.

1003 2617 1100 2655 Item
1126 2616 1230 2668 apud
1255 2614 1411 2654 Petron.
1439 2629 1469 2652 c.
1492 2616 1556 2654 39.
1579 2626 1615 2663 p.
1632 2616 1725 2653 231.
1746 2610 1878 2649 Burm.

1003 2673 1213 2725 legendum
1239 2673 1322 2710 erit:
1348 2685 1418 2722 pro
1432 2669 1678 2709 sermonibus
1691 2667 1880 2719 publica-

1004 2732 1066 2775 tis,
1088 2730 1256 2783 publice
1280 2729 1409 2767 iactis.
1441 2726 1488 2765 cf.
1503 2724 1623 2777 Apul.
1647 2724 1744 2763 Met.
1770 2722 1816 2762 Π.
1842 2737 1878 2774 p.

1009 2790 1099 2828 138.
1142 2788 1223 2825 iam.
1266 2785 1396 2824 illatis
1439 2781 1656 2822 luminibus
1698 2780 1882 2833 epularis

1006 2857 1134 2883 sermo
1150 2841 1420 2895 percrebruit.
1447 2839 1627 2878 Publica
1640 2838 1742 2876 enim
1761 2837 1880 2876 verba

1006 2900 1215 2938 Burmanni
1241 2911 1315 2936 non
1342 2894 1612 2947 satisfaciunt]

1061 2955 1314 3009 pravissimis
1345 2954 1456 3005 apin.
1490 2956 1562 2990 etc.
1595 2950 1659 2989 De
1690 2951 1882 2989 sententia

1008 3011 1339 3062 Lindenbrogius,
1379 3022 1493 3059 quem
1531 3021 1600 3058 pro
1637 3020 1746 3046 more
1781 3006 1880 3045 Ehn.

1011 3068 1244 3120 compilavit.
1266 3070 1462 3116 comparat
1483 3063 1579 3103 Sall.
1601 3062 1682 3102 Cat.
1708 3062 1771 3102 ΠΙ.
1792 3064 1823 3114 ξ.
1845 3066 1881 3103 2.

79 3133 243 3174 Tom.ll.
254 3147 291 3186 p.
305 3135 409 3177 129..
423 3132 512 3185 quia
525 3143 596 3169 eae
609 3141 661 3169 ex
674 3126 787 3166 coeto
802 3131 842 3166 et
853 3130 955 3165 terra
1014 3126 1129 3172 Quae
1153 3125 1229 3164 sibi
1251 3124 1420 3176 quisquc
1437 3121 1589 3173 facilia
1604 3123 1725 3173 factu
1746 3112 1881 3172 putat,
