2155 3590
469 178 472 180 .
543 148 750 201 menn
777 150 808 191 1.
865 149 996 191 cAP.
1024 148 1172 195 ,XXIV
1201 148 1332 189 xxv,
1783 150 1838 194 69

49 277 103 308 ex
133 270 222 308 astu
251 277 274 306 a
303 263 496 318 magistro
531 263 699 317 digressi
729 277 878 304 sumus.
914 262 921 319 Ι
954 262 1064 317 Quae
1094 269 1224 302 autem
1256 261 1326 302 tibi
1356 275 1475 302 causa
1504 263 1836 317 peregrinationis
1862 269 1903 302 75

48 319 188 360 huius?
218 317 405 360 Crastino
437 319 498 359 die
528 319 651 369 scies,
685 318 858 372 inquam.
921 317 1000 360 Sed
1029 315 1119 373 quid
1147 317 1277 358 istud?
1317 316 1413 359 Voti
1444 319 1609 372 gaudeo.
1670 318 1776 360 Nam
1800 326 1840 360 et

46 375 151 417 lixas
175 383 216 416 et
237 375 373 429 virgas
398 383 438 416 et
466 375 642 415 habitum
664 389 825 429 prorsus
851 375 1409 429 magistratui-congruentem
1432 374 1474 414 in
1498 381 1537 415 te
1560 375 1692 415 video.
1752 376 1838 415 An-

46 445 191 472 nonam
226 445 429 482 curamus,
469 432 544 482 ait,
583 438 623 471 et
658 430 821 471 aedilem
854 432 1048 485 gerimus,
1086 438 1126 472 et
1154 430 1188 472 si
1219 430 1310 484 quid
1341 430 1537 470 obsonare
1567 431 1674 484 cupis
1704 432 1838 487 utique

46 486 389 531 commodabimus.
449 487 699 528 Abnuebam:
744 487 882 542 quippe
924 488 989 541 qui
1023 488 1100 531 iam
1125 485 1132 544 Ι
1159 500 1305 527 coenae
1341 486 1488 527 affatim
1522 486 1713 541 piscatum
1748 502 1838 542 pro·
1863 493 1904 525 76

46 557 320 608 spexeramus.
382 542 460 585 Sed
485 543 588 584 enim
611 542 777 598 Pythias
800 543 888 584 visa
911 543 1108 598 sportula,
1141 543 1417 596 succussisque
1440 541 1480 582 in
1507 542 1733 596 adspectum
1757 544 1838 598 pla-

46 614 197 641 morem
221 600 409 654 piscihus:
445 601 499 639 At
524 599 594 639 has
621 599 850 653 quisquilias
871 600 1005 653 quanti
1030 599 1205 654 parasti?
1227 598 1325 650 Vix,
1353 599 1528 653 inquam,
1556 599 1743 654 piscatori
1768 613 1838 640 ex-

45 656 232 697 torsimus
257 656 433 710 accipere
457 656 601 709 viginti
625 656 842 696 denarium.

573 805 1014 853 CAPUT
1117 806 1306 854 XXV.

156 926 246 980 Quo
282 927 414 968 audito
451 927 583 967 statim
626 935 783 981 arrepta
827 928 993 968 dextera
1036 928 1274 982 postliminio
1311 941 1372 968 me
1413 928 1453 968 in
1485 927 1614 968 forum
1651 927 1841 982 cupidinis

42 984 254 1024 reducens:
284 983 339 1023 Et.
363 998 385 1024 a
411 998 507 1037 quo,
539 983 688 1037 inquit.
722 984 886 1024 istorum
919 991 1160 1038 nugamenta
1192 984 1288 1024 haec
1314 984 1574 1038 comparasti?
1602 981 1842 1024 Demonstro

42 1099 155 1129 mistio
180 1109 266 1138 mag.
278 1102 315 1130 F.
329 1103 357 1129 3,
374 1108 390 1127 e
408 1099 528 1128 l'astt'o
541 1102 577 1129 B.
591 1109 621 1135 p.
635 1104 664 1129 et
679 1102 749 1129 edd.
764 1105 840 1129 vett.
867 1101 972 1129 Ceteri
986 1108 1059 1128 cum
1072 1109 1095 1128 α
1108 1100 1166 1136 [ab
1180 1100 1219 1137 s.]
1234 1101 1398 1138 magistro
1412 1104 1541 1130 habent.
1589 1100 1659 1129 dies
1672 1102 1711 1130 D.
1726 1109 1745 1130 a
1757 1109 1798 1130 m.
1813 1109 1844 1136 p.

41 1144 166 1184 gaudio
178 1148 216 1175 D.
264 1148 298 1173 et
317 1150 393 1175 ante
410 1144 504 1174 lixas
517 1149 610 1177 abest
621 1153 642 1175 a
655 1147 737 1176 Coll.
752 1147 792 1174 V.
808 1145 830 1173 f.
843 1150 873 1174 et
887 1147 922 1174 0.
969 1144 1054 1174 lisas
1068 1146 1103 1175 Ο.
1151 1146 1399 1173 convenientem
1412 1147 1448 1174 B.
1465 1154 1521 1181 pro
1535 1149 1771 1184 congruentem
1787 1146 1845 1181 [ex

41 1194 154 1227 glossa
166 1191 208 1220 cf.
223 1193 261 1220 de
278 1192 345 1220 Deo
358 1193 446 1220 Socr.
459 1190 584 1226 p.147.]
632 1198 787 1219 (lumnam
801 1192 841 1219 D.
887 1198 933 1219 an
952 1198 1074 1218 nouam
1088 1192 1124 1218 G.
1172 1189 1341 1218 absonat-e
1359 1191 1487 1219 Vicent.
1536 1191 1626 1226 ueib5
1638 1192 1767 1220 Vir-ent.
1786 1199 1845 1227 pro

42 1236 159 1274 utique
179 1234 278 1271 [quod
298 1244 340 1265 ex
356 1243 517 1264 conversa
535 1235 631 1265 litera
649 1234 668 1262 b
685 1243 741 1270 pro
762 1244 781 1272 q
795 1240 941 1263 exortum
955 1235 1029 1271 esu]
1076 1233 1218 1271 affatim
1237 1237 1326 1264 deest
1346 1237 1379 1264 in
1399 1238 1437 1264 R.
1456 1241 1485 1264 et
1506 1236 1528 1264 f.
1571 1236 1743 1272 piscatum
1761 1237 1797 1265 F.
1813 1238 1844 1265 3.

41 1283 78 1310 G.
100 1283 139 1310 1).
163 1282 292 1310 Vicent.
313 1282 398 1309 lunt.
423 1282 451 1309 1.
476 1281 552 1309 ΑΜ.
577 1281 690 1309 Venet.
714 1282 746 1308 2.
770 1282 800 1308 4.
837 1282 874 1308 In
899 1280 1016 1308 celeris
1043 1284 1130 1308 extat
1151 1279 1318 1316 piscatus.
1372 1279 1557 1316 pleniorem
1582 1283 1620 1310 D.
1680 1284 1846 1318 quantum

41 1329 104 1355 ΜΒ.
123 1328 206 1356 ven.
222 1328 307 1357 lunt.
329 1327 357 1353 1.
375 1326 450 1354 ΑΜ.
469 1322 532 1352 laus
552 1327 645 1354 abest
663 1332 684 1354 a
702 1325 724 1354 f.
772 1323 941 1353 denerium
960 1325 995 1352 F.
1015 1326 1046 1353 3.
1065 1323 1241 1352 denarium
1261 1327 1304 1353 Μ.
1334 1327 1371 1353 1n
1391 1325 1508 1354 ceteris
1528 1326 1623 1354 libris
1641 1331 1671 1354 et
1684 1327 1754 1355 edd.
1767 1331 1844 1355 vett.

41 1375 90 1400 est
114 1369 285 1400 denan'os.

130 1415 249 1447 statim
269 1417 380 1444 exulat
399 1423 419 1444 a
438 1415 460 1444 s.
507 1413 654 1443 dextera
673 1416 709 1445 F.
724 1417 754 1444 3.
774 1417 812 1445 G.
830 1416 868 1443 D.
888 1417 973 1443 Iuni.
986 1417 1018 1444 2.
1065 1413 1243 1444 reduceres
1262 1416 1311 1444 ed.
1325 1416 1454 1445 vicent.
1469 1414 1653 1444 conducens
1668 1416 1689 1445 f.
1737 1416 1844 1454 miga-

41 1463 155 1488 menea
166 1461 294 1490 Vicent.
340 1459 509 1488 dis-corum
522 1468 644 1499 nugam
659 1462 681 1490 f.

98 1573 152 1599 ex
182 1565 280 1614 asty.
319 1558 455 1612 [Bene
490 1559 687 1598 Stewech.
723 1560 914 1598 turbatam

40 1616 142 1656 Mss.
180 1614 387 1655 lectionem
423 1617 599 1654 restituit.
647 1616 907 1655 Notissimum

42 1673 144 1711 enim
179 1677 265 1718 est,
301 1672 481 1711 Athenas
519 1676 558 1710 et
593 1673 698 1724 apud
729 1673 913 1711 Graecos

41 1733 81 1768 et
111 1729 215 1780 apud
237 1728 401 1768 Latinos
432 1722 529 1768 ἄστυ
553 1733 592 1767 et
615 1735 706 1783 asty
729 1730 914 1768 nominari

42 1785 91 1824 of.
122 1783 276 1825 Terent.
306 1784 404 1824 Eun.
430 1785 480 1823 V.
511 1789 547 1826 6.
576 1790 638 1826 17.
671 1787 816 1824 Accius
849 1799 909 1836 ap.

40 1841 142 1880 Non.
166 1855 204 1894 p.
230 1845 325 1883 258.
350 1841 472 1880 Mete.
498 1841 633 1880 Savar.
658 1843 709 1881 ad
734 1842 868 1880 Sidon.
883 1840 909 1881 l.

40 1911 103 1950 ep.
128 1902 166 1941 6.
191 1898 312 1938 Voss.
336 1897 429 1936 Inst.
454 1896 563 1937 Orat.
588 1897 656 1937 IV.
690 1902 754 1944 10,
780 1898 842 1952 5.]

98 1956 278 1995 crastino
304 1956 385 1994 die.
410 1953 552 1994 Contra
574 1954 734 2007 Apuleii
763 1968 911 1993 morem

43 2024 180 2051 omnes
209 2010 310 2050 Mss.
341 2015 498 2050 servant
527 2012 595 2050 die
626 2025 695 2062 pro
734 2011 912 2062 simplice

43 2069 245 2113 crastin&
268 2071 310 2106 ut
332 2066 430 2106 Met.
455 2066 501 2106 ll.
526 2080 565 2118 p.
588 2071 678 2109 116.
705 2066 824 2105 Plura
849 2067 912 2105 da·

41 2125 97 2162 bit
119 2123 219 2163 Prie.
245 2123 295 2162 ad
318 2123 356 2162 h.
383 2123 408 2162 l.

99 2181 182 2219 voti
204 2180 383 2233 yandw.
421 2178 554 2231 [Elm.,
591 2181 655 2231 qui
680 2181 914 2218 sententiam

43 2237 179 2276 horum
202 2236 308 2279 verb.
333 2249 407 2275 non
434 2235 695 2281 intellexerat,
732 2235 916 2274 nonnulla

43 2293 193 2332 deesse
232 2293 410 2344 putabat,
456 2305 506 2330 eo
553 2293 708 2331 nomine
748 2294 824 2331 iam
867 2293 916 2332 ab

42 2349 145 2388 Oud.
176 2350 434 2401 vituperatus,
472 2349 536 2399 qui
569 2362 803 2400 quamquam
827 2363 915 2388 con·

43 2406 294 2444 structionem
329 2418 379 2443 ex
415 2417 556 2457 graeco
592 2418 699 2444 more
733 2404 915 2456 explicat,

43 2465 164 2512 totam
205 2465 334 2501 tamen
371 2462 651 2500 enunciationis
686 2462 763 2500 vim
798 2475 916 2513 prave

43 2516 226 2570 neglexit.
259 2518 401 2558 Votum
425 2518 527 2556 enim
551 2517 587 2556 h.
614 2517 638 2556 l.
660 2517 696 2555 id
717 2518 917 2569 significat,

45 2574 150 2626 quod
172 2576 330 2626 petitur.
357 2574 462 2626 quod
492 2578 661 2625 optatui-3
692 2573 741 2614 cs.
773 2573 917 2614 Florid.

44 2644 82 2687 p.
108 2634 145 2672 2.
176 2629 291 2670 Ovid.
316 2631 400 2670 Art.
425 2631 513 2669 Am.
538 2629 567 2669 Ι.
594 2634 686 2671 671.
717 2631 915 2684 quatiere,

44 2686 219 2740 utlapud
244 2686 321 2727 Cic.
352 2687 401 2727 ad
426 2687 516 2726 Div.
540 2685 607 2726 Vl.
636 2691 697 2727 15.
723 2687 798 2726 tibi
820 2701 915 2740 yra-

46 2743 158 2797 tulor
186 2744 286 2783 milei
307 2744 488 2797 9aucleo,
518 2742 670 2781 videtur
694 2757 788 2782 esse
812 2744 915 2796 posi·

45 2804 125 2844 tum
149 2798 197 2842 cs.
222 2799 277 2843 ad.
296 2799 333 2840 h.
358 2799 384 2839 l.
408 2799 557 2838 Manut.
582 2798 673 2838 Non
698 2801 829 2850 inepta
854 2805 917 2840 est

46 2844 232 2908 Gulielmi
261 2858 497 2896 coniectura:
537 2855 640 2908 quid
662 2857 776 2896 istud
799 2856 917 2895 novi?

45 2912 186 3014 ἕιῗὲἑῖε
189 2912 584 3022 3'1‘00‹i³‡3i¹¹1¹‚ss²1i2¹1303³3
588 2911 815 3007 ffirl'rick'ii
839 2911 918 3008 ΡΞ.

47 3021 189 3075 plexus
209 3029 248 3063 et
267 3027 458 3064 civitatem
477 3039 546 3077 pro
564 3029 655 3063 voto
675 3025 748 3064 sibi
769 3038 918 3065 assum-

49 3080 169 3134 serit]

56 3175 59 3181 .
106 3136 216 3180 haas
240 3143 279 3176 et
304 3140 450 3191 virgas.
499 3138 652 3178 Lixam
675 3151 745 3190 pro
770 3138 919 3191 adpari-

971 1565 1056 1599 tore
1080 1573 1153 1599 seu
1177 1559 1311 1599 lictore
1329 1561 1506 1599 aedilicio
1526 1562 1601 1600 dici
1620 1560 1723 1600 Oud.
1743 1575 1844 1600 com-

970 1618 1111 1670 probat
1134 1631 1184 1655 ex
1210 1617 1344 1656 Gloss.
1364 1616 1518 1656 Philox.
1546 1618 1638 1657 lia-a
1657 1616 1845 1670 ἀγοραῖος.

973 1673 1054 1726 [De
1087 1675 1212 1727 ciryis
1243 1687 1344 1725 quae
1376 1678 1507 1712 contra
1536 1675 1596 1713 ius
1627 1674 1846 1713 Romanum

972 1730 1089 1768 aedili
1120 1730 1308 1769 (labantur
1331 1730 1551 1782 municipali
1587 1731 1634 1770 ef.
1668 1730 1845 1769 Chiman-

969 1786 1049 1826 tell.
1070 1786 1208 1825 Mai-m.
1228 1786 1360 1825 Pisan.
1381 1802 1413 1826 c.
1429 1792 1467 1827 5.
1493 1788 1529 1825 in
1559 1787 1698 1826 Graev.
1720 1786 1843 1826 Thes.

972 1842 1016 1881 T.
1035 1842 1121 1882 Vll.
1142 1857 1181 1895 p.
1201 1847 1322 1884 2041.
1345 1847 1382 1882 et
1401 1843 1511 1895 Lips.
1532 1845 1566 1882 in
1580 1843 1704 1883 Elect.
1720 1842 1763 1883 ll.
1779 1847 1845 1885 23.

971 1899 1016 1937 Τ.
1041 1898 1068 1937 l.
1094 1913 1132 1952 p.
1159 1899 1251 1941 731.
1278 1900 1338 1938 ed.
1364 1900 1520 1953 Vesal.]

1028 1970 1231 1995 annonam
1262 1956 1334 2009 [cf.
1360 1955 1502 1995 Petron
1534 1971 1566 1996 c.
1592 1962 1657 1998 44.
1684 1971 1722 2010 p.
1748 1958 1843 1999 274.

970 2011 1102 2050 Burm.
1143 2011 1244 2051 Plin.
1279 2012 1381 2051 Hist.
1418 2012 1510 2052 Nat.
1547 2013 1690 2053 XVIII.
1732 2018 1768 2054 4.
1808 2018 1844 2055 3.

971 2067 1057 2107 Liv.
1083 2068 1133 2106 X.
1168 2073 1231 2109 11.
1257 2068 1389 2108 XXX.
1422 2073 1486 2110 26.
1518 2068 1645 2109 Plaut.
1671 2069 1773 2110 Rud.
1800 2069 1846 2108 Π.

973 2128 1011 2164 3.
1037 2128 1102 2165 42.
1128 2124 1171 2164 fr.
1200 2129 1262 2166 12.
1287 2125 1337 2164 D.
1363 2126 1413 2164 de
1438 2126 1630 2165 decurion.
1658 2131 1722 2167 50.
1749 2127 1805 2179 2.]

1031 2181 1203 2220 aedilem
1244 2184 1431 2234 sym-imus.
1492 2182 1700 2229 Aedilem,
1743 2184 1848 2234 quod

974 2237 1083 2276 Scal.
1103 2239 1140 2276 in
1160 2239 1382 2278 aetlilatmn
1402 2238 1464 2277 vel
1484 2239 1733 2280 aedilitatem
1747 2254 1847 2280 com·

975 2294 1110 2332 mutari
1150 2294 1288 2340 voluit,
1318 2293 1422 2334 Oud.
1460 2296 1597 2334 retinet
1633 2295 1722 2335 coll.
1759 2296 1844 2335 Intt.

973 2349 1024 2388 ad
1054 2347 1159 2389 Flor.
1195 2350 1223 2389 Ι.
1259 2356 1292 2391 1.
1319 2355 1383 2392 31.
1417 2352 1505 2390 val.
1530 2351 1638 2392 Max.
1663 2351 1730 2392 lv.
1756 2352 1783 2392 Ι.
1809 2357 1846 2392 4.

973 2410 1013 2444 et
1030 2406 1136 2445 Veli.
1155 2405 1239 2446 Pat.
1254 2406 1300 2446 ΙΙ.
1321 2411 1386 2449 95.
1405 2409 1539 2447 Arntz.
1561 2409 1611 2447 ad
1630 2407 1728 2448 Plin.
1749 2407 1845 2447 Pan.

975 2467 1040 2502 44.
1073 2463 1221 2515 [Munk
1252 2464 1302 2502 ad
1326 2463 1438 2515 Fulg.
1465 2464 1636 2516 Mythol.
1663 2464 1709 2504 ΙΙ.
1743 2470 1778 2506 1.
1809 2478 1845 2517 p.

977 2522 1070 2560 665.
1102 2519 1210 2559 Stav.
1242 2519 1306 2558 De
1336 2521 1535 2559 aedilitate
1564 2520 1784 2572 municipali
1813 2534 1847 2560 s.

976 2575 1251 2627 quinquennali
1283 2577 1330 2616 cf.
1365 2576 1530 2617 Turneb.
1563 2577 1663 2617 Adv.
1689 2577 1754 2616 XI.
1784 2581 1847 2618 10.

973 2635 1129 2684 p.·349.
1162 2632 1329 2672 Gronov.
1369 2632 1467 2672 Obs.
1495 2633 1561 2673 IV.
1597 2639 1658 2674 14.
1689 2648 1727 2686 p.
1752 2638 1847 2674 452.

974 2688 1035 2729 ed.
1066 2688 1179 2742 Lips.
1211 2694 1251 2728 et
1282 2689 1526 2728 Chimantell.
1552 2689 1689 2729 Marm.
1715 2688 1848 2729 Pisan.

975 2758 1006 2784 c.
1033 2748 1070 2786 6.
1096 2746 1145 2784 in.
1171 2745 1310 2785 Graev.
1339 2746 1461 2785 Thes.
1488 2746 1511 2785 l.
1541 2760 1572 2785 c.
1597 2760 1635 2798 p.
1664 2746 1804 2799 2045]

1028 2803 1229 2853 piscatum
1257 2802 1324 2854 [ex
1350 2806 1454 2854 oppt.
1481 2802 1585 2841 libris
1605 2804 1740 2841 retinui
1760 2817 1848 2842 con-

974 2862 1031 2896 tra
1061 2857 1185 2904 Oud.,
1223 2860 1287 2909 qui
1316 2863 1444 2898 tamen
1478 2872 1591 2898 usum
1621 2858 1848 2899 Latinorum

976 2916 1154 2966 agnoscit
1185 2916 1359 2969 affatim,
1390 2921 1455 2955 sat
1483 2914 1754 2954 adverbialiter
1776 2929 1849 2968 po-

974 2971 1109 3017 nendi,
1145 2971 1194 3010 de
1232 2984 1307 3021 quo
1339 2972 1414 3010 iam
1443 2985 1562 3025 supra
1597 2972 1740 3011 dictum
1776 2976 1848 3012 est.

975 3026 1044 3081 [cf.
1069 3027 1137 3066 Dr.
1163 3027 1212 3065 ad
1237 3027 1322 3067 Liv.
1347 3025 1373 3067 Ι.
1401 3030 1466 3070 16.
1491 3030 1522 3080 ς’.
1548 3027 1604 3081 8.]

1034 3081 1132 3123 CAr.
1158 3083 1289 3123 XXV.
1316 3089 1354 3124 et
1378 3099 1403 3125 α
1430 3099 1521 3138 quo.
1549 3085 1608 3125 Et
1623 3086 1849 3138 particulam

975 3140 1136 3193 praefigi
1159 3140 1289 3179 solere
1313 3141 1599 3192 interrogationi
1623 3144 1849 3194 praesertim
