2155 3590
682 137 874 180 LIBER
903 140 954 181 X.
1004 139 1134 183 CAP.
1159 142 1306 184 XXX.
1815 144 1896 187 965

91 248 233 300 nudus,
262 248 338 290 nisi
364 250 466 303 quod
491 250 676 306 ephebica
701 252 905 309 chlainyda
930 253 1132 294 sinistrum
1158 255 1318 309 tegebat
1341 255 1560 308 humerum,
1589 256 1702 298 flavis
1722 258 1897 299 crinibus

89 318 368 360 usquequaque
393 308 652 361 conspicuus,
681 316 720 349 et
744 309 849 350 inter
874 324 1005 351 comas
1032 310 1115 351 eius
1141 324 1286 352 aureae
1312 313 1496 366 pinnulae
1522 314 1759 367 cognatione
1779 315 1897 355 simili

88 362 264 403 sociatae
293 363 590 418 prominebant,
630 379 743 420 quem
775 367 987 408 caduceum
1018 374 1058 408 et
1086 367 1243 422 virgula
1268 367 1513 409 Mercurium
1550 370 1791 411 indicabant.
1854 370 1894 412 Is

85 477 195 507 nudus
213 479 418 509 desideratur
435 481 468 510 in
488 483 564 511 Bas.
585 484 616 513 1.
663 481 802 520 ephebia
819 486 904 513 Iunt.
920 486 949 514 1.
967 485 1044 514 ΑΜ.
1091 483 1239 513 elame‘da
1253 487 1289 514 G.
1306 487 1335 513 2.
1349 487 1387 514 D.
1402 489 1436 514 ut
1455 484 1598 514 clam-'de
1611 489 1680 517 cod.
1695 488 1802 517 Guelr.
1818 490 1846 517 1.
1860 490 1892 517 2.

85 527 182 555 Mart.
198 525 323 560 capell.
334 527 358 555 1.
372 527 403 561 S.
419 526 471 555 67.
487 536 516 563 p.
533 530 607 557 109.
633 527 754 557 donica
769 531 804 558 G.
821 531 849 558 1.
875 527 1050 566 chlamyde
1061 532 1100 559 L.
1113 532 1150 559 R.
1166 530 1188 559 f.
1225 528 1365 567 degebat
1380 533 1415 559 G.
1430 533 1461 560 2.
1497 539 1603 569 usqne
1616 533 1668 569 qn‘c
1684 533 1706 562 ί.
1742 541 1847 561 areae
1861 532 1892 563 δ’.

77 569 255 606 premulae
274 571 297 599 f.
343 572 509 599 societate
522 575 605 602 Iunt.
623 575 651 602 ¹1.
666 576 696 603 2.
710 575 788 604 Am.
802 576 878 603 Bas.
914 575 1063 602 som‘elae
1077 584 1108 611 p.
1134 578 1256 604 sonate
1271 577 1306 605 G.
1322 577 1350 604 1.
1381 577 1642 613 praemonebant
1658 578 1679 607 f.
1693 580 1780 609 haud
1793 583 1891 610 recte.

83 614 290 644 caducaeum
307 617 343 645 F.
358 618 388 646 3.
415 616 576 646 caducum
590 620 706 648 Venet-
721 621 751 649 4.
797 617 1024 648 emrclcurium
1039 622 1075 649 G.
1091 623 1121 649 1.

140 703 368 744 luculentus
400 719 506 756 puer
539 707 687 746 medus.
749 706 952 758 [Forsitan
1012 712 1091 746 mat
1115 708 1171 746 vir
1196 707 1335 746 doctus
1361 709 1395 746 in
1422 708 1886 752 Miscell.0bserv.vol.

82 761 136 799 iia
176 760 443 799 emendandus
478 766 541 800 est
578 762 687 801 locus
722 763 865 802 Albric.
903 764 953 801 de

79 816 200 856 Deor.
226 815 344 868 Imag.
371 817 438 856 Vl.
471 832 506 869 p.
534 822 626 859 905.
659 819 708 857 de
739 819 951 858 Mercurio:

81 873 188 913 Erat
219 875 304 913 elus
333 875 495 926 sz'ynum
525 875 644 914 Immo
675 889 857 927 pucras
887 876 951 914 vel

77 932 248 970 nudus.
293 930 432 969 IIomo
458 935 522 969 est
546 931 580 969 in
608 932 829 970 universum
855 947 949 978 mas,

75 991 118 1025 ut
149 987 311 1038 saepius
343 987 447 1038 apud
472 986 618 1026 Albric.
651 1002 682 1027 e.
710 991 745 1029 9.
777 993 838 1029 10.
893 988 950 1027 lta

76 1043 197 1083 homo
220 1044 356 1083 nudus
380 1043 430 1082 de
453 1043 639 1095 Neptuno
667 1059 698 1084 e.
729 1046 810 1098 16.]

132 1100 363 1155 chlamyda.
439 1100 560 1138 Amat
605 1101 801 1152 Apuleius
850 1101 948 1140 hanc

72 1170 211 1195 vocem
249 1156 366 1195 latina
407 1157 673 1195 terminatione
716 1158 946 1209 exprimere,

71 1217 115 1252 ut
137 1213 235 1251 Met.
260 1211 329 1251 XI.
354 1228 392 1265 p.
420 1217 512 1253 804.
545 1213 719 1252 humeris
743 1215 945 1266 depende-

74 1271 144 1309 bat
168 1270 447 1323 clzlamyda,
484 1269 627 1307 Florid.
654 1283 690 1320 p.
718 1274 783 1310 5⁶2.
812 1271 945 1310 chla-

70 1327 209 1380 myda
234 1326 339 1365 celat
357 1331 571 1377 utrumque
586 1326 817 1372 bracleizme;
835 1327 944 1366 Varr.

66 1382 173 1433 apud
219 1382 322 1421 Non.
370 1395 407 1433 p.
446 1385 539 1422 539.
585 1381 648 1420 ed.
694 1382 818 1422 Mero.
867 1383 943 1432 (cl'.

68 1438 202 1477 Munk.
229 1438 279 1478 ad
305 1437 484 1489 Fulgent.
512 1441 657 1490 p.598.
686 1439 745 1477 ed.
764 1441 942 1477 siai-eor.

67 1494 192 1534 Pium.
219 1495 270 1534 ad
296 1493 403 1533 Pers.
431 1495 514 1533 Sat.
532 1493 596 1532 Vl.
617 1498 700 1544 46.)
733 1495 796 1533 De
821 1496 942 1547 eplic-

66 1552 159 1591 bica
184 1551 400 1605 chlamyde
425 1550 529 1590 Oud.
554 1556 754 1603 comparat
779 1552 865 1590 dict.
889 1552 938 1591 ad

65 1609 176 1648 Suet.
204 1608 290 1648 Tib.
317 1613 352 1649 6.
384 1606 518 1648 d'Orv.
543 1607 592 1647 ad
619 1608 763 1647 charit.
791 1608 856 1648 lv,
885 1613 936 1655 3.,

65 1665 230 1717 [quibus
264 1664 367 1703 adde
396 1664 530 1717 Kopp.
563 1664 611 1701 ad
643 1664 756 1702 Mart.
784 1664 934 1716 sapell.

62 1715 90 1761 I.
116 1721 146 1771 ᾧ.
174 1726 210 1762 5.
236 1735 272 1774 p.
301 1725 384 1767 23..
423 1723 486 1772 qui
524 1722 667 1759 excitat
696 1720 846 1761 Loccll.
884 1722 935 1760 ad

61 1777 248 1830 Xenoph.
287 1777 435 1829 Ephes.
474 1791 510 1829 p.
552 1781 642 1818 157.
692 1777 845 1817 lacobs.
883 1778 931 1817 ad

62 1835 224 1874 Anthol.
265 1834 403 1873 Graec.
441 1833 468 1873 l.
510 1839 543 1874 1.
583 1848 618 1885 p.
658 1838 722 1874 24.
782 1835 933 1874 Auecd.

60 1892 286 1931 Hemsterh.
313 1894 457 1942 1⁷».219.
483 1891 545 1930 ed.
572 1890 674 1929 (zell.
707 1890 822 1930 Ovid.
837 1891 932 1930 Met.

61 1948 105 1988 ll.
134 1952 240 1995 735„
278 1949 420 1999 quique
445 1947 493 1986 ad
521 1947 556 1985 h.
584 1947 609 1986 Ι.
635 1960 685 1985 ex
709 1948 842 1986 multis
869 1961 933 1985 ve-

58 2009 182 2045 terum
197 2004 294 2043 locis
310 2009 349 2043 et
366 2003 510 2043 tabulis
525 2004 783 2051 demonstrat,
800 2006 833 2042 in
849 2005 932 2056 plu-

59 2062 164 2101 rimis
177 2062 408 2111 imaginibus
418 2061 650 2099 Mercurium
667 2065 813 2099 tantum
829 2061 931 2099 chla-

57 2118 176 2170 myde
202 2118 326 2156 fuisse
350 2121 514 2162 tectum,
546 2121 587 2155 ut
608 2130 656 2155 ex
679 2117 816 2156 Monts.
839 2118 928 2156 Ant.

56 2174 175 2226 Expl.
200 2174 226 2213 Ι.
252 2175 330 2213 tab.
358 2178 422 2214 68.
451 2179 513 2214 71.
541 2179 605 2214 73.
654 2173 836 2212 Mercurii
864 2175 929 2212 ‹le-

55 2232 307 2284 scriptionem
344 2230 469 2269 habes
512 2231 615 2282 apud
653 2231 788 2282 virgil.
826 2231 927 2270 Aen.

53 2287 120 2328 lv,
149 2293 231 2328 557
245 2287 356 2339 sqq.]

109 2345 322 2398 pinnulae.
382 2343 619 2390 Notandum,
645 2343 707 2382 hic
731 2344 925 2382 Mercurio

52 2416 128 2440 uon
155 2402 236 2440 dari
262 2405 462 2451 petasum,
490 2401 549 2438 cui
574 2400 657 2446 alii,
684 2402 748 2451 qui
771 2398 927 2440 Mercu-

50 2459 107 2497 rio
133 2471 260 2510 aeque
285 2457 372 2496 alas
397 2456 434 2495 in
462 2457 589 2509 capite
614 2461 732 2507 atque
757 2458 792 2495 in
818 2457 926 2509 pedi·

51 2515 126 2555 bus
152 2515 304 2554 talaria
330 2515 510 2560 tribuunt,
535 2513 638 2551 unde
658 2514 774 2551 etiam
794 2515 926 2566 alipes

49 2575 227 2618 vocatur,
270 2570 467 2622 adplicant
504 2571 600 2608 istas
637 2583 804 2621 pennas,
848 2585 923 2610 uon

48 2642 141 2667 vero
168 2628 291 2667 comis
316 2628 503 2666 inserunt.
533 2627 616 2665 Sed
642 2631 769 2665 tamen
795 2641 921 2680 saepe

49 2698 207 2736 quoque
227 2685 368 2723 intecto
384 2685 509 2735 capite
530 2684 665 2722 visitur
684 2684 719 2721 iu
740 2686 922 2733 nummis3

49 2741 96 2780 cf.
122 2741 151 2780 l.
179 2741 295 2781 Gron.
320 2739 453 2780 Praei'.
478 2740 528 2778 ad
544 2740 711 2790 August.
732 2754 921 2791 gemmas.

50 2797 134 2850 [De
154 2803 301 2850 petaso
326 2797 510 2837 Mercurii
535 2795 684 2836 cs.1ntt.
704 2797 755 2835 ad
773 2798 920 2838 Arnob.

49 2853 116 2892 Vl.
146 2858 207 2895 12.
233 2852 278 2893 T.
306 2854 350 2893 ll.
376 2869 413 2908 p.
441 2858 534 2895 370.
561 2852 704 2906 Orell.]

106 2911 331 2951 caduceum
363 2915 403 2950 et
431 2911 609 2963 vir-qula.
669 2909 771 2956 Quia
799 2909 918 2963 vulgo

48 2967 207 3019 virgam
231 2966 361 3007 dicant
385 2969 600 3020 scriptores
626 2970 666 3005 et
690 2966 805 3006 Ovid.
821 2967 920 3008 Met.

48 3022 77 3062 1.
109 3027 205 3065 673.
235 3037 323 3063 eam
353 3025 458 3076 pedo
488 3023 677 3077 pastorali
708 3029 920 3076 comparet,

46 3079 189 3118 demtis
223 3080 377 3120 scilicet
411 3081 685 3134 serpentibus,
734 3081 785 3121 ad
821 3082 920 3121 haec

47 3136 272 3178 caduceum
296 3138 371 3177 iam
396 3139 535 3177 dixerit
554 3136 761 3191 Apuleius,
788 3140 919 3177 existi-

1011 764 1096 803 ΥΠ.
1119 779 1156 816 p.
1173 769 1264 805 291.
1292 770 1332 804 et
1354 765 1520 817 cirynla
1545 780 1614 817 pro
1641 767 1886 817 glossemate

1010 821 1179 859 delenda
1204 834 1315 860 esse.
1348 823 1449 859 sicut
1475 823 1588 861 etiam
1616 822 1806 875 Sopingio
1831 827 1885 864 ri-

1009 891 1095 915 sum
1112 877 1191 916 fuit.
1226 877 1326 923 Quin
1348 878 1449 916 idem
1470 883 1618 924 censet,
1643 880 1761 931 vulgo
1782 882 1886 920 male

1009 934 1113 985 pingi
1152 934 1364 972 caduceum
1415 938 1454 972 ut
1492 949 1651 986 parvum
1689 937 1882 978 baculum.

1007 989 1062 1028 At
1099 991 1135 1028 ei
1165 993 1385 1029 sententiae
1418 992 1470 1029 ita
1500 991 1604 1031 Oud.
1636 993 1882 1033 adversatur:

1006 1046 1119 1093 „Sed
1138 1060 1188 1085 ex
1208 1047 1293 1085 loco
1309 1047 1437 1086 Ovidii
1458 1048 1605 1087 nullum
1631 1049 1680 1087 de
1704 1064 1798 1089 vera
1823 1065 1882 1090 ca-

1007 1103 1118 1141 ducei
1144 1117 1175 1142 s.
1197 1104 1327 1153 virgae
1352 1106 1601 1156 anyufferac
1624 1107 1687 1144 vel
1715 1107 1808 1147 litui
1833 1108 1881 1147 cs.

1006 1160 1116 1197 Serv.
1143 1160 1193 1198 ad
1220 1160 1325 1211 Yirg.
1352 1160 1497 1211 Georg.
1524 1161 1588 1201 ΙΙΙ.
1617 1167 1708 1204 183.
1733 1166 1881 1215 magni-

1003 1216 1136 1254 tudine
1162 1220 1428 1267 argumentum
1455 1217 1596 1257 deduci
1621 1224 1765 1271 potest,
1793 1235 1878 1259 cuni

1004 1276 1110 1310 totus
1137 1272 1237 1311 (leus
1263 1274 1313 1311 ibi
1339 1274 1374 1311 in
1400 1275 1571 1324 pastoris
1596 1278 1771 1327 speciem
1793 1291 1877 1316 cum

1005 1331 1105 1367 ouini
1132 1329 1266 1368 habitu
1291 1331 1342 1367 sit
1367 1330 1611 1371 reformatus.
1664 1332 1783 1371 innuo
1815 1347 1878 1371 au-

1002 1385 1155 1423 diamus
1190 1385 1335 1437 Hygini.
1372 1387 1533 1427 Astron.
1569 1387 1615 1427 II.
1648 1394 1685 1430 7.
1726 1390 1788 1429 Ab
1826 1405 1878 1428 co

1003 1441 1238 1491 (Apolline)
1271 1444 1518 1493 viv-'qulam
1551 1446 1769 1496 qnmmlam
1794 1462 1875 1485 ηηι-

1000 1499 1089 1536 71ch
1114 1499 1295 1550 accepit,
1323 1513 1444 1551 quam
1468 1514 1590 1540 υιαηιι
1615 1507 1750 1541 tenens
1764 1504 1875 1541 iller-

998 1555 1137 1593 μανίης
1161 1569 1251 1593 cum
1276 1556 1440 1594 vidisset
1469 1556 1555 1595 dno
1587 1558 1789 1598 dracones
1818 1561 1875 1598 ’ἰη-

997 1616 1056 1648 ter
1091 1625 1132 1649 sc
1169 1612 1391 1650 coniuncto
1429 1626 1625 1664 corpore,
1669 1616 1874 1668 virqulam

994 1668 1100 1705 inter
1124 1672 1340 1720 utrumque
1357 1669 1548 1708 subiecit.
1563 1700 1571 1708 .
1587 1701 1595 1708 .
1612 1701 1619 1710 .
1637 1672 1730 1716 Quo
1752 1674 1873 1723 facto

994 1738 1081 1762 eam
1125 1724 1372 1776 virquhzm
1409 1727 1531 1777 pacis
1574 1740 1718 1767 caussa
1759 1729 1872 1768 dimit

993 1793 1073 1818 esse
1121 1781 1472 1820 constitutam...
1533 1782 1705 1823 'ormulli
1751 1786 1871 1824 etiam

994 1850 1082 1875 cum
1105 1837 1273 1886 faciunt
1299 1838 1522 1884 caduceos,
1557 1840 1642 1879 duo
1667 1841 1871 1880 dracones

992 1892 1226 1944 implicatos
1260 1894 1458 1946 virgula
1492 1897 1672 1945 faciunt.
1731 1897 1868 1936 isidor.

991 1948 1098 1999 Orig.
1117 1948 1216 1987 Vlll.
1236 1954 1299 1989 11.
1315 1950 1420 2000 §.42
1445 1951 1639 2004 Viryam
1665 1958 1770 1992 tenet
1785 1968 1868 2006 qua

989 2010 1194 2056 serpentes
1237 2006 1387 2045 ‹lie-idn
1401 2037 1409 2046 .
1430 2038 1439 2046 .
1455 2037 1463 2046 .
1482 2038 1489 2046 .
1505 2039 1513 2047 .
1535 2010 1645 2048 mede
1676 2015 1712 2048 el
1738 2010 1868 2064 leyatl'

991 2062 1284 2101 caduceatores
1320 2063 1559 2104 dicantur.“
1604 2065 1866 2105 Nihilominus

988 2117 1298 2169 Ou‹l.quicqua1u
1314 2124 1447 2158 contra
1457 2120 1865 2174 Mssaexpungendum

988 2187 1082 2211 esse
1109 2180 1242 2226 negat,
1275 2179 1314 2214 et
1345 2178 1571 2217 caduceum
1596 2183 1636 2217 et
1661 2180 1864 2232 re'ryulom

987 2232 1221 2282 explicanda
1245 2246 1314 2285 per
1345 2234 1619 2273 creberrimam
1645 2236 1801 2287 liguram
1828 2236 1864 2276 ἒν

986 2287 1050 2326 διὰ
1076 2291 1179 2327 δυοῖν
1204 2302 1272 2340 pro
1300 2290 1476 2329 caducei
1499 2292 1677 2344 ci‘ryula.
1720 2292 1862 2344 Neque

987 2345 1088 2382 enim
1114 2350 1267 2396 praeter
1291 2346 1504 2385 caduceum
1532 2347 1720 2387 habuisse
1747 2350 1861 2388 aliam

986 2401 1185 2452 virgulam.
1213 2401 1289 2454 [lta
1308 2416 1400 2441 vero
1421 2404 1603 2456 explicari
1625 2405 1724 2445 hacc
1744 2407 1863 2445 verba

983 2461 1199 2508 nequeunt;
1249 2459 1336 2511 quis
1385 2461 1486 2499 enim
1528 2475 1696 2512 unquam
1740 2463 1859 2501 dicct:

985 2515 1159 2554 caducei
1183 2515 1367 2568 cirynla,
1393 2531 1509 2568 quum
1535 2532 1651 2557 unum
1677 2519 1860 2570 idemque

981 2574 1186 2622 utrumque
1211 2572 1359 2611 dicatur
1382 2574 1614 2625 significare.
1650 2575 1737 2613 Nisi
1764 2577 1860 2614 inter

982 2627 1195 2666 caduceum
1221 2633 1259 2666 et
1283 2630 1429 2680 virgam
1450 2631 1646 2682 Apuleius
1673 2632 1858 2670 distinxe-

982 2685 1046 2730 rit,
1072 2684 1122 2722 de
1144 2698 1220 2736 quo
1243 2686 1372 2725 adhuc
1389 2687 1531 2726 dubius
1545 2702 1644 2728 sum.
1677 2694 1795 2740 cipro
1811 2691 1858 2729 id

981 2746 1037 2781 est
1061 2741 1297 2792 explicative
1322 2747 1384 2781 est
1407 2745 1591 2794 positum,
1617 2745 1666 2783 de
1686 2759 1762 2796 quo
1782 2760 1857 2783 usu

981 2797 1029 2837 cf.
1044 2798 1093 2836 ad
1109 2798 1207 2837 Met.
1217 2799 1302 2839 Vll.
1315 2813 1351 2850 p.
1368 2804 1462 2841 462.
1489 2801 1653 2840 Videtur
1666 2802 1854 2840 discrimi-

979 2855 1317 2907 nasseApuleius3
1331 2857 1379 2896 cs.
1391 2857 1486 2895 Met.
1496 2857 1562 2895 XI.
1572 2863 1707 2910 p.775.
1718 2863 1853 2906 e1776,

979 2911 1195 2963 ubipalma
1216 2916 1255 2950 et
1275 2913 1483 2953 caducens
1496 2914 1593 2952 inter
1607 2915 1787 2953 Mercurii
1802 2917 1852 2954 si-

979 2982 1056 3018 gna
1075 2969 1230 3007 iunctim
1250 2970 1501 3008 nominantur.
1552 2970 1607 3010 lta
1633 2971 1853 3022 depingitur

980 3024 1198 3063 Mercurius
1212 3025 1247 3063 in
1264 3026 1404 3077 effigie,
1421 3040 1534 3078 quam
1546 3027 1676 3078 Kopp.
1693 3028 1853 3068 inseruit

979 3080 1325 3133 ed.Ma1·t.Capell.
1341 3096 1379 3134 p.
1391 3086 1501 3129 229„
1515 3084 1579 3121 ubi
1593 3084 1694 3123 vide.
1721 3085 1768 3124 cf.
1783 3085 1815 3123 A
1826 3086 1851 3124 l-

976 3137 1067 3178 bric.
1082 3137 1131 3176 de
1145 3137 1335 3190 lmag.V1.
1350 3153 1387 3191 p.
1398 3143 1492 3180 905.
1506 3140 1637 3192 ibique
1650 3140 1848 3196 Munker]
