<?xml version="1.0" encoding="UTF-8"?>
<!DOCTYPE html PUBLIC "-//W3C//DTD XHTML 1.0 Transitional//EN"
    "http://www.w3.org/TR/xhtml1/DTD/xhtml1-transitional.dtd">
<html xmlns="http://www.w3.org/1999/xhtml" xml:lang="en" lang="en">
 <head>
  <title>
</title>
<meta http-equiv="Content-Type" content="text/html;charset=utf-8" />
  <meta name='ocr-system' content='tesseract 3.04.00' />
  <meta name='ocr-capabilities' content='ocr_page ocr_carea ocr_par ocr_line ocrx_word'/>
</head>
<body>
  <div class='ocr_page' id='page_1' title='image "./operaomnia01apuluoft/operaomnia01apuluoft_0388.png"; bbox 0 0 2221 3667; ppageno 0'>
   <div class='ocr_carea' id='block_1_1' title="bbox 337 153 1915 203">
    <p class='ocr_par' dir='ltr' id='par_1_1' title="bbox 337 153 1915 203">
     <span class='ocr_line' id='line_1_1' title="bbox 337 153 1915 203; baseline 0.001 -7"><span class='ocrx_word' id='word_1_1' title='bbox 337 153 422 197; x_wconf 83' lang='grc'>240</span> <span class='ocrx_word' id='word_1_2' title='bbox 605 154 651 194; x_wconf 90' lang='lat' dir='ltr'>L.</span> <span class='ocrx_word' id='word_1_3' title='bbox 683 155 903 196; x_wconf 81' lang='lat' dir='ltr'>APULEll</span> <span class='ocrx_word' id='word_1_4' title='bbox 933 154 1334 196; x_wconf 81' lang='lat' dir='ltr'><strong>MADAURENSIS</strong></span> <span class='ocrx_word' id='word_1_5' title='bbox 1364 154 1915 203; x_wconf 64' lang='lat' dir='ltr'><strong>METAMORPHOSEON</strong></span> 
     </span>
    </p>
   </div>
   <div class='ocr_carea' id='block_1_2' title="bbox 920 360 1568 409">
    <p class='ocr_par' dir='ltr' id='par_1_2' title="bbox 920 360 1568 409">
     <span class='ocr_line' id='line_1_2' title="bbox 920 360 1568 409; baseline 0.002 -1"><span class='ocrx_word' id='word_1_6' title='bbox 920 360 1361 408; x_wconf 87' lang='lat' dir='ltr'><strong>CAPUT</strong></span> <span class='ocrx_word' id='word_1_7' title='bbox 1464 362 1568 409; x_wconf 88' lang='lat' dir='ltr'>XI.</span> 
     </span>
    </p>
   </div>
   <div class='ocr_carea' id='block_1_3' title="bbox 245 491 2143 722">
    <p class='ocr_par' dir='ltr' id='par_1_3' title="bbox 245 491 2143 722">
     <span class='ocr_line' id='line_1_3' title="bbox 449 491 2143 549; baseline 0.002 -15"><span class='ocrx_word' id='word_1_8' title='bbox 449 492 566 535; x_wconf 88' lang='lat' dir='ltr'>Tunc</span> <span class='ocrx_word' id='word_1_9' title='bbox 591 509 662 535; x_wconf 89' lang='lat' dir='ltr'>nos</span> <span class='ocrx_word' id='word_1_10' title='bbox 688 495 726 535; x_wconf 89' lang='lat' dir='ltr'>in</span> <span class='ocrx_word' id='word_1_11' title='bbox 753 493 911 547; x_wconf 80' lang='lat' dir='ltr'>ancipiti</span> <span class='ocrx_word' id='word_1_12' title='bbox 938 491 1112 546; x_wconf 81' lang='lat' dir='ltr'>periculo</span> <span class='ocrx_word' id='word_1_13' title='bbox 1139 493 1364 544; x_wconf 83' lang='lat' dir='ltr'>constituti,</span> <span class='ocrx_word' id='word_1_14' title='bbox 1389 492 1479 549; x_wconf 70' lang='lat' dir='ltr'>{vel</span> <span class='ocrx_word' id='word_1_15' title='bbox 1505 495 1748 549; x_wconf 88' lang='lat' dir='ltr'>opprimendi</span> <span class='ocrx_word' id='word_1_16' title='bbox 1780 496 1905 536; x_wconf 86' lang='lat' dir='ltr'>nostri</span> <span class='ocrx_word' id='word_1_17' title='bbox 1936 496 2000 537; x_wconf 82' lang='lat' dir='ltr'>vel</span> <span class='ocrx_word' id='word_1_18' title='bbox 2032 497 2143 537; x_wconf 83' lang='lat' dir='ltr'>dese-</span> 
     </span>
     <span class='ocr_line' id='line_1_4' title="bbox 336 549 2143 594; baseline 0.002 -4"><span class='ocrx_word' id='word_1_19' title='bbox 336 550 449 590; x_wconf 87' lang='lat' dir='ltr'>rendi</span> <span class='ocrx_word' id='word_1_20' title='bbox 480 551 578 592; x_wconf 81' lang='lat' dir='ltr'>socii</span> <span class='ocrx_word' id='word_1_21' title='bbox 610 552 822 592; x_wconf 83' lang='lat' dir='ltr'>remedium</span> <span class='ocrx_word' id='word_1_22' title='bbox 854 563 874 589; x_wconf 89' lang='lat' dir='ltr'>e</span> <span class='ocrx_word' id='word_1_23' title='bbox 907 562 950 589; x_wconf 90' lang='lat' dir='ltr'>re</span> <span class='ocrx_word' id='word_1_24' title='bbox 981 556 1074 588; x_wconf 81' lang='lat' dir='ltr'>nata</span> <span class='ocrx_word' id='word_1_25' title='bbox 1099 549 1270 589; x_wconf 86' lang='lat' dir='ltr'>validum</span> <span class='ocrx_word' id='word_1_26' title='bbox 1303 564 1349 590; x_wconf 88' lang='lat' dir='ltr'>eo</span> <span class='ocrx_word' id='word_1_27' title='bbox 1380 551 1539 592; x_wconf 80' lang='lat' dir='ltr'>volente</span> <span class='ocrx_word' id='word_1_28' title='bbox 1571 553 1919 593; x_wconf 79' lang='lat' dir='ltr'>comminiscimus.</span> <span class='ocrx_word' id='word_1_29' title='bbox 1980 553 2143 594; x_wconf 77' lang='lat' dir='ltr'>Antesi-</span> 
     </span>
     <span class='ocr_line' id='line_1_5' title="bbox 337 605 2143 663; baseline 0.002 -17"><span class='ocrx_word' id='word_1_30' title='bbox 337 607 457 659; x_wconf 83' lang='lat' dir='ltr'>gnani</span> <span class='ocrx_word' id='word_1_31' title='bbox 495 608 621 648; x_wconf 81' lang='lat' dir='ltr'>nostri</span> <span class='ocrx_word' id='word_1_32' title='bbox 654 615 824 662; x_wconf 84' lang='lat' dir='ltr'>partem,</span> <span class='ocrx_word' id='word_1_33' title='bbox 859 619 935 658; x_wconf 89' lang='lat' dir='ltr'>qua</span> <span class='ocrx_word' id='word_1_34' title='bbox 964 618 1104 646; x_wconf 88' lang='lat' dir='ltr'>manus</span> <span class='ocrx_word' id='word_1_35' title='bbox 1137 605 1341 646; x_wconf 87' lang='lat' dir='ltr'>humerum</span> <span class='ocrx_word' id='word_1_36' title='bbox 1372 608 1496 658; x_wconf 83' lang='lat' dir='ltr'>subit,</span> <span class='ocrx_word' id='word_1_37' title='bbox 1531 608 1611 649; x_wconf 81' lang='lat' dir='ltr'>ictu</span> <span class='ocrx_word' id='word_1_38' title='bbox 1642 623 1711 663; x_wconf 87' lang='lat' dir='ltr'>per</span> <span class='ocrx_word' id='word_1_39' title='bbox 1740 609 1948 650; x_wconf 81' lang='lat' dir='ltr'>articulum</span> <span class='ocrx_word' id='word_1_40' title='bbox 1974 610 2143 650; x_wconf 89' lang='lat' dir='ltr'>medium</span> 
     </span>
     <span class='ocr_line' id='line_1_6' title="bbox 245 661 2142 722; baseline 0.001 -16"><span class='ocrx_word' id='word_1_41' title='bbox 245 671 306 706; x_wconf 76' lang='lat'>261</span> <span class='ocrx_word' id='word_1_42' title='bbox 336 670 574 719; x_wconf 84' lang='lat' dir='ltr'>temperato,</span> <span class='ocrx_word' id='word_1_43' title='bbox 603 677 764 719; x_wconf 82' lang='lat' dir='ltr'>prorsus</span> <span class='ocrx_word' id='word_1_44' title='bbox 790 661 1027 702; x_wconf 81' lang='lat' dir='ltr'>abscidimus</span> <span class='ocrx_word' id='word_1_45' title='bbox 1054 669 1170 716; x_wconf 83' lang='lat' dir='ltr'>atque</span> <span class='ocrx_word' id='word_1_46' title='bbox 1196 663 1249 702; x_wconf 91' lang='lat' dir='ltr'>ibi</span> <span class='ocrx_word' id='word_1_47' title='bbox 1274 662 1436 704; x_wconf 82' lang='lat' dir='ltr'>brachio</span> <span class='ocrx_word' id='word_1_48' title='bbox 1460 665 1616 716; x_wconf 82' lang='lat' dir='ltr'>relicto,</span> <span class='ocrx_word' id='word_1_49' title='bbox 1641 665 1646 722; x_wconf 83' lang='grc' dir='ltr'>Ι</span> <span class='ocrx_word' id='word_1_50' title='bbox 1669 666 1800 706; x_wconf 86' lang='lat' dir='ltr'>multis</span> <span class='ocrx_word' id='word_1_51' title='bbox 1825 666 1980 707; x_wconf 89' lang='lat' dir='ltr'>laciniis</span> <span class='ocrx_word' id='word_1_52' title='bbox 2006 666 2142 706; x_wconf 83' lang='lat' dir='ltr'>offulto</span> 
     </span>
    </p>
   </div>
   <div class='ocr_carea' id='block_1_4' title="bbox 245 505 312 542">
    <p class='ocr_par' dir='ltr' id='par_1_4' title="bbox 245 505 312 542">
     <span class='ocr_line' id='line_1_7' title="bbox 245 505 312 542; baseline 0.015 -5"><span class='ocrx_word' id='word_1_53' title='bbox 245 505 312 542; x_wconf 83' lang='lat'>260</span> 
     </span>
    </p>
   </div>
   <div class='ocr_carea' id='block_1_5' title="bbox 329 776 2143 1136">
    <p class='ocr_par' dir='ltr' id='par_1_5' title="bbox 329 776 2143 1136">
     <span class='ocr_line' id='line_1_8' title="bbox 380 776 2143 820; baseline 0.003 -12"><span class='ocrx_word' id='word_1_54' title='bbox 380 781 559 818; x_wconf 63' lang='lat' dir='ltr'>mancipiis</span> <span class='ocrx_word' id='word_1_55' title='bbox 570 784 678 815; x_wconf 80' lang='lat' dir='ltr'>aperte</span> <span class='ocrx_word' id='word_1_56' title='bbox 692 780 811 814; x_wconf 80' lang='lat' dir='ltr'>legitur</span> <span class='ocrx_word' id='word_1_57' title='bbox 823 779 856 808; x_wconf 92' lang='lat' dir='ltr'>in</span> <span class='ocrx_word' id='word_1_58' title='bbox 872 780 994 808; x_wconf 78' lang='lat' dir='ltr'>G.2.D.</span> <span class='ocrx_word' id='word_1_59' title='bbox 1043 776 1189 817; x_wconf 74' lang='lat' dir='ltr'>deflendi</span> <span class='ocrx_word' id='word_1_60' title='bbox 1200 781 1235 809; x_wconf 93' lang='lat' dir='ltr'>P.</span> <span class='ocrx_word' id='word_1_61' title='bbox 1262 778 1463 820; x_wconf 74' lang='lat' dir='ltr'>defendendi</span> <span class='ocrx_word' id='word_1_62' title='bbox 1476 784 1511 811; x_wconf 90' lang='lat' dir='ltr'>G.</span> <span class='ocrx_word' id='word_1_63' title='bbox 1522 784 1551 811; x_wconf 79' lang='lat'>2.</span> <span class='ocrx_word' id='word_1_64' title='bbox 1567 786 1595 812; x_wconf 90' lang='lat' dir='ltr'>et</span> <span class='ocrx_word' id='word_1_65' title='bbox 1609 785 1647 812; x_wconf 90' lang='lat' dir='ltr'>D.</span> <span class='ocrx_word' id='word_1_66' title='bbox 1663 783 1694 812; x_wconf 92' lang='lat' dir='ltr'>in</span> <span class='ocrx_word' id='word_1_67' title='bbox 1710 784 1806 812; x_wconf 86' lang='lat' dir='ltr'>cuius</span> <span class='ocrx_word' id='word_1_68' title='bbox 1819 784 1966 819; x_wconf 84' lang='lat' dir='ltr'>margine</span> <span class='ocrx_word' id='word_1_69' title='bbox 1979 787 2143 813; x_wconf 80' lang='lat' dir='ltr'>am.s.est</span> 
     </span>
     <span class='ocr_line' id='line_1_9' title="bbox 335 824 2142 864; baseline 0.002 -10"><span class='ocrx_word' id='word_1_70' title='bbox 335 825 516 855; x_wconf 76' lang='lat' dir='ltr'>deserendi.</span> <span class='ocrx_word' id='word_1_71' title='bbox 532 824 709 854; x_wconf 74' lang='lat' dir='ltr'>remedium</span> <span class='ocrx_word' id='word_1_72' title='bbox 723 826 758 853; x_wconf 81' lang='lat' dir='ltr'>F.</span> <span class='ocrx_word' id='word_1_73' title='bbox 773 827 803 854; x_wconf 89' lang='lat'>3.</span> <span class='ocrx_word' id='word_1_74' title='bbox 819 826 854 854; x_wconf 84' lang='lat' dir='ltr'>G.</span> <span class='ocrx_word' id='word_1_75' title='bbox 871 826 900 853; x_wconf 87' lang='grc'>1.</span> <span class='ocrx_word' id='word_1_76' title='bbox 916 826 946 852; x_wconf 79' lang='grc'>2.</span> <span class='ocrx_word' id='word_1_77' title='bbox 959 826 999 853; x_wconf 90' lang='lat' dir='ltr'>D.</span> <span class='ocrx_word' id='word_1_78' title='bbox 1012 826 1091 854; x_wconf 85' lang='lat' dir='ltr'>P.0.</span> <span class='ocrx_word' id='word_1_79' title='bbox 1105 827 1142 854; x_wconf 82' lang='lat' dir='ltr'>L.</span> <span class='ocrx_word' id='word_1_80' title='bbox 1157 825 1178 854; x_wconf 82' lang='lat' dir='ltr'>f.</span> <span class='ocrx_word' id='word_1_81' title='bbox 1194 833 1224 860; x_wconf 79' lang='lat' dir='ltr'>p.</span> <span class='ocrx_word' id='word_1_82' title='bbox 1241 834 1276 853; x_wconf 83' lang='grc' dir='ltr'><strong>π.</strong></span> <span class='ocrx_word' id='word_1_83' title='bbox 1289 826 1321 863; x_wconf 66' lang='grc' dir='ltr'><strong>ρ’.</strong></span> <span class='ocrx_word' id='word_1_84' title='bbox 1337 830 1380 856; x_wconf 84' lang='grc' dir='ltr'>Μ.</span> <span class='ocrx_word' id='word_1_85' title='bbox 1406 826 1546 855; x_wconf 67' lang='lat' dir='ltr'>medium</span> <span class='ocrx_word' id='word_1_86' title='bbox 1560 829 1596 857; x_wconf 76' lang='lat' dir='ltr'>F.</span> <span class='ocrx_word' id='word_1_87' title='bbox 1612 831 1641 858; x_wconf 87' lang='lat'>1.</span> <span class='ocrx_word' id='word_1_88' title='bbox 1656 829 1692 860; x_wconf 86' lang='lat' dir='ltr'>B.</span> <span class='ocrx_word' id='word_1_89' title='bbox 1706 831 1755 858; x_wconf 85' lang='lat' dir='ltr'>ed.</span> <span class='ocrx_word' id='word_1_90' title='bbox 1771 837 1816 864; x_wconf 84' lang='lat' dir='ltr'>pr.</span> <span class='ocrx_word' id='word_1_91' title='bbox 1829 830 1944 858; x_wconf 77' lang='lat' dir='ltr'>Venet.</span> <span class='ocrx_word' id='word_1_92' title='bbox 1959 831 1990 858; x_wconf 77' lang='lat'>2.</span> <span class='ocrx_word' id='word_1_93' title='bbox 2027 836 2045 855; x_wconf 83' lang='grc' dir='ltr'><em>ε</em></span> <span class='ocrx_word' id='word_1_94' title='bbox 2057 837 2095 856; x_wconf 74' lang='lat' dir='ltr'>re</span> <span class='ocrx_word' id='word_1_95' title='bbox 2108 829 2142 858; x_wconf 86' lang='lat' dir='ltr'>in</span> 
     </span>
     <span class='ocr_line' id='line_1_10' title="bbox 334 868 2141 905; baseline -0.001 -3"><span class='ocrx_word' id='word_1_96' title='bbox 334 875 370 902; x_wconf 87' lang='lat' dir='ltr'>G.</span> <span class='ocrx_word' id='word_1_97' title='bbox 387 875 414 901; x_wconf 85' lang='lat'>1.</span> <span class='ocrx_word' id='word_1_98' title='bbox 429 880 448 901; x_wconf 91' lang='lat' dir='ltr'>a</span> <span class='ocrx_word' id='word_1_99' title='bbox 462 880 502 900; x_wconf 86' lang='lat' dir='ltr'>m.</span> <span class='ocrx_word' id='word_1_100' title='bbox 516 880 542 899; x_wconf 74' lang='lat' dir='ltr'>s.</span> <span class='ocrx_word' id='word_1_101' title='bbox 556 872 713 905; x_wconf 82' lang='lat' dir='ltr'>scriptum</span> <span class='ocrx_word' id='word_1_102' title='bbox 727 874 786 899; x_wconf 88' lang='lat' dir='ltr'>est.</span> <span class='ocrx_word' id='word_1_103' title='bbox 836 868 996 897; x_wconf 70' lang='lat' dir='ltr'>callidum</span> <span class='ocrx_word' id='word_1_104' title='bbox 1012 871 1047 899; x_wconf 87' lang='lat' dir='ltr'>G.</span> <span class='ocrx_word' id='word_1_105' title='bbox 1065 872 1092 899; x_wconf 90' lang='lat'>1.</span> <span class='ocrx_word' id='word_1_106' title='bbox 1107 873 1138 899; x_wconf 81' lang='lat'>2.</span> <span class='ocrx_word' id='word_1_107' title='bbox 1152 872 1190 899; x_wconf 94' lang='lat' dir='ltr'>D.</span> <span class='ocrx_word' id='word_1_108' title='bbox 1215 873 1304 900; x_wconf 82' lang='lat' dir='ltr'>Male</span> <span class='ocrx_word' id='word_1_109' title='bbox 1318 873 1456 901; x_wconf 82' lang='lat' dir='ltr'>Picoart.</span> <span class='ocrx_word' id='word_1_110' title='bbox 1477 873 1508 901; x_wconf 92' lang='lat' dir='ltr'>in</span> <span class='ocrx_word' id='word_1_111' title='bbox 1526 875 1596 902; x_wconf 86' lang='lat' dir='ltr'>Per.</span> <span class='ocrx_word' id='word_1_112' title='bbox 1612 874 1690 902; x_wconf 88' lang='lat' dir='ltr'>Crit.</span> <span class='ocrx_word' id='word_1_113' title='bbox 1711 882 1738 903; x_wconf 90' lang='lat' dir='ltr'>c.</span> <span class='ocrx_word' id='word_1_114' title='bbox 1756 876 1806 903; x_wconf 83' lang='grc'>19.</span> <span class='ocrx_word' id='word_1_115' title='bbox 1827 875 1973 904; x_wconf 76' lang='lat' dir='ltr'>emendat</span> <span class='ocrx_word' id='word_1_116' title='bbox 1994 873 2141 902; x_wconf 82' lang='lat' dir='ltr'>calidum</span> 
     </span>
     <span class='ocr_line' id='line_1_11' title="bbox 333 917 2142 956; baseline 0.001 -10"><span class='ocrx_word' id='word_1_117' title='bbox 333 919 386 946; x_wconf 86' lang='lat' dir='ltr'>cui</span> <span class='ocrx_word' id='word_1_118' title='bbox 405 917 610 945; x_wconf 75' lang='lat' dir='ltr'>coniecturae</span> <span class='ocrx_word' id='word_1_119' title='bbox 629 918 734 944; x_wconf 77' lang='lat' dir='ltr'>obstat</span> <span class='ocrx_word' id='word_1_120' title='bbox 754 923 770 941; x_wconf 80' lang='lat' dir='ltr'>e</span> <span class='ocrx_word' id='word_1_121' title='bbox 790 923 827 942; x_wconf 88' lang='lat' dir='ltr'>re</span> <span class='ocrx_word' id='word_1_122' title='bbox 842 918 939 944; x_wconf 77' lang='lat' dir='ltr'>nata.</span> <span class='ocrx_word' id='word_1_123' title='bbox 965 917 1114 945; x_wconf 79' lang='lat' dir='ltr'>Ceterum</span> <span class='ocrx_word' id='word_1_124' title='bbox 1128 917 1302 945; x_wconf 76' lang='lat' dir='ltr'>consilium</span> <span class='ocrx_word' id='word_1_125' title='bbox 1316 925 1378 946; x_wconf 90' lang='lat' dir='ltr'>non</span> <span class='ocrx_word' id='word_1_126' title='bbox 1398 922 1465 947; x_wconf 85' lang='lat' dir='ltr'>erat</span> <span class='ocrx_word' id='word_1_127' title='bbox 1486 919 1749 955; x_wconf 72' lang='lat' dir='ltr'>improbandum,</span> <span class='ocrx_word' id='word_1_128' title='bbox 1777 923 1885 954; x_wconf 81' lang='lat' dir='ltr'>utpote</span> <span class='ocrx_word' id='word_1_129' title='bbox 1903 920 2053 956; x_wconf 82' lang='lat' dir='ltr'>unicum,</span> <span class='ocrx_word' id='word_1_130' title='bbox 2080 927 2142 954; x_wconf 79' lang='lat' dir='ltr'>quo</span> 
     </span>
     <span class='ocr_line' id='line_1_12' title="bbox 332 960 2140 999; baseline 0.001 -8"><span class='ocrx_word' id='word_1_131' title='bbox 332 972 392 991; x_wconf 79' lang='lat' dir='ltr'>nec</span> <span class='ocrx_word' id='word_1_132' title='bbox 404 963 657 996; x_wconf 70' lang='lat' dir='ltr'>opprimerentur</span> <span class='ocrx_word' id='word_1_133' title='bbox 669 969 729 990; x_wconf 79' lang='lat' dir='ltr'>nec</span> <span class='ocrx_word' id='word_1_134' title='bbox 744 962 925 989; x_wconf 74' lang='lat' dir='ltr'>desererent</span> <span class='ocrx_word' id='word_1_135' title='bbox 940 961 1076 990; x_wconf 84' lang='lat' dir='ltr'>socium.</span> <span class='ocrx_word' id='word_1_136' title='bbox 1126 960 1270 989; x_wconf 72' lang='lat' dir='ltr'>vallente</span> <span class='ocrx_word' id='word_1_137' title='bbox 1283 963 1318 991; x_wconf 89' lang='lat' dir='ltr'>G.</span> <span class='ocrx_word' id='word_1_138' title='bbox 1337 964 1364 991; x_wconf 90' lang='lat'>1.</span> <span class='ocrx_word' id='word_1_139' title='bbox 1413 964 1637 991; x_wconf 66' lang='lat' dir='ltr'>connais-imus</span> <span class='ocrx_word' id='word_1_140' title='bbox 1651 965 1686 992; x_wconf 93' lang='lat' dir='ltr'>B.</span> <span class='ocrx_word' id='word_1_141' title='bbox 1703 973 1731 999; x_wconf 87' lang='lat' dir='ltr'>p.</span> <span class='ocrx_word' id='word_1_142' title='bbox 1747 961 1775 993; x_wconf 74' lang='grc' dir='ltr'><strong>δ’.</strong></span> <span class='ocrx_word' id='word_1_143' title='bbox 1796 968 1824 993; x_wconf 81' lang='lat' dir='ltr'>et</span> <span class='ocrx_word' id='word_1_144' title='bbox 1846 972 1958 994; x_wconf 90' lang='lat' dir='ltr'>omnes</span> <span class='ocrx_word' id='word_1_145' title='bbox 1976 965 2046 994; x_wconf 86' lang='lat' dir='ltr'>edd.</span> <span class='ocrx_word' id='word_1_146' title='bbox 2061 969 2140 993; x_wconf 77' lang='lat' dir='ltr'>vett.</span> 
     </span>
     <span class='ocr_line' id='line_1_13' title="bbox 331 1006 2141 1047; baseline 0.001 -11"><span class='ocrx_word' id='word_1_147' title='bbox 331 1013 458 1042; x_wconf 80' lang='lat' dir='ltr'>praeter</span> <span class='ocrx_word' id='word_1_148' title='bbox 470 1009 552 1035; x_wconf 87' lang='lat' dir='ltr'>lunt.</span> <span class='ocrx_word' id='word_1_149' title='bbox 564 1008 631 1034; x_wconf 82' lang='lat'>1.2.</span> <span class='ocrx_word' id='word_1_150' title='bbox 645 1014 730 1040; x_wconf 81' lang='lat' dir='ltr'>quae</span> <span class='ocrx_word' id='word_1_151' title='bbox 743 1014 815 1034; x_wconf 84' lang='lat' dir='ltr'>cum</span> <span class='ocrx_word' id='word_1_152' title='bbox 829 1010 901 1035; x_wconf 85' lang='lat' dir='ltr'>cett.</span> <span class='ocrx_word' id='word_1_153' title='bbox 915 1009 995 1035; x_wconf 68' lang='lat' dir='ltr'>MSS.</span> <span class='ocrx_word' id='word_1_154' title='bbox 1010 1009 1129 1035; x_wconf 83' lang='lat' dir='ltr'>hahent</span> <span class='ocrx_word' id='word_1_155' title='bbox 1143 1006 1434 1038; x_wconf 74' lang='lat' dir='ltr'>canmn&#39;m&#39;scr‘mus,</span> <span class='ocrx_word' id='word_1_156' title='bbox 1461 1009 1690 1045; x_wconf 53' lang='lat' dir='ltr'>antesignati?</span> <span class='ocrx_word' id='word_1_157' title='bbox 1702 1012 1737 1038; x_wconf 88' lang='lat' dir='ltr'>G.</span> <span class='ocrx_word' id='word_1_158' title='bbox 1748 1011 1775 1038; x_wconf 87' lang='lat'>1.</span> <span class='ocrx_word' id='word_1_159' title='bbox 1787 1007 1906 1039; x_wconf 78' lang='lat' dir='ltr'>1).o.‹5.</span> <span class='ocrx_word' id='word_1_160' title='bbox 1922 1019 1955 1044; x_wconf 77' lang='grc' dir='ltr'>φ.</span> <span class='ocrx_word' id='word_1_161' title='bbox 1969 1017 2006 1038; x_wconf 81' lang='grc' dir='ltr'>π.</span> <span class='ocrx_word' id='word_1_162' title='bbox 2040 1017 2141 1047; x_wconf 79' lang='lat' dir='ltr'>qnam</span> 
     </span>
     <span class='ocr_line' id='line_1_14' title="bbox 330 1051 2140 1089; baseline 0.002 -8"><span class='ocrx_word' id='word_1_163' title='bbox 330 1054 368 1081; x_wconf 88' lang='lat' dir='ltr'>D.</span> <span class='ocrx_word' id='word_1_164' title='bbox 383 1060 403 1081; x_wconf 86' lang='lat' dir='ltr'>a</span> <span class='ocrx_word' id='word_1_165' title='bbox 416 1060 455 1080; x_wconf 93' lang='lat' dir='ltr'>m.</span> <span class='ocrx_word' id='word_1_166' title='bbox 471 1060 499 1086; x_wconf 81' lang='lat' dir='ltr'>p.</span> <span class='ocrx_word' id='word_1_167' title='bbox 514 1053 569 1080; x_wconf 80' lang='lat' dir='ltr'>sed</span> <span class='ocrx_word' id='word_1_168' title='bbox 586 1059 703 1080; x_wconf 84' lang='lat' dir='ltr'>rasura</span> <span class='ocrx_word' id='word_1_169' title='bbox 717 1055 894 1080; x_wconf 83' lang='lat' dir='ltr'>correctum</span> <span class='ocrx_word' id='word_1_170' title='bbox 908 1055 955 1080; x_wconf 77' lang='lat' dir='ltr'>est</span> <span class='ocrx_word' id='word_1_171' title='bbox 971 1060 1050 1089; x_wconf 83' lang='lat' dir='ltr'>qna.</span> <span class='ocrx_word' id='word_1_172' title='bbox 1099 1051 1233 1080; x_wconf 76' lang='lat' dir='ltr'>humeri</span> <span class='ocrx_word' id='word_1_173' title='bbox 1245 1055 1281 1081; x_wconf 88' lang='lat' dir='ltr'>G.</span> <span class='ocrx_word' id='word_1_174' title='bbox 1299 1054 1325 1082; x_wconf 88' lang='lat'>1.</span> <span class='ocrx_word' id='word_1_175' title='bbox 1374 1053 1476 1081; x_wconf 69' lang='lat' dir='ltr'>subiit</span> <span class='ocrx_word' id='word_1_176' title='bbox 1491 1056 1526 1083; x_wconf 88' lang='lat' dir='ltr'>G.</span> <span class='ocrx_word' id='word_1_177' title='bbox 1545 1056 1572 1083; x_wconf 88' lang='lat'>1.</span> <span class='ocrx_word' id='word_1_178' title='bbox 1588 1054 1618 1082; x_wconf 84' lang='lat'>2.</span> <span class='ocrx_word' id='word_1_179' title='bbox 1633 1055 1668 1083; x_wconf 89' lang='grc' dir='ltr'>Ρ.</span> <span class='ocrx_word' id='word_1_180' title='bbox 1683 1054 1722 1083; x_wconf 90' lang='lat'>1).</span> <span class='ocrx_word' id='word_1_181' title='bbox 1773 1057 1940 1082; x_wconf 77' lang='lat' dir='ltr'>temerato</span> <span class='ocrx_word' id='word_1_182' title='bbox 1954 1056 1989 1084; x_wconf 73' lang='lat'>1⁷.</span> <span class='ocrx_word' id='word_1_183' title='bbox 2006 1057 2034 1085; x_wconf 88' lang='lat'>1.</span> <span class='ocrx_word' id='word_1_184' title='bbox 2059 1057 2094 1084; x_wconf 83' lang='lat' dir='ltr'>G.</span> <span class='ocrx_word' id='word_1_185' title='bbox 2109 1057 2140 1084; x_wconf 91' lang='lat'>1.</span> 
     </span>
     <span class='ocr_line' id='line_1_15' title="bbox 329 1097 2141 1136; baseline 0.002 -10"><span class='ocrx_word' id='word_1_186' title='bbox 329 1100 364 1126; x_wconf 85' lang='lat'>0.</span> <span class='ocrx_word' id='word_1_187' title='bbox 384 1102 412 1126; x_wconf 83' lang='lat' dir='ltr'>et</span> <span class='ocrx_word' id='word_1_188' title='bbox 433 1100 494 1125; x_wconf 81' lang='lat' dir='ltr'>Ms.</span> <span class='ocrx_word' id='word_1_189' title='bbox 515 1098 590 1126; x_wconf 75' lang='grc' dir='ltr'><strong>ΛΜ.</strong></span> <span class='ocrx_word' id='word_1_190' title='bbox 611 1101 693 1125; x_wconf 79' lang='lat' dir='ltr'>teste</span> <span class='ocrx_word' id='word_1_191' title='bbox 713 1097 841 1134; x_wconf 69' lang='lat' dir='ltr'>Colvio,</span> <span class='ocrx_word' id='word_1_192' title='bbox 869 1098 919 1126; x_wconf 84' lang='lat' dir='ltr'>ed.</span> <span class='ocrx_word' id='word_1_193' title='bbox 938 1106 985 1132; x_wconf 82' lang='lat' dir='ltr'>pr.</span> <span class='ocrx_word' id='word_1_194' title='bbox 1005 1101 1034 1125; x_wconf 91' lang='lat' dir='ltr'>et</span> <span class='ocrx_word' id='word_1_195' title='bbox 1049 1098 1163 1127; x_wconf 81' lang='lat' dir='ltr'>Venet.</span> <span class='ocrx_word' id='word_1_196' title='bbox 1177 1100 1208 1127; x_wconf 82' lang='lat'>2.</span> <span class='ocrx_word' id='word_1_197' title='bbox 1242 1100 1425 1126; x_wconf 73' lang='lat' dir='ltr'>temerario</span> <span class='ocrx_word' id='word_1_198' title='bbox 1441 1101 1476 1129; x_wconf 88' lang='lat' dir='ltr'>G.</span> <span class='ocrx_word' id='word_1_199' title='bbox 1492 1101 1522 1128; x_wconf 84' lang='lat'>2.</span> <span class='ocrx_word' id='word_1_200' title='bbox 1537 1101 1575 1128; x_wconf 89' lang='lat' dir='ltr'>D.</span> <span class='ocrx_word' id='word_1_201' title='bbox 1590 1101 1625 1129; x_wconf 88' lang='lat' dir='ltr'>P.</span> <span class='ocrx_word' id='word_1_202' title='bbox 1640 1097 1669 1129; x_wconf 82' lang='grc' dir='ltr'>δ.</span> <span class='ocrx_word' id='word_1_203' title='bbox 1719 1099 1924 1128; x_wconf 74' lang='lat' dir='ltr'><em>abscidimus</em></span> <span class='ocrx_word' id='word_1_204' title='bbox 1938 1105 2003 1129; x_wconf 79' lang='lat' dir='ltr'>tres</span> <span class='ocrx_word' id='word_1_205' title='bbox 2017 1101 2141 1136; x_wconf 80' lang='lat' dir='ltr'>primae</span> 
     </span>
    </p>
   </div>
   <div class='ocr_carea' id='block_1_6' title="bbox 326 1141 2141 1184">
    <p class='ocr_par' dir='ltr' id='par_1_6' title="bbox 326 1141 2141 1184">
     <span class='ocr_line' id='line_1_16' title="bbox 326 1141 2141 1184; baseline 0.001 -13"><span class='ocrx_word' id='word_1_206' title='bbox 326 1144 455 1172; x_wconf 74' lang='lat' dir='ltr'>litterae</span> <span class='ocrx_word' id='word_1_207' title='bbox 469 1143 501 1170; x_wconf 93' lang='lat' dir='ltr'>in</span> <span class='ocrx_word' id='word_1_208' title='bbox 516 1144 552 1171; x_wconf 89' lang='lat' dir='ltr'>G.</span> <span class='ocrx_word' id='word_1_209' title='bbox 568 1144 596 1172; x_wconf 90' lang='lat'>1.</span> <span class='ocrx_word' id='word_1_210' title='bbox 611 1149 632 1171; x_wconf 83' lang='lat' dir='ltr'>a</span> <span class='ocrx_word' id='word_1_211' title='bbox 645 1151 686 1172; x_wconf 90' lang='lat' dir='ltr'>m.</span> <span class='ocrx_word' id='word_1_212' title='bbox 700 1151 726 1172; x_wconf 87' lang='lat' dir='ltr'>s.</span> <span class='ocrx_word' id='word_1_213' title='bbox 742 1147 829 1171; x_wconf 83' lang='lat' dir='ltr'>sunt.</span> <span class='ocrx_word' id='word_1_214' title='bbox 871 1141 1099 1171; x_wconf 72' lang='lat' dir='ltr'>abscindimus</span> <span class='ocrx_word' id='word_1_215' title='bbox 1118 1144 1188 1172; x_wconf 77' lang='lat' dir='ltr'>Vic.</span> <span class='ocrx_word' id='word_1_216' title='bbox 1204 1145 1280 1172; x_wconf 83' lang='lat' dir='ltr'>Bas.</span> <span class='ocrx_word' id='word_1_217' title='bbox 1297 1145 1325 1173; x_wconf 87' lang='lat'>1.</span> <span class='ocrx_word' id='word_1_218' title='bbox 1341 1145 1425 1173; x_wconf 85' lang='lat' dir='ltr'>Pric.</span> <span class='ocrx_word' id='word_1_219' title='bbox 1439 1145 1560 1173; x_wconf 74' lang='lat' dir='ltr'>Floria.</span> <span class='ocrx_word' id='word_1_220' title='bbox 1585 1148 1690 1183; x_wconf 79' lang='lat' dir='ltr'>alque</span> <span class='ocrx_word' id='word_1_221' title='bbox 1705 1145 1766 1173; x_wconf 69' lang='lat' dir='ltr'>tibi</span> <span class='ocrx_word' id='word_1_222' title='bbox 1777 1147 1825 1175; x_wconf 81' lang='lat' dir='ltr'>ed.</span> <span class='ocrx_word' id='word_1_223' title='bbox 1839 1147 1945 1175; x_wconf 84' lang='lat' dir='ltr'>Scriv.</span> <span class='ocrx_word' id='word_1_224' title='bbox 1971 1148 2075 1184; x_wconf 80' lang='lat' dir='ltr'>atque</span> <span class='ocrx_word' id='word_1_225' title='bbox 2087 1146 2141 1173; x_wconf 70' lang='lat' dir='ltr'>ita</span> 
     </span>
    </p>
   </div>
   <div class='ocr_carea' id='block_1_7' title="bbox 327 1186 1125 1223">
    <p class='ocr_par' dir='ltr' id='par_1_7' title="bbox 327 1186 1125 1223">
     <span class='ocr_line' id='line_1_17' title="bbox 327 1186 1125 1223; baseline 0.001 -6"><span class='ocrx_word' id='word_1_226' title='bbox 327 1190 375 1217; x_wconf 82' lang='lat' dir='ltr'>etl.</span> <span class='ocrx_word' id='word_1_227' title='bbox 392 1189 476 1217; x_wconf 83' lang='lat' dir='ltr'>Prie.</span> <span class='ocrx_word' id='word_1_228' title='bbox 524 1186 684 1216; x_wconf 81' lang='lat' dir='ltr'>bracchio</span> <span class='ocrx_word' id='word_1_229' title='bbox 697 1189 735 1217; x_wconf 91' lang='lat' dir='ltr'>D.</span> <span class='ocrx_word' id='word_1_230' title='bbox 761 1186 856 1215; x_wconf 62' lang='lat' dir='ltr'>hebro</span> <span class='ocrx_word' id='word_1_231' title='bbox 870 1196 927 1223; x_wconf 85' lang='lat' dir='ltr'>pro</span> <span class='ocrx_word' id='word_1_232' title='bbox 939 1186 1080 1216; x_wconf 71' lang='lat' dir='ltr'>brachio</span> <span class='ocrx_word' id='word_1_233' title='bbox 1095 1197 1125 1223; x_wconf 86' lang='lat' dir='ltr'>p.</span> 
     </span>
    </p>
   </div>
   <div class='ocr_carea' id='block_1_8' title="bbox 322 1286 1203 3214">
    <p class='ocr_par' dir='ltr' id='par_1_8' title="bbox 322 1286 1203 2193">
     <span class='ocr_line' id='line_1_18' title="bbox 385 1286 1203 1340; baseline 0.001 -15"><span class='ocrx_word' id='word_1_234' title='bbox 385 1287 472 1326; x_wconf 57' lang='lat' dir='ltr'>Cim.</span> <span class='ocrx_word' id='word_1_235' title='bbox 497 1286 565 1327; x_wconf 87' lang='lat' dir='ltr'>XI.</span> <span class='ocrx_word' id='word_1_236' title='bbox 623 1287 887 1340; x_wconf 74' lang='lat' dir='ltr'>opprimendi</span> <span class='ocrx_word' id='word_1_237' title='bbox 910 1289 1051 1327; x_wconf 74' lang='lat' dir='ltr'>nostri.</span> <span class='ocrx_word' id='word_1_238' title='bbox 1106 1287 1203 1326; x_wconf 80' lang='lat' dir='ltr'>Pas-</span> 
     </span>
     <span class='ocr_line' id='line_1_19' title="bbox 325 1344 1202 1396; baseline 0 -14"><span class='ocrx_word' id='word_1_239' title='bbox 325 1344 412 1383; x_wconf 85' lang='lat' dir='ltr'>siva</span> <span class='ocrx_word' id='word_1_240' title='bbox 436 1344 715 1395; x_wconf 80' lang='lat' dir='ltr'>significatione</span> <span class='ocrx_word' id='word_1_241' title='bbox 747 1344 972 1396; x_wconf 81' lang='lat' dir='ltr'>gerundium</span> <span class='ocrx_word' id='word_1_242' title='bbox 1005 1344 1068 1382; x_wconf 89' lang='lat' dir='ltr'>hic</span> <span class='ocrx_word' id='word_1_243' title='bbox 1097 1346 1202 1396; x_wconf 74' lang='lat' dir='ltr'>posi-</span> 
     </span>
     <span class='ocr_line' id='line_1_20' title="bbox 325 1401 1198 1453; baseline 0 -14"><span class='ocrx_word' id='word_1_244' title='bbox 325 1406 405 1439; x_wconf 85' lang='lat' dir='ltr'>tum</span> <span class='ocrx_word' id='word_1_245' title='bbox 432 1414 525 1439; x_wconf 85' lang='lat' dir='ltr'>esse</span> <span class='ocrx_word' id='word_1_246' title='bbox 548 1401 678 1449; x_wconf 74' lang='lat' dir='ltr'>vides3</span> <span class='ocrx_word' id='word_1_247' title='bbox 705 1403 793 1453; x_wconf 86' lang='lat' dir='ltr'>quia</span> <span class='ocrx_word' id='word_1_248' title='bbox 815 1401 1027 1452; x_wconf 89' lang='lat' dir='ltr'>periculum</span> <span class='ocrx_word' id='word_1_249' title='bbox 1043 1406 1139 1448; x_wconf 78' lang='lat' dir='ltr'>erat,</span> <span class='ocrx_word' id='word_1_250' title='bbox 1166 1403 1198 1440; x_wconf 85' lang='lat' dir='ltr'>si</span> 
     </span>
     <span class='ocr_line' id='line_1_21' title="bbox 325 1458 1198 1504; baseline 0.001 -8"><span class='ocrx_word' id='word_1_251' title='bbox 325 1458 500 1497; x_wconf 85' lang='lat' dir='ltr'>latrones</span> <span class='ocrx_word' id='word_1_252' title='bbox 537 1458 678 1496; x_wconf 85' lang='lat' dir='ltr'>diutius</span> <span class='ocrx_word' id='word_1_253' title='bbox 716 1461 932 1504; x_wconf 87' lang='lat' dir='ltr'>manerent,</span> <span class='ocrx_word' id='word_1_254' title='bbox 976 1471 1025 1496; x_wconf 89' lang='lat' dir='ltr'>ne</span> <span class='ocrx_word' id='word_1_255' title='bbox 1062 1472 1198 1497; x_wconf 89' lang='lat' dir='ltr'>omnes</span> 
     </span>
     <span class='ocr_line' id='line_1_22' title="bbox 327 1515 1196 1567; baseline 0 -14"><span class='ocrx_word' id='word_1_256' title='bbox 327 1516 634 1567; x_wconf 79' lang='lat' dir='ltr'>opprimerentur</span> <span class='ocrx_word' id='word_1_257' title='bbox 659 1529 682 1554; x_wconf 84' lang='lat' dir='ltr'>a</span> <span class='ocrx_word' id='word_1_258' title='bbox 706 1515 842 1553; x_wconf 78' lang='lat' dir='ltr'>vicinis</span> <span class='ocrx_word' id='word_1_259' title='bbox 868 1516 1196 1553; x_wconf 74' lang='lat' dir='ltr'>concurrentibus,</span> 
     </span>
     <span class='ocr_line' id='line_1_23' title="bbox 325 1571 1201 1623; baseline -0.001 -13"><span class='ocrx_word' id='word_1_260' title='bbox 325 1571 436 1610; x_wconf 83' lang='lat' dir='ltr'>Male</span> <span class='ocrx_word' id='word_1_261' title='bbox 469 1572 581 1622; x_wconf 83' lang='lat' dir='ltr'>igitur</span> <span class='ocrx_word' id='word_1_262' title='bbox 611 1572 782 1623; x_wconf 84' lang='lat' dir='ltr'>explicat</span> <span class='ocrx_word' id='word_1_263' title='bbox 812 1572 938 1618; x_wconf 82' lang='lat' dir='ltr'>Grut.‚</span> <span class='ocrx_word' id='word_1_264' title='bbox 977 1573 1041 1623; x_wconf 89' lang='lat' dir='ltr'>qui</span> <span class='ocrx_word' id='word_1_265' title='bbox 1077 1573 1201 1610; x_wconf 80' lang='lat' dir='ltr'>activo</span> 
     </span>
     <span class='ocr_line' id='line_1_24' title="bbox 325 1628 1201 1681; baseline 0 -15"><span class='ocrx_word' id='word_1_266' title='bbox 325 1642 447 1667; x_wconf 77' lang='lat' dir='ltr'>sensu</span> <span class='ocrx_word' id='word_1_267' title='bbox 465 1628 985 1681; x_wconf 74' lang='lat' dir='ltr'>opprimendiintelligens,</span> <span class='ocrx_word' id='word_1_268' title='bbox 1011 1628 1100 1666; x_wconf 89' lang='lat' dir='ltr'>inde</span> <span class='ocrx_word' id='word_1_269' title='bbox 1125 1629 1201 1666; x_wconf 87' lang='lat' dir='ltr'>lec—</span> 
     </span>
     <span class='ocr_line' id='line_1_25' title="bbox 323 1685 1201 1736; baseline 0 -13"><span class='ocrx_word' id='word_1_270' title='bbox 323 1687 468 1724; x_wconf 78' lang='lat' dir='ltr'>tionem</span> <span class='ocrx_word' id='word_1_271' title='bbox 494 1686 665 1724; x_wconf 76' lang='lat' dir='ltr'>medinm</span> <span class='ocrx_word' id='word_1_272' title='bbox 690 1685 784 1723; x_wconf 78' lang='lat' dir='ltr'>vetit</span> <span class='ocrx_word' id='word_1_273' title='bbox 802 1686 914 1724; x_wconf 88' lang='lat' dir='ltr'>nobis</span> <span class='ocrx_word' id='word_1_274' title='bbox 935 1686 1201 1736; x_wconf 77' lang='lat' dir='ltr'>comprobare,</span> 
     </span>
     <span class='ocr_line' id='line_1_26' title="bbox 326 1741 1200 1793; baseline -0.001 -12"><span class='ocrx_word' id='word_1_275' title='bbox 326 1755 442 1793; x_wconf 88' lang='lat' dir='ltr'>quum</span> <span class='ocrx_word' id='word_1_276' title='bbox 468 1742 517 1780; x_wconf 90' lang='lat' dir='ltr'>de</span> <span class='ocrx_word' id='word_1_277' title='bbox 538 1742 691 1780; x_wconf 82' lang='lat' dir='ltr'>duobus</span> <span class='ocrx_word' id='word_1_278' title='bbox 712 1746 857 1780; x_wconf 87' lang='lat' dir='ltr'>tantum</span> <span class='ocrx_word' id='word_1_279' title='bbox 879 1743 1060 1793; x_wconf 77' lang='lat' dir='ltr'>quaestio</span> <span class='ocrx_word' id='word_1_280' title='bbox 1076 1741 1200 1788; x_wconf 84' lang='lat' dir='ltr'>fuerit,</span> 
     </span>
     <span class='ocr_line' id='line_1_27' title="bbox 324 1798 1200 1837; baseline 0 0"><span class='ocrx_word' id='word_1_281' title='bbox 324 1813 413 1837; x_wconf 88' lang='lat' dir='ltr'>num</span> <span class='ocrx_word' id='word_1_282' title='bbox 445 1799 672 1837; x_wconf 78' lang='lat' dir='ltr'>desererent</span> <span class='ocrx_word' id='word_1_283' title='bbox 702 1799 850 1837; x_wconf 86' lang='lat' dir='ltr'>socium</span> <span class='ocrx_word' id='word_1_284' title='bbox 881 1812 928 1836; x_wconf 88' lang='lat' dir='ltr'>an</span> <span class='ocrx_word' id='word_1_285' title='bbox 962 1798 1200 1837; x_wconf 88' lang='lat' dir='ltr'>occiderent:</span> 
     </span>
     <span class='ocr_line' id='line_1_28' title="bbox 323 1855 1198 1903; baseline 0 -9"><span class='ocrx_word' id='word_1_286' title='bbox 323 1855 438 1894; x_wconf 74' lang='lat' dir='ltr'>Nunc</span> <span class='ocrx_word' id='word_1_287' title='bbox 468 1869 559 1894; x_wconf 73' lang='lat' dir='ltr'>vero</span> <span class='ocrx_word' id='word_1_288' title='bbox 591 1855 766 1895; x_wconf 79' lang='lat' dir='ltr'>medinm</span> <span class='ocrx_word' id='word_1_289' title='bbox 792 1855 962 1893; x_wconf 82' lang='lat' dir='ltr'>latrones</span> <span class='ocrx_word' id='word_1_290' title='bbox 988 1856 1198 1903; x_wconf 76' lang='lat' dir='ltr'>invenisse,</span> 
     </span>
     <span class='ocr_line' id='line_1_29' title="bbox 325 1912 1199 1964; baseline 0.001 -14"><span class='ocrx_word' id='word_1_291' title='bbox 325 1926 401 1964; x_wconf 86' lang='lat' dir='ltr'>quo</span> <span class='ocrx_word' id='word_1_292' title='bbox 423 1912 648 1950; x_wconf 75' lang='lat' dir='ltr'>Lamachus</span> <span class='ocrx_word' id='word_1_293' title='bbox 674 1926 749 1950; x_wconf 92' lang='lat' dir='ltr'>non</span> <span class='ocrx_word' id='word_1_294' title='bbox 778 1912 1018 1951; x_wconf 84' lang='lat' dir='ltr'>occideretur</span> <span class='ocrx_word' id='word_1_295' title='bbox 1038 1926 1109 1951; x_wconf 86' lang='lat' dir='ltr'>nec</span> <span class='ocrx_word' id='word_1_296' title='bbox 1134 1913 1199 1951; x_wconf 86' lang='lat' dir='ltr'>de-</span> 
     </span>
     <span class='ocr_line' id='line_1_30' title="bbox 323 1969 1197 2022; baseline 0.001 -15"><span class='ocrx_word' id='word_1_297' title='bbox 323 1973 531 2008; x_wconf 81' lang='lat' dir='ltr'>sereretur:</span> <span class='ocrx_word' id='word_1_298' title='bbox 552 1982 690 2007; x_wconf 85' lang='lat' dir='ltr'>manus</span> <span class='ocrx_word' id='word_1_299' title='bbox 705 1969 1019 2021; x_wconf 80' lang='lat' dir='ltr'>amputationem.</span> <span class='ocrx_word' id='word_1_300' title='bbox 1038 1969 1118 2022; x_wconf 87' lang='lat' dir='ltr'>[De</span> <span class='ocrx_word' id='word_1_301' title='bbox 1133 1983 1197 2021; x_wconf 85' lang='lat' dir='ltr'>ge-</span> 
     </span>
     <span class='ocr_line' id='line_1_31' title="bbox 322 2026 1198 2078; baseline 0.001 -14"><span class='ocrx_word' id='word_1_302' title='bbox 322 2027 470 2065; x_wconf 70' lang='lat' dir='ltr'>rundiis</span> <span class='ocrx_word' id='word_1_303' title='bbox 500 2027 661 2077; x_wconf 79' lang='lat' dir='ltr'>passiva</span> <span class='ocrx_word' id='word_1_304' title='bbox 691 2026 975 2077; x_wconf 82' lang='lat' dir='ltr'>significatione</span> <span class='ocrx_word' id='word_1_305' title='bbox 999 2028 1198 2078; x_wconf 85' lang='lat' dir='ltr'>usurpatis</span> 
     </span>
     <span class='ocr_line' id='line_1_32' title="bbox 326 2082 1196 2134; baseline 0.001 -13"><span class='ocrx_word' id='word_1_306' title='bbox 326 2084 374 2123; x_wconf 87' lang='lat' dir='ltr'>cs.</span> <span class='ocrx_word' id='word_1_307' title='bbox 408 2097 509 2134; x_wconf 86' lang='lat' dir='ltr'>quae</span> <span class='ocrx_word' id='word_1_308' title='bbox 542 2083 650 2133; x_wconf 75' lang='lat' dir='ltr'>larga</span> <span class='ocrx_word' id='word_1_309' title='bbox 680 2096 795 2122; x_wconf 90' lang='lat' dir='ltr'>manu</span> <span class='ocrx_word' id='word_1_310' title='bbox 826 2083 1029 2134; x_wconf 81' lang='lat' dir='ltr'>congessit</span> <span class='ocrx_word' id='word_1_311' title='bbox 1060 2082 1196 2123; x_wconf 83' lang='lat' dir='ltr'>Eckst.</span> 
     </span>
     <span class='ocr_line' id='line_1_33' title="bbox 324 2138 1036 2193; baseline 0.001 -15"><span class='ocrx_word' id='word_1_312' title='bbox 324 2140 373 2179; x_wconf 92' lang='lat' dir='ltr'>ad</span> <span class='ocrx_word' id='word_1_313' title='bbox 400 2141 519 2179; x_wconf 57' lang='lat' dir='ltr'>Voss.</span> <span class='ocrx_word' id='word_1_314' title='bbox 546 2141 666 2178; x_wconf 82' lang='lat' dir='ltr'>Arist.</span> <span class='ocrx_word' id='word_1_315' title='bbox 694 2138 740 2179; x_wconf 88' lang='lat' dir='ltr'>T.</span> <span class='ocrx_word' id='word_1_316' title='bbox 766 2139 828 2178; x_wconf 90' lang='lat' dir='ltr'>Ill.</span> <span class='ocrx_word' id='word_1_317' title='bbox 854 2153 890 2191; x_wconf 90' lang='lat' dir='ltr'>p.</span> <span class='ocrx_word' id='word_1_318' title='bbox 919 2140 1036 2193; x_wconf 64' lang='lat'>782]</span> 
     </span>
    </p>

    <p class='ocr_par' dir='ltr' id='par_1_9' title="bbox 322 2196 1198 3214">
     <span class='ocr_line' id='line_1_34' title="bbox 384 2196 1196 2249; baseline 0 -13"><span class='ocrx_word' id='word_1_319' title='bbox 384 2198 726 2236; x_wconf 56' lang='lat' dir='ltr'>aonunimkcfflms.</span> <span class='ocrx_word' id='word_1_320' title='bbox 775 2196 856 2249; x_wconf 83' lang='lat' dir='ltr'>[lta</span> <span class='ocrx_word' id='word_1_321' title='bbox 887 2210 935 2235; x_wconf 82' lang='lat' dir='ltr'>ex</span> <span class='ocrx_word' id='word_1_322' title='bbox 963 2202 1055 2249; x_wconf 90' lang='lat' dir='ltr'>optt.</span> <span class='ocrx_word' id='word_1_323' title='bbox 1084 2197 1196 2236; x_wconf 88' lang='lat' dir='ltr'>codd.</span> 
     </span>
     <span class='ocr_line' id='line_1_35' title="bbox 326 2254 1196 2306; baseline 0.001 -14"><span class='ocrx_word' id='word_1_324' title='bbox 326 2254 475 2293; x_wconf 87' lang='lat' dir='ltr'>c.()ud.</span> <span class='ocrx_word' id='word_1_325' title='bbox 500 2258 539 2291; x_wconf 88' lang='lat' dir='ltr'>et</span> <span class='ocrx_word' id='word_1_326' title='bbox 563 2254 648 2291; x_wconf 77' lang='lat' dir='ltr'>aliis</span> <span class='ocrx_word' id='word_1_327' title='bbox 674 2254 818 2300; x_wconf 78' lang='lat' dir='ltr'>scribo,</span> <span class='ocrx_word' id='word_1_328' title='bbox 846 2267 1078 2306; x_wconf 83' lang='lat' dir='ltr'>quamquam</span> <span class='ocrx_word' id='word_1_329' title='bbox 1094 2254 1196 2293; x_wconf 89' lang='lat' dir='ltr'>Oud.</span> 
     </span>
     <span class='ocr_line' id='line_1_36' title="bbox 322 2310 1197 2350; baseline 0.001 -2"><span class='ocrx_word' id='word_1_330' title='bbox 322 2312 360 2350; x_wconf 89' lang='lat' dir='ltr'>in</span> <span class='ocrx_word' id='word_1_331' title='bbox 389 2326 434 2349; x_wconf 90' lang='lat' dir='ltr'>eo</span> <span class='ocrx_word' id='word_1_332' title='bbox 461 2311 644 2350; x_wconf 75' lang='lat' dir='ltr'>haesisse</span> <span class='ocrx_word' id='word_1_333' title='bbox 674 2310 858 2349; x_wconf 78' lang='lat' dir='ltr'>videatur.</span> <span class='ocrx_word' id='word_1_334' title='bbox 909 2310 950 2349; x_wconf 89' lang='lat' dir='ltr'>ln</span> <span class='ocrx_word' id='word_1_335' title='bbox 983 2310 1070 2349; x_wconf 84' lang='lat' dir='ltr'>aliis</span> <span class='ocrx_word' id='word_1_336' title='bbox 1096 2312 1197 2349; x_wconf 88' lang='lat' dir='ltr'>enim</span> 
     </span>
     <span class='ocr_line' id='line_1_37' title="bbox 324 2367 1196 2419; baseline -0.001 -12"><span class='ocrx_word' id='word_1_337' title='bbox 324 2368 423 2407; x_wconf 82' lang='lat' dir='ltr'>locis</span> <span class='ocrx_word' id='word_1_338' title='bbox 454 2368 647 2419; x_wconf 82' lang='lat' dir='ltr'>Apuleius</span> <span class='ocrx_word' id='word_1_339' title='bbox 680 2367 912 2419; x_wconf 80' lang='lat' dir='ltr'>deponentis</span> <span class='ocrx_word' id='word_1_340' title='bbox 943 2368 1104 2406; x_wconf 88' lang='lat' dir='ltr'>sormam</span> <span class='ocrx_word' id='word_1_341' title='bbox 1139 2382 1196 2406; x_wconf 90' lang='lat' dir='ltr'>re-</span> 
     </span>
     <span class='ocr_line' id='line_1_38' title="bbox 322 2425 1198 2471; baseline -0.001 -8"><span class='ocrx_word' id='word_1_342' title='bbox 322 2426 450 2471; x_wconf 78' lang='lat' dir='ltr'>tinuit,</span> <span class='ocrx_word' id='word_1_343' title='bbox 488 2426 551 2463; x_wconf 82' lang='lat' dir='ltr'>ubi</span> <span class='ocrx_word' id='word_1_344' title='bbox 582 2437 718 2462; x_wconf 80' lang='lat' dir='ltr'>omnes</span> <span class='ocrx_word' id='word_1_345' title='bbox 750 2425 862 2463; x_wconf 83' lang='lat' dir='ltr'>codd.</span> <span class='ocrx_word' id='word_1_346' title='bbox 895 2426 929 2462; x_wconf 92' lang='lat' dir='ltr'>in</span> <span class='ocrx_word' id='word_1_347' title='bbox 963 2439 1011 2462; x_wconf 82' lang='lat' dir='ltr'>ca</span> <span class='ocrx_word' id='word_1_348' title='bbox 1036 2438 1198 2464; x_wconf 83' lang='lat' dir='ltr'>consen-</span> 
     </span>
     <span class='ocr_line' id='line_1_39' title="bbox 324 2480 1197 2521; baseline 0.001 -1"><span class='ocrx_word' id='word_1_349' title='bbox 324 2484 432 2521; x_wconf 86' lang='lat' dir='ltr'>tiunt.</span> <span class='ocrx_word' id='word_1_350' title='bbox 492 2481 573 2521; x_wconf 77' lang='lat' dir='ltr'>sed</span> <span class='ocrx_word' id='word_1_351' title='bbox 604 2480 818 2519; x_wconf 81' lang='lat' dir='ltr'>Ecksteinii</span> <span class='ocrx_word' id='word_1_352' title='bbox 850 2481 898 2520; x_wconf 87' lang='lat' dir='ltr'>ad</span> <span class='ocrx_word' id='word_1_353' title='bbox 926 2481 1046 2521; x_wconf 63' lang='lat' dir='ltr'>Voss.</span> <span class='ocrx_word' id='word_1_354' title='bbox 1078 2483 1197 2521; x_wconf 85' lang='lat' dir='ltr'>Arist.</span> 
     </span>
     <span class='ocr_line' id='line_1_40' title="bbox 326 2538 1197 2591; baseline 0.001 -14"><span class='ocrx_word' id='word_1_355' title='bbox 326 2539 371 2578; x_wconf 85' lang='lat' dir='ltr'>T.</span> <span class='ocrx_word' id='word_1_356' title='bbox 387 2539 431 2578; x_wconf 88' lang='lat' dir='ltr'>ll.</span> <span class='ocrx_word' id='word_1_357' title='bbox 446 2553 483 2591; x_wconf 91' lang='lat' dir='ltr'>p.</span> <span class='ocrx_word' id='word_1_358' title='bbox 500 2543 610 2583; x_wconf 80' lang='lat'>763..</span> <span class='ocrx_word' id='word_1_359' title='bbox 637 2539 850 2577; x_wconf 78' lang='lat' dir='ltr'>accuratius</span> <span class='ocrx_word' id='word_1_360' title='bbox 872 2538 998 2576; x_wconf 87' lang='lat' dir='ltr'>locum</span> <span class='ocrx_word' id='word_1_361' title='bbox 1024 2543 1197 2578; x_wconf 81' lang='lat' dir='ltr'>nostrum</span> 
     </span>
     <span class='ocr_line' id='line_1_41' title="bbox 323 2595 1197 2648; baseline 0.002 -16"><span class='ocrx_word' id='word_1_362' title='bbox 323 2597 593 2648; x_wconf 74' lang='lat' dir='ltr'>pertractantis</span> <span class='ocrx_word' id='word_1_363' title='bbox 607 2595 825 2634; x_wconf 78' lang='lat' dir='ltr'>sententiae</span> <span class='ocrx_word' id='word_1_364' title='bbox 839 2596 1017 2633; x_wconf 73' lang='lat' dir='ltr'>assentiri</span> <span class='ocrx_word' id='word_1_365' title='bbox 1033 2609 1197 2647; x_wconf 84' lang='lat' dir='ltr'>nequeo,</span> 
     </span>
     <span class='ocr_line' id='line_1_42' title="bbox 326 2650 1197 2705; baseline 0.001 -15"><span class='ocrx_word' id='word_1_366' title='bbox 326 2655 384 2692; x_wconf 87' lang='lat' dir='ltr'>cui</span> <span class='ocrx_word' id='word_1_367' title='bbox 411 2666 615 2705; x_wconf 80' lang='lat' dir='ltr'>perperam</span> <span class='ocrx_word' id='word_1_368' title='bbox 641 2652 877 2703; x_wconf 76' lang='lat' dir='ltr'>praetulisse</span> <span class='ocrx_word' id='word_1_369' title='bbox 903 2650 1005 2689; x_wconf 88' lang='lat' dir='ltr'>Oud.</span> <span class='ocrx_word' id='word_1_370' title='bbox 1038 2654 1197 2691; x_wconf 72' lang='lat' dir='ltr'>commi-</span> 
     </span>
     <span class='ocr_line' id='line_1_43' title="bbox 325 2708 1197 2760; baseline -0.001 -12"><span class='ocrx_word' id='word_1_371' title='bbox 325 2711 514 2749; x_wconf 65' lang='lat' dir='ltr'>niscimus</span> <span class='ocrx_word' id='word_1_372' title='bbox 540 2709 757 2754; x_wconf 78' lang='lat' dir='ltr'>videbatur,</span> <span class='ocrx_word' id='word_1_373' title='bbox 785 2709 875 2760; x_wconf 83' lang='lat' dir='ltr'>quia</span> <span class='ocrx_word' id='word_1_374' title='bbox 900 2708 989 2746; x_wconf 81' lang='lat' dir='ltr'>alibi</span> <span class='ocrx_word' id='word_1_375' title='bbox 1003 2709 1197 2760; x_wconf 85' lang='lat' dir='ltr'>Apuleius</span> 
     </span>
     <span class='ocr_line' id='line_1_44' title="bbox 327 2764 1194 2818; baseline -0.001 -13"><span class='ocrx_word' id='word_1_376' title='bbox 327 2767 530 2818; x_wconf 84' lang='lat' dir='ltr'>deponens</span> <span class='ocrx_word' id='word_1_377' title='bbox 561 2766 775 2804; x_wconf 77' lang='lat' dir='ltr'>maluisset.</span> <span class='ocrx_word' id='word_1_378' title='bbox 824 2764 931 2803; x_wconf 90' lang='lat' dir='ltr'>ldem</span> <span class='ocrx_word' id='word_1_379' title='bbox 964 2766 1064 2804; x_wconf 85' lang='lat' dir='ltr'>enim</span> <span class='ocrx_word' id='word_1_380' title='bbox 1096 2766 1194 2804; x_wconf 73' lang='lat' dir='ltr'>Met.</span> 
     </span>
     <span class='ocr_line' id='line_1_45' title="bbox 325 2822 1196 2876; baseline -0.002 -14"><span class='ocrx_word' id='word_1_381' title='bbox 325 2822 395 2863; x_wconf 88' lang='lat' dir='ltr'>Xl.</span> <span class='ocrx_word' id='word_1_382' title='bbox 419 2839 457 2876; x_wconf 90' lang='lat' dir='ltr'>p.</span> <span class='ocrx_word' id='word_1_383' title='bbox 484 2827 577 2864; x_wconf 88' lang='grc'><strong>793.</strong></span> <span class='ocrx_word' id='word_1_384' title='bbox 607 2823 750 2863; x_wconf 69' lang='lat' dir='ltr'>sedulo</span> <span class='ocrx_word' id='word_1_385' title='bbox 774 2826 1114 2874; x_wconf 65' lang='lat' dir='ltr'>percontaveram</span> <span class='ocrx_word' id='word_1_386' title='bbox 1140 2823 1196 2860; x_wconf 91' lang='lat' dir='ltr'>di-</span> 
     </span>
     <span class='ocr_line' id='line_1_46' title="bbox 328 2879 1196 2930; baseline -0.001 -12"><span class='ocrx_word' id='word_1_387' title='bbox 328 2881 455 2919; x_wconf 80' lang='lat' dir='ltr'>cebat:</span> <span class='ocrx_word' id='word_1_388' title='bbox 483 2885 521 2919; x_wconf 93' lang='lat' dir='ltr'>et</span> <span class='ocrx_word' id='word_1_389' title='bbox 546 2881 581 2919; x_wconf 92' lang='lat' dir='ltr'>in</span> <span class='ocrx_word' id='word_1_390' title='bbox 608 2881 747 2918; x_wconf 87' lang='lat' dir='ltr'>ceteris</span> <span class='ocrx_word' id='word_1_391' title='bbox 773 2879 869 2918; x_wconf 82' lang='lat' dir='ltr'>locis</span> <span class='ocrx_word' id='word_1_392' title='bbox 892 2879 1007 2929; x_wconf 80' lang='lat' dir='ltr'>longe</span> <span class='ocrx_word' id='word_1_393' title='bbox 1022 2879 1196 2930; x_wconf 84' lang='lat' dir='ltr'>plurimis</span> 
     </span>
     <span class='ocr_line' id='line_1_47' title="bbox 322 2935 1195 2990; baseline 0 -15"><span class='ocrx_word' id='word_1_394' title='bbox 322 2939 569 2990; x_wconf 75' lang='lat' dir='ltr'>percontari</span> <span class='ocrx_word' id='word_1_395' title='bbox 593 2936 790 2989; x_wconf 80' lang='lat' dir='ltr'>praetulit3</span> <span class='ocrx_word' id='word_1_396' title='bbox 822 2935 918 2975; x_wconf 82' lang='lat' dir='ltr'>Met.</span> <span class='ocrx_word' id='word_1_397' title='bbox 942 2935 1012 2974; x_wconf 65' lang='lat' dir='ltr'>Vl.</span> <span class='ocrx_word' id='word_1_398' title='bbox 1038 2949 1074 2987; x_wconf 88' lang='lat' dir='ltr'>p.</span> <span class='ocrx_word' id='word_1_399' title='bbox 1102 2940 1195 2977; x_wconf 90' lang='grc'><strong>423.</strong></span> 
     </span>
     <span class='ocr_line' id='line_1_48' title="bbox 329 2993 1198 3045; baseline -0.001 -13"><span class='ocrx_word' id='word_1_400' title='bbox 329 2996 541 3033; x_wconf 70' lang='lat' dir='ltr'>consaviat</span> <span class='ocrx_word' id='word_1_401' title='bbox 577 2998 615 3032; x_wconf 92' lang='lat' dir='ltr'>et</span> <span class='ocrx_word' id='word_1_402' title='bbox 651 2993 697 3034; x_wconf 87' lang='lat' dir='ltr'>ll.</span> <span class='ocrx_word' id='word_1_403' title='bbox 734 3007 770 3045; x_wconf 87' lang='lat' dir='ltr'>p.</span> <span class='ocrx_word' id='word_1_404' title='bbox 812 2995 902 3034; x_wconf 85' lang='grc'><strong>121.</strong></span> <span class='ocrx_word' id='word_1_405' title='bbox 941 2994 1198 3032; x_wconf 73' lang='lat' dir='ltr'>consaviatus</span> 
     </span>
     <span class='ocr_line' id='line_1_49' title="bbox 328 3048 1196 3101; baseline -0.002 -12"><span class='ocrx_word' id='word_1_406' title='bbox 328 3063 424 3089; x_wconf 71' lang='lat' dir='ltr'>eunt.</span> <span class='ocrx_word' id='word_1_407' title='bbox 452 3050 604 3088; x_wconf 82' lang='lat' dir='ltr'>Deinde</span> <span class='ocrx_word' id='word_1_408' title='bbox 630 3051 679 3088; x_wconf 89' lang='lat' dir='ltr'>ad</span> <span class='ocrx_word' id='word_1_409' title='bbox 705 3064 817 3101; x_wconf 86' lang='lat' dir='ltr'>quam</span> <span class='ocrx_word' id='word_1_410' title='bbox 840 3048 973 3089; x_wconf 79' lang='lat' dir='ltr'>Eckst.</span> <span class='ocrx_word' id='word_1_411' title='bbox 998 3054 1196 3101; x_wconf 81' lang='lat' dir='ltr'>provocat,</span> 
     </span>
     <span class='ocr_line' id='line_1_50' title="bbox 327 3107 1196 3160; baseline 0.002 -16"><span class='ocrx_word' id='word_1_412' title='bbox 327 3108 540 3157; x_wconf 74' lang='lat' dir='ltr'>scripturae</span> <span class='ocrx_word' id='word_1_413' title='bbox 605 3107 864 3160; x_wconf 75' lang='lat' dir='ltr'>discrepantia</span> <span class='ocrx_word' id='word_1_414' title='bbox 923 3107 1196 3146; x_wconf 71' lang='lat' dir='ltr'>eonmn‘simus.</span> 
     </span>
     <span class='ocr_line' id='line_1_51' title="bbox 330 3163 1197 3214; baseline -0.005 -10"><span class='ocrx_word' id='word_1_415' title='bbox 330 3165 626 3210; x_wconf 74' lang='lat' dir='ltr'>commissimus,</span> <span class='ocrx_word' id='word_1_416' title='bbox 665 3165 994 3203; x_wconf 69' lang='lat' dir='ltr'>(·01111m&#39;11t&#39;.s·cinms</span> <span class='ocrx_word' id='word_1_417' title='bbox 1023 3163 1108 3214; x_wconf 71' lang='lat' dir='ltr'>ipsa</span> <span class='ocrx_word' id='word_1_418' title='bbox 1143 3177 1197 3200; x_wconf 88' lang='lat' dir='ltr'>ar-</span> 
     </span>
    </p>
   </div>
   <div class='ocr_carea' id='block_1_9' title="bbox 1173 1187 1345 1226">
    <p class='ocr_par' dir='ltr' id='par_1_10' title="bbox 1173 1187 1345 1226">
     <span class='ocr_line' id='line_1_52' title="bbox 1173 1187 1345 1226; baseline 0.017 -11"><span class='ocrx_word' id='word_1_419' title='bbox 1173 1187 1295 1226; x_wconf 74' lang='lat' dir='ltr'>effullo</span> <span class='ocrx_word' id='word_1_420' title='bbox 1311 1191 1345 1218; x_wconf 94' lang='lat'>0.</span> 
     </span>
    </p>
   </div>
   <div class='ocr_carea' id='block_1_10' title="bbox 1254 1291 2138 3201">
    <p class='ocr_par' dir='ltr' id='par_1_11' title="bbox 1257 1291 2138 1909">
     <span class='ocr_line' id='line_1_53' title="bbox 1262 1291 2138 1340; baseline 0.001 -13"><span class='ocrx_word' id='word_1_421' title='bbox 1262 1294 1445 1340; x_wconf 78' lang='lat' dir='ltr'>gumento</span> <span class='ocrx_word' id='word_1_422' title='bbox 1473 1293 1551 1336; x_wconf 73' lang='lat' dir='ltr'>est,</span> <span class='ocrx_word' id='word_1_423' title='bbox 1591 1291 1926 1330; x_wconf 75' lang='lat' dir='ltr'>commim&#39;scimus</span> <span class='ocrx_word' id='word_1_424' title='bbox 1956 1302 2051 1328; x_wconf 83' lang='lat' dir='ltr'>csse</span> <span class='ocrx_word' id='word_1_425' title='bbox 2082 1304 2138 1329; x_wconf 91' lang='lat' dir='ltr'>re-</span> 
     </span>
     <span class='ocr_line' id='line_1_54' title="bbox 1260 1346 2136 1386; baseline 0.002 -3"><span class='ocrx_word' id='word_1_426' title='bbox 1260 1346 1471 1385; x_wconf 86' lang='lat' dir='ltr'>tinendum.</span> <span class='ocrx_word' id='word_1_427' title='bbox 1523 1346 1623 1384; x_wconf 88' lang='lat' dir='ltr'>Fere</span> <span class='ocrx_word' id='word_1_428' title='bbox 1656 1360 1793 1385; x_wconf 82' lang='lat' dir='ltr'>omncs</span> <span class='ocrx_word' id='word_1_429' title='bbox 1827 1348 1927 1385; x_wconf 91' lang='lat' dir='ltr'>enim</span> <span class='ocrx_word' id='word_1_430' title='bbox 1959 1347 2075 1386; x_wconf 87' lang='lat' dir='ltr'>codd.</span> <span class='ocrx_word' id='word_1_431' title='bbox 2100 1347 2136 1385; x_wconf 92' lang='lat' dir='ltr'>in</span> 
     </span>
     <span class='ocr_line' id='line_1_55' title="bbox 1259 1403 2137 1450; baseline 0.001 -10"><span class='ocrx_word' id='word_1_432' title='bbox 1259 1403 1528 1441; x_wconf 84' lang='lat' dir='ltr'>terminatione</span> <span class='ocrx_word' id='word_1_433' title='bbox 1557 1418 1644 1443; x_wconf 77' lang='lat' dir='ltr'>mas</span> <span class='ocrx_word' id='word_1_434' title='bbox 1674 1405 1935 1450; x_wconf 82' lang='lat' dir='ltr'>consentiunt,</span> <span class='ocrx_word' id='word_1_435' title='bbox 1968 1407 2007 1442; x_wconf 84' lang='lat' dir='ltr'>et</span> <span class='ocrx_word' id='word_1_436' title='bbox 2036 1405 2137 1442; x_wconf 84' lang='lat' dir='ltr'>inso-</span> 
     </span>
     <span class='ocr_line' id='line_1_56' title="bbox 1259 1459 2136 1506; baseline 0.002 -10"><span class='ocrx_word' id='word_1_437' title='bbox 1259 1459 1324 1497; x_wconf 82' lang='lat' dir='ltr'>lita</span> <span class='ocrx_word' id='word_1_438' title='bbox 1352 1460 1456 1497; x_wconf 75' lang='lat' dir='ltr'>verbi</span> <span class='ocrx_word' id='word_1_439' title='bbox 1483 1460 1601 1498; x_wconf 84' lang='lat' dir='ltr'>forma</span> <span class='ocrx_word' id='word_1_440' title='bbox 1623 1460 1826 1499; x_wconf 83' lang='lat' dir='ltr'>offensioni</span> <span class='ocrx_word' id='word_1_441' title='bbox 1852 1464 1934 1498; x_wconf 86' lang='lat' dir='ltr'>erat</span> <span class='ocrx_word' id='word_1_442' title='bbox 1960 1460 2136 1506; x_wconf 76' lang='lat' dir='ltr'>librariis,</span> 
     </span>
     <span class='ocr_line' id='line_1_57' title="bbox 1257 1516 2135 1568; baseline 0 -14"><span class='ocrx_word' id='word_1_443' title='bbox 1257 1520 1298 1554; x_wconf 91' lang='lat' dir='ltr'>ut</span> <span class='ocrx_word' id='word_1_444' title='bbox 1329 1529 1448 1567; x_wconf 80' lang='lat' dir='ltr'>prave</span> <span class='ocrx_word' id='word_1_445' title='bbox 1480 1530 1566 1554; x_wconf 87' lang='lat' dir='ltr'>eam</span> <span class='ocrx_word' id='word_1_446' title='bbox 1599 1521 1841 1567; x_wconf 79' lang='lat' dir='ltr'>corrigerent.</span> <span class='ocrx_word' id='word_1_447' title='bbox 1876 1516 1978 1555; x_wconf 88' lang='lat' dir='ltr'>Hinc</span> <span class='ocrx_word' id='word_1_448' title='bbox 2003 1516 2135 1568; x_wconf 82' lang='lat' dir='ltr'>colligi</span> 
     </span>
     <span class='ocr_line' id='line_1_58' title="bbox 1263 1573 2135 1624; baseline 0.001 -14"><span class='ocrx_word' id='word_1_449' title='bbox 1263 1577 1414 1624; x_wconf 82' lang='lat' dir='ltr'>potest,</span> <span class='ocrx_word' id='word_1_450' title='bbox 1442 1574 1533 1623; x_wconf 84' lang='lat' dir='ltr'>quid</span> <span class='ocrx_word' id='word_1_451' title='bbox 1559 1573 1609 1611; x_wconf 88' lang='lat' dir='ltr'>(le</span> <span class='ocrx_word' id='word_1_452' title='bbox 1636 1575 1853 1612; x_wconf 85' lang='lat' dir='ltr'>coniectura</span> <span class='ocrx_word' id='word_1_453' title='bbox 1873 1574 1942 1611; x_wconf 78' lang='lat' dir='ltr'>viri</span> <span class='ocrx_word' id='word_1_454' title='bbox 1963 1573 2065 1612; x_wconf 86' lang='lat' dir='ltr'>docti</span> <span class='ocrx_word' id='word_1_455' title='bbox 2087 1573 2135 1612; x_wconf 87' lang='lat' dir='ltr'>ad</span> 
     </span>
     <span class='ocr_line' id='line_1_59' title="bbox 1260 1629 2135 1679; baseline 0 -12"><span class='ocrx_word' id='word_1_456' title='bbox 1260 1642 1381 1679; x_wconf 80' lang='lat' dir='ltr'>marg.</span> <span class='ocrx_word' id='word_1_457' title='bbox 1407 1629 1467 1668; x_wconf 85' lang='lat' dir='ltr'>ed.</span> <span class='ocrx_word' id='word_1_458' title='bbox 1494 1629 1589 1668; x_wconf 87' lang='lat' dir='ltr'>lunt.</span> <span class='ocrx_word' id='word_1_459' title='bbox 1606 1633 1640 1670; x_wconf 82' lang='grc'>2.</span> <span class='ocrx_word' id='word_1_460' title='bbox 1669 1630 1885 1669; x_wconf 73' lang='lat' dir='ltr'>consilium</span> <span class='ocrx_word' id='word_1_461' title='bbox 1900 1631 2045 1669; x_wconf 79' lang='lat' dir='ltr'>inimus</span> <span class='ocrx_word' id='word_1_462' title='bbox 2057 1634 2135 1668; x_wconf 81' lang='lat' dir='ltr'>sta-</span> 
     </span>
     <span class='ocr_line' id='line_1_60' title="bbox 1261 1686 2134 1737; baseline 0.003 -15"><span class='ocrx_word' id='word_1_463' title='bbox 1261 1686 1446 1724; x_wconf 86' lang='lat' dir='ltr'>tuendum</span> <span class='ocrx_word' id='word_1_464' title='bbox 1485 1687 1553 1732; x_wconf 76' lang='lat' dir='ltr'>sit,</span> <span class='ocrx_word' id='word_1_465' title='bbox 1592 1700 1692 1737; x_wconf 84' lang='lat' dir='ltr'>quae</span> <span class='ocrx_word' id='word_1_466' title='bbox 1729 1686 1973 1725; x_wconf 81' lang='lat' dir='ltr'>iciunissima</span> <span class='ocrx_word' id='word_1_467' title='bbox 2007 1686 2134 1725; x_wconf 87' lang='lat' dir='ltr'>mirari</span> 
     </span>
     <span class='ocr_line' id='line_1_61' title="bbox 1260 1741 2134 1795; baseline 0.002 -16"><span class='ocrx_word' id='word_1_468' title='bbox 1260 1741 1352 1781; x_wconf 84' lang='lat' dir='ltr'>licet</span> <span class='ocrx_word' id='word_1_469' title='bbox 1377 1743 1572 1793; x_wconf 87' lang='lat' dir='ltr'>quomodo</span> <span class='ocrx_word' id='word_1_470' title='bbox 1599 1744 1647 1782; x_wconf 88' lang='lat' dir='ltr'>ab</span> <span class='ocrx_word' id='word_1_471' title='bbox 1662 1743 1764 1782; x_wconf 88' lang='lat' dir='ltr'>Oud.</span> <span class='ocrx_word' id='word_1_472' title='bbox 1791 1745 1958 1795; x_wconf 84' lang='lat' dir='ltr'>potuerit</span> <span class='ocrx_word' id='word_1_473' title='bbox 1981 1747 2134 1782; x_wconf 80' lang='lat' dir='ltr'>susten-</span> 
     </span>
     <span class='ocr_line' id='line_1_62' title="bbox 1260 1798 2133 1853; baseline 0.003 -17"><span class='ocrx_word' id='word_1_474' title='bbox 1260 1800 1339 1837; x_wconf 89' lang='lat' dir='ltr'>tari.</span> <span class='ocrx_word' id='word_1_475' title='bbox 1379 1798 1559 1837; x_wconf 78' lang='lat' dir='ltr'>Ceterum</span> <span class='ocrx_word' id='word_1_476' title='bbox 1585 1799 1633 1838; x_wconf 84' lang='lat' dir='ltr'>cs.</span> <span class='ocrx_word' id='word_1_477' title='bbox 1653 1799 1789 1839; x_wconf 87' lang='lat' dir='ltr'>Munk.</span> <span class='ocrx_word' id='word_1_478' title='bbox 1816 1800 1866 1838; x_wconf 87' lang='lat' dir='ltr'>ad</span> <span class='ocrx_word' id='word_1_479' title='bbox 1885 1800 2029 1853; x_wconf 83' lang='lat' dir='ltr'>Hygin.</span> <span class='ocrx_word' id='word_1_480' title='bbox 2057 1800 2133 1840; x_wconf 84' lang='lat' dir='ltr'>sah.</span> 
     </span>
     <span class='ocr_line' id='line_1_63' title="bbox 1260 1854 1508 1909; baseline 0.004 -16"><span class='ocrx_word' id='word_1_481' title='bbox 1260 1854 1301 1894; x_wconf 83' lang='lat' dir='ltr'>C.</span> <span class='ocrx_word' id='word_1_482' title='bbox 1327 1869 1363 1908; x_wconf 93' lang='lat' dir='ltr'>p.</span> <span class='ocrx_word' id='word_1_483' title='bbox 1395 1856 1508 1909; x_wconf 89' lang='grc'><strong>186.]</strong></span> 
     </span>
    </p>

    <p class='ocr_par' dir='ltr' id='par_1_12' title="bbox 1255 1912 2133 2647">
     <span class='ocr_line' id='line_1_64' title="bbox 1316 1912 2133 1965; baseline 0.001 -14"><span class='ocrx_word' id='word_1_484' title='bbox 1316 1917 1553 1965; x_wconf 77' lang='lat' dir='ltr'>temperato.</span> <span class='ocrx_word' id='word_1_485' title='bbox 1582 1912 1725 1965; x_wconf 84' lang='lat' dir='ltr'>[Plane</span> <span class='ocrx_word' id='word_1_486' title='bbox 1750 1913 1927 1953; x_wconf 82' lang='lat' dir='ltr'>insolens</span> <span class='ocrx_word' id='word_1_487' title='bbox 1943 1918 2005 1952; x_wconf 86' lang='lat' dir='ltr'>est</span> <span class='ocrx_word' id='word_1_488' title='bbox 2018 1913 2133 1953; x_wconf 83' lang='lat' dir='ltr'>huius</span> 
     </span>
     <span class='ocr_line' id='line_1_65' title="bbox 1257 1969 2132 2024; baseline 0.002 -17"><span class='ocrx_word' id='word_1_489' title='bbox 1257 1969 1436 2008; x_wconf 76' lang='lat' dir='ltr'>vocabuli</span> <span class='ocrx_word' id='word_1_490' title='bbox 1451 1969 1677 2020; x_wconf 79' lang='lat' dir='ltr'>significatio</span> <span class='ocrx_word' id='word_1_491' title='bbox 1689 2002 1697 2015; x_wconf 80' lang='grc'>,</span> <span class='ocrx_word' id='word_1_492' title='bbox 1725 1983 1840 2022; x_wconf 88' lang='lat' dir='ltr'>quam</span> <span class='ocrx_word' id='word_1_493' title='bbox 1855 1970 1930 2009; x_wconf 85' lang='lat' dir='ltr'>alio</span> <span class='ocrx_word' id='word_1_494' title='bbox 1946 1971 2132 2024; x_wconf 84' lang='lat' dir='ltr'>exemplo</span> 
     </span>
     <span class='ocr_line' id='line_1_66' title="bbox 1258 2026 2133 2078; baseline 0.001 -14"><span class='ocrx_word' id='word_1_495' title='bbox 1258 2026 1482 2065; x_wconf 85' lang='lat' dir='ltr'>confirmare</span> <span class='ocrx_word' id='word_1_496' title='bbox 1519 2041 1592 2065; x_wconf 90' lang='lat' dir='ltr'>non</span> <span class='ocrx_word' id='word_1_497' title='bbox 1631 2040 1814 2078; x_wconf 79' lang='lat' dir='ltr'>possum,</span> <span class='ocrx_word' id='word_1_498' title='bbox 1859 2028 1931 2066; x_wconf 87' lang='lat' dir='ltr'>nisi</span> <span class='ocrx_word' id='word_1_499' title='bbox 1968 2041 2045 2066; x_wconf 87' lang='lat' dir='ltr'>uno</span> <span class='ocrx_word' id='word_1_500' title='bbox 2084 2040 2133 2065; x_wconf 87' lang='lat' dir='ltr'>ex</span> 
     </span>
     <span class='ocr_line' id='line_1_67' title="bbox 1256 2083 2132 2135; baseline 0 -14"><span class='ocrx_word' id='word_1_501' title='bbox 1256 2083 1428 2135; x_wconf 84' lang='lat' dir='ltr'>Apuleio</span> <span class='ocrx_word' id='word_1_502' title='bbox 1462 2083 1642 2122; x_wconf 81' lang='lat' dir='ltr'>desumto</span> <span class='ocrx_word' id='word_1_503' title='bbox 1675 2083 1739 2124; x_wconf 84' lang='grc' dir='ltr'>ΠΙ.</span> <span class='ocrx_word' id='word_1_504' title='bbox 1771 2097 1807 2135; x_wconf 90' lang='lat' dir='ltr'>p.</span> <span class='ocrx_word' id='word_1_505' title='bbox 1838 2088 1948 2130; x_wconf 75' lang='lat'>183..</span> <span class='ocrx_word' id='word_1_506' title='bbox 1978 2084 2043 2123; x_wconf 85' lang='lat' dir='ltr'>ubi</span> <span class='ocrx_word' id='word_1_507' title='bbox 2070 2097 2132 2122; x_wconf 89' lang='lat' dir='ltr'>ea-</span> 
     </span>
     <span class='ocr_line' id='line_1_68' title="bbox 1259 2140 2128 2194; baseline 0 -16"><span class='ocrx_word' id='word_1_508' title='bbox 1259 2140 1347 2178; x_wconf 87' lang='lat' dir='ltr'>dem</span> <span class='ocrx_word' id='word_1_509' title='bbox 1384 2141 1503 2179; x_wconf 80' lang='lat' dir='ltr'>verba</span> <span class='ocrx_word' id='word_1_510' title='bbox 1541 2140 1728 2192; x_wconf 80' lang='lat' dir='ltr'>leguntur.</span> <span class='ocrx_word' id='word_1_511' title='bbox 1794 2143 2035 2194; x_wconf 80' lang='lat' dir='ltr'>Temperare</span> <span class='ocrx_word' id='word_1_512' title='bbox 2064 2140 2128 2179; x_wconf 86' lang='lat' dir='ltr'>hie</span> 
     </span>
     <span class='ocr_line' id='line_1_69' title="bbox 1258 2195 2130 2251; baseline 0.001 -16"><span class='ocrx_word' id='word_1_513' title='bbox 1258 2202 1322 2235; x_wconf 83' lang='lat' dir='ltr'>est</span> <span class='ocrx_word' id='word_1_514' title='bbox 1348 2198 1534 2251; x_wconf 67' lang='lat' dir='ltr'>(liriqere</span> <span class='ocrx_word' id='word_1_515' title='bbox 1559 2199 1693 2237; x_wconf 71' lang='lat' dir='ltr'>ictum.</span> <span class='ocrx_word' id='word_1_516' title='bbox 1733 2196 1781 2236; x_wconf 88' lang='lat' dir='ltr'>cs.</span> <span class='ocrx_word' id='word_1_517' title='bbox 1798 2198 1896 2236; x_wconf 85' lang='lat' dir='ltr'>Stat.</span> <span class='ocrx_word' id='word_1_518' title='bbox 1919 2197 2046 2236; x_wconf 81' lang='lat' dir='ltr'>Theb.</span> <span class='ocrx_word' id='word_1_519' title='bbox 2061 2195 2130 2236; x_wconf 88' lang='lat' dir='ltr'>lX.</span> 
     </span>
     <span class='ocr_line' id='line_1_70' title="bbox 1259 2253 2130 2305; baseline -0.003 -11"><span class='ocrx_word' id='word_1_520' title='bbox 1259 2257 1351 2295; x_wconf 85' lang='lat'>773.</span> <span class='ocrx_word' id='word_1_521' title='bbox 1383 2253 1451 2292; x_wconf 89' lang='lat' dir='ltr'>Dr.</span> <span class='ocrx_word' id='word_1_522' title='bbox 1484 2254 1533 2293; x_wconf 87' lang='lat' dir='ltr'>ad</span> <span class='ocrx_word' id='word_1_523' title='bbox 1566 2254 1637 2294; x_wconf 91' lang='lat' dir='ltr'>Sil.</span> <span class='ocrx_word' id='word_1_524' title='bbox 1661 2253 1706 2292; x_wconf 89' lang='grc' dir='ltr'>Π.</span> <span class='ocrx_word' id='word_1_525' title='bbox 1734 2257 1797 2295; x_wconf 85' lang='grc'><strong>92.</strong></span> <span class='ocrx_word' id='word_1_526' title='bbox 1828 2253 1914 2293; x_wconf 85' lang='lat' dir='ltr'>lntt.</span> <span class='ocrx_word' id='word_1_527' title='bbox 1947 2254 1995 2293; x_wconf 82' lang='lat' dir='ltr'>ad</span> <span class='ocrx_word' id='word_1_528' title='bbox 2021 2254 2130 2305; x_wconf 66' lang='lat' dir='ltr'>Virg.</span> 
     </span>
     <span class='ocr_line' id='line_1_71' title="bbox 1256 2310 2130 2362; baseline -0.001 -13"><span class='ocrx_word' id='word_1_529' title='bbox 1256 2311 1357 2349; x_wconf 88' lang='lat' dir='ltr'>Aen.</span> <span class='ocrx_word' id='word_1_530' title='bbox 1383 2310 1434 2349; x_wconf 90' lang='lat' dir='ltr'>X.</span> <span class='ocrx_word' id='word_1_531' title='bbox 1463 2315 1552 2351; x_wconf 80' lang='grc'><strong>140.</strong></span> <span class='ocrx_word' id='word_1_532' title='bbox 1603 2312 1645 2349; x_wconf 80' lang='lat' dir='ltr'>Si</span> <span class='ocrx_word' id='word_1_533' title='bbox 1678 2311 1770 2362; x_wconf 89' lang='lat' dir='ltr'>quid</span> <span class='ocrx_word' id='word_1_534' title='bbox 1800 2310 2024 2350; x_wconf 84' lang='lat' dir='ltr'>mutandum</span> <span class='ocrx_word' id='word_1_535' title='bbox 2056 2314 2130 2355; x_wconf 85' lang='lat' dir='ltr'>est,</span> 
     </span>
     <span class='ocr_line' id='line_1_72' title="bbox 1255 2368 2131 2420; baseline 0 -16"><span class='ocrx_word' id='word_1_536' title='bbox 1255 2368 1373 2406; x_wconf 82' lang='lat' dir='ltr'>velim</span> <span class='ocrx_word' id='word_1_537' title='bbox 1400 2368 1619 2406; x_wconf 65' lang='lat' dir='ltr'>intentato.-</span> <span class='ocrx_word' id='word_1_538' title='bbox 1652 2369 1825 2407; x_wconf 73' lang='lat' dir='ltr'>Tentare</span> <span class='ocrx_word' id='word_1_539' title='bbox 1843 2373 2071 2420; x_wconf 79' lang='lat' dir='ltr'>temperare</span> <span class='ocrx_word' id='word_1_540' title='bbox 2092 2370 2131 2405; x_wconf 85' lang='lat' dir='ltr'>et</span> 
     </span>
     <span class='ocr_line' id='line_1_73' title="bbox 1258 2424 2130 2470; baseline -0.002 -7"><span class='ocrx_word' id='word_1_541' title='bbox 1258 2429 1451 2463; x_wconf 74' lang='lat' dir='ltr'>temerare</span> <span class='ocrx_word' id='word_1_542' title='bbox 1470 2425 1505 2462; x_wconf 89' lang='lat' dir='ltr'>in</span> <span class='ocrx_word' id='word_1_543' title='bbox 1521 2424 1622 2463; x_wconf 79' lang='lat' dir='ltr'>Mss.</span> <span class='ocrx_word' id='word_1_544' title='bbox 1638 2425 1881 2470; x_wconf 85' lang='lat' dir='ltr'>commutari,</span> <span class='ocrx_word' id='word_1_545' title='bbox 1901 2424 2018 2462; x_wconf 89' lang='lat' dir='ltr'>docet</span> <span class='ocrx_word' id='word_1_546' title='bbox 2037 2424 2130 2461; x_wconf 75' lang='lat' dir='ltr'>scri-</span> 
     </span>
     <span class='ocr_line' id='line_1_74' title="bbox 1257 2479 2127 2532; baseline 0.002 -14"><span class='ocrx_word' id='word_1_547' title='bbox 1257 2485 1393 2532; x_wconf 83' lang='lat' dir='ltr'>pturae</span> <span class='ocrx_word' id='word_1_548' title='bbox 1418 2482 1587 2519; x_wconf 79' lang='lat' dir='ltr'>varietas</span> <span class='ocrx_word' id='word_1_549' title='bbox 1613 2481 1648 2519; x_wconf 91' lang='lat' dir='ltr'>in</span> <span class='ocrx_word' id='word_1_550' title='bbox 1675 2480 1785 2519; x_wconf 87' lang='lat' dir='ltr'>codd.</span> <span class='ocrx_word' id='word_1_551' title='bbox 1799 2480 1885 2519; x_wconf 77' lang='lat' dir='ltr'>Liv.</span> <span class='ocrx_word' id='word_1_552' title='bbox 1900 2479 1944 2518; x_wconf 90' lang='lat' dir='ltr'>ll.</span> <span class='ocrx_word' id='word_1_553' title='bbox 1961 2483 2024 2521; x_wconf 87' lang='lat'>35.</span> <span class='ocrx_word' id='word_1_554' title='bbox 2045 2479 2075 2530; x_wconf 63' lang='grc' dir='ltr'><strong>ξ.</strong></span> <span class='ocrx_word' id='word_1_555' title='bbox 2091 2484 2127 2520; x_wconf 88' lang='grc'>4.</span> 
     </span>
     <span class='ocr_line' id='line_1_75' title="bbox 1257 2536 2130 2587; baseline 0.001 -12"><span class='ocrx_word' id='word_1_556' title='bbox 1257 2536 1326 2576; x_wconf 87' lang='grc' dir='ltr'>ΙΧ.</span> <span class='ocrx_word' id='word_1_557' title='bbox 1358 2542 1423 2578; x_wconf 84' lang='grc'>46.</span> <span class='ocrx_word' id='word_1_558' title='bbox 1455 2537 1486 2587; x_wconf 80' lang='lat'>§.</span> <span class='ocrx_word' id='word_1_559' title='bbox 1522 2542 1582 2577; x_wconf 86' lang='lat'>15.</span> <span class='ocrx_word' id='word_1_560' title='bbox 1613 2536 1663 2575; x_wconf 88' lang='grc' dir='ltr'>Χ.</span> <span class='ocrx_word' id='word_1_561' title='bbox 1696 2537 1761 2578; x_wconf 84' lang='grc'><strong>43.</strong></span> <span class='ocrx_word' id='word_1_562' title='bbox 1794 2537 1824 2587; x_wconf 64' lang='grc' dir='ltr'><strong>ξ.</strong></span> <span class='ocrx_word' id='word_1_563' title='bbox 1856 2541 1892 2577; x_wconf 94' lang='grc'><strong>7.</strong></span> <span class='ocrx_word' id='word_1_564' title='bbox 1924 2536 1974 2576; x_wconf 83' lang='lat' dir='ltr'>ci&#39;.</span> <span class='ocrx_word' id='word_1_565' title='bbox 2005 2536 2130 2576; x_wconf 85' lang='lat' dir='ltr'>Tacit.</span> 
     </span>
     <span class='ocr_line' id='line_1_76' title="bbox 1256 2593 1980 2647; baseline 0.001 -15"><span class='ocrx_word' id='word_1_566' title='bbox 1256 2594 1360 2634; x_wconf 79' lang='lat' dir='ltr'>Hist.</span> <span class='ocrx_word' id='word_1_567' title='bbox 1385 2593 1446 2632; x_wconf 86' lang='grc' dir='ltr'><strong>ΙΙΙ.</strong></span> <span class='ocrx_word' id='word_1_568' title='bbox 1474 2598 1539 2635; x_wconf 89' lang='grc'><strong>31.</strong></span> <span class='ocrx_word' id='word_1_569' title='bbox 1564 2594 1822 2632; x_wconf 71' lang='lat' dir='ltr'>intentabant</span> <span class='ocrx_word' id='word_1_570' title='bbox 1845 2593 1980 2647; x_wconf 65' lang='lat' dir='ltr'>ictus]</span> 
     </span>
    </p>

    <p class='ocr_par' dir='ltr' id='par_1_13' title="bbox 1254 2649 2130 3201">
     <span class='ocr_line' id='line_1_77' title="bbox 1314 2649 2129 2703; baseline -0.002 -13"><span class='ocrx_word' id='word_1_571' title='bbox 1314 2651 1570 2690; x_wconf 77' lang='lat' dir='ltr'>abscidimus.</span> <span class='ocrx_word' id='word_1_572' title='bbox 1616 2649 1935 2703; x_wconf 79' lang='lat' dir='ltr'>[Abscimlimns,</span> <span class='ocrx_word' id='word_1_573' title='bbox 1951 2663 2050 2701; x_wconf 85' lang='lat' dir='ltr'>quae</span> <span class='ocrx_word' id='word_1_574' title='bbox 2065 2654 2129 2688; x_wconf 85' lang='lat' dir='ltr'>est</span> 
     </span>
     <span class='ocr_line' id='line_1_78' title="bbox 1256 2706 2127 2758; baseline -0.001 -13"><span class='ocrx_word' id='word_1_575' title='bbox 1256 2707 1522 2747; x_wconf 88' lang='lat' dir='ltr'>nonnullarum</span> <span class='ocrx_word' id='word_1_576' title='bbox 1548 2707 1635 2746; x_wconf 89' lang='lat' dir='ltr'>edd.</span> <span class='ocrx_word' id='word_1_577' title='bbox 1662 2707 1795 2752; x_wconf 72' lang='lat' dir='ltr'>lectio,</span> <span class='ocrx_word' id='word_1_578' title='bbox 1821 2720 1937 2758; x_wconf 89' lang='lat' dir='ltr'>quum</span> <span class='ocrx_word' id='word_1_579' title='bbox 1962 2707 1999 2744; x_wconf 91' lang='lat' dir='ltr'>in</span> <span class='ocrx_word' id='word_1_580' title='bbox 2026 2706 2127 2745; x_wconf 73' lang='lat' dir='ltr'>Mss.</span> 
     </span>
     <span class='ocr_line' id='line_1_79' title="bbox 1256 2762 2130 2817; baseline -0.002 -14"><span class='ocrx_word' id='word_1_581' title='bbox 1256 2766 1416 2816; x_wconf 83' lang='lat' dir='ltr'>saepius</span> <span class='ocrx_word' id='word_1_582' title='bbox 1441 2779 1510 2817; x_wconf 92' lang='lat' dir='ltr'>pro</span> <span class='ocrx_word' id='word_1_583' title='bbox 1535 2764 1658 2802; x_wconf 87' lang='lat' dir='ltr'>altero</span> <span class='ocrx_word' id='word_1_584' title='bbox 1684 2767 1861 2816; x_wconf 80' lang='lat' dir='ltr'>ponatur,</span> <span class='ocrx_word' id='word_1_585' title='bbox 1888 2767 1927 2802; x_wconf 87' lang='lat' dir='ltr'>et</span> <span class='ocrx_word' id='word_1_586' title='bbox 1951 2762 2034 2802; x_wconf 89' lang='lat' dir='ltr'>sere</span> <span class='ocrx_word' id='word_1_587' title='bbox 2047 2763 2130 2801; x_wconf 86' lang='lat' dir='ltr'>ubi·</span> 
     </span>
     <span class='ocr_line' id='line_1_80' title="bbox 1256 2820 2129 2873; baseline -0.002 -13"><span class='ocrx_word' id='word_1_588' title='bbox 1256 2835 1332 2873; x_wconf 91' lang='lat' dir='ltr'>que</span> <span class='ocrx_word' id='word_1_589' title='bbox 1363 2822 1467 2873; x_wconf 90' lang='lat' dir='ltr'>apud</span> <span class='ocrx_word' id='word_1_590' title='bbox 1491 2821 1700 2873; x_wconf 86' lang='lat' dir='ltr'>Apuleium</span> <span class='ocrx_word' id='word_1_591' title='bbox 1729 2821 1946 2871; x_wconf 84' lang='lat' dir='ltr'>scripturae</span> <span class='ocrx_word' id='word_1_592' title='bbox 1975 2822 2026 2858; x_wconf 80' lang='lat' dir='ltr'>sit</span> <span class='ocrx_word' id='word_1_593' title='bbox 2051 2820 2129 2858; x_wconf 86' lang='lat' dir='ltr'>dis-</span> 
     </span>
     <span class='ocr_line' id='line_1_81' title="bbox 1256 2875 2127 2931; baseline -0.003 -14"><span class='ocrx_word' id='word_1_594' title='bbox 1256 2880 1464 2931; x_wconf 86' lang='lat' dir='ltr'>crepantia,</span> <span class='ocrx_word' id='word_1_595' title='bbox 1484 2878 1714 2916; x_wconf 79' lang='lat' dir='ltr'>brevissime</span> <span class='ocrx_word' id='word_1_596' title='bbox 1733 2891 1797 2915; x_wconf 86' lang='lat' dir='ltr'>res</span> <span class='ocrx_word' id='word_1_597' title='bbox 1817 2877 1879 2915; x_wconf 88' lang='lat' dir='ltr'>hie</span> <span class='ocrx_word' id='word_1_598' title='bbox 1897 2880 1979 2915; x_wconf 85' lang='lat' dir='ltr'>erat</span> <span class='ocrx_word' id='word_1_599' title='bbox 1997 2875 2127 2915; x_wconf 77' lang='lat' dir='ltr'>absol-</span> 
     </span>
     <span class='ocr_line' id='line_1_82' title="bbox 1254 2935 2127 2985; baseline -0.002 -12"><span class='ocrx_word' id='word_1_600' title='bbox 1254 2935 1393 2974; x_wconf 81' lang='lat' dir='ltr'>venda.</span> <span class='ocrx_word' id='word_1_601' title='bbox 1452 2935 1632 2985; x_wconf 82' lang='lat' dir='ltr'>Longum</span> <span class='ocrx_word' id='word_1_602' title='bbox 1663 2935 1762 2972; x_wconf 87' lang='lat' dir='ltr'>enim</span> <span class='ocrx_word' id='word_1_603' title='bbox 1796 2937 1858 2972; x_wconf 81' lang='lat' dir='ltr'>est</span> <span class='ocrx_word' id='word_1_604' title='bbox 1889 2946 2024 2972; x_wconf 80' lang='lat' dir='ltr'>omnes</span> <span class='ocrx_word' id='word_1_605' title='bbox 2050 2946 2127 2972; x_wconf 92' lang='lat' dir='ltr'>om·</span> 
     </span>
     <span class='ocr_line' id='line_1_83' title="bbox 1256 2991 2127 3043; baseline -0.005 -12"><span class='ocrx_word' id='word_1_606' title='bbox 1256 2994 1345 3031; x_wconf 89' lang='lat' dir='ltr'>nino</span> <span class='ocrx_word' id='word_1_607' title='bbox 1376 2992 1623 3043; x_wconf 86' lang='lat' dir='ltr'>interpretum</span> <span class='ocrx_word' id='word_1_608' title='bbox 1649 3004 1874 3029; x_wconf 84' lang='lat' dir='ltr'>enumerare</span> <span class='ocrx_word' id='word_1_609' title='bbox 1899 2991 2127 3034; x_wconf 76' lang='lat' dir='ltr'>sententias,</span> 
     </span>
     <span class='ocr_line' id='line_1_84' title="bbox 1257 3047 2127 3100; baseline -0.005 -13"><span class='ocrx_word' id='word_1_610' title='bbox 1257 3051 1320 3100; x_wconf 82' lang='lat' dir='ltr'>qui</span> <span class='ocrx_word' id='word_1_611' title='bbox 1351 3049 1432 3087; x_wconf 85' lang='lat' dir='ltr'>sere</span> <span class='ocrx_word' id='word_1_612' title='bbox 1462 3049 1603 3093; x_wconf 89' lang='lat' dir='ltr'>cuncti,</span> <span class='ocrx_word' id='word_1_613' title='bbox 1635 3048 1765 3086; x_wconf 84' lang='lat' dir='ltr'>ubiubi</span> <span class='ocrx_word' id='word_1_614' title='bbox 1790 3047 1890 3086; x_wconf 83' lang='lat' dir='ltr'>haec</span> <span class='ocrx_word' id='word_1_615' title='bbox 1913 3047 2127 3098; x_wconf 82' lang='lat' dir='ltr'>scripturae</span> 
     </span>
     <span class='ocr_line' id='line_1_85' title="bbox 1257 3103 2125 3155; baseline -0.005 -12"><span class='ocrx_word' id='word_1_616' title='bbox 1257 3106 1462 3144; x_wconf 71' lang='lat' dir='ltr'>diversitas</span> <span class='ocrx_word' id='word_1_617' title='bbox 1488 3110 1570 3143; x_wconf 83' lang='lat' dir='ltr'>erat</span> <span class='ocrx_word' id='word_1_618' title='bbox 1594 3104 1823 3155; x_wconf 80' lang='lat' dir='ltr'>conspicua,</span> <span class='ocrx_word' id='word_1_619' title='bbox 1848 3104 1897 3141; x_wconf 86' lang='lat' dir='ltr'>de</span> <span class='ocrx_word' id='word_1_620' title='bbox 1922 3117 1971 3142; x_wconf 82' lang='lat' dir='ltr'>ea</span> <span class='ocrx_word' id='word_1_621' title='bbox 1995 3103 2125 3154; x_wconf 78' lang='lat' dir='ltr'>‹lispu-</span> 
     </span>
     <span class='ocr_line' id='line_1_86' title="bbox 1256 3158 2124 3201; baseline -0.005 0"><span class='ocrx_word' id='word_1_622' title='bbox 1256 3167 1392 3201; x_wconf 87' lang='lat' dir='ltr'>tarunt.</span> <span class='ocrx_word' id='word_1_623' title='bbox 1441 3161 1544 3201; x_wconf 85' lang='lat' dir='ltr'>Prae</span> <span class='ocrx_word' id='word_1_624' title='bbox 1569 3162 1710 3200; x_wconf 80' lang='lat' dir='ltr'>ceteris</span> <span class='ocrx_word' id='word_1_625' title='bbox 1736 3158 1934 3199; x_wconf 80' lang='lat' dir='ltr'>ct&#39;.Munk.</span> <span class='ocrx_word' id='word_1_626' title='bbox 1959 3159 2006 3198; x_wconf 83' lang='lat' dir='ltr'>ad</span> <span class='ocrx_word' id='word_1_627' title='bbox 2035 3158 2124 3198; x_wconf 81' lang='lat' dir='ltr'>Fut-</span> 
     </span>
    </p>
   </div>
   <div class='ocr_carea' id='block_1_11' title="bbox 2174 1463 2221 3667">
    <p class='ocr_par' dir='ltr' id='par_1_14' title="bbox 2174 1463 2221 3667">
     <span class='ocr_line' id='line_1_87' title="bbox 2174 1463 2221 3667; baseline 0 0"><span class='ocrx_word' id='word_1_628' title='bbox 2174 1463 2221 3667; x_wconf 95' lang='lat' dir='ltr'> </span> 
     </span>
    </p>
   </div>
  </div>
 </body>
</html>
