2155 3590
642 119 834 160 LIBER
856 119 909 160 ΙΙ.
967 119 1092 160 CAP.
1112 119 1233 159 XIX.

86 247 233 288 gurans
257 240 297 273 et
320 232 498 273 sucinum
524 231 622 272 mire
647 232 850 288 cavallum
877 240 917 273 et
944 233 1091 287 lapides
1115 239 1159 272 ut
1179 231 1307 281 bibas
1335 238 1374 271 et
1392 230 1576 285 quidquid
1595 230 1681 271 fieri
1699 245 1777 271 non
1797 237 1880 284 pot
1908 237 1970 270 137

381 287 619 329 Diribitores
650 289 814 342 plusculi
846 290 1046 344 splendide
1076 288 1228 339 amicti,

85 297 147 330 est
168 289 222 330 ibi
245 295 320 329 est.

1800 116 1882 158 119

1264 288 1413 328 fercula
1444 287 1603 342 copiosa
1627 287 1766 327 scitule
1790 287 1881 327 sub-

84 405 215 435 su’cinm
213 407 284 434 '.11?
297 407 327 435 1.
341 408 377 435 G.
394 407 422 434 1.
436 407 467 434 2.
493 405 526 434 in
539 409 613 434 cett.
625 405 751 433 succ-im
750 414 806 434 c.m
854 409 886 434 el
901 405 1011 443 Ζαρίεά
1013 414 1029 434 s
1055 407 1092 435 F.
1106 408 1136 435 3.
1151 414 1181 441 p.
1194 405 1474 434 v.ene14.Paris.
1507 412 1580 432 εσυ.
1593 402 1703 441 lapz'ed
1706 406 1769 434 sF.
1787 406 1814 433 1.
1847 404 1882 431 ia

83 450 648 488 lapſtrdest1..D...BPOR.

83 495 367 525 diirv’toresFAE
381 496 417 524 P.
438 497 524 524 G.1.

83 540 311 570 duricoresn.
359 539 448 568 dirm
429 548 498 567 nree
480 497 575 570 res2f.

138 641 330 680 sucinum.
359 643 493 688 [sucus
517 644 555 679 et
579 641 761 680 sucinum.
784 642 952 680 scriben-

85 697 177 735 dum
208 710 320 742 esse,
357 700 549 735 testantur
579 696 691 734 codd.
725 698 874 748 optimi:
912 703 953 737 ut

85 753 191 805 apud
225 753 355 792 Front.
395 753 445 790 de
482 752 656 791 Oration.
694 766 731 804 p.
758 758 851 794 241.
889 754 950 793 ed.

81 809 196 855 Rom.
227 812 267 848 et
296 810 346 847 de
378 809 484 848 seriis
508 809 683 848 Alsiens.
708 824 745 861 p.
771 814 864 851 2¹13.
901 811 948 849 cf.

82 865 240 918 Forbig.
266 866 317 904 ad
339 865 496 905 Lucret.
515 864 562 903 II.
584 869 676 906 684.
702 880 737 917 p.
754 871 846 907 261.
872 866 956 906 Fea

83 922 177 961 Hor.
212 923 293 961 sat.
321 925 356 960 1.
383 927 419 962 4.
448 926 538 963 100.
575 922 711 961 Heius.
744 923 794 961 ad
819 923 953 962 Claud.

82 980 119 1018 in
143 978 236 1018 Rus.
261 978 288 1016 I.
316 983 407 1020 208.
433 978 562 1017 Burni.
589 979 638 1017 ad
665 978 774 1030 Calp.
801 979 883 1018 Eel.
904 980 952 1018 V.

87 1040 177 1076 107.
204 1035 339 1074 Seren.
354 1035 510 1073 Samon.
526 1039 591 1076 48.
623 1035 691 1074 Sic
716 1036 827 1075 bacis
851 1037 954 1087 apud

84 1091 268 1130 Fronton.
295 1091 421 1143 Epist.
448 1091 497 1129 ad
522 1093 647 1130 Amic.
674 1105 711 1142 p.
738 1095 831 1132 305.
858 1096 951 1133 306.

85 1149 279 1188 Sucinum
308 1148 372 1186 hic
402 1161 477 1186 non
513 1161 583 1199 pro
609 1148 760 1186 electro
785 1148 951 1198 simplici

83 1209 124 1243 et
149 1205 261 1256 quasi
287 1204 414 1243 nativo
441 1203 589 1249 dicitur,
614 1204 687 1242 sed
713 1203 763 1241 de
783 1204 951 1255 exquisi-

82 1262 180 1300 tiore
204 1259 351 1298 metalli
384 1273 528 1311 genere
560 1261 619 1298 cui
646 1259 779 1310 quinta
802 1260 952 1308 argenti

82 1318 207 1369 portio
231 1317 401 1355 admixta
426 1320 527 1362 erat,
553 1315 603 1354 cf.
627 1314 728 1353 Plin.
755 1313 886 1354 XXX.
914 1320 950 1356 4.

80 1388 113 1412 s.
140 1377 204 1414 23.
232 1371 392 1411 TertuII.
418 1372 455 1410 in
479 1371 666 1423 Hermog.
687 1376 751 1412 25.
777 1373 812 1410 in
837 1371 952 1410 Prax.

83 1444 113 1468 c.
147 1434 211 1471 27.
248 1429 395 1467 Buttm.
431 1429 469 1467 in
505 1427 730 1480 Mytholog.
765 1428 875 1467 Toni.
907 1427 952 1466 II.

81 1500 117 1538 p.
150 1489 242 1527 337.
275 1485 386 1524 Serv.
419 1489 458 1523 et
488 1484 617 1536 Heyn.
643 1485 693 1522 ad
718 1484 824 1536 Virg.
851 1485 952 1523 Aen.

81 1541 185 1581 Vlll.
214 1542 308 1583 402.
345 1541 433 1580 Huc
462 1541 658 1580 retulerim
684 1541 853 1580 fabulam
878 1540 953 1579 Pe—

81 1603 177 1638 tron.
202 1598 307 1651 apud
332 1598 525 1637 Sarisber.
550 1599 586 1636 in
612 1597 809 1649 Polycrat.
830 1597 897 1636 IV.
913 1603 951 1638 5.

82 1656 208 1695 fuisse
240 1655 389 1693 fabrum
421 1655 485 1707 qui
516 1655 639 1693 vitrea
662 1668 760 1694 vasa
788 1654 955 1693 fecisset

81 1713 303 1751 tenacitatis
326 1715 476 1757 tantae,
506 1716 549 1750 ut
578 1725 653 1749 non
684 1712 812 1762 magis
837 1725 952 1763 quam

81 1783 200 1808 aurea
223 1768 289 1806 vel
313 1772 501 1819 argentea
525 1767 827 1820 frangerentur]

139 1830 179 1864 et
212 1824 384 1877 lapides.
451 1825 601 1876 Argute
638 1824 828 1864 Gruterus
865 1839 954 1864 con-

81 1883 170 1921 iecit
205 1883 248 1920 in
284 1882 469 1934 capides.
532 1880 657 1933 Capis
693 1882 795 1919 enim
832 1895 955 1931 genus

81 1939 190 1976 vasis
227 1942 291 1976 est
325 1937 559 1990 pontificiale
596 1938 642 1976 cf.
680 1938 781 1976 Fest
810 1937 873 1976 III.
906 1938 957 1976 de

83 1995 124 2034 S.
155 1994 206 2034 V.
237 2008 274 2046 p.
308 1998 372 2035 37.
405 1994 584 2032 Lindem.
611 1994 754 2046 [Varro
784 1995 833 2032 de
857 1994 956 2032 L.L.

82 2051 132 2091 V.
157 2064 194 2102 p.
212 2052 303 2092 127.
331 2051 478 2103 Speng.
504 2050 606 2089 Non.
633 2064 665 2089 s.
693 2064 726 2090 v.
753 2052 957 2090 armillum

83 2121 120 2159 p.
136 2111 229 2148 547.
254 2107 377 2146 Merc.
402 2106 557 2145 Ernesti
581 2108 631 2145 ad
658 2106 734 2146 Cic.
760 2107 811 2145 de
835 2106 884 2145 N.
904 2106 955 2145 D.

83 2163 146 2202 ΠΙ.
183 2168 247 2204 17.
279 2162 413 2202 Creuz.
444 2177 482 2215 p.
517 2163 627 2215 560]
661 2164 703 2201 Si
742 2164 830 2213 quis
865 2177 958 2201 vere

83 2220 233 2258 dubitet
257 2219 472 2265 c.Roald0,
498 2234 546 2258 an
573 2221 657 2258 eius
682 2219 956 2270 magnitudinis

82 2277 259 2315 sucinum
283 2277 510 2327 reperiatur,
536 2276 667 2314 audiat
691 2276 757 2314 ille
781 2280 957 2328 pateram

83 2331 307 2371 electrinam
323 2332 464 2371 factam
480 2346 592 2379 esse3
613 2332 660 2370 cf.
673 2331 956 2371 Trebell.Poll.

85 2391 120 2428 in
158 2388 290 2428 XXX.
330 2388 421 2440 Tyr.
461 2402 491 2426 c.
527 2393 589 2429 13.
627 2393 666 2426 et
702 2393 870 2427 statuam
908 2389 956 2428 cf.

82 2445 252 2484 Pausan.
290 2445 326 2483 in
364 2444 485 2484 Eliac.
524 2445 572 2484 V.
611 2459 642 2484 c.
682 2450 744 2486 12.
805 2444 960 2484 Caussa

84 2515 196 2547 vero,
228 2516 294 2540 cur
318 2501 422 2540 Oud.
455 2502 619 2553 lapides
648 2503 877 2553 scripturam
901 2516 959 2540 re—

83 2559 234 2605 iecerit,
260 2559 295 2596 in
327 2572 375 2596 eo
400 2559 527 2596 nititur
552 2558 657 2609 quod
682 2560 716 2597 in
737 2572 824 2609 sqq.
849 2573 959 2610 qem-

82 2629 239 2655 marum
262 2615 327 2653 fiat
351 2616 683 2659 commemoratio,
715 2620 756 2653 ut
779 2615 860 2660 hic,
886 2616 959 2653 nisi

83 2672 352 2723 repetitionem
377 2671 584 2709 molestam
611 2672 878 2716 substitueris,
903 2676 959 2709 to-

84 2727 209 2766 lerare
234 2741 421 2779 nequeas.
483 2728 566 2765 Sed
598 2733 698 2765 errat
724 2729 882 2779 egregie
908 2728 959 2768 V.

85 2784 136 2823 D.
196 2783 346 2823 Eadem
383 2786 483 2823 enim
515 2785 585 2822 erit
614 2784 815 2829 molestia,
852 2785 886 2822 si
916 2786 958 2824 in

86 2841 259 2893 capides
289 2841 525 2892 probaveris.
585 2840 649 2878 De
679 2841 832 2892 poculis
857 2842 958 2879 enim

84 2910 306 2936 sermonem
332 2897 422 2943 fieri,
449 2898 523 2935 iam
549 2910 598 2935 ex
616 2898 808 2948 prioribus
826 2898 960 2937 verbb.

87 2954 218 3006 avnpli
243 2954 393 2993 calices
419 2955 592 3004 apertius
618 2953 759 2999 elucet,
784 2959 823 2992 et
852 2967 959 3006 mag-

89 3023 178 3048 num
232 3010 372 3048 deinde
420 3010 625 3049 discrimen
675 3011 772 3048 inter
818 3015 958 3049 utrum-

89 3078 167 3117 que
209 3066 335 3105 locuin
379 3067 592 3105 intercedit.
665 3067 860 3106 Sacimmz
896 3067 958 3106 hic

89 3122 263 3173 intelligo
308 3124 467 3174 pocula
498 3123 711 3169 electrina,
755 3137 856 3174 quae
892 3137 957 3162 eo-

681 453 713 478 et
733 449 801 488 lopo
794 449 875 478 imde
889 453 937 480 ed.
953 460 999 486 pr.
1013 453 1095 481 Vice
1098 455 1141 480 nt.
1155 452 1297 480 Uene!
1303 452 1408 480 .l.unt
1418 447 1640 486 1.2'1nlap1·md
1639 451 1738 478 1A.1u
1752 451 1867 478 Iunt.

562 497 626 524 D.
646 493 675 524 ὃ.
696 499 724 524 et
745 497 814 525 edd.
834 501 909 526 1011.
929 505 969 525 ex
982 497 1081 526 solita
1097 495 1309 525 litterarumb
1323 494 1403 524 etl
1412 495 1622 532 confusione,
1649 493 1737 522 dzrm
1735 494 1884 524 'loresL.

1011 642 1101 680 dem
1131 641 1246 681 modo
1277 642 1325 680 ab
1356 639 1486 679 Iuven.
1517 638 1628 678 XIV.
1659 643 1755 680 307.
1786 639 1884 678 elec-

1010 704 1115 737 tram
1139 698 1398 745 nominantur3
1430 698 1601 764 itemque
1622 696 1842 748 Lapides
1832 709 1884 733 ln-

1009 754 1144 806 telligo
1183 755 1352 799 calices,
1394 755 1560 806 qemmis
1595 753 1811 792 distinctos
1848 757 1887 790 ct

1009 817 1242 850 exornatos.
1262 809 1362 849 Plin.
1377 810 1426 849 H.
1439 810 1489 849 N.
1502 808 1690 848 XXXIII.
1710 821 1886 860 prooem.

1014 868 1136 906 turba
1159 881 1406 920 gemmarum
1428 871 1618 919 potamus
1642 870 1681 905 et
1702 879 1886 917 synar-ay

1015 925 1078 962 dis
1126 925 1298 962 teximus
1345 924 1496 962 calices
1532 937 1583 962 ac
1630 921 1888 961 temulentiae

1013 994 1157 1019 caussa
1198 985 1330 1019 tenere
1367 979 1532 1019 Indiam
1567 980 1692 1018 iuvat.
1754 976 1886 1016 luven.

1013 1036 1095 1074 Sat.
1130 1036 1179 1074 V.
1206 1041 1271 1076 41.
1306 1040 1377 1089 qui
1405 1040 1585 1075 muneret
1610 1048 1787 1088 aemulas
1816 1049 1886 1074 un·

1010 1104 1111 1143 flues
1139 1092 1321 1131 observet
1344 1098 1503 1138 acutam
1541 1091 1589 1130 cs.
1617 1090 1804 1130 Schmidt.
1837 1090 1889 1129 ad

1010 1147 1102 1186 Hor.
1124 1147 1250 1198 Epist.
1266 1147 1291 1186 I.
1310 1152 1344 1189 6.
1364 1153 1425 1189 18.
1452 1148 1641 1200 Lapides
1665 1161 1758 1186 esse
1782 1161 1888 1199 qem-

1010 1218 1094 1242 mas
1119 1204 1316 1242 docebunt
1341 1217 1443 1254 quae
1469 1204 1644 1242 d'Orvill.
1673 1204 1724 1242 ad
1746 1203 1889 1242 charit.

1010 1259 1078 1297 Vl.
1105 1265 1141 1300 4.
1168 1274 1204 1311 p.
1233 1264 1326 1300 531.
1353 1261 1413 1298 ed.
1440 1259 1551 1312 Lips.
1584 1261 1738 1311 largiter
1761 1264 1890 1312 protu-

1012 1316 1071 1353 lit:
1096 1330 1278 1368 ‘qemmae
1296 1330 1389 1355 ¹vero
1406 1320 1614 1369 formatae
1633 1318 1676 1355 in
1694 1317 1892 1368 poculum

1012 1372 1180 1411 indicant
1206 1373 1364 1425 pocula
1400 1386 1504 1425 quae
1534 1386 1587 1411 ex
1611 1374 1776 1425 9emmis
1800 1378 1893 1412 sunt

1013 1432 1205 1481 confecta
1220 1434 1261 1467 ut
1274 1442 1322 1466 ex
1342 1428 1517 1480 beryllis.
1541 1428 1786 1467 carbunculis
1802 1433 1890 1467 cett.

1013 1485 1060 1524 cs.
1094 1485 1257 1537 Rupert.
1289 1486 1339 1523 ad
1370 1485 1542 1524 Invenal.
1573 1484 1623 1524 V.
1658 1489 1723 1525 41.
1761 1485 1892 1535 ibique

1013 1546 1088 1580 not.
1128 1546 1192 1582 23.
1231 1541 1379 1580 Meurs.
1418 1543 1468 1580 de
1505 1542 1597 1580 luxu
1633 1541 1749 1579 Rom.
1789 1555 1820 1579 0.
1854 1545 1892 1581 8.

1013 1598 1163 1637 Triller.
1190 1599 1238 1637 ad
1264 1598 1411 1638 Lucan.
1437 1599 1487 1637 X.
1521 1603 1611 1640 160.
1648 1597 1815 1647 Buleng.
1842 1598 1893 1636 de

1012 1655 1162 1694 conviv.
1200 1655 1221 1694 Ι.
1256 1654 1321 1693 IV.
1355 1669 1386 1693 c.
1423 1660 1486 1695 14.
1521 1658 1557 1695 in
1592 1654 1733 1693 Graev.
1768 1653 1892 1694 Thes.

1013 1712 1146 1763 Antiq.
1172 1711 1260 1750 XII.
1286 1726 1322 1764 p.
1345 1716 1437 1752 225.
1471 1711 1756 1750 Confundenda
1780 1711 1893 1762 igitur

1013 1783 1088 1807 non
1109 1772 1200 1807 sunt
1219 1768 1362 1820 pocula
1384 1774 1589 1820 ‘qemmata
1614 1772 1653 1805 et
1676 1766 1890 1820 syemmea]

1073 1826 1284 1878 quidquid
1314 1827 1408 1878 fieri
1444 1840 1525 1864 uon
1561 1830 1696 1877 potest
1730 1825 1788 1863 ibi
1823 1829 1894 1863 est.

1015 1881 1159 1934 [Simili
1201 1883 1397 1920 sententia
1434 1881 1601 1932 loquitur
1636 1880 1784 1919 Lucan.
1822 1879 1892 1918 w.

1015 1942 1109 1979 437.
1143 1952 1317 1991 quarum
1355 1938 1561 1991 quicquid
1591 1951 1674 1975 non
1706 1937 1892 1975 creditur

1016 2009 1084 2034 ars
1126 2000 1199 2037 est·
1238 1994 1285 2033 cs.
1322 1993 1456 2033 Barth.
1494 1994 1663 2032 Advers.
1701 1990 1892 2032 XXXIV

1015 2066 1046 2090 c.
1077 2055 1138 2091 16.
1165 2064 1201 2101 p.
1230 2050 1369 2104 1572]

1073 2107 1322 2146 diribitores.
1362 2106 1503 2159 [Sunt
1541 2107 1778 2146 diribitores
1808 2120 1894 2159 pro-

1015 2165 1097 2215 prie
1122 2169 1336 2216 carptores
1360 2177 1392 2202 S.
1407 2165 1608 2209 scissores,
1636 2176 1795 2215 qnorum
1815 2177 1894 2201 mu-

1016 2234 1089 2259 nus
1115 2225 1208 2266 erat,
1234 2222 1269 2258 in
1297 2221 1483 2258 conviviis
1509 2225 1601 2271 apte
1625 2224 1665 2258 et
1689 2220 1895 2259 artificiose

1017 2278 1183 2328 opsonia
1219 2277 1425 2315 dividendi.
1488 2276 1575 2315 Hoc
1612 2291 1686 2315 non
1723 2290 1807 2314 raro
1844 2276 1895 2315 ad

1016 2333 1276 2385 symphonias
1308 2333 1441 2378 fiebat,
1478 2338 1520 2371 ut
1548 2347 1688 2371 manns
1720 2332 1773 2370 illi
1805 2346 1894 2370 con·

1017 2392 1128 2428 cinne
1152 2391 1387 2435 motitarent3
1414 2390 1462 2427 cf.
1488 2389 1648 2441 Rupert.
1675 2389 1723 2428 ad
1745 2389 1823 2427 Iuv.
1844 2389 1892 2427 V.

1019 2451 1110 2487 121.
1136 2451 1175 2485 et
1199 2447 1369 2497 magistri
1396 2451 1521 2492 erant,
1554 2448 1617 2497 qui
1643 2446 1744 2485 hanc
1769 2450 1894 2483 artem

1017 2503 1243 2542 dictitabant
1268 2503 1355 2541 ibid.
1388 2507 1475 2544 121.
1537 2503 1602 2541 De
1626 2502 1896 2542 structoribus

1018 2561 1126 2611 plura
1158 2559 1304 2598 dabunt
1336 2559 1419 2598 lntt.
1445 2560 1494 2598 ad
1521 2558 1675 2597 Petron.
1703 2572 1734 2597 c.
1761 2557 1895 2597 XXX.

1017 2631 1054 2668 p.
1090 2621 1181 2657 178.
1215 2616 1379 2666 Buleng.
1411 2616 1461 2654 de
1493 2629 1602 2654 conv,
1630 2615 1696 2653 IV.
1729 2628 1760 2652 0.
1787 2619 1825 2655 2.
1858 2616 1894 2653 in

1019 2673 1159 2711 Graev.
1187 2672 1210 2710 l.
1233 2687 1262 2711 e.
1290 2687 1326 2725 p.
1348 2677 1440 2713 208.
1468 2672 1578 2724 Lips.
1606 2672 1758 2709 Saturn.
1784 2670 1829 2709 ll.
1857 2674 1893 2711 2.

1019 2731 1082 2780 qui
1107 2734 1235 2768 tamen
1263 2730 1431 2774 dubitat,
1463 2743 1552 2767 num
1578 2728 1640 2766 hic
1660 2728 1896 2767 diribitores

1018 2787 1147 2837 potius
1173 2788 1196 2824 ii
1221 2786 1411 2831 dicantur,
1445 2787 1507 2835 qni
1540 2784 1687 2822 fercula
1717 2798 1741 2822 a
1763 2785 1896 2835 pueris

1017 2844 1327 2887 subministrata,
1364 2842 1479 2880 docte
1510 2841 1720 2893 disponant
1744 2844 1784 2878 et
1812 2841 1896 2892 pul-

1019 2913 1082 2937 cre
1112 2901 1148 2937 in
1176 2900 1325 2937 mensis
1352 2898 1565 2940 collocent:
1590 2897 1638 2936 cs.
1655 2895 1818 2936 Taubm.
1845 2897 1896 2936 ad

1017 2954 1145 2994 Plaut.
1170 2955 1379 2994 Menaech.
1405 2954 1431 2992 1.
1462 2959 1494 2994 1.
1524 2959 1586 2994 15.
1613 2954 1676 2992 De
1705 2967 1804 2992 voce
1835 2954 1895 2992 di-

1016 3013 1150 3051 ribcre
1180 3016 1219 3050 et
1250 3012 1488 3050 diribitores
1520 3010 1682 3049 adeatur
1705 3010 1896 3049 Wunder.

1017 3067 1127 3107 Varr.
1159 3068 1286 3106 Lectt.
1320 3081 1355 3118 p.
1387 3066 1486 3106 Llll.
1520 3070 1559 3105 et
1584 3065 1685 3106 Cort.
1717 3071 1756 3105 et
1779 3066 1895 3106 Mart.

1016 3125 1114 3175 Lag.
1141 3125 1190 3164 ad
1216 3125 1363 3163 Lucan.
1390 3124 1436 3162 Υ.
1465 3122 1577 3176 393,]
