2155 3590
610 149 800 190 LIBER
827 149 900 190 Vl.

72 267 290 316 prostrata,
318 261 402 301 loro
429 268 558 301 tamen
584 262 777 303 tenaciter
800 262 1052 312 inhaerebat,
1075 261 1082 318 Ι
1101 269 1144 302 ut
1167 275 1228 301 me
1252 264 1548 314 procurrentem
1583 258 1866 312 aliquantisper
1889 263 1953 296 435

960 149 1088 190 CAP.
1117 146 1308 189 XXVII.

1779 145 1863 188 495

75 324 201 357 tractu
226 317 287 356 sui
312 325 558 370 sequeretur.
606 317 658 358 Et
684 319 825 373 occipit
848 319 980 359 statim
1007 317 1187 359 clamosis
1211 315 1421 357 ululatibus
1448 315 1639 354 auxilium
1663 314 1866 355 validioris

73 387 210 413 manus
236 373 461 427 implorare.
513 373 591 414 Sed
618 376 768 415 frustra
793 375 947 416 fletibus
980 388 1133 415 cassum
1165 372 1370 414 tumultum
1403 371 1694 421 commovebat,
1728 370 1867 424 quippe

74 444 159 469 cum
185 430 314 469 nullus
339 430 514 481 adforet,
549 431 614 484 qui
644 431 842 485 suppetias
874 431 910 472 ei
936 432 1040 471 ferre
1065 437 1220 485 posset,
1254 428 1331 468 nisi
1355 427 1439 468 sola
1463 427 1530 466 illa
1555 427 1669 480 virgo
1696 427 1865 480 captiva,

73 499 171 539 quae
196 485 305 526 vocis
331 486 442 526 exitu
467 500 706 540 procurrens
732 487 839 528 videt
863 487 1043 528 hercules
1069 483 1548 539 memorandispectaculi
1573 496 1754 532 scenam,
1789 496 1868 523 non

76 627 186 652 tamen
202 625 368 653 tenaciter
381 624 454 652 loro
474 627 509 655 F.
526 628 554 655 1.
568 628 663 655 Vulc.
679 629 709 655 ⁶2.
729 628 799 655 edd.
814 630 892 655 vett.
930 625 1002 654 loro
1018 630 1087 654 tam
1104 625 1271 654 tenaciter
1286 625 1308 653 f.
1345 623 1416 652 torn
1433 626 1544 652 tamen
1560 622 1727 650 tenaciter
1739 622 1775 650 F.
1790 623 1819 650 3.
1835 623 1870 650 G.

73 671 112 698 1).
126 671 259 698 P.1‹:1m.
273 671 377 699 Scriv.
391 672 512 699 Florid.
526 672 684 700 Pricaeus
699 672 743 700 ait
757 672 826 704 liic.
852 679 915 700 non
929 680 1045 707 supra,
1071 675 1104 700 ut
1119 675 1168 700 est
1181 671 1215 700 in
1229 671 1307 699 oud.
1323 670 1506 705 collatione,
1521 668 1622 697 scribi
1638 670 1706 694 tum
1717 689 1724 700 ,
1750 668 1830 700 quod
1842 667 1872 695 ei

74 717 180 749 placet
200 723 272 743 cum
291 717 359 744 viro
379 718 468 744 docto
487 718 528 745 ad
547 717 727 752 marginem
744 717 934 746 ed.Vice11t.
955 721 1081 751 propter
1099 724 1240 750 sequens
1259 714 1308 743 ob.
1349 718 1460 742 tamen
1472 721 1536 742 non
1549 712 1757 747 comparetin
1772 709 1800 740 δ.
1826 713 1874 739 De

75 760 191 788 ceteris
205 761 294 788 codd.
309 762 387 789 Oud.
402 762 484 789 nibil
499 763 629 796 profert.
673 764 934 798 procurrentem
953 763 989 790 F.
1003 764 1034 790 3.
1056 763 1091 790 G.
1107 763 1145 790 D.
1159 762 1195 790 P.
1210 758 1238 789 δ.
1253 769 1282 796 p.
1305 760 1325 788 f.
1353 755 1452 798 (teste
1465 757 1566 793 Oud.]
1591 759 1703 786 W'ow.
1729 760 1758 785 et
1784 764 1874 790 seqq.

71 808 314 842 procurrentes
329 806 349 834 t'.
374 810 454 834 teste
468 809 599 835 Roatdo.
637 810 860 843 procurrente
873 808 908 835 F.
927 809 954 835 1.
970 808 1006 835 B.
1021 808 1091 835 edd.
1105 810 1183 835 vett.
1219 806 1313 834 Alios
1334 806 1380 833 ita
1399 807 1507 839 legere
1526 806 1623 839 Mss,
1650 803 1779 831 adnotat
1796 802 1874 829 Oud.

76 851 132 879 sed
147 851 200 884 qui
213 851 276 878 sint
292 852 479 879 accuratius
494 860 556 880 non
571 853 711 885 attingit.

759 860 808 879 me
822 856 1067 888 anteprocurr.
1082 854 1173 880 abest
1187 858 1207 879 a
1221 853 1257 879 P.
1267 874 1274 887 ,
1291 851 1373 884 quod
1387 850 1505 878 iccirco
1520 851 1632 877 contra
1646 851 1770 876 ceteros
1784 847 1874 874 codd.

76 904 139 924 non
158 897 313 930 excludo,
339 898 420 930 quod
441 904 513 924 cum
532 899 644 925 u'ow.
666 897 741 925 facit
762 897 846 926 Prie.
867 898 942 925 Bas.
967 899 1150 931 typothetae
1167 904 1269 930 error,
1296 903 1378 929 quae
1398 895 1612 931 procurante
1629 892 1780 927 scripsit,
1807 893 1874 919 Gu-

76 941 186 969 lielmo
200 941 233 968 in
248 942 354 969 Plaut.
371 942 458 970 'l'rin.
474 950 500 970 c.
517 944 545 970 4.
560 942 728 976 imposuit,
756 944 1026 978 utprocursante
1040 942 1206 970 scriberet.

1256 943 1391 968 tractus
1404 941 1438 967 vi
1455 947 1497 969 ex
1515 938 1670 967 Gulielnti
1689 937 1878 966 coniectura

76 986 174 1014 edidit
188 987 284 1014 Vulc.
299 987 328 1014 2.
354 988 496 1015 Temere.
523 986 790 1024 Groslot.forte.·
817 990 936 1014 tracta
948 985 1050 1014 humi.
1097 985 1249 1014 clamans
1264 987 1300 1014 G.
1314 987 1352 1014 D.
1365 986 1402 1013 P.
1417 993 1453 1014 π.
1500 983 1563 1011 illa
1578 984 1665 1011 deest
1678 983 1712 1011 in
1726 990 1756 1016 p.
1782 980 1876 1018 virgo

76 1029 158 1057 illac
172 1028 201 1058 δ.
250 1031 390 1066 captiva
401 1032 438 1059 F.
457 1033 483 1060 1.
499 1033 530 1059 3.
545 1033 579 1060 0.
594 1040 629 1060 π.
645 1029 674 1060 ὃ.
694 1033 771 1061 Bas.
785 1034 816 1059 2:
834 1034 916 1060 Elm.
933 1032 1038 1060 Scriv.
1057 1032 1180 1060 Florid.

1229 1030 1369 1067 caputz'a
1395 1029 1519 1064 (neque
1536 1036 1613 1057 vero
1633 1027 1772 1064 captiva
1790 1030 1823 1055 ut
1843 1027 1877 1055 in

77 1076 157 1104 Oud.
170 1079 237 1104 erat
252 1076 433 1111 excerptis)
449 1077 484 1104 G.
497 1078 536 1105 D.
561 1079 599 1105 In
612 1080 684 1105 cett.
698 1077 859 1115 capucia,
873 1078 957 1110 quod
970 1077 1067 1104 etiam
1080 1080 1157 1104 vett.
1172 1077 1243 1104 edd.
1257 1078 1422 1110 praebent.
1457 1073 1574 1101 excitu
1590 1081 1618 1108 p.
1634 1073 1654 1101 f.
1669 1073 1705 1101 P.
1718 1072 1752 1100 in
1766 1079 1879 1101 excer—

76 1120 140 1155 ptis
154 1121 195 1148 ad
208 1127 309 1155 marg.
323 1122 371 1150 ed.
387 1122 476 1149 Colv.
507 1129 587 1149 roc-e
601 1121 719 1149 emita
731 1123 843 1151 U'ow.
858 1122 944 1150 Prie.
970 1121 1089 1147 excita
1102 1122 1136 1149 0.
1163 1121 1270 1147 eram·
1281 1122 1316 1148 G.
1331 1122 1370 1148 D.
1401 1126 1513 1147 etat-u
1526 1120 1562 1147 P.
1577 1119 1611 1147 in
1625 1117 1786 1152 excerptis
1798 1118 1879 1145 oud.

77 1165 194 1192 excitu
207 1164 340 1203 {quoque
360 1166 536 1202 Sopingius
556 1171 585 1195 et
605 1167 656 1195 vir
674 1168 786 1195 doctus
806 1167 839 1194 in
858 1173 957 1200 marg.
977 1166 1037 1194 Ed.
1050 1166 1179 1194 Vicent.
1200 1174 1218 1194 e
1237 1168 1300 1194 Ms.
1319 1165 1458 1193 correxit
1469 1160 1507 1195 iet
1526 1164 1574 1192 ita
1587 1164 1706 1192 excitat
1727 1164 1823 1192 Gesn.
1845 1162 1879 1190 in

76 1212 149 1239 loco
161 1210 301 1239 Luciani
314 1212 406 1240 modo
420 1212 596 1240 laudando.
619 1214 657 1240 In
671 1215 744 1240 cett.
757 1210 854 1238 emita
869 1211 1005 1248 legitur,
1033 1214 1066 1239 ut
1080 1211 1150 1239 edd.
1163 1213 1240 1239 vett.
1254 1212 1337 1239 Elin.
1350 1211 1447 1238 Vulc.
1462 1211 1492 1238 2.
1506 1211 1636 1238 habent.

75 1332 218 1382 poterit
260 1332 500 1382 comprobari
551 1336 591 1369 et
625 1345 732 1369 mere
773 1331 951 1370 ficticium

77 1390 250 1439 apparet.
299 1387 379 1426 lam
404 1388 615 1426 contrarius
642 1391 703 1425 est
724 1388 833 1426 locus
852 1387 949 1425 Met.

78 1443 105 1482 l.
131 1458 168 1495 p.
195 1447 260 1484 32.
287 1444 437 1482 (lextra
463 1445 661 1483 saeviente
682 1446 862 1496 frontem
885 1457 950 1482 re-

74 1500 335 1552 plaudens.
360 1499 504 1551 [Plane
518 1500 621 1539 aliud
636 1500 845 1538 discrimen
865 1514 950 1550 pro-

79 1556 211 1608 posuit
245 1555 425 1594 Diomed.
470 1556 496 1594 l.
540 1571 576 1608 p.
616 1560 708 1596 378.
748 1557 877 1595 Plau
888 1556 950 1594 «to

77 1615 272 1665 frequens
309 1617 366 1651 est
395 1613 512 1664 apud
536 1617 683 1652 veteres
711 1613 770 1664 pl
778 1613 872 1651 odo
903 1626 949 1651 ea

82 1669 396 1715 consuetudine,
424 1683 506 1721 qua
538 1684 596 1708 au
626 1669 786 1722 syllaba
811 1683 899 1708 cum
926 1683 949 1707 0

81 1726 359 1764 commercium
397 1725 533 1770 habet,
571 1731 618 1765 ut
653 1739 742 1764 cum
779 1725 951 1765 dicimus

81 1781 337 1820 claustra
376 1786 415 1820 ct
450 1782 655 1827 clostra,
694 1782 876 1820 cauda
915 1786 954 1820 et

82 1837 210 1875 coda
222 1842 262 1876 et
273 1838 434 1876 similia.
462 1837 692 1889 Applauclo
708 1842 744 1876 et
758 1838 952 1889 applodo

79 1906 197 1931 unum
224 1892 406 1943 idemque
421 1907 514 1931 esse
527 1895 780 1940 vocabulum,
808 1894 951 1945 vixpo-

80 1953 160 1987 test
174 1949 350 1994 dubitari,
365 1949 468 1987 unde
482 1951 610 1995 miror,
627 1964 692 1988 cur
707 1950 951 2001 significatio·

82 2019 154 2044 nes
178 2005 380 2056 utriusque
393 2006 572 2044 vocabuli
593 2007 719 2044 lexica
733 2009 953 2044 secernant.

82 2060 246 2112 Proprie
271 2063 370 2099 enim
396 2075 513 2111 quum
539 2063 803 2113 applaudere
826 2076 858 2100 s.
880 2076 952 2113 ap-

79 2117 218 2169 plodo
241 2119 292 2155 sit
316 2118 510 2163 allidere,
538 2119 799 2169 applaudere
824 2119 952 2169 potius

83 2173 235 2211 dixisse
259 2174 435 2212 videntur
454 2174 502 2211 de
523 2174 867 2212 acclamationibus
885 2187 954 2211 ve—

82 2233 206 2274 teres,
233 2242 334 2280 quae
353 2230 496 2280 pedum
517 2243 562 2268 ac
580 2244 759 2269 manuum
775 2230 953 2269 allisione

82 2285 238 2324 fiebant.
266 2285 379 2323 Certe
404 2290 558 2338 praeter
574 2286 696 2324 locum
711 2285 951 2325 Nemeslll.

83 2345 149 2382 33.
181 2341 373 2394 applodo
403 2343 452 2380 ab
484 2343 639 2393 optimis
671 2343 782 2381 codd.
810 2343 953 2394 ubique

83 2398 342 2443 confirmatur,
366 2399 431 2436 ubi
447 2398 629 2436 allidendi
649 2400 875 2450 simpliciter
887 2399 952 2437 ha-

82 2455 150 2493 bet
174 2454 504 2505 significationem.
547 2456 786 2507 Applausus
806 2469 895 2494 vero
916 2459 954 2494 et

84 2511 284 2562 applosus
307 2512 527 2561 promiscue
541 2512 732 2550 dicebant.
760 2512 953 2562 Spartian.

86 2567 412 2607 Antonin.Get.3.
424 2566 550 2618 T.l.p.
562 2571 654 2608 737.
677 2582 795 2607 ocum
820 2573 954 2607 terrae

85 2624 357 2676 applosum.
384 2623 684 2662 Ovid.Met.1V.
710 2628 849 2675 p.352.
876 2638 953 2676 ap-

81 2679 262 2732 plauso
288 2693 473 2732 corpore.
525 2680 558 2718 E
590 2681 777 2719 contrario
808 2681 955 2719 nullum

84 2735 176 2773 mihi
201 2739 355 2775 constat
379 2737 620 2788 exemplum,
645 2737 709 2774 ubi
725 2737 958 2789 applodere

85 2792 287 2841 posuerint
333 2793 368 2830 in
419 2793 777 2831 acclamationibus,
855 2792 957 2831 Certi

88 2847 176 2896 quid
196 2849 232 2886 in
251 2849 383 2888 verbis
404 2850 657 2901 complaudo
676 2854 715 2887 et
734 2850 956 2901 complodo

89 2904 302 2954 explamlo
340 2910 380 2944 et
421 2906 609 2958 exploclo
647 2906 843 2943 observari
881 2919 955 2944 non

89 2957 191 3004 licet,
214 2961 286 2999 nisi
301 2962 404 3013 quod
418 2962 539 3000 forma
553 2962 587 3000 in
606 2976 629 3000 o
642 2963 818 3000 usitatior
832 2961 957 3000 fuisse

88 3014 273 3055 videatur.
301 3019 500 3070 Replodo
525 3019 560 3056 in
587 3032 660 3056 usu
689 3032 762 3056 non
788 3022 882 3057 erat.
908 3017 959 3058 cs.

88 3069 225 3110 Munk.
249 3072 299 3112 ad
323 3073 466 3125 Hygin.
495 3073 675 3113 CXXVI.
701 3089 739 3127 p.
766 3074 877 3126 228]

145 3131 281 3168 tractu
293 3132 364 3170 sui.
390 3130 621 3170 Mutandum
647 3144 732 3170 cum
759 3131 958 3170 Grnslotio

1009 1334 1047 1368 et
1061 1330 1258 1369 Gulielmo
1283 1329 1377 1368 nihil
1397 1333 1471 1374 est,
1492 1331 1666 1370 Tractus
1692 1329 1794 1368 enim
1818 1342 1866 1367 su

1007 1388 1120 1425 mitur
1144 1387 1306 1437 passiva
1335 1386 1529 1424 sententia
1560 1386 1609 1423 de
1644 1393 1769 1430 motu,
1807 1399 1883 1436 qua

1009 1444 1096 1493 ipsa
1133 1442 1369 1488 trahebatur,
1406 1445 1447 1480 ut
1482 1442 1531 1479 de
1556 1441 1693 1480 Mund.
1724 1456 1760 1493 p.
1787 1446 1881 1482 310.

1008 1500 1178 1550 spiritus
1208 1499 1351 1538 vitalia
1382 1502 1573 1537 tractas
1604 1499 1666 1537 sui
1698 1498 1813 1536 vitali
1847 1502 1885 1535 et

1005 1555 1219 1607 foecunda
1248 1569 1326 1606 ope
1350 1559 1519 1607 veqetat.
1546 1554 1609 1592 De
1634 1555 1697 1593 sui
1723 1553 1769 1592 cf.
1785 1553 1882 1592 Met.

1008 1611 1057 1649 V.
1073 1625 1110 1662 p.
1127 1612 1528 1664 323.fatz‘9atiouem
1552 1611 1637 1649 sui.
1665 1610 1772 1649 Grut.
1788 1610 1884 1648 Mis-

1009 1668 1096 1706 cell.
1123 1667 1223 1706 Nov.
1250 1667 1360 1718 Lips.
1387 1667 1479 1705 Vol.
1503 1666 1566 1704 Ill.
1593 1666 1637 1705 P.
1664 1669 1700 1706 3.
1733 1680 1768 1717 p.
1790 1670 1884 1707 507.

1067 1726 1245 1776 captiva.
1288 1724 1480 1775 Captt‘ct’a
1506 1736 1623 1773 quum
1648 1724 1684 1761 in
1711 1723 1886 1774 plurimis

1011 1780 1122 1819 codd.
1139 1784 1178 1818 et
1190 1780 1279 1818 edd.
1296 1783 1384 1817 vett.
1402 1779 1563 1830 legatur,
1588 1779 1771 1817 Beroald.
1787 1779 1887 1817 hanc

1009 1837 1237 1887 scripturam
1259 1836 1433 1874 defendit
1457 1848 1507 1874 ex
1525 1835 1705 1886 analogia
1724 1835 1887 1873 aliorum

1011 1893 1304 1938 adiectis-orum,
1338 1905 1440 1943 quae
1470 1891 1609 1930 eadem
1635 1893 1785 1929 ratione
1810 1891 1888 1929 sint

1011 1950 1186 1992 formata,
1195 1953 1236 1986 ut
1250 1949 1472 1999 empticius,
1482 1949 1681 1992 dedict'uS,
1688 1949 1888 2000 facticius

1012 2005 1097 2043 alia.
1114 2003 1274 2043 cs.Oud.
1289 2004 1339 2042 ad
1349 2003 1463 2043 Caes.
1478 2004 1524 2042 B.
1541 2003 1665 2042 G.IV.
1682 2008 1717 2044 2.
1735 2004 1888 2042 Schott.

1011 2061 1179 2099 Observ.
1207 2060 1233 2099 I.
1262 2074 1292 2100 e.
1322 2064 1386 2101 10.
1434 2060 1499 2112 [cs.
1526 2059 1661 2099 Eckst.
1688 2060 1739 2099 ad
1763 2060 1887 2099 Voss.

1011 2118 1131 2156 Arist.
1149 2116 1193 2154 T.
1208 2116 1254 2156 Il.
1267 2131 1306 2169 p.
1323 2117 1432 2169 707.]
1462 2117 1544 2156 Sed
1560 2118 1740 2167 quoniam
1754 2120 1889 2155 auctor

1012 2187 1170 2225 semper
1194 2174 1380 2226 captivus
1400 2173 1520 2219 dicat,
1545 2172 1649 2211 Oud.
1670 2173 1805 2212 maluit
1818 2188 1887 2225 pa—

1010 2243 1097 2268 rere
1130 2233 1345 2268 ceterorum
1376 2229 1487 2268 codd.
1519 2231 1754 2274 auctoritati,
1787 2242 1888 2280 quae

1012 2286 1115 2338 apud
1129 2300 1192 2324 me
1207 2287 1323 2324 etiam
1337 2285 1543 2337 plurimum
1561 2285 1712 2332 valent,
1739 2290 1780 2325 ut
1800 2287 1888 2324 novi

1012 2342 1105 2393 quid
1129 2356 1198 2393 pro
1224 2355 1331 2380 more
1355 2343 1605 2395 interpretum
1630 2341 1801 2394 Apuleio
1835 2344 1887 2380 in-

1010 2399 1165 2438 trudere
1190 2399 1320 2437 nolim.

1069 2456 1194 2495 exitu.
1244 2454 1301 2493 lta
1322 2469 1459 2494 omnes
1479 2455 1560 2494 fere
1575 2456 1689 2495 codd.
1702 2456 1886 2494 scribunt.

1012 2511 1181 2558 Omnes,
1208 2516 1393 2562 quantum
1417 2512 1549 2558 video,
1583 2513 1755 2550 editores
1781 2525 1890 2563 prae-

1012 2568 1138 2606 ferunt
1162 2569 1324 2607 alteram
1353 2569 1559 2607 lectionem
1591 2570 1750 2614 excitu,
1787 2581 1889 2618 quae

1012 2625 1129 2663 etiam
1155 2624 1327 2675 Schegk.
1354 2625 1390 2663 in
1417 2623 1567 2664 Praeni.
1595 2638 1626 2663 c.
1658 2629 1718 2665 13.
1753 2628 1792 2662 et
1817 2624 1888 2662 So-

1014 2681 1119 2732 ping.
1145 2682 1309 2733 probata
1336 2681 1405 2719 suit
1429 2685 1468 2719 et
1492 2683 1527 2719 in
1553 2684 1702 2719 textum
1727 2685 1888 2732 recepta

1016 2741 1078 2776 est
1107 2751 1130 2775 a
1162 2737 1306 2777 Florid.
1335 2742 1373 2776 et
1399 2737 1520 2775 Scriv.
1579 2737 1709 2777 Exitu
1740 2737 1774 2775 si
1800 2736 1888 2775 ferri

1015 2797 1150 2845 queat,
1175 2793 1278 2832 Oud.
1305 2807 1391 2832 cum
1415 2793 1613 2831 Beroaltlo
1638 2794 1748 2832 vocis
1770 2795 1889 2846 finem

1016 2849 1187 2901 explicat
1211 2849 1299 2888 coll.
1328 2848 1442 2888 Caes.
1467 2849 1513 2888 B.
1542 2849 1591 2888 G.
1616 2848 1683 2888 IV.
1710 2853 1745 2889 8.
1773 2851 1888 2889 exitu

1017 2907 1232 2950 orationis.
1264 2919 1499 2957 quamquam
1529 2906 1617 2957 ipse
1648 2907 1806 2945 excitus
1829 2919 1887 2944 re·

1014 2964 1151 3009 tineat,
1199 2963 1355 3001 minime
1402 2961 1610 3008 sollicitus,
1659 2962 1762 3013 quod
1812 2961 1888 3000 hoc

1014 3019 1300 3057 substantivum
1342 3018 1477 3056 nullibi
1520 3017 1620 3056 alias
1661 3019 1886 3070 reperiatur.

1017 3075 1188 3126 Saepius
1225 3076 1325 3112 enim
1362 3074 1477 3112 huius
1514 3073 1754 3113 formationis
1784 3088 1887 3114 nova

1014 3131 1228 3183 protulisse
1256 3145 1333 3170 non
1363 3130 1490 3170 solum
1516 3130 1726 3183 Apuleium
1748 3132 1825 3172 sed
1849 3133 1884 3171 in
