2221 3667
284 177 367 220 542
548 177 595 217 L.
621 177 842 218 APULEII
872 177 1274 219 MADAURENSIS
1303 177 1851 220 METAMORPHOSEON

279 287 470 328 lationum
494 288 683 343 indagatu
709 291 888 331 confecta
912 297 1027 342 atque
1053 288 1232 341 concisa,
1265 289 1349 343 ipse
1379 303 1440 330 me
1472 290 1626 331 furatus
1656 303 1777 345 aegre
1806 292 1914 334 solus
1939 292 2076 334 mediis

281 343 378 385 Orci
401 344 578 386 faucibus
604 347 652 386 ad
677 347 780 387 hunc
805 346 913 387 evasi
937 346 1108 386 modum.

815 515 1258 564 CAPUT
1363 517 1538 566 VIII.

391 647 554 704 Sumpta
590 655 699 689 veste
735 647 917 688 muliebri
952 648 1112 700 florida,
1150 648 1192 688 in
1223 649 1334 690 sinus
1358 649 1540 690 ssat-eidos
1566 650 1810 703 abundante,
1849 651 2073 705 mitellaque

277 775 434 813 indigam
447 778 479 805 0.
496 774 525 806 ὁ.
574 775 709 803 conseia
723 776 759 804 G.
773 777 804 804 2.
819 777 855 804 P.
869 777 908 805 D.
945 776 1119 804 conscissa
1132 773 1161 806 ὃ.
1209 776 1292 805 solis
1306 777 1326 807 f.
1342 779 1377 807 G.
1395 780 1423 807 1.
1443 778 1476 806 in
1496 782 1665 816 contextu,
1691 780 1773 813 quod
1787 782 1827 808 ab
1846 781 1959 808 eadem
1977 787 2078 809 manu

277 826 454 850 correctum
475 825 532 850 est.
580 828 596 846 e
616 818 730 847 mediis
752 820 875 849 frustra
893 825 1006 850 contra
1026 830 1138 851 omnes
1157 823 1248 851 codd.
1268 823 1402 858 scripsit
1420 825 1515 852 Vulc.
1536 826 1584 861 2.,
1610 831 1706 858 quam
1732 828 1850 854 temere
1875 829 1949 853 sunt
1970 826 2077 854 secuti

276 867 359 895 Elm.
374 867 476 894 scriv.
491 866 610 894 Florid.
659 873 723 892 ora
736 873 793 899 pro
808 865 931 895 orciD.
957 866 1167 896 oreiVicent.

357 908 522 948 floridam
536 911 663 939 vicent.
701 910 775 937 sinu
784 908 812 939 δ.
838 918 854 939 s
868 914 997 946 propter
1009 912 1176 945 sequentis
1189 913 1343 941 vocabuli
1357 913 1543 947 primariam
1563 914 1706 942 litteram
1725 917 1889 944 exulante.
1921 913 2077 951 placidos

276 957 312 985 G.
329 957 357 984 1.
373 963 392 984 a
405 963 445 983 m.
458 963 488 990 p.
514 953 554 987 (a
568 962 608 983 m.
623 963 688 983 sec.
702 960 883 984 correctum
897 954 1112 993 estflacz'dos.
1127 954 1296 993 flaccidos
1309 960 1426 986 habent
1442 960 1476 987 B.
1492 962 1523 987 et
1536 961 1615 987 mss.
1631 960 1770 993 aliquot,
1786 968 1921 994 qnorum
1935 960 2077 994 optimus

275 1004 325 1030 est
339 1002 372 1029 F.
390 1002 436 1037 1.,
462 1003 491 1027 et
505 1007 615 1028 omnes
628 1002 698 1028 edd.
712 1004 790 1030 vett.
804 1003 881 1029 Bas.
897 1001 926 1029 1.
941 1004 1044 1037 Lugtl.
1060 1004 1150 1031 Colv.
1166 1003 1261 1031 Vulc.
1275 1004 1305 1030 2.
1320 1004 1392 1031 Par.
1408 1005 1493 1032 Elm.
1507 1004 1648 1033 Scriver.
1672 1006 1709 1033 In
1728 1008 1801 1033 cett.
1816 1006 1906 1034 codd.
1927 1006 2077 1034 onmibus

273 1048 305 1074 et
315 1047 399 1073 lunt.
412 1046 442 1073 2.
457 1042 767 1081 legiturflacciclos‚
794 1053 890 1080 quam
903 1047 1074 1075 lectionem
1088 1048 1235 1081 equidem
1247 1048 1360 1076 inveni
1373 1048 1406 1077 in
1420 1049 1455 1077 F.
1471 1051 1501 1077 2.
1517 1050 1547 1077 3.
1563 1050 1598 1077 G.
1612 1051 1643 1078 2.
1656 1050 1695 1077 D.
1710 1053 1740 1078 et
1754 1051 1833 1078 Oud.
1848 1051 2021 1084 adscripsit
2035 1057 2077 1078 ex

272 1098 303 1125 p.
325 1090 346 1119 f.
367 1092 402 1119 P.
428 1087 457 1119 δ.
494 1092 609 1118 Incert.
635 1092 683 1119 De
704 1090 741 1119 F.
762 1093 791 1119 1.
812 1090 848 1120 et'
862 1093 897 1120 G.
920 1093 965 1128 1.,
992 1100 1072 1126 quos
1091 1094 1228 1121 eandem
1246 1093 1443 1128 scripturam
1460 1096 1617 1129 praebere
1636 1095 1774 1123 affirmat
1789 1096 1885 1133 Oud.,
1911 1096 1977 1124 iam
1996 1095 2075 1124 dixi.

263 1132 382 1172 flavos
395 1136 430 1164 Ο.
477 1134 582 1163 alium
595 1134 698 1163 dante
711 1144 766 1171 pro
779 1134 973 1164 abundante
985 1139 1069 1166 lunt.
1085 1139 1115 1166 1.
1128 1138 1204 1166 Altl.

330 1245 509 1285 concisa.
535 1244 637 1284 Oud.
652 1250 850 1297 comparat
864 1247 952 1286 dict.
973 1247 1023 1286 ad
1044 1247 1145 1286 Hist.

275 1301 323 1340 B.
339 1302 385 1340 G.
399 1301 502 1341 Vlll.
530 1306 593 1342 31.
622 1302 808 1354 [Saepius
821 1302 961 1354 Nepos
988 1304 1062 1343 hoc
1082 1317 1145 1341 vo-

275 1357 414 1397 cabulo
428 1359 542 1397 utitur
566 1358 777 1397 cf.Data1u.
794 1373 825 1397 e.
838 1364 874 1400 8.
890 1359 968 1409 ξ.3.
989 1361 1145 1406 Quibus

270 1417 404 1466 fretus
428 1415 636 1468 conflixit,
662 1416 992 1456 adversariorum
1017 1417 1143 1456 ¹multa

272 1471 402 1509 millia
428 1472 662 1510 concidit.
690 1476 728 1510 et
741 1485 772 1510 e.
789 1476 822 1512 6.
839 1472 869 1521 §.
886 1476 920 1512 6.
947 1473 1060 1511 Dion.
1079 1477 1141 1513 10.

272 1527 304 1577 ᾧ.
328 1532 362 1566 1.
403 1526 602 1579 Confecta
627 1529 769 1573 caede,
795 1557 804 1565 .
820 1559 828 1567 .
845 1558 854 1567 .
878 1529 1067 1568 nonnulli
1092 1530 1143 1568 ab

269 1584 409 1622 insciis
457 1597 544 1634 pro
596 1585 735 1623 noa-iis
795 1586 1141 1625 concidmztur.

269 1638 437 1677 Hannib.
464 1652 494 1677 e.
510 1644 546 1680 3.
573 1640 602 1690 §.
629 1645 666 1680 4.
699 1640 773 1678 Est
796 1646 970 1679 nostrum
994 1656 1141 1681 :usam-

268 1695 522 1747 menlmueu]
551 1694 729 1734 Ceterum
748 1710 953 1747 perperam
973 1699 1008 1735 in
1023 1697 1139 1736 Fabr.

270 1749 390 1789 Thes.
414 1751 580 1801 iungitur
599 1754 737 1804 factio
760 1754 995 1793 milliarium
1016 1754 1140 1792 vexil-

269 1807 485 1853 lationum,
511 1821 628 1858 quum
654 1812 744 1859 agat
763 1809 813 1847 de
833 1809 1002 1847 factione
1026 1809 1140 1848 latro-

266 1877 371 1908 num,
398 1863 531 1902 deleta
555 1864 739 1915 indagatu
769 1866 987 1904 militarium
1018 1866 1139 1904 vexil-

264 1919 464 1958 lationum.

321 1990 381 2014 me
391 1979 557 2028 furatus
569 1990 704 2029 (ze-qrc.
724 1977 907 2016 Brantius
921 1978 983 2017 hic
997 1978 1139 2017 frustra

265 2032 466 2070 emendat:
488 2035 665 2084 furatim,
685 2034 746 2071 vel
764 2038 930 2086 suram,
957 2035 1062 2086 quod
1087 2049 1137 2074 ne

265 2088 351 2126 ferri
382 2088 538 2139 quidem
570 2093 720 2140 potest,
756 2092 829 2128 nisi
862 2092 1034 2129 eiiciatur
1062 2106 1135 2131 mc.

262 2144 326 2183 De
340 2145 506 2182 dictione
519 2159 559 2183 sc
568 2148 711 2197 furari
742 2147 789 2185 cf.
804 2146 904 2186 Oud.
921 2146 1136 2187 comment.

260 2201 312 2239 ad
338 2201 408 2239 Sil.
428 2200 470 2239 lt.
490 2201 598 2240 XlV.
626 2206 719 2242 561.
750 2204 919 2255 Emi-qua
945 2218 1042 2243 seso
1063 2208 1135 2257 fu—

259 2262 395 2297 ratus
419 2258 602 2296 Himilco
627 2261 780 2298 varium
826 2261 893 2298 Sic
918 2264 957 2298 et
982 2260 1135 2299 Graece

259 2314 433 2352 κλέπτειν
458 2312 607 2360 ἑαυτόν,
633 2318 675 2352 ut
699 2316 854 2354 Aelian.
882 2317 932 2355 de
945 2317 1074 2355 Anim.
1089 2316 1135 2357 ll.

261 2374 324 2409 14.
353 2368 439 2421 [Sic
463 2384 535 2408 nos
563 2370 726 2409 dicimus
752 2373 802 2410 de
835 2386 898 2412 eo.
933 2374 997 2424 qui
1029 2373 1131 2411 clam

258 2426 399 2464 ceteris
423 2439 470 2464 se
495 2432 731 2469 summovet.
762 2430 849 2467 sicle.
873 2430 1129 2481 reoeystelzleoee.

259 2482 307 2520 cf.
332 2481 468 2520 Barth.
494 2482 664 2521 Advers.
689 2484 816 2523 XXII.
847 2490 907 2525 14.
933 2499 970 2537 p.
990 2487 1127 2538 1100]

312 2539 456 2577 mediis
482 2539 584 2578 Orc-15
606 2542 815 2592 faucibus.
866 2542 976 2580 Male
995 2536 1129 2581 contra

255 2594 479 2634 MssNulc.
499 2594 573 2634 Ed.
588 2600 624 2636 2.
645 2599 1007 2648 epraepositionem
1022 2599 1126 2638 inse-

255 2652 343 2698 ruit3
391 2651 438 2690 cs.
464 2651 562 2690 Met.
576 2652 663 2691 Vll.
687 2666 724 2704 p.
740 2658 832 2694 491.
858 2656 1003 2693 mediis
1028 2656 1132 2696 Orci

250 2708 448 2758 faut-[ltus
461 2712 682 2748 exirm-tus.
699 2709 762 2747 De
777 2710 851 2749 hac
864 2711 1060 2750 locutione
1078 2713 1126 2752 ef.

251 2763 410 2802 Herald.
437 2764 486 2803 ad
510 2764 660 2804 Arnob.
684 2765 729 2803 ll.
745 2781 775 2805 e.
792 2771 857 2807 54.
884 2772 922 2805 ct
944 2769 995 2806 ab
1024 2770 1128 2809 Orci

248 2820 443 2871 faucibus
469 2822 809 2872 quemadmodum
841 2824 1010 2869 (licitur,
1041 2827 1124 2865 vin-

253 2876 399 2914 dicari.
424 2876 512 2915 Hoc
531 2878 631 2915 enim
657 2879 952 2930 proverbiaIIter
983 2881 1122 2920 effere-

249 2931 375 2976 batur,
413 2936 452 2970 et
487 2947 575 2972 eum
600 2934 780 2974 dicebant
805 2937 908 2976 Orci
926 2939 1123 2988 faucibus

251 2993 430 3038 creptum
453 2989 517 3026 vel
547 3004 600 3029 οφ
624 2991 769 3043 inferis
793 3006 1016 3046 enzerycre,
1054 2995 1118 3046 qui

249 3046 445 3093 praesenti
470 3049 510 3083 et
534 3047 689 3097 capitali
713 3047 844 3100 aliquo
874 3049 1050 3101 periculo
1076 3051 1118 3088 li-

1204 1261 1241 1298 p.
1256 1251 1349 1289 398.
1370 1252 1410 1287 et
1423 1248 1621 1289 wetsten.
1640 1249 1766 1301 Epist.
1780 1249 1829 1288 ad
1844 1249 1992 1300 Ephes.
2007 1248 2076 1288 IV.

1204 1308 1240 1345 9.
1267 1304 1315 1344 cs.
1335 1304 1480 1343 Arnob.
1496 1305 1540 1344 11.
1558 1311 1621 1346 74.
1647 1307 1836 1345 inimo-ae
1860 1306 2000 1344 mortis
2016 1319 2075 1344 re-

1197 1362 1412 1412 periamur
1436 1363 1479 1400 in
1501 1363 1711 1414 faucious,
1737 1363 1801 1400 ubi
1821 1362 1943 1400 Orcll.
1969 1375 2073 1399 com-

1201 1421 1313 1468 parat
1348 1417 1481 1456 Barth.
1514 1418 1564 1456 ad
1595 1419 1693 1456 Stat.
1724 1418 1868 1456 Achill.
1901 1418 1946 1456 ll.
1982 1422 2073 1458 176.

1202 1473 1418 1525 V01.111.p.
1438 1478 1556 1515 1729.
1583 1474 1632 1514 cf.
1647 1474 1697 1512 ad
1709 1474 1806 1514 Met.
1821 1474 1887 1512 Vl.
1908 1488 1944 1525 p.
1961 1474 2072 1528 396]

1259 1585 1463 1625 Guavlll.
1509 1587 1554 1625 in
1584 1588 1694 1627 se'uus
1720 1587 1925 1639 flaccidos
1949 1587 2073 1626 almu-

1201 1642 1337 1680 dante.
1397 1641 1610 1694 Perpcram
1647 1643 1797 1694 aliquot
1833 1642 1947 1680 codd.
1986 1656 2072 1680 cum

1199 1697 1396 1735 nonnullis
1421 1699 1511 1737 edd.
1543 1699 1636 1738 dant
1662 1700 1883 1752 floceldos,
1916 1699 2027 1750 quasi
2050 1712 2075 1736 a

1195 1755 1340 1806 flocm's
1370 1754 1514 1800 dictos,
1552 1756 1615 1806 qui
1653 1756 1688 1793 in
1720 1756 1860 1807 pannis
1891 1756 2072 1793 eminent.

1201 1810 1322 1849 Tales
1342 1824 1433 1849 vero
1455 1826 1528 1850 non
1550 1812 1755 1850 convenire
1775 1811 1951 1849 muliebri
1970 1811 2072 1849 vesti

1197 1866 1374 1913 floridae,
1416 1881 1545 1918 neque
1580 1882 1604 1906 a
1638 1868 1883 1906 substantivo
1917 1869 2074 1919 floccus

1197 1922 1277 1961 tale
1301 1924 1536 1962 adiectivum
1561 1924 1717 1963 formari
1749 1938 1821 1975 per
1850 1924 2069 1974 analogiam

1197 1992 1340 2031 posse.
1366 1984 1540 2019 autumat
1564 1980 1665 2019 Oud.
1699 1979 1805 2033 [Hac
1822 1983 1949 2018 tamen
1968 1980 2005 2018 in
2025 1992 2070 2017 re

1196 2050 1282 2074 cum
1314 2035 1417 2075 Oud.
1454 2038 1674 2075 consentire
1710 2049 1875 2087 nequeo.
1925 2036 2054 2082 Quam

1197 2106 1312 2144 quam
1339 2093 1439 2131 enim
1465 2098 1612 2132 certum
1644 2097 1721 2139 cst,
1753 2093 1945 2131 adiectiva
1969 2105 2071 2143 quae

1196 2150 1232 2187 in
1257 2150 1354 2189 ‘idus
1377 2151 1599 2195 terminant,
1636 2151 1769 2200 reique
1800 2162 1980 2199 magnam
2005 2162 2068 2187 eo-

1195 2206 1298 2256 piam
1342 2207 1579 2257 exprimunt,
1617 2206 1846 2257 plerumque
1882 2218 1906 2243 a
1935 2205 2067 2242 verbis

1195 2261 1354 2308 deduci,
1380 2267 1422 2301 ut
1442 2264 1635 2316 floridae,
1664 2263 1864 2313 pavidus,
1889 2261 2067 2306 albidus,

1195 2319 1420 2365 candidam,
1441 2321 1636 2370 putidas,
1662 2319 1846 2363 timidus,
1877 2318 2066 2369 rapidus,

1190 2374 1371 2420 validus,
1403 2379 1532 2414 tamen
1557 2379 1649 2413 sunt
1672 2375 1765 2414 alia.
1798 2387 1899 2424 quae
1930 2387 1953 2411 a
1976 2374 2065 2412 sub-

1190 2431 1370 2469 stantivis
1396 2432 1663 2470 tantummodo
1690 2432 1853 2469 derivari
1884 2433 2063 2482 possunt.

1188 2485 1277 2525 Huc
1290 2489 1455 2539 pertinet
1466 2489 1688 2533 morbidus,
1715 2488 1823 2525 cuius
1838 2487 1911 2525 nisi
1925 2499 1949 2524 a
1960 2501 1997 2524 uz
2004 2499 2066 2524 or-

1188 2543 1260 2582 ltus
1294 2544 1540 2582 substantivo
1577 2544 1763 2594 originem
1800 2543 1944 2589 duces,
1986 2555 2063 2580 non

1185 2599 1365 2646 habebis.
1376 2614 1452 2651 quo
1466 2600 1609 2639 referre
1623 2601 1776 2651 possis3
1797 2600 1850 2639 ita
1862 2599 2061 2643 roscidus,

1191 2656 1252 2694 vel
1278 2657 1434 2708 proprie
1460 2658 1641 2702 rosulas,
1673 2655 1779 2707 quod
1814 2670 1889 2694 non
1915 2668 1938 2693 a
1966 2667 2065 2693 ‘rore

1189 2717 1268 2758 est,
1293 2713 1397 2751 unde
1415 2714 1584 2753 roi-idus
1608 2713 1658 2751 lit.
1706 2712 1806 2751 Hinc
1830 2713 1941 2763 igitur
1962 2713 2061 2764 floc-

1187 2770 1317 2815 cidus,
1338 2770 1489 2821 plenus
1499 2771 1726 2822 floccorum
1740 2772 1817 2814 est,
1844 2781 1917 2806 nec
1929 2766 2059 2812 video,

1185 2838 1252 2863 cur
1275 2826 1454 2864 muliebri
1478 2827 1579 2863 vesti
1604 2825 1762 2863 floridae
1793 2825 1893 2863 haec
1916 2823 2059 2874 signiti-

1183 2882 1283 2920 catio
1316 2897 1390 2921 non
1416 2882 1643 2928 conveniat,
1686 2881 1915 2933 praesertim
1941 2892 2059 2930 quum

1181 2938 1232 2975 de
1255 2939 1491 2977 vestimento
1515 2938 1689 2976 mulieris
1714 2937 1904 2975 asinariae
1928 2948 2060 2974 sermo

1179 2995 1241 3032 sit.
1279 2995 1379 3033 Sunt
1395 2999 1526 3034 autem
1539 2995 1616 3033 duo
1630 3006 1731 3045 quae
1743 3006 1808 3031 me
1826 2992 2058 3044 impediunt,

1179 3052 1384 3101 quominus
1420 3052 1521 3090 hanc
1556 3051 1763 3089 lectionem
1794 3049 2058 3100 comprobem,

248 3099 405 3137 beratus
419 3105 512 3140 erat.
538 3102 711 3142 Orellius
724 3105 774 3142 ad
788 3105 824 3144 h.
839 3105 862 3145 l.
879 3105 923 3145 T.
938 3105 982 3145 11.
996 3121 1033 3159 p.
1049 3110 1116 3147 81.
1174 3107 1340 3157 primum
1347 3108 1449 3147 Mss.
1457 3108 1680 3152 auctoritas,
1690 3106 1754 3157 qui
1765 3107 1897 3156 optimi
1912 3105 2058 3156 quique

249 3155 341 3193 citat
369 3154 487 3195 Reiff.
529 3158 581 3197 ad
612 3158 844 3201 Artemidor.
887 3161 933 3202 ll.
977 3176 1009 3201 e.
1049 3167 1114 3205 60.
1171 3164 1376 3216 flaccidos
1388 3163 1787 3218 p1·aebent,tum,quia
1799 3162 1875 3201 hoc
1887 3161 2055 3200 vocabu-
