2155 3590
678 171 863 224 LIBER
893 170 970 211 XI.
1029 170 1156 212 CAP.
1188 170 1283 210 XV.

1771 168 1880 211 1039

89 293 127 326 et
151 299 325 326 errorem
357 299 468 326 suum
500 292 802 340 recognoscant.
861 283 922 324 En
956 297 1046 323 ecce
1078 282 1252 337 pristinis
1286 281 1483 322 aerumnis
1514 280 1736 331 absolutus,
1764 279 1880 321 Isidis

88 355 254 396 magnae
289 341 495 396 prudentia
531 342 706 395 gaudens
741 341 912 391 Lucius,
951 341 997 381 de
1034 354 1103 380 sua
1136 341 1293 379 fortuna
1317 337 1566 394 [triumphat.
1629 337 1718 391 Quo
1750 345 1880 378 tamen
1904 344 1969 377 784

89 399 210 438 tutior
245 398 299 438 sis
337 405 452 451 atque
489 398 696 448 munitior,
736 399 783 437 da
821 411 962 437 nomen
1000 403 1160 437 sanctae
1191 395 1278 434 huic
1310 394 1494 444 militiae,
1534 394 1643 434 cuius
1682 408 1759 434 non
1790 394 1881 434 olim

90 461 336 495 sacramento
361 454 476 494 etiam
502 454 733 508 rogabaris:
762 461 876 507 teque
895 453 970 492 iam
995 467 1098 492 nunc
1118 451 1304 504 obsequio
1324 450 1528 504 religionis
1550 457 1708 490 nostrae
1729 451 1879 501 dedica⁷

92 518 131 551 et
155 510 362 551 ministerii
396 510 528 564 iugum
561 511 644 551 subi
677 511 954 551 voluntarium.
1013 508 1117 549 Nam
1149 522 1234 548 cum
1261 507 1437 561 coeperis
1469 507 1563 547 deae
1589 507 1763 559 servire,
1792 514 1883 547 tunc

91 567 216 622 magis
240 567 388 608 senties
415 567 581 607 fructum
607 574 697 607 tuac
722 566 932 607 libertatis.

91 675 124 700 et
149 680 223 700 ecce
246 672 283 701 L.
308 681 371 708 qua
396 673 586 702 confusione
610 673 691 701 nihil
720 672 918 707 frequentius
944 675 1002 700 est.
1056 671 1179 708 primis
1209 669 1379 698 aerumnis
1404 668 1568 697 absolutis
1595 670 1616 699 f.
1648 673 1728 699 teste
1751 670 1884 698 Roaldo.

92 717 208 746 Isidr'v’s
228 726 370 756 magnae
391 718 425 748 1,.
462 718 592 746 insidiis
613 726 755 754 magnae
778 726 806 752 p.
843 717 871 744 is
885 725 1004 755 magne
1019 719 1100 750 quod
1115 717 1148 745 in
1162 716 1234 744 suis
1247 716 1408 750 excerptis
1422 716 1458 744 G.
1478 715 1554 750 legit
1570 716 1648 743 Oud.
1663 716 1810 749 equidem
1825 723 1885 743 non

93 764 222 800 inveni,
247 765 305 792 sed
325 768 356 792 ut
378 765 410 792 in
428 768 501 793 cett.
521 766 609 792 codd.
630 762 723 791 isatis
746 771 897 799 umgmw.
941 761 1125 798 prodentia
1145 763 1181 790 F.
1200 763 1230 790 3.
1251 763 1286 789 G.
1307 762 1342 789 P.
1364 762 1398 789 Ο.
1418 761 1455 789 D.
1475 762 1511 789 1,.
1531 756 1559 788 ὁ.
1581 759 1602 789 f.
1623 769 1652 794 p.
1673 761 1706 788 Β.
1728 761 1798 788 edd.
1812 765 1887 789 ante

92 810 241 837 Beroald.
265 811 301 837 ln
327 813 400 838 cett.
422 808 655 845 procidentia,
687 809 751 837 nisi
776 809 856 842 quod
881 810 965 836 lunt.
989 809 1020 836 2.
1064 805 1298 843 procidentiae
1329 807 1424 834 hahet
1454 809 1482 834 et
1510 806 1584 833 Bas.
1613 807 1642 834 1.
1674 803 1887 841 prudentiae.

93 852 132 880 de
144 854 298 893 fortuna
316 861 378 882 sua
397 854 416 883 f.
453 853 491 880 de
511 862 574 881 sua
585 853 709 893 formu
728 855 762 882 Ο.
812 852 874 880 libi
890 854 972 887 quod
992 855 1067 880 ante
1082 849 1214 879 eaodem
1228 853 1317 887 vulg.
1338 851 1409 879 edd.
1429 850 1611 886 intrudunt,
1636 850 1669 878 in
1689 851 1777 878 nullo
1797 851 1887 878 codd.

94 900 252 933 reperitur
271 903 396 934 praeter
415 901 450 927 1..
477 901 601 927 Habent
623 907 796 933 pronomen
817 899 907 927 colv.
922 899 1015 927 vute.
1032 899 1060 926 2².
1080 899 1191 925 xvow.
1207 898 1290 925 Prie.
1317 897 1446 924 Ruhnk.
1466 899 1576 924 contra
1594 896 1672 923 Oud.
1694 896 1888 924 sententiam

94 945 237 972 retinuit.
285 944 397 982 sisque
417 952 471 978 pro
491 944 537 972 sis
557 947 661 981 atque
679 946 792 972 Venet.
814 946 843 972 4.
869 944 947 971 Bas.
969 944 996 971 1.
1015 943 1121 970 Paris.
1168 944 1311 969 sanetae
1336 939 1414 967 hnic
1433 939 1467 969 F.
1488 942 1518 969 3.
1539 941 1574 969 G.
1594 942 1632 969 D.
1655 941 1690 969 P.
1711 939 1731 968 f.
1755 942 1838 968 lunt.
1857 942 1888 968 2.

92 991 131 1018 In
144 994 217 1018 cett.
231 987 309 1017 lem'c
322 992 475 1017 sanctae.
523 989 702 1026 rogabat-is
716 990 751 1017 F.
771 990 796 1017 l.
811 990 841 1017 3.
857 989 891 1017 L.
909 996 937 1022 p.
951 989 1022 1016 edd.
1035 992 1110 1016 vett.
1125 991 1201 1016 ante
1214 987 1302 1015 Colv.
1317 988 1399 1015 Elm.
1413 986 1552 1014 Scriver.
1582 984 1757 1022 rogaberis
1771 986 1792 1013 f.
1807 987 1844 1014 R.
1860 982 1889 1014 ὁ.

93 1035 190 1063 Vulc.
227 1038 262 1061 et
281 1034 454 1072 rogaberis
474 1032 504 1062 δ’.
541 1033 635 1062 cuius
655 1034 730 1061 olim
813 1032 996 1060 laetaberis
1011 1034 1120 1060 wow.
1133 1033 1218 1060 Prie.
1232 1032 1351 1060 Florid.
1375 1031 1552 1066 Sopingius
1565 1030 1737 1064 adscripsit
1751 1030 1891 1065 margini

94 1079 317 1116 inrogaberis.
341 1081 451 1108 Verba
463 1080 556 1106 cm'os
572 1088 674 1113 usque
688 1080 726 1108 ad
741 1078 921 1116 rogaberis
935 1078 1161 1106 desiderantur
1173 1077 1204 1105 in
1219 1080 1255 1105 G.
1269 1078 1304 1104 P.
1319 1078 1356 1105 D.
1372 1077 1406 1104 Ο.
1421 1084 1456 1105 π.
1481 1078 1517 1104 In
1531 1076 1566 1104 F.
1581 1077 1610 1103 3.
1625 1079 1802 1104 atramento
1815 1079 1892 1104 sunt

97 1126 235 1154 obducta
253 1126 310 1153 sed
330 1126 395 1161 legi
413 1126 509 1153 etiam
525 1133 610 1153 nunc
625 1128 770 1158 possunt.
819 1123 1007 1160 obsequium
1023 1125 1058 1151 G.
1073 1125 1110 1151 D.
1125 1124 1161 1151 P.
1209 1120 1326 1148 dicata
1343 1129 1372 1156 p.
1420 1120 1642 1149 ministerium
1656 1121 1766 1158 iugum
1787 1119 1851 1148 sihi
1868 1120 1891 1149 f.

95 1170 204 1197 sevire
224 1171 352 1199 Vicent.

98 1247 174 1283 vim
199 1246 501 1297 praepositionis
535 1247 633 1283 bene
659 1245 836 1283 illustrat.
892 1244 963 1282 Mi-

1077 1244 1315 1294 prndentia.
1390 1242 1498 1294 [Hoc
1528 1256 1612 1281 curn
1644 1241 1826 1280 Beroald.
1853 1246 1892 1280 et

99 1317 161 1340 ror
185 1307 326 1348 tamen,
352 1304 415 1352 qui
438 1301 539 1340 Oud.
573 1315 738 1351 cumque
764 1315 811 1338 eo
837 1300 962 1338 Hand.

1023 1300 1155 1337 multis
1192 1299 1277 1336 aliis
1309 1300 1601 1350 interpretibus,
1639 1312 1739 1349 quos
1777 1299 1892 1336 etiam

100 1359 325 1410 perspicere
352 1371 422 1396 non
449 1358 649 1409 potuerint,
677 1359 717 1395 ἱη
739 1362 880 1395 ocante
905 1356 967 1394 hic

102 1414 189 1452 ferri
214 1428 288 1451 non
313 1427 448 1466 posse.
487 1414 529 1451 Si
555 1415 655 1451 enim
682 1413 803 1458 locos,
830 1412 893 1450 ubi
924 1414 966 1450 in

100 1470 339 1522 praepositio
371 1484 393 1507 a
426 1468 553 1520 poetis
585 1474 623 1507 et
647 1483 670 1507 a
694 1469 888 1519 sequioris
917 1468 967 1505 la-

99 1527 259 1566 tinitatis
307 1526 558 1576 scriptoribus
603 1529 668 1564 aut
710 1525 968 1563 abundantiae

101 1587 167 1621 aut
193 1583 329 1634 copiae
355 1596 498 1620 caussa
529 1587 568 1620 ut
599 1582 746 1627 dicunt,
783 1581 969 1626 adiicitur,

102 1640 320 1678 accuratius
358 1639 752 1683 consideraret-inuis,
802 1639 850 1675 ibi
887 1641 970 1675 tan-

101 1695 301 1734 tummodo
334 1708 418 1732 eam
450 1696 540 1747 poni
576 1695 690 1733 licere
720 1694 971 1737 inveniemus,

101 1753 164 1790 ubi
198 1765 342 1790 caussa
371 1753 607 1803 exprimitur,
646 1765 721 1801 qua
758 1751 847 1800 quid
880 1750 971 1788 effe-

103 1813 206 1847 ctum
232 1812 311 1854 est,
348 1812 389 1846 ut
415 1807 480 1846 ΥΙ.
505 1821 540 1858 p.
562 1812 653 1847 390.
688 1809 732 1845 in
766 1807 973 1846 laboribus

104 1865 266 1915 defessa
291 1865 314 1902 i.
336 1878 368 1902 e.
396 1878 442 1902 eo
469 1864 571 1914 quod
599 1867 633 1902 in
661 1863 858 1901 laboribus
891 1866 973 1900 erat

105 1926 144 1959 et
174 1922 223 1960 ab
254 1921 300 1958 iis
327 1922 439 1971 quasi
472 1921 721 1961 circumdata.
759 1919 973 1970 defatigata

106 1979 153 2016 iis
167 1982 246 2025 est3
272 1977 319 2016 cs.
335 1977 515 2029 exempla
537 1991 637 2028 quae
656 1977 703 2014 ad
720 1976 815 2015 Met.
832 1980 971 2026 p.754.

106 2033 258 2086 protuli.
301 2033 521 2084 Numquam
545 2047 634 2070 vero
657 2033 750 2071 ratio
770 2032 844 2071 hac
863 2045 973 2083 prae-

106 2090 302 2142 positione
327 2091 566 2141 exprimitur,
593 2103 668 2140 qua
693 2103 755 2127 res
782 2088 973 2139 quaedam

106 2146 282 2198 perfecta
306 2152 378 2185 est.
429 2145 531 2192 Quia
557 2160 647 2184 voro
673 2146 911 2184 abundanter
937 2149 976 2182 et

108 2205 193 2241 sine
218 2203 297 2241 ullo
323 2217 443 2242 sensu
475 2216 599 2255 posse
630 2202 740 2241 adiici
775 2202 975 2253 praeposi·-

108 2261 249 2298 tlonem
276 2260 474 2310 putabant,
499 2260 644 2309 ubique
662 2272 747 2296 eam
769 2259 974 2303 intrudere,

107 2317 172 2354 ubi
186 2316 399 2360 videbatur,
414 2317 486 2354 sibi
501 2316 705 2354 sumebant
717 2315 800 2353 lntt.
827 2314 886 2352 Ex
901 2329 974 2352 usu

109 2374 221 2423 igitur
245 2373 493 2424 grammatico
520 2384 634 2422 quum
662 2373 702 2410 ἰη
729 2373 866 2410 oranti
890 2385 975 2423 pro-

111 2429 190 2467 bari
216 2433 398 2480 nequeat,
424 2428 626 2480 praeferas
652 2429 848 2472 inovanti,
876 2441 976 2478 quae

111 2485 339 2537 compositio
366 2486 440 2523 vim
461 2489 578 2536 auget
602 2485 788 2535 primitivi.
828 2484 979 2523 Oranti

110 2555 203 2579 vero
234 2556 306 2580 nec
335 2544 502 2581 novanti
532 2556 617 2579 cum
650 2540 840 2578 nonnullis
867 2541 976 2579 inter-

110 2599 285 2650 pretibus
321 2598 580 2649 recipiendum
625 2610 735 2642 esse,
787 2597 978 2635 vindicant

110 2667 223 2706 seqq.
257 2655 378 2694 Isidis
413 2668 587 2708 *nrafflme
618 2655 842 2705 prudentio
878 2668 979 2706 yan-

113 2712 211 2750 clem·
243 2711 397 2750 Lucius
426 2712 478 2749 de
507 2726 578 2749 sua
607 2713 780 2761 for-imm
817 2711 980 2749 trium-

111 2768 246 2821 phat.
296 2766 333 2805 ln
362 2781 459 2804 novo
486 2768 602 2804 verbo
628 2767 794 2805 imntare
819 2781 892 2804 non
920 2767 979 2804 of-

112 2823 345 2862 fendendum
378 2828 456 2869 est,
494 2836 609 2873 quum
638 2823 718 2862 Al'ri
749 2836 797 2860 ea
826 2836 980 2874 compo·

113 2882 189 2919 sita
213 2883 352 2926 ament,
378 2884 419 2919 ut
444 2879 647 2926 intoIlcre,
673 2879 896 2923 intrahere,
922 2881 979 2918 in-

114 2938 262 2983 anit-113,
291 2938 500 2981 imme-are,
526 2937 712 2975 inalbare
732 2939 770 2973 et
789 2935 979 2982 inalbere,

112 2992 301 3040 inaltare,
326 2994 603 3045 incapistrore
627 2992 731 3044 apud
759 2992 978 3043 Apuleium,

111 3050 296 3095 irrorare,
328 3051 538 3095 inoruare,
564 3050 812 3101 inspumare,
837 3049 979 3087 inalte-

111 3119 206 3143 νην-ε
231 3106 331 3157 apud
349 3105 628 3144 Tertullianum
650 3118 696 3143 ac
715 3105 853 3143 similia
875 3105 976 3157 apud

111 3165 265 3202 ceteros
291 3162 441 3218 Afros]

1025 1355 1302 1393 Oudseeutus·
1324 1359 1402 1399 est,
1430 1370 1502 1393 non
1522 1355 1759 1393 mutaverim.
1787 1355 1892 1394 Pru.-

1027 1412 1167 1450 deutia
1205 1415 1266 1449 est
1302 1413 1400 1450 enirn
1433 1413 1518 1462 ipsa
1553 1411 1806 1463 providentia,
1842 1424 1892 1449 ex

1026 1482 1102 1518 quo
1147 1468 1336 1506 vocabulo
1380 1467 1473 1505 illud
1516 1472 1751 1506 contractum
1799 1481 1893 1506 esse

1028 1525 1155 1562 sciunt
1180 1526 1295 1574 pueri.
1346 1524 1402 1562 lta
1438 1524 1514 1563 Cic.
1551 1524 1601 1562 de
1638 1524 1793 1562 Senect.
1825 1528 1892 1564 21.

1026 1582 1260 1631 futurormn
1283 1595 1314 1632 p
1324 1595 1376 1619 ru
1387 1580 1477 1619 (len
1488 1582 1567 1625 lia,
1592 1568 1657 1619 ubi
1671 1580 1734 1618 alii
1749 1580 1894 1618 malunt

1025 1637 1300 1689 providentia.
1329 1637 1463 1676 Gloss.
1490 1636 1588 1675 Phil.
1616 1650 1652 1688 p.
1682 1641 1771 1677 175.
1794 1650 1894 1688 pro-

1029 1694 1209 1732 videntia
1231 1692 1390 1743 πρόνοια
1411 1694 1636 1744 prudentia
1653 1722 1660 1730 .
1677 1723 1685 1732 .
1700 1723 1708 1731 .
1723 1689 1894 1745 πρόνοια.

1031 1749 1090 1787 Eo
1133 1763 1224 1786 vero
1268 1749 1371 1799 quod
1408 1750 1570 1801 saepius
1611 1751 1646 1787 in
1689 1749 1764 1788 hoc
1806 1750 1894 1788 loco

1033 1806 1168 1855 legitur
1205 1806 1306 1844 deae.
1334 1807 1613 1857 procidentia,
1651 1820 1725 1843 non
1762 1806 1896 1857 sequi-

1032 1867 1109 1903 tur.
1149 1861 1211 1900 hic
1252 1876 1407 1913 (pioque
1446 1862 1652 1913 legendum
1690 1876 1800 1910 esse3
1847 1862 1896 1901 cf.

1031 1918 1079 1956 ad
1096 1918 1190 1956 Met.
1206 1918 1255 1957 X.
1282 1933 1317 1970 p.
1333 1923 1425 1959 747.
1463 1918 1532 1957 Lis
1558 1932 1715 1970 semper
1739 1932 1760 1956 e
1785 1918 1899 1958 codd.

1031 1974 1106 2012 fide
1132 1976 1203 2013 erit
1227 1975 1471 2014 diiudicanda
1497 1975 1545 2014 cs.
1572 1975 1698 2014 Doed.
1725 1976 1821 2026 Syn.
1846 1975 1896 2014 V.

1031 2046 1067 2083 p.
1098 2031 1207 2084 113]

1091 2089 1147 2127 da
1182 2102 1323 2127 nomen
1366 2089 1461 2127 lmic
1507 2089 1676 2127 militiae
1722 2093 1897 2128 sanctae.

1035 2145 1191 2184 Nomen
1228 2145 1330 2183 (lare
1372 2145 1566 2196 proprium
1609 2149 1691 2183 erat
1737 2145 1898 2183 militum

1034 2201 1199 2245 rudium,
1226 2203 1288 2250 qui
1313 2205 1556 2240 sacramento
1582 2202 1631 2240 ad
1656 2202 1827 2240 militiam
1852 2215 1899 2238 se

1035 2258 1342 2307 obstringebant3
1374 2258 1420 2296 ct.
1448 2257 1546 2297 Prie.
1572 2259 1620 2297 ad
1646 2258 1681 2296 h.
1709 2258 1730 2297 l.
1769 2258 1899 2297 Minus

1032 2319 1138 2352 recte
1164 2313 1263 2352 Etm.
1297 2328 1441 2352 morem
1469 2314 1767 2353 Christianorum
1799 2328 1900 2352 com-

1033 2375 1162 2423 parat,
1189 2373 1251 2421 qui
1278 2375 1482 2422 antequam
1509 2372 1810 2423 baptizarentur,
1836 2371 1901 2408 ad-

1036 2428 1102 2466 ulti
1147 2429 1242 2466 inter
1290 2432 1560 2480 competente-s·
1605 2442 1744 2467 nomen
1788 2441 1900 2466 suum

1036 2485 1190 2523 dabant

1093 2542 1207 2581 cuius
1243 2555 1323 2580 non
1362 2541 1456 2580 olim
1492 2547 1745 2581 sacramento
1782 2542 1901 2580 eliam

1036 2598 1264 2650 τυῃαύανίς.
1326 2598 1424 2637 Non
1450 2598 1544 2636 olim
1577 2602 1638 2635 est
1673 2613 1744 2636 non
1783 2598 1901 2635 multo

1038 2659 1126 2693 ante
1153 2654 1200 2692 cs.
1228 2655 1324 2693 Met.
1339 2653 1389 2693 X.
1415 2668 1452 2705 p.
1469 2658 1560 2695 695.
1587 2668 1646 2693 me
1671 2669 1765 2693 von
1792 2654 1903 2693 olim

1039 2716 1294 2750 convenerat.
1330 2710 1405 2748 isis
1431 2710 1547 2762 paulo
1573 2715 1661 2749 ante
1681 2712 1755 2749 imo
1777 2709 1903 2762 priore

1038 2771 1152 2806 nocte
1189 2769 1434 2817 promiserat,
1478 2781 1524 2805 se
1561 2768 1633 2818 ipsi
1671 2767 1905 2806 reddituram

1039 2824 1122 2862 fore
1154 2823 1359 2862 humanam
1397 2823 1557 2861 formam
1591 2837 1637 2862 ea
1668 2823 1904 2870 condicione,

1037 2885 1079 2919 ut
1102 2884 1346 2919 sacramento
1372 2894 1470 2918 suae
1496 2880 1653 2917 militiae
1684 2884 1843 2931 rogatus
1869 2881 1904 2918 ei

1039 2950 1178 2974 nomen
1204 2937 1330 2983 daret3
1367 2937 1415 2975 cf.
1442 2950 1476 2987 p.
1505 2941 1597 2977 766.
1627 2937 1754 2987 plane
1778 2938 1906 2976 memi-

1038 2994 1145 3031 m’rae’s
1177 2998 1215 3031 et
1241 2994 1381 3044 penita
1411 2997 1538 3031 mente
1574 2994 1783 3031 conditum
1813 3007 1907 3032 sem-

1034 3064 1114 3102 per
1141 3050 1306 3093 tenebis,
1344 3050 1507 3100 ‘reliqua
1531 3049 1634 3087 citae
1659 3053 1752 3087 tzme
1778 3052 1904 3088 corri-

1040 3106 1132 3145 culo
1159 3105 1342 3158 adusque
1366 3106 1556 3144 terminos
1579 3105 1711 3143 ultimi
1735 3107 1905 3157 spiritus

1038 3162 1202 3202 vadala.
1274 3163 1359 3201 Λα·
1390 3161 1579 3203 iniurium
1614 3161 1727 3202 cuius
1763 3162 1903 3221 benefi-
