2155 3590
637 111 824 153 LIBER
853 113 904 154 V.
963 112 1092 155 CAP.
1123 113 1268 156 XXX.
1753 117 1834 162 387

53 223 282 267 contemnis.
330 221 418 264 Nee
437 221 445 279 Ι
464 222 648 264 vitricum
683 231 814 276 tuum,
853 226 1110 267 fortissimum
1134 227 1242 267 inum
1265 226 1556 281 maximumque
1587 228 1831 282 bellatorem,
1859 243 1923 276 376

49 280 203 323 metuis.
248 277 419 332 Quidni?
455 278 518 319 cui
546 280 702 333 saepius
731 280 773 320 in
798 294 987 336 angorem
1010 283 1086 323 mei
1109 283 1313 337 pellicatus
1337 284 1484 338 puellas
1509 285 1717 338 propinare
1741 300 1835 327 con-

49 336 185 378 suesti.
213 333 292 377 Sed
310 335 386 375 iam
410 336 506 376 faxo
531 342 571 376 te
593 335 703 376 lusus
729 336 841 378 huius
866 339 1079 393 poeniteat,
1107 346 1145 380 et
1169 339 1317 380 sentias
1342 340 1474 381 acidas
1500 347 1539 380 et
1563 353 1718 382 amaras
1736 342 1833 384 istas

47 472 201 504 cathenis
219 482 276 509 pro
297 474 479 503 contemnis
497 482 527 510 p.
563 474 739 503 victricum
754 476 790 505 G.
803 477 835 505 2.
848 477 887 506 D.
902 480 931 505 et
944 476 978 506 in
991 478 1061 506 edd.
1075 481 1164 516 vett„
1179 480 1260 513 quod
1274 478 1340 507 fere
1352 486 1480 513 semper
1489 476 1524 507 in
1536 479 1699 514 Apologia
1712 480 1759 510 ita
1768 483 1836 518 legi

47 522 269 549 observabam.
293 518 449 547 vitricam
463 518 557 547 illum
573 520 762 559 muntfort.
780 520 951 558 ipsumque
969 523 1154 551 maximum
1168 522 1363 551 bellatorem
1376 524 1397 553 s.
1411 525 1449 552 R.
1495 523 1686 563 illumfort.
1701 527 1737 554 G.
1750 528 1781 555 2.
1794 528 1834 556 D.

47 571 109 602 que
121 567 211 593 abest
226 565 267 592 ab
281 564 315 592 Ο.
362 564 396 592 in
408 572 591 602 nangorem
605 567 641 595 G.
653 567 684 595 2.
698 567 737 594 D.
777 564 965 603 pellicatus
979 569 1015 596 G.
1028 569 1059 596 2.
1073 569 1112 597 D.
1149 567 1322 596 consuesti
1332 576 1442 597 omnes
1454 571 1547 606 Mss.‚
1561 573 1688 603 praeter
1700 571 1736 600 B.
1751 572 1788 600 G.
1801 573 1834 601 2.

47 611 86 639 D.
107 612 138 638 et
151 610 220 638 edd.
234 612 308 637 ante
321 610 438 646 Basi1.,
456 611 539 644 quod
550 612 632 639 bene
645 611 818 640 restituunt
829 613 913 640 Elm.
928 612 1031 641 scriv.
1049 613 1169 642 Floria.
1194 614 1231 642 In
1244 618 1316 642 cett.
1330 612 1544 642 consuevisti.
1592 613 1651 642 sed
1662 615 1833 654 inuisam

43 654 81 684 1¹¹.
91 655 119 682 1.
129 654 202 682 3.P.
211 653 234 682 f.
243 655 278 682 G.
287 655 317 683 2.
326 655 360 683 O.
369 652 444 684 ὁ“.Ι).
455 658 534 684 lunt.
543 657 573 684 2.
583 656 686 685 Sci-iv.
699 657 736 684 In
746 660 817 685 cett.
833 655 915 691 [iam
929 659 1030 686 abest.
1056 656 1160 685 lutus
1169 659 1289 687 G.2.P.
1298 659 1332 687 Ο.
1341 660 1380 687 D.
1394 656 1449 693 [de
1461 660 1522 687 hac
1533 661 1644 689 verbb.
1657 661 1836 690 mutatione

44 698 86 728 cf.
103 700 242 727 Gronov.
264 700 398 728 observ.
415 701 472 729 111.
490 702 521 729 4.
541 701 583 729 ad
601 702 714 730 Senec.
732 701 862 735 Hippol.
882 703 958 730 449.
976 702 1119 732 Broukh.
1133 704 1175 732 ad
1187 704 1282 737 Prop.
1294 705 1334 732 11.
1350 705 1468 732 13:279.
1493 704 1547 732 Sic
1567 703 1679 732 eluxit
1692 710 1721 733 et
1734 704 1840 734 elusit

41 747 266 779 permutantur
276 744 367 779 virg.
381 746 417 773 G.
430 746 454 774 Ι.
467 744 561 780 226]
596 746 720 773 senties
734 754 764 780 p.
789 746 976 774 sententias
989 747 1118 777 Vicent.
1130 749 1245 778 Venet.
1257 749 1289 778 2.
1325 747 1463 778 accidas
1475 747 1517 778 D.
1553 757 1694 778 amarus
1705 752 1790 779 lunt.
1801 753 1834 780 2.

43 787 131 817 istas
143 788 282 825 nuptias
293 790 330 818 F.
343 791 375 819 3.
389 791 424 819 G.
438 792 470 820 2.
483 791 523 820 D.
537 790 560 819 f.
569 791 654 820 Iunt.
666 792 698 820 2.
722 792 760 820 In
773 795 843 820 cett.
856 791 994 828 nuptias
1007 791 1106 822 istas,

41 898 143 937 sima
161 902 224 937 est
236 897 338 939 Oud.
358 898 579 952 explicatio,
599 913 713 951 quam
725 900 909 940 Pricaeus

41 955 119 994 iam
148 959 238 993 ante
269 968 356 994 eum
386 961 658 1008 proposuerat:
689 957 828 1009 Agitur
858 958 908 998 de

39 1009 263 1062 pulsatione
286 1016 327 1050 et
342 1013 579 1060 verberibus,
603 1013 654 1051 ad
671 1027 771 1065 quae
791 1013 908 1053 denu-

41 1065 158 1105 dandi
182 1072 290 1106 erant
318 1067 543 1119 vapulaturi.
590 1069 817 1109 Denmlare
844 1070 908 1109 hic

39 1127 134 1176 puto
149 1123 291 1162 dictum
305 1137 398 1162 esse
411 1124 637 1171 devenere,
653 1126 761 1164 cuius
774 1130 908 1165 natura

41 1179 152 1229 quasi
168 1183 286 1231 atque
300 1179 482 1219 libidines
501 1180 758 1228 denudantur,
779 1186 818 1220 et
840 1181 907 1220 ho-

22 1232 206 1274 ‘minibus
218 1236 529 1284 manifestantur,
552 1250 652 1287 quae
665 1238 814 1288 abipso
829 1238 905 1276 filio

23 1292 204 1342 cogitur,
241 1296 284 1330 ut
305 1291 409 1330 male
433 1293 537 1345 apud
561 1293 739 1331 homines
764 1293 904 1332 audiat.

41 1345 219 1386 ceterum
249 1348 300 1386 de
329 1350 523 1388 sententia
557 1348 632 1388 loci
663 1350 906 1388 conferantur

42 1415 141 1454 quae
157 1402 344 1443 Pricaeus
363 1405 534 1457 adhunc
552 1404 680 1445 locum
698 1406 801 1445 bene
818 1420 905 1459 pro-

38 1458 126 1499 tulit
147 1460 363 1514 exempla]

66 1518 70 1519 ⁷
97 1517 253 1570 quidni.
302 1517 395 1570 [Est
423 1517 540 1557 valde
571 1520 837 1558 asseverantis
867 1523 908 1558 et

28 1571 262 1612 'admirantis
275 1587 359 1612 cum
374 1575 493 1613 ironia
507 1575 673 1627 quadam
688 1575 734 1615 cf.
745 1575 906 1628 Sciopp.

34 1628 91 1667 ad
112 1627 267 1669 Petron.
293 1643 324 1669 e.
353 1635 445 1671 127.
474 1643 512 1682 p.
538 1636 630 1673 786.
666 1631 816 1679 Burm.‚
841 1632 906 1683 qui

36 1687 167 1724 tamen
181 1686 337 1737 Apuleii
365 1687 546 1739 exempla
569 1689 666 1726 inter
689 1701 784 1726 sese
804 1701 905 1727 com-

34 1742 202 1780 miscuit.
234 1743 367 1794 Saepe
391 1744 492 1782 enim
515 1745 780 1796 interrogatiO,
805 1758 905 1796 quae

38 1796 76 1836 in
98 1798 244 1850 quidni
263 1799 383 1846 inest,
409 1813 592 1840 caussam
606 1802 774 1839 continet
787 1805 905 1851 atque

39 1853 355 1906 explicationem,
381 1870 481 1907 quae
505 1857 542 1895 in
568 1870 681 1908 seqq.
702 1857 905 1910 adiicitur]

91 1912 324 1962 propinare
343 1915 554 1952 consuesti.
605 1912 754 1966 [Quum
779 1912 911 1951 durius

38 1965 214 2005 videatur
232 1967 334 2006 Oud.
354 1968 430 2006 hoc
441 1968 692 2016 vocabulum,
718 1969 911 2014 emendat,

34 2023 274 2075 propitiare
307 2024 392 2061 sive
427 2025 617 2076 propitios
654 2030 693 2064 et
730 2025 911 2064 faventes

39 2077 156 2117 Marti
168 2079 346 2126 reddere,
361 2094 436 2130 qna
450 2081 729 2130 significatione
737 2081 911 2133 placan-

42 2134 89 2172 cli
107 2135 270 2185 saepius
290 2149 338 2174 eo
352 2137 466 2174 utitur
484 2136 680 2188 ApuleIus
700 2151 785 2176 cum
806 2137 904 2176 aliis.

41 2189 192 2228 Eadem
214 2192 363 2230 ratione
388 2192 478 2231 dicit
489 2192 637 2231 Lucius
662 2194 712 2232 ad
725 2193 906 2231 Fotidem

38 2244 252 2298 Met.11.p.
277 2253 366 2288 114.
394 2248 480 2288 Iam
506 2249 660 2289 dudum
680 2250 803 2301 peric',
827 2250 907 2288 uisi

39 2306 85 2341 iu
104 2305 421 2354 propitiaris.
459 2304 576 2351 Quod
591 2318 823 2357 quamqualn
835 2319 906 2357 per

39 2371 86 2396 se
111 2358 200 2396 serri
223 2364 369 2411 potest,
393 2365 522 2399 tamen
548 2362 639 2413 quid
664 2362 796 2400 durius
815 2362 906 2400 insit

39 2413 77 2453 in
90 2414 164 2454 hac
176 2428 273 2454 voce
291 2431 365 2456 non
383 2418 510 2457 video.
558 2418 799 2470 Propinare
816 2432 906 2471 προ-

38 2473 152 2510 πίνειν
176 2484 292 2522 quum
315 2474 470 2525 proprie
493 2475 518 2513 ii
541 2473 730 2520 dicantur,
756 2475 820 2526 qui
837 2488 906 2526 po-

40 2526 167 2566 culum
184 2541 219 2568 s.
231 2530 359 2567 vinum
378 2530 541 2568 summis
560 2529 679 2569 labris
699 2531 907 2581 degustant

38 2580 182 2634 aliique
206 2585 438 2624 ebibendum
460 2586 614 2625 tradant
661 2586 708 2626 ef.
733 2585 908 2625 Fischer.

40 2638 91 2678 ad
103 2640 242 2680 Anacr.
255 2641 324 2680 IV.
339 2646 378 2682 3.
402 2641 505 2694 Rup.
519 2643 569 2681 ad
582 2642 712 2682 Iuven.
726 2643 775 2682 V.
794 2647 886 2683 128.
894 2671 906 2689 ,

39 2695 201 2735 refertur
236 2697 378 2737 deinde
414 2699 449 2737 in
485 2700 710 2738 universum
740 2699 791 2737 ad
821 2712 907 2744 eos,

42 2752 107 2801 qui
129 2751 242 2792 alicui
265 2754 411 2806 aliquid
435 2757 471 2794 in
500 2769 640 2794 manus
664 2755 833 2800 tradunt,
869 2756 906 2793 in

43 2807 151 2846 euius
186 2813 301 2848 antea
334 2811 411 2862 ipsi
446 2811 599 2850 fuerunt
632 2813 905 2863 possessione.

42 2859 103 2899 lta
124 2865 229 2915 apud
251 2865 427 2906 Graecos
457 2870 650 2921 προπίνειν
680 2869 841 2920 saepius
873 2868 909 2906 in

43 2929 120 2956 usu
143 2924 221 2966 est,
255 2923 364 2962 cuius
400 2925 456 2962 rei
492 2923 677 2976 exempla
706 2925 742 2962 in
775 2924 911 2963 lexicis

44 2971 282 3017 exhibentur.
316 2978 372 3017 lta
388 2979 564 3032 puellae,
577 2994 692 3031 -quae
712 2980 911 3032 Cupidinis

44 3027 268 3070 vulneratae
300 3040 390 3074 sunt
425 3038 557 3083 armis,
593 3037 758 3088 primum
787 3036 837 3076 ab
862 3049 911 3074 eo

45 3086 295 3135 possidentur
317 3095 357 3130 et
377 3092 667 3139 inflammantur,
690 3093 806 3132 tradit
817 3105 910 3131 vero

968 914 1039 940 eas
1062 902 1208 941 vitrico.
1245 902 1302 942 lta
1326 904 1392 942 ille
1417 904 1528 955 quasi
1553 910 1834 957 praegustasse

965 958 1120 1010 puellas
1151 958 1225 997 dici
1255 963 1398 1010 potest.
1444 960 1577 1000 Nolim
1611 966 1757 1008 tamen,
1794 963 1836 1002 id

966 1014 1070 1065 quod
1089 1014 1153 1054 alii
1171 1014 1323 1061 volunt,
1348 1017 1538 1067 propinari
1557 1019 1698 1057 eodem
1711 1033 1835 1058 sensu

964 1071 1105 1121 accipi,
1132 1083 1208 1121 quo
1230 1077 1505 1124 praeyustare
1529 1078 1570 1112 et
1587 1081 1835 1127 praeynsta·

965 1131 1041 1165 tor.
1069 1126 1116 1165 cf.
1127 1125 1204 1165 Cic.
1218 1140 1287 1177 pro
1302 1127 1403 1166 dom.
1418 1133 1526 1169 c.10.
1536 1138 1835 1183 praeyustator

967 1182 1184 1222 libidinum
1209 1187 1249 1220 et
1266 1182 1447 1223 Lactant.
1468 1184 1517 1222 de
1531 1185 1725 1225 Mortibus
1737 1187 1832 1226 Per-

964 1251 1044 1276 sec.
1070 1251 1101 1276 c.
1129 1242 1192 1278 38.
1219 1239 1301 1290 §.4
1329 1237 1474 1292 [ubicf.
1491 1240 1591 1279 Toll.
1617 1243 1834 1283 Postremo

963 1294 1218 1333 DIaximiuus
1230 1294 1337 1333 lianc
1351 1296 1430 1334 iam
1443 1297 1833 1346 induem-utmorem,

961 1355 1008 1389 ut
1041 1364 1155 1389 nemo
1186 1364 1357 1390 uxorem
1391 1353 1477 1391 siue
1507 1356 1709 1404 permissu
1752 1358 1834 1396 eius
1872 1395 1875 1398 ,

964 1406 1148 1452 duceret,
1184 1411 1230 1446 ut
1262 1408 1351 1458 ipse
1385 1409 1429 1446 in
1466 1409 1646 1450 omnibus
1680 1414 1836 1463 nuptiis

960 1467 1323 1515 praeyustator
1347 1469 1456 1503 esset.
1504 1463 1562 1503 Ita
1587 1479 1744 1517 quoque
1770 1469 1836 1507 de-

965 1519 1096 1558 libare
1120 1519 1215 1557 dixit
1239 1518 1418 1560 Lactant.
1444 1520 1569 1560 Instit.
1588 1522 1615 1561 l.
1630 1527 1697 1564 20.
1723 1523 1752 1574 §.
1768 1528 1834 1565 36.

965 1574 1050 1613 Sed
1073 1589 1207 1621 unum,
1233 1576 1339 1627 quod
1364 1589 1438 1628 ego
1464 1578 1634 1617 invenire
1658 1584 1836 1631 poteram

963 1631 1078 1669 huius
1098 1630 1391 1683 significationis
1410 1634 1513 1684 apud
1534 1639 1690 1674 veteres
1705 1650 1834 1675 exem-

962 1686 1070 1739 plum
1083 1692 1145 1726 est
1159 1688 1270 1726 Ennii
1285 1689 1387 1739 apud
1401 1689 1501 1729 Non.
1515 1704 1547 1730 s.
1558 1695 1837 1744 tupi-opinare

963 1757 1000 1795 p.
1016 1748 1080 1784 33.
1102 1744 1349 1796 Ennipoeta
1362 1746 1486 1793 salve,
1514 1749 1586 1800 qai
1598 1751 1835 1789 mortalibus

962 1814 1096 1840 versus
1112 1814 1172 1852 pr
1183 1802 1297 1852 opin
1307 1816 1357 1840 as
1373 1804 1579 1854 flammeos
1591 1806 1835 1846 medullitus.

963 1856 1004 1894 ln
1019 1857 1173 1902 ceteris,
1183 1869 1283 1908 quae
1297 1857 1507 1896 afferuntur
1519 1863 1560 1898 ut
1569 1859 1724 1899 Terent.
1735 1861 1833 1901 Eun.

959 1913 1009 1951 V.
1035 1917 1072 1953 8.
1099 1917 1163 1953 57.
1194 1913 1257 1951 ubi
1301 1912 1349 1952 cs.
1379 1912 1508 1953 Bentl.
1543 1918 1600 1964 (et
1623 1916 1757 1957 Barth.
1784 1918 1836 1957 ad

960 1968 1007 2007 G.
1021 1967 1166 2008 Briton.
1185 1967 1286 2007 Phil.
1301 1968 1346 2008 II.
1367 1973 1460 2010 481.
1488 1972 1720 2026 Themaque
1735 1988 1834 2025 pro—

960 2024 1088 2064 lixum
1102 2029 1293 2077 ⁷‘esyestct
1307 2028 1575 2078 propinat)
1601 2030 1835 2069 vocabulum

958 2094 1070 2118 suam
1087 2082 1232 2131 ubique
1251 2082 1326 2119 vim
1344 2083 1494 2129 retinet,
1521 2089 1560 2123 et
1583 2086 1635 2124 ad
1659 2087 1836 2125 convivia

963 2150 1122 2188 semper
1146 2138 1182 2175 in
1209 2137 1430 2176 universum
1460 2139 1661 2194 refertur]

1019 2194 1100 2232 ‘iam
1130 2194 1233 2232 enlm
1266 2197 1391 2246 faxo.
1450 2195 1531 2247 [De
1561 2197 1635 2236 hac
1669 2198 1835 2239 formula

962 2250 1143 2288 minantis
1169 2249 1216 2287 cf.
1229 2248 1313 2289 Intt.
1329 2250 1379 2290 ad
1391 2249 1547 2292 Petron.
1563 2268 1594 2292 e.
1610 2257 1673 2295 95.
1687 2268 1725 2306 p.
1741 2259 1834 2297 590.

962 2305 1094 2345 Burni.
1129 2305 1258 2345 Hand.
1291 2307 1327 2344 in
1373 2307 1543 2348 Tursell.
1573 2309 1637 2350 lli.
1675 2325 1713 2362 p.
1742 2315 1833 2353 126.

963 2366 1002 2400 et
1027 2361 1137 2400 Colv.
1162 2362 1213 2401 ad
1237 2362 1276 2401 h.
1300 2361 1343 2416 l.]

1019 2420 1176 2458 sentias.
1228 2418 1408 2471 [Sentire
1427 2424 1490 2460 est
1503 2436 1589 2461 cum
1603 2423 1745 2463 damno
1759 2437 1832 2463 suo

963 2474 1109 2526 aliquid
1141 2476 1306 2526 experiri
1344 2480 1383 2515 et
1419 2477 1560 2518 damna
1595 2480 1735 2519 facere.
1785 2480 1833 2519 cf.

963 2530 1034 2570 Dr.
1069 2531 1118 2569 ad
1157 2531 1225 2570 Sil.
1260 2530 1347 2572 ΧΠ.
1379 2537 1443 2574 27.
1481 2539 1521 2573 et
1557 2548 1656 2586 quos
1695 2538 1836 2576 excitat

965 2587 1151 2627 Arntzen.
1176 2588 1227 2627 ad
1251 2586 1350 2628 Plin.
1375 2587 1569 2642 Panegyr.
1595 2606 1628 2631 c.
1656 2597 1720 2634 16.
1745 2592 1776 2642 §.
1796 2597 1833 2633 5.

967 2642 1067 2681 Cort.
1082 2643 1131 2682 ad
1145 2643 1292 2684 Lucan.
1306 2644 1372 2684 VI.
1388 2649 1480 2687 392.
1495 2647 1625 2687 Burm.
1639 2649 1689 2687 ad
1703 2648 1834 2688 Valer.

965 2698 1178 2739 Flacc.1V.
1206 2705 1296 2741 745.
1323 2701 1483 2741 Mitsch.
1509 2704 1560 2742 ad
1584 2703 1675 2744 Hor.
1698 2703 1833 2743 O‹l.ll.

967 2760 1002 2796 7.
1033 2759 1095 2796 10.
1132 2750 1249 2797 ovid:
1284 2756 1381 2796 Met.
1418 2757 1502 2796 X11.
1530 2765 1593 2799 71.
1623 2759 1714 2799 XV.
1741 2765 1833 2801 823.

963 2811 1119 2850 Ruhnk.
1144 2813 1195 2851 ad
1220 2812 1335 2853 Ovid.
1359 2813 1521 2854 Heroid.
1540 2815 1608 2855 lX.
1627 2820 1693 2857 46.
1715 2820 1833 2868 p.59.

969 2871 1008 2906 et
1037 2868 1087 2906 ad
1118 2867 1249 2909 Albin.
1279 2869 1392 2919 Eleg.
1424 2874 1488 2911 53.
1519 2886 1555 2923 p.
1585 2876 1675 2912 120.
1711 2873 1765 2911 lta
1797 2874 1835 2911 in

967 2924 1083 2963 Auct.
1120 2923 1231 2976 Eleg.
1268 2926 1304 2963 in
1342 2925 1562 2967 Maecenat.
1593 2928 1737 2967 obitum
1771 2933 1836 2970 16.

968 2979 1224 3019 Anthol.Lat.
1234 2980 1259 3019 1.
1276 2994 1312 3032 p.
1323 2985 1418 3022 255.
1434 2987 1556 3021 extat:
1585 2984 1732 3025 Omnia
1747 2998 1836 3026 cam

963 3049 1117 3088 posses,
1127 3041 1244 3076 tanto
1257 3042 1337 3075 iam
1353 3052 1474 3078 carus
1485 3041 1629 3085 amieo,
1638 3045 1676 3080 te
1687 3044 1837 3082 sensit

967 3106 1082 3132 memo
1106 3106 1251 3145 posse
1273 3107 1419 3133 nocere
1443 3100 1591 3141 tantem,
1625 3111 1701 3148 quo
1722 3111 1835 3138 versu

1481 3162 1534 3203 25
1550 3165 1568 3183 '³
