2221 3667
212 502 291 541 259]

315 162 397 203 994

569 161 617 200 L.
643 159 867 201 APULEII
897 159 1300 200 MADAURENSIS
1330 160 1873 203 METAMORPHOSEON

911 366 947 413 (3
1006 366 1051 412 22.
1108 367 1145 412 l?
1206 367 1248 414 1J
1298 367 1342 412 fit*
1459 368 1521 414 ¹7.

413 482 474 523 En
491 485 623 524 adsum
642 485 717 525 tuis
733 494 942 536 commotu,
960 485 1076 536 Luci,
1093 486 1289 540 precibus,
1307 486 1455 542 {lerum
1477 494 1642 528 naturae
1662 501 1820 541 parens,
1843 487 2117 528 elementorum

318 541 487 580 omnium
517 541 947 592 d0111i111‚secu10ru1n
974 543 1185 597 progenies
1210 543 1394 594 initialis,
1428 557 1580 584 summa
1606 544 1829 595 numinum,
1862 544 2002 598 regina
2032 543 2119 585 Ma-

407 677 446 696 en
460 671 498 699 D
525 667 596 696 hem
612 672 647 699 G.
664 671 693 699 1.
782 671 842 700 i.G

317 714 375 742 ltus
391 716 427 743 G.
446 716 472 743 1.
522 717 695 744 natureF.
710 717 740 744 3.
743 673 791 779 ti}
812 718 836 744 1.

319 763 429 787 lurum
449 763 480 787 el
503 761 647 788 (mmmm
667 763 702 789 G.
722 763 747 789 l.

318 807 432 833 G.1.2

862 672 887 699 Ι.
902 673 926 700 Ο
953 680 981 706 p.
1031 669 1191 700 Lucinon
1207 675 1367 706 comparet
1385 672 1418 701 in
1431 674 1469 702 R.
1485 673 1505 701 f.
1533 670 1680 701 anir‘G.
1699 675 1728 702 1.

852 718 882 745 2.
897 719 931 745 0.
947 718 982 745 P.
997 718 1035 745 D.
1052 716 1071 745 f.
1088 726 1116 751 p.
1133 714 1161 746 δ.
1187 720 1231 745 a?
1245 725 1287 746 ex
1300 719 1487 753 compendio
1506 716 1571 747 πῖῗε
1585 718 1620 747 1..
1646 721 1681 747 Iu
1702 722 1775 747 cett.
1796 720 1936 746 natura.

787 764 848 790 ..0
864 763 898 789 P.
913 763 951 790 D.
967 762 1002 791 L.
1025 762 1044 791 f.
1065 759 1093 790 ὃ.
1116 763 1199 790 unde
1219 764 1395 797 Sopingius
1415 763 1517 790 etiam
1537 766 1739 793 emendabat.

439 806 499 834 .0.
521 807 557 834 P.
579 806 700 835 υ.1,.ι”.
748 807 869 842 regina
893 815 1041 834 annuum
1067 809 1102 835 G.
1130 808 1159 836 1.
1186 806 1270 841 (uon
1293 808 1458 845 αηιιιήιηι,
1486 815 1517 838 ιιι
1543 819 1560 838 e
1585 811 1656 838 suis
1681 809 1843 843 excerptis
1870 809 2001 843 protulit
2025 807 2125 841 oud.)

1771 672 1918 710 pretinm
1938 680 1994 708 pro
2010 671 2124 709 preci-

1983 716 2124 745 elemen-

1787 762 1923 790 dmm'aa
1942 771 2005 791 non
2025 767 2071 791 est
2092 763 2124 791 in

318 851 465 877 amnium
480 852 516 879 G.
531 852 561 879 2¹.
576 853 610 880 Ο.
625 852 661 880 Ρ.
699 851 846 879 antinum
862 853 900 880 D.
937 853 1105 889 ampm'nm
1123 853 1143 882 f.
1181 852 1329 880 animum
1344 853 1378 883 ¹1.
1393 856 1437 883 al.
1474 854 1621 882 ananiam
1637 858 1717 883 teste
1730 854 1821 884 Colv.
1858 853 1969 881 avium
1984 854 2020 882 F.
2038 855 2065 882 1.
2090 854 2127 881 ln

319 899 392 924 cett.
407 896 565 924 ηιαηίιινη.

320 1006 539 1057 corruptela
555 1010 615 1043 est
632 1007 878 1048 librariorum.
895 1007 1091 1058 quomodo
1104 1023 1195 1061 yer-

320 1063 428 1100 miua
456 1063 604 1112 felicia
635 1063 790 1113 possint
821 1064 894 1102 dici
930 1065 1197 1104 nescientium.

319 1117 407 1156 Nec
439 1131 523 1155 cum
556 1119 659 1158 Outl.
692 1120 941 1170 explicuerim
973 1122 1195 1171 fecundae,

319 1178 360 1211 ut
387 1173 482 1212 Met.
511 1174 536 1212 1.
563 1189 599 1226 p.
628 1181 664 1215 7.
696 1177 842 1227 ylebae
864 1178 1019 1229 felices,
1046 1178 1119 1216 sed
1144 1178 1196 1216 al-

321 1234 443 1268 teram
481 1231 565 1269 eius
603 1234 839 1271 senteutiam
876 1234 1006 1284 polius
1043 1247 1200 1284 sequor,

319 1287 466 1336 felicia
493 1300 562 1338 per
580 1290 824 1326 notissimam
851 1289 1089 1341 hypallages
1111 1304 1200 1342 spe-

324 1343 421 1380 ciem
447 1346 618 1394 positum
646 1358 740 1383 esse
761 1360 830 1397 pro
849 1347 1000 1398 felicis.
1030 1346 1199 1397 Saepius

324 1401 422 1436 enim
449 1401 645 1450 Apuleius
673 1401 778 1453 quod
810 1402 859 1440 ad
885 1403 992 1454 prius
1018 1404 1199 1442 substan-

322 1458 440 1493 tivum
471 1458 639 1507 pertinet
670 1458 902 1496 adiectivum
935 1458 1046 1497 alteri
1078 1461 1200 1502 iuna-it

325 1512 390 1550 vel
426 1513 512 1550 vice
550 1527 681 1560 ve1·sa;
720 1514 768 1551 cf.
809 1515 858 1552 ad
887 1515 984 1554 Met.
1017 1514 1041 1554 1.
1067 1529 1106 1566 p.
1132 1520 1196 1556 63.

326 1569 453 1607 {tumis
474 1570 622 1609 vicinia
645 1572 958 1622 sempiterum
983 1571 1198 1623 Ill.p.224.

330 1626 449 1663 Fidei
473 1632 626 1665 secreta
651 1628 839 1672 ἠηιηίηας
864 1627 928 1665 lv.
954 1641 993 1679 p.
1012 1633 1104 1669 240.
1128 1643 1199 1680 pe-

327 1681 424 1720 dum
455 1683 757 1732 posterioribus
794 1684 996 1729 calcibus3
1032 1684 1134 1723 wll.
1161 1699 1199 1735 p.

329 1742 422 1777 542.
447 1744 674 1790 perpetuae
694 1741 967 1779 conscientiae
985 1741 1199 1780 stinmlum.

328 1792 404 1845 [lta
428 1794 614 1844 explicari
639 1798 772 1845 potest
792 1796 941 1835 Auson.
957 1797 1118 1836 Mosen.
1137 1802 1201 1837 71.

329 1850 506 1889 delicias
538 1851 739 1890 leontinum
773 1852 1015 1903 locupletes,
1052 1855 1115 1891 ubi
1148 1853 1203 1891 lo-

329 1907 535 1957 cupletum
570 1908 678 1945 multi
717 1908 935 1949 intrudunt.
980 1910 1203 1961 locupletes

329 1961 452 2009 Tou„
480 1977 580 2013 quae
606 1977 885 2015 possessorem
911 1965 1049 2012 ditant,
1076 1968 1201 2005 minus

329 2023 420 2071 apte
456 2020 637 2071 explicat.
688 2022 754 2059 Sic
792 2022 894 2059 idem
932 2036 965 2060 v.
995 2027 1084 2063 133.
1112 2024 1204 2061 dicit

325 2078 593 2129 propositique
608 2077 723 2117 iubas
742 2079 925 2117 imitatur
943 2079 1077 2119 Gobio
1097 2080 1204 2119 Bm·-

333 2133 372 2170 bi
396 2145 464 2183 pro
489 2147 704 2184 propexas
730 2135 855 2174 iubas.
891 2135 1067 2174 Forsitan
1092 2137 1202 2175 locus

330 2189 432 2227 luet.
461 2188 635 2228 Creteus.
666 2189 734 2229 IV.
764 2195 845 2236 10..
883 2192 947 2229 ubi
980 2192 1064 2231 cod.
1098 2193 1202 2231 Gall.

331 2259 412 2283 sec.
438 2244 508 2283 IX.
536 2259 603 2296 pro
630 2248 859 2287 concitatus
883 2249 1023 2287 militis
1048 2251 1206 2289 animus

332 2302 453 2339 habet
485 2304 701 2342 concitatis
732 2309 772 2341 et
804 2304 946 2342 Deder.
986 2307 1205 2344 concitatis

331 2358 526 2398 militibus
556 2360 727 2411 corrigit,
767 2361 818 2398 ita
849 2361 1116 2400 emendandus
1142 2367 1205 2400 est

333 2416 387 2452 iu:
421 2416 618 2454 concitati
647 2417 786 2456 militis
818 2419 982 2457 animus.
1044 2419 1203 2457 Felicia

333 2471 446 2522 igitur
469 2473 655 2524 qemeina
683 2472 865 2513 Arabiae
895 2474 931 2512 h.
958 2474 981 2512 1.
1008 2479 1097 2513 sunt
1123 2475 1205 2513 seli·

333 2528 390 2565 cis
416 2528 587 2565 Arabiae
613 2529 769 2568 odores.
802 2528 929 2569 Plaut.
956 2531 1040 2571 Mil.
1056 2531 1097 2570 ll.
1115 2536 1205 2572 5.2.

333 2584 499 2623 Dianae
543 2586 748 2635 fumicare
797 2587 925 2625 odore
967 2587 1206 2634 Arabico,-

334 2640 382 2679 cl'.
408 2640 508 2678 Plin.
537 2641 582 2678 H.
610 2641 658 2680 N.
685 2642 753 2681 W.
780 2643 868 2695 32]

391 2696 478 2735 Gn».
505 2698 553 2735 V.
616 2699 680 2736 Eu
707 2700 859 2738 adsum.
921 2699 1067 2752 [Plura
1093 2701 1206 2740 huius

335 2754 514 2792 dictionis
534 2756 716 2806 exempla
737 2756 881 2807 profert
896 2755 999 2796 Ded.
1013 2759 1047 2795 in
1069 2758 1206 2797 Gloss.

334 2811 385 2848 nd
418 2810 518 2849 Dict.
552 2811 653 2850 Cret.
684 2811 745 2850 lll.
780 2817 843 2852 21.
876 2826 912 2863 p.
939 2817 1052 2858 331..
1090 2814 1125 2851 in
1157 2829 1205 2852 eo

331 2872 460 2905 tamen
488 2880 630 2913 errans.
657 2868 759 2919 quod
780 2869 1018 2908 Obrechtum
1044 2875 1205 2909 secutus

332 2927 411 2969 est,
439 2925 501 2974 'qui
528 2938 574 2963 en
601 2924 636 2963 h.
666 2926 686 2963 l.
714 2939 762 2963 ex
790 2927 968 2977 vestigiis
997 2926 1104 2965 Med.
1134 2927 1205 2965 Ed.

331 2981 493 3026 adiecit,
542 2993 657 3031 quum
695 2982 807 3021 codd.
845 2987 1080 3036 ceteraeque
1117 2984 1205 3022 edd.

332 3038 596 3075 tautummodo
641 3039 784 3078 adsum
825 3040 935 3079 ultro
979 3041 1206 3092 praebeant,

333 3093 436 3141 quod
467 3106 580 3144 seqq.
606 3095 715 3133 nihil
742 3096 947 3146 deprecor
980 3097 1206 3135 concinnius

330 3150 574 3201 respondens
599 3152 838 3190 retinendum
865 3153 956 3205 est]

1312 1023 1443 1049 rerum
1469 1016 1641 1050 naturae
1663 1024 1826 1063 parens,
1870 1008 2028 1062 [Mirum
2054 1011 2127 1049 est.

1257 1064 1379 1105 Oud..
1407 1067 1470 1116 qui
1496 1068 1603 1119 prius
1630 1066 1728 1106 hanc
1749 1068 1932 1117 optimam
1948 1065 2129 1103 libiorum

1256 1120 1462 1160 lectionem
1494 1123 1724 1162 defenderat
1755 1122 1926 1161 Misceu.
1959 1120 2129 1160 Observ.

1255 1177 1321 1217 IV.
1349 1193 1385 1230 p.
1415 1184 1521 1225 140„
1569 1184 1710 1232 postea
1747 1179 1797 1217 ad
1833 1179 1979 1230 peioris
2017 1182 2132 1215 notae

1261 1236 1490 1285 scripturam
1516 1237 1745 1282 inclinasse,
1772 1249 1821 1273 ex
1848 1234 2021 1273 Mam-ob.
2049 1234 2131 1272 Sat.

1261 1290 1289 1330 1.
1316 1296 1381 1332 20.
1407 1293 1442 1329 ei
1468 1294 1779 1344 comprobatam:
1808 1293 1882 1331 Isis
1906 1292 2048 1330 iuncta
2073 1304 2132 1329 re-

1261 1347 1417 1400 liyione
1442 1349 1689 1395 celebratur,
1724 1363 1828 1401 quae
1855 1353 1911 1387 est
1937 1347 1999 1385 vel
2021 1351 2130 1385 terra

1259 1404 1322 1442 rel
1357 1410 1534 1444 natura
1569 1419 1748 1450 rerum,
1790 1405 2001 1444 subiacens
2035 1403 2133 1447 soli;

1258 1460 1417 1499 Lucret.
1445 1461 1471 1500 I.
1499 1465 1593 1502 630.
1626 1460 1670 1500 ll.
1701 1466 1820 1501 1117.
1852 1460 1901 1499 V.
1933 1463 2050 1500 1361.
2100 1458 2133 1496 E

1261 1519 1450 1555 contrario
1508 1523 1683 1558 naturae
1736 1519 1898 1556 munitur
1951 1515 2134 1567 exemplo

1260 1573 1385 1624 ipsius
1410 1574 1568 1625 Apuleii
1595 1575 1694 1613 Met.
1719 1572 1785 1613 IV.
1812 1587 1847 1624 p.
1875 1576 1968 1613 303.
1996 1587 2048 1611 en
2071 1585 2134 1610 re-

1259 1643 1348 1668 rum
1384 1635 1559 1670 naturae
1590 1632 1734 1682 prisca
1768 1643 1939 1681 pareus,
1977 1642 2026 1667 en
2062 1629 2135 1667 ele-

1259 1690 1481 1725 mentorum
1519 1688 1642 1738 orislo
1684 1685 1857 1725 initialis
1893 1685 1942 1723 de
1979 1684 2136 1722 Venere

1263 1754 1364 1791 quae
1394 1742 1486 1780 Isidi
1518 1743 1657 1781 eadem
1690 1746 1769 1789 est,
1806 1742 1869 1780 ubi
1901 1741 1975 1779 vid.
2007 1741 2137 1780 adnot.

1262 1801 1302 1834 et
1332 1798 1383 1835 ad
1412 1798 1563 1838 Lucan.
1600 1798 1643 1837 ll.
1671 1802 1709 1839 7.
1771 1799 1833 1836 De
1869 1797 1975 1837 Iside
2011 1811 2137 1835 rerum

1263 1857 1397 1893 natura
1421 1868 1453 1893 s.
1479 1869 1606 1894 rerum
1633 1859 1791 1893 naturae
1817 1858 1978 1907 parente
1999 1858 2039 1892 et
2059 1854 2138 1891 ele-

1263 1914 1477 1949 mentorum
1503 1912 1815 1963 dominassopp.
1836 1910 2047 1961 Palaeogr.
2074 1909 2137 1949 111.

1264 1971 1302 2007 2.
1328 1972 1363 2006 8.
1392 1969 1424 2016 ξ.
1448 1972 1540 2009 524.
1562 1982 1597 2019 p.
1615 1972 1704 2009 617.
1722 1973 1814 2010 618.
1841 1967 1940 2006 haec
1960 1967 2137 2005 adnotat:

1263 2023 1388 2070 „isidi
1423 2038 1455 2063 s.
1487 2039 1612 2063 rerum
1644 2030 1801 2063 naturae
1832 2024 2018 2075 Aegyptii
2057 2022 2138 2075 glo-

1263 2081 1354 2118 bum
1392 2081 1643 2132 imponebant
1686 2085 1848 2133 quatuor
1889 2080 2042 2119 circulis
2085 2079 2138 2117 ‹li-

1264 2138 1444 2176 stinctum
1472 2139 1706 2188 (Montfauc.
1719 2138 1848 2189 suppl.
1863 2136 1907 2176 ll.
1925 2137 2021 2175 Tab.
2036 2139 2139 2187 post.

1265 2198 1361 2242 37.)‚
1390 2208 1551 2245 quorum
1573 2195 1728 2234 interior
1751 2195 1896 2233 rubeus
1921 2194 2049 2245 ignem
2076 2193 2140 2230 de-

1267 2252 1444 2297 notabat,
1491 2252 1690 2290 secundus
1730 2252 1905 2290 cinereus
1948 2251 2140 2287 obscurus

1267 2311 1428 2353 terram,
1465 2309 1601 2346 tertius
1628 2308 1832 2347 coeruleus
1860 2306 2022 2357 (Cuper.
2049 2319 2140 2357 apo-

1265 2363 1392 2402 theos.
1419 2363 1579 2404 Homer.
1603 2378 1639 2416 p.
1668 2367 1756 2413 51.)
1789 2376 1930 2415 aquam
1962 2367 2001 2400 et
2027 2375 2140 2413 quar-

1265 2424 1328 2458 tus
1359 2421 1473 2458 albus
1499 2427 1629 2459 aerem
1656 2419 1890 2470 (Montfauc.
1923 2433 1960 2471 p.
1989 2422 2140 2467 136.).“

1267 2476 1368 2515 Hinc
1404 2481 1445 2515 ut
1476 2475 1648 2516 Macrob.
1682 2477 1705 2516 l.
1738 2491 1769 2516 c.
1796 2480 1979 2522 testatur,
2008 2475 2141 2514 multis

1268 2535 1448 2571 mammis
1474 2535 1650 2586 pingitur.
1706 2533 1762 2571 lta
1788 2536 1895 2571 extat
1920 2531 2035 2570 Isidis
2061 2531 2140 2569 effi-

1267 2591 1352 2640 gies
1379 2590 1413 2627 in
1436 2590 1567 2642 Kopp.
1594 2590 1799 2641 Palaeogr.
1828 2589 1852 2629 l.
1871 2603 1902 2628 c.
1929 2589 2050 2631 edita.
2075 2588 2139 2625 ubi

1266 2646 1342 2684 Isis
1373 2643 1590 2697 πολύμαζος
1622 2647 1856 2685 circumdata
1887 2649 1950 2684 est
1979 2648 2141 2695 quatuor

1268 2703 1550 2742 elementorum
1582 2702 1796 2755 symbolis:
1828 2703 1916 2753 igne
1945 2714 2015 2753 per
2038 2699 2140 2738 sala-

1266 2760 1467 2798 mandrum
1497 2760 1686 2806 indicato,
1722 2765 1815 2799 a'e're
1851 2771 1921 2810 per
1955 2755 2140 2808 aquilam,

1266 2830 1369 2867 aqua
1392 2830 1463 2868 per
1487 2816 1732 2867 delphinum,
1757 2819 1859 2854 terra
1884 2827 1953 2866 per
1977 2813 2139 2864 quadru-

1265 2873 1428 2924 pedemg
1468 2872 1517 2912 cf.
1542 2873 1678 2924 Argol.
1703 2872 1753 2910 ad
1778 2870 1937 2910 Panvin.
1965 2870 2014 2908 de
2040 2869 2138 2908 Lud.

1269 2928 1364 2968 Cin-c.
1391 2929 1416 2967 1.
1447 2934 1508 2969 17.
1535 2943 1571 2980 p.
1599 2931 1712 2980 219]

1323 3000 1471 3025 semema
1508 2987 1731 3031 nimiimcm,
1767 2984 1913 3036 reqina
1942 2983 2136 3022 Manium.

1269 3040 1398 3087 Quum
1431 3043 1599 3095 optimus
1629 3041 1713 3080 cod.
1744 3040 1854 3079 Flor.
1888 3043 1923 3079 3.
1955 3039 2055 3077 hanc
2086 3038 2137 3076 le-

1267 3099 1434 3137 ctionem
1466 3099 1714 3150 apertissime
1744 3111 1829 3135 cum
1860 3096 1947 3134 aliis
1972 3099 2137 3134 tueatur.

1268 3156 1359 3207 quid
1384 3155 1629 3193 scribendum
1654 3155 1716 3201 sit,
1744 3153 1899 3192 dubium
1926 3166 2026 3191 nunc
2045 3164 2139 3191 esse
