2221 3667
331 164 416 208 446

599 166 646 205 L.
672 166 892 207 APULEII
924 166 1325 207 MADAURENSIS
1355 165 1902 208 METAMORPHOSEON

330 277 456 319 lentes
492 291 637 332 aquas,
676 287 715 321 et
752 288 794 321 ut
829 280 956 320 abiret
989 277 1198 329 innoxius,
1237 278 1527 332 praeminantes
1564 279 1728 334 excipit:
1765 288 2028 332 commentuS‚
2080 279 2127 320 ob

329 405 480 434 nolentes
504 408 540 437 F.
566 409 596 437 3.
635 417 655 435 n
679 409 787 437 littera.
812 416 852 436 ex
878 408 1013 441 antiqua
1037 406 1235 435 correctione
1259 407 1391 442 scripta.
1413 409 1448 435 G.
1463 409 1500 436 D.
1516 409 1551 436 B.
1570 409 1618 437 ed.
1640 416 1686 443 pr.
1705 409 1833 438 Vicent.
1853 410 1928 438 Am.
1948 411 2033 438 Iunt.
2053 408 2129 438 1.2.

327 450 477 480 volenten
495 454 531 482 F.
554 455 583 482 1.
604 451 632 482 δ.
655 455 804 482 Beroald.
827 455 900 480 Bas,
925 454 953 480 1.
974 452 1080 480 Scriv.

1117 451 1277 479 molentes
1298 454 1410 481 Venet.
1424 455 1455 482 2.

1489 452 1538 481 De
1557 453 1693 488 reliquis
1713 455 1802 482 codd.
1818 456 1898 483 Oud.
1919 455 2001 483 nihil
2014 458 2130 483 monet.

322 501 582 533 praemonentes
602 500 637 528 B.
657 501 739 527 lunt.
764 500 791 527 1.
813 500 842 526 2.
863 498 938 526 ΑΜ.
958 497 1072 526 Venet.
1094 498 1123 525 4.
1158 496 1415 534 praeminentes
1436 506 1465 532 p.
1484 499 1520 527 P.
1553 502 1634 527 teste
1652 500 1735 528 Elm.
1757 499 1862 528 Colin.
1881 500 1958 528 Bas.
1973 501 2003 528 1.
2017 501 2129 528 Brant.

326 543 412 571 Prie.
427 544 476 571 ed.
490 551 536 577 pr.
550 545 678 573 vicent.
704 544 870 570 minantes
885 544 920 570 G.
935 543 973 570 D.
989 550 1024 570 π.
1039 543 1072 570 O.
1089 546 1119 570 et
1133 543 1168 572 P.
1184 546 1264 571 teste
1278 544 1358 571 Oud.
1372 547 1541 577 praeterea
1554 545 1590 572 F.
1605 545 1635 572 3.
1649 545 1706 572 sed
1720 552 1761 573 ex
1774 544 1911 578 antiqua
1924 545 2131 573 correctione.

319 588 576 624 praemz‘rantes
591 599 623 622 φ.
649 590 811 615 mirantes
826 589 862 615 R.
878 587 898 615 s.
913 584 944 614 δ.
962 589 1126 623 potantes
1139 588 1175 616 F.
1194 589 1220 617 l.

1269 591 1539 626 commentusque
1552 590 1587 618 F.
1603 590 1634 618 3.
1649 590 1684 618 Β.
1711 592 1916 617 commentus
1934 590 1972 618 F.
1988 590 2018 617 1.
2033 591 2067 618 G.
2081 590 2131 618 ed.

325 641 372 667 pr.
386 634 513 663 Vicent.
527 635 640 663 Vener.
656 636 685 661 2.
700 635 730 660 4.
750 632 856 660 Paris.
877 632 972 660 Vulc.
985 634 1017 661 2.
1055 635 1236 661 commelus
1255 634 1292 663 D.
1331 637 1551 662 commentum
1571 636 1606 664 Ο.
1643 637 1832 663 commenta
1849 636 1934 664 lunt.
1956 635 1985 664 1.
2004 635 2035 663 2.
2054 635 2132 663 Am.

325 682 530 707 commeatus
544 676 574 708 δ.
624 676 755 714 excepit
770 677 824 705 Al.

325 789 420 830 439.
446 802 494 827 ex
520 802 566 826 eo
592 786 823 837 compilavit.
863 787 1014 826 Sufficit
1027 801 1198 835 monere,

326 845 527 896 Virgilium
549 844 740 893 anguibus
764 843 947 882 trisulcas
971 844 1124 895 linguas
1139 846 1199 883 tri-

324 902 442 940 buere
456 906 495 940 et
512 900 611 938 Plin.
629 899 731 941 Hist.
745 899 835 939 Nat.
849 899 993 941 X1.37.
1016 905 1080 942 65.
1097 901 1198 940 idem

323 957 494 1009 testari]

380 1014 573 1053 nolentes.
624 1012 753 1059 Quum
786 1012 899 1052 lectio
932 1015 1108 1055 volentes
1132 1015 1195 1054 vel

322 1070 527 1117 molentes,
550 1082 665 1121 quam
680 1070 849 1109 nonnulli
865 1071 980 1110 codd.
994 1073 1196 1122 praebent,

320 1140 392 1165 nec
406 1128 493 1178 ipsa
506 1127 688 1166 nolentes
701 1125 804 1166 Oud.
825 1127 1011 1174 sufficiat,
1039 1128 1196 1181 elegan-

318 1183 469 1221 tissima
484 1183 705 1222 coniectura
714 1184 1039 1223 violenteslocum
1054 1199 1197 1224 sanare

317 1240 476 1278 studuit.
502 1239 603 1278 Nam
617 1241 651 1278 si
667 1240 889 1279 voluissent
903 1241 1042 1279 hauriri
1058 1256 1196 1293 aquae,

320 1310 396 1335 non
422 1297 686 1348 praeminatas
707 1310 777 1335 eas
799 1311 893 1335 esse
913 1302 1096 1345 autumat.
1122 1299 1197 1338 sed

318 1357 358 1392 et
388 1353 421 1391 si
454 1354 677 1393 noluissent
700 1354 820 1405 plane
845 1355 992 1406 excipi,
1026 1370 1099 1394 non
1126 1370 1198 1408 po-

317 1411 444 1448 tuisse
470 1423 540 1448 eas
553 1410 705 1449 haurire
718 1411 898 1462 aquilam.
947 1411 1084 1451 Rarior
1098 1427 1197 1451 sane

317 1468 533 1505 terminatio
566 1468 674 1505 vocis
705 1468 861 1507 violens
896 1481 966 1519 pro
998 1470 1198 1509 violentus

318 1523 441 1562 fraudi
457 1537 551 1561 esse
565 1527 717 1575 poterat
732 1524 896 1562 librariis
917 1529 956 1562 et
971 1525 1195 1565 editoribus.

318 1579 701 1620 cf.Hor.Od.llI.30.
718 1585 778 1621 10.
800 1582 931 1632 ibique
946 1579 1196 1633 Peerlkamp.

325 1637 524 1676 Violens
550 1637 724 1690 Aufidus
747 1636 863 1676 Mart.
879 1637 1027 1689 Capell.
1043 1637 1067 1676 I.
1084 1639 1115 1689 ξ.
1134 1643 1195 1679 15.

315 1707 353 1745 p.
380 1697 446 1734 48.
486 1693 617 1745 Kopp.
650 1694 940 1746 violensque
969 1697 1196 1747 rapiditas.

315 1748 403 1788 Nec
416 1750 528 1788 aliter
543 1750 750 1801 legendum
764 1755 874 1801 putat
887 1750 988 1790 Oud.
1004 1752 1039 1789 in
1055 1752 1193 1803 Gloss.

317 1805 449 1858 Cyrill.
476 1821 512 1858 p.
535 1811 627 1847 410.
653 1809 775 1859 βίαιος
798 1808 1013 1854 violentus,
1040 1809 1194 1848 violens

316 1863 403 1915 (pro
428 1863 605 1912 violans)
632 1867 672 1901 et
697 1862 800 1915 apud
828 1864 965 1902 Seren.
993 1864 1191 1904 Sammon.

314 1924 380 1960 47.
414 1933 464 1957 ex
496 1919 610 1958 codd.
642 1919 744 1971 Reg.
777 1923 817 1957 et
847 1920 969 1959 Voss.
1002 1922 1192 1961 violens

314 1981 465 2016 natura
491 1977 684 2016 medelae.
734 1975 794 2030 [In
821 1976 993 2016 Miscell.
1020 1976 1190 2017 Observ.

313 2033 404 2072 Vol.
431 2031 475 2072 Π.
504 2032 549 2071 T.
576 2032 638 2072 Ill.
665 2046 703 2085 p.
728 2037 822 2074 452.
849 2032 953 2074 Oud.
977 2033 1078 2073 hacc
1102 2049 1191 2073 con-

314 2091 461 2128 iectura
502 2089 672 2129 nondum
715 2090 752 2128 in
795 2094 965 2129 mentem
1012 2096 1193 2139 venerat,

315 2160 434 2198 quum
470 2147 521 2185 ibi
553 2147 735 2187 uolentes
759 2149 998 2198 comprobet.
1047 2148 1193 2187 Iisdem

313 2204 445 2242 verbis
460 2204 707 2242 commendat
723 2204 825 2242 hanc
842 2204 1047 2244 lectionem
1062 2205 1190 2245 Burm.

313 2260 365 2298 ad
389 2260 552 2299 Anthol.
578 2259 605 2299 Ι.
633 2274 670 2311 p.
695 2264 781 2305 85„
806 2261 870 2299 ubi
896 2266 1003 2300 recte
1028 2275 1078 2300 ex
1103 2263 1188 2301 cod.

316 2316 467 2356 Thuan.
496 2316 705 2368 legendum
743 2321 821 2356 cst:
862 2318 1073 2359 occubuit
1109 2320 1193 2359 telo

314 2374 549 2413 violentis
584 2375 713 2413 victus
751 2374 941 2414 Achillis.
1005 2375 1094 2415 Nec
1130 2390 1193 2414 me

314 2430 494 2482 impedit,
521 2430 624 2482 quod
652 2430 720 2469 Dr.
747 2431 795 2469 ad
822 2430 907 2470 Liv.
922 2431 989 2470 IX.
1016 2435 1082 2473 34.
1109 2432 1139 2483 ξ
1155 2436 1192 2474 9.

314 2487 417 2527 hanc
448 2487 611 2527 sormam
641 2487 677 2525 in
710 2488 904 2539 prosaicis
936 2490 1191 2541 scriptoribus

316 2544 472 2583 obviam
497 2545 571 2584 sibi
598 2558 673 2583 non
701 2545 826 2583 fuisse
851 2549 1036 2591 testatur,
1075 2560 1191 2597 quum

317 2614 367 2639 ex
399 2601 581 2652 analogia
614 2601 831 2654 opulentus
863 2606 902 2640 et
940 2603 1111 2655 opulens
1142 2603 1193 2642 al.

317 2658 483 2705 dicatur,
510 2659 560 2697 de
586 2658 727 2709 quibus
752 2658 800 2697 cs.
822 2657 952 2698 Burm.
974 2660 1023 2697 ad
1043 2659 1191 2699 Lucan.

315 2714 400 2754 Vll.
442 2720 533 2756 125.
571 2715 755 2753 Ceterum
792 2715 896 2754 Oud.
932 2720 1095 2755 secutus
1132 2721 1195 2755 est

315 2771 441 2810 editor
472 2773 688 2823 Goetting.,
725 2772 797 2809 sed
823 2771 998 2811 Orellius
1030 2775 1066 2811 in
1099 2774 1191 2813 edit.

314 2842 388 2866 sua
401 2829 583 2869 nolentes
591 2833 696 2867 recte
709 2830 887 2867 restituit.
902 2827 1072 2868 Primum
1089 2831 1190 2869 enim

316 2898 428 2936 nego,
440 2886 649 2925 violentem
659 2899 825 2937 unquam
835 2885 907 2923 dici
916 2899 1038 2937 posse
1050 2888 1189 2938 Styga,

316 2942 354 2979 id
381 2943 483 2992 qnod
517 2942 621 2981 Oud.
652 2956 701 2980 ex
734 2943 820 2980 loco
846 2942 961 2982 Ovid.
988 2942 1098 2982 Fast.
1124 2943 1188 2981 lll.

316 3002 410 3038 80¹2.
448 2999 715 3037 demonstrare
744 3000 818 3037 sibi
849 3000 959 3037 visus
991 3004 1054 3038 est
1088 3001 1189 3039 Par-

317 3068 457 3093 carum.
492 3058 645 3095 monitu
685 3056 794 3110 Styx
833 3056 1010 3095 violenta
1048 3058 1188 3095 trium.

317 3124 550 3161 quamquam
576 3113 638 3151 hic
664 3127 737 3151 non
764 3113 814 3150 <le
833 3113 988 3152 llumine
1007 3114 1095 3164 ipso
1116 3115 1189 3153 sod

317 3167 367 3205 de
398 3172 478 3205 toto
505 3168 664 3208 Tartaro
696 3170 943 3220 cogitandum
970 3175 1042 3209 est.
1099 3171 1190 3210 rio-

1259 789 1344 828 lens
1368 790 1469 828 enim
1494 790 1527 828 is
1553 789 1818 828 tantummodo
1837 789 1976 829 fluvius
1999 793 2133 842 potest

1257 847 1468 892 nominari,
1513 846 1578 897 qui
1613 860 1768 886 summa
1803 860 1891 885 cum
1925 847 2131 899 rapiditate

1258 902 1440 948 volvitur,
1465 907 1628 941 torrens.
1677 901 1886 949 Quomodo
1911 907 2042 942 autem
2055 903 2132 942 hoc

1258 958 1308 996 de
1346 958 1472 1010 Styge
1517 959 1862 1011 comprobaveris?
1910 959 1983 998 llla
2030 960 2132 998 enim

1255 1015 1372 1067 palus
1399 1020 1462 1054 est
1488 1017 1629 1054 limosa.
1658 1019 1698 1054 et
1726 1016 1839 1054 tarde
1870 1017 2047 1068 procedit
2083 1016 2133 1056 cf.

1255 1085 1292 1122 p.
1319 1075 1412 1113 406.
1440 1073 1677 1124 proximam
1709 1072 1935 1112 convallem
1961 1073 2132 1113 latenter

1255 1129 1549 1168 incidebant
1579 1130 1752 1169 dextera
1778 1130 1975 1182 laevaque
1998 1131 2132 1169 cauti->

1257 1185 1328 1224 (ms
1343 1187 1496 1225 cavatis
1508 1191 1823 1238 proserpunt.
1840 1184 1939 1225 Tum
1954 1187 2134 1226 nolentes

1254 1242 1358 1280 bene
1383 1247 1519 1293 potest
1545 1242 1644 1281 ferri.
1692 1241 1863 1280 Primum
1889 1244 1990 1281 enim
2016 1255 2133 1294 quum

1255 1298 1388 1350 aquila
1412 1298 1527 1337 fluvio
1553 1299 1859 1351 appropinquat,
1885 1299 1975 1338 inde
1990 1312 2131 1350 aquam

1255 1355 1604 1406 hausturummgna
1619 1369 1704 1394 curn
1721 1351 1754 1392 ri
1770 1355 2133 1406 illeresistit‚idque

1256 1412 1334 1449 lieri
1360 1426 1443 1450 non
1469 1413 1570 1453 vult.
1596 1412 1660 1450 vel
1678 1412 1790 1450 minis
1811 1426 1897 1450 eam
1912 1413 1960 1451 ab
1975 1414 2131 1463 incepto

1256 1468 1454 1509 deterrere
1480 1473 1656 1516 conatur-3
1683 1483 1800 1521 quum
1826 1483 1918 1507 vero
1950 1483 1996 1507 se
2021 1469 2132 1507 iussu

1257 1524 1425 1563 Veneris
1458 1527 1618 1563 venisse
1649 1529 1868 1565 commenta
1892 1526 1979 1564 ales
2009 1530 2132 1571 esset,

1253 1582 1430 1633 facilior
1460 1583 1520 1621 ml
1550 1596 1637 1622 eum
1668 1588 1756 1622 erat
1779 1583 1967 1622 adeundi
1992 1583 2131 1634 copia,

1256 1643 1298 1676 ut
1316 1639 1404 1689 ipse
1417 1638 1611 1690 Apuleius
1633 1639 1741 1685 dicit,
1769 1645 1808 1677 et
1826 1639 1904 1678 hoc
1927 1638 2132 1678 mendacio

1255 1695 1450 1746 deceptus
1498 1709 1639 1747 aquam
1687 1695 1827 1734 hauriri
1874 1709 2023 1746 passus
2070 1699 2133 1734 est

1255 1764 1491 1803 quamquam
1511 1752 1587 1791 hoc
1601 1753 1797 1804 Apuleius
1811 1753 2048 1804 postposuit.
2074 1751 2133 1791 Ita

1253 1808 1383 1846 omnia
1414 1809 1514 1846 bene
1545 1809 1770 1861 procedunt.
1819 1808 2056 1861 interpretes
2082 1822 2130 1846 eo

1251 1869 1397 1903 tantum
1425 1865 1514 1904 falsi
1541 1870 1649 1912 sunt,
1676 1866 1831 1916 quodin
1846 1879 1960 1917 seqq.
1975 1865 2132 1904 fluvium

1251 1921 1407 1960 facilem
1421 1923 1634 1974 mitemque
1649 1922 1774 1960 fuisse
1790 1923 1947 1974 iegitur,
1972 1926 2014 1961 ut
2037 1936 2130 1973 quo-

1250 1978 1367 2015 modo
1395 1978 1457 2017 hic
1481 1979 1622 2018 nolens
1647 1980 1721 2017 dici
1747 1983 1899 2030 posset,
1925 1993 2000 2017 non
2021 1978 2129 2016 intel-

1251 2034 1436 2086 ligerent.-
1450 2035 1552 2074 Hinc
1565 2040 1657 2074 nata
1671 2040 1732 2073 cst
1747 2037 1968 2075 emendatio
1981 2036 2130 2075 volens.

1251 2090 1578 2131 PraetereaOud.
1593 2092 1776 2131 emendat
1789 2097 2003 2138 monentes,
2026 2091 2131 2143 quod

1250 2152 1410 2200 propter
1434 2162 1549 2200 seqq.
1577 2163 1651 2187 non
1678 2148 1827 2201 placet,
1855 2148 1917 2188 vel
1938 2148 2128 2201 vocales]

1308 2210 1354 2245 nt
1370 2206 1502 2245 abiret
1526 2207 1734 2245 innoxius.
1785 2206 1987 2246 Imzoxz'us
2012 2218 2129 2257 quum

1250 2262 1396 2313 duplici
1416 2264 1562 2301 ratione
1576 2262 1738 2314 intelligi
1765 2263 1894 2314 possit
1913 2262 1963 2301 de
1983 2275 2044 2309 eo,
2066 2263 2130 2313 qui

1252 2333 1328 2357 non
1367 2323 1482 2358 nocet
1506 2321 1527 2357 i.
1555 2333 1588 2358 e.
1620 2320 1774 2358 intactis
1811 2320 1944 2372 aquis,
1975 2319 2039 2357 vel
2070 2319 2129 2357 cui

1252 2390 1328 2414 non
1356 2382 1515 2415 nocetur
1540 2377 1563 2416 i.
1583 2390 1616 2415 e.
1642 2377 1807 2415 illaesus
1832 2389 1856 2415 a
1880 2375 2128 2421 draconibus,

1251 2431 1435 2471 Floridus
1471 2433 1576 2472 bene
1611 2434 1810 2486 posterius
1846 2432 2047 2486 praetulit,
2091 2435 2130 2469 et

1252 2494 1417 2535 constat,
1442 2491 1639 2530 innoaeius
1662 2490 1825 2542 passiva
1849 2489 2129 2541 significatione

1251 2547 1413 2599 saepius
1443 2547 1601 2585 inveniri
1651 2546 1698 2585 cs.
1730 2546 1827 2585 Met.
1862 2546 1930 2586 1Χ.
1962 2561 1999 2598 p.
2034 2549 2127 2587 664.

1253 2604 1467 2643 desiderat
1489 2605 1726 2643 innoxius
1749 2604 1814 2642 ubi
1839 2603 1888 2642 cs.
1903 2602 2129 2642 Observan-

1252 2659 1343 2698 dum
1376 2673 1467 2698 vero
1500 2664 1580 2707 est,
1612 2660 1808 2700 innoxias
1839 2664 1879 2698 et
1903 2673 1995 2698 mox
2020 2673 2128 2698 com-

1252 2721 1404 2756 mentus
1440 2717 1655 2756 masculino
1692 2729 1837 2768 genere
1873 2716 1966 2762 dici,
2009 2728 2127 2767 quum

1249 2787 1370 2824 supra
1393 2778 1527 2812 auctor
1552 2773 1693 2812 dixerit
1717 2774 1801 2812 ales
1825 2772 1902 2811 illa
1928 2771 2126 2817 feminino,

1250 2830 1357 2880 quod
1389 2844 1476 2868 cum
1506 2829 1667 2868 Florido
1701 2844 1775 2868 non
1808 2829 1859 2868 ad
1891 2830 2124 2881 epicoenum

1249 2900 1375 2937 genus
1400 2887 1531 2925 referri
1558 2887 1695 2932 debet,
1721 2887 1830 2925 cuius
1856 2899 1904 2924 ne
1926 2899 2025 2924 unus
2046 2885 2126 2936 qui-

1249 2943 1338 2981 dem
1364 2943 1490 2981 afferri
1515 2947 1648 2995 potest
1672 2957 1721 2982 ex
1746 2942 1944 2980 veteribus
1969 2942 2125 2993 scriptis

1248 3000 1490 3051 exemplum,
1516 3001 1589 3039 scd
1603 3000 1653 3040 ad
1667 3000 1913 3039 mutationem
1931 2998 2126 3050 quandam

1248 3058 1421 3108 generis,
1455 3071 1556 3109 quae
1585 3071 1657 3095 non
1689 3070 1774 3094 raro
1800 3056 1835 3093 in
1865 3056 2032 3108 Apuleio
2058 3055 2124 3093 ob-

1248 3114 1393 3152 servari
1425 3114 1515 3152 licet
1562 3114 1610 3152 cl.
1641 3113 1689 3151 ad
1722 3112 1819 3151 Met.
1851 3112 1920 3152 IV.
1945 3126 1981 3164 p.
2009 3115 2122 3157 277„

1248 3171 1311 3210 ubi
1332 3172 1595 3222 perditorum
1621 3169 1775 3221 legitur,
1806 3182 1924 3220 quum
1947 3169 2124 3220 proxime
