2155 3590
753 115 941 172 [ABER
981 133 1049 174 vr

1110 119 1295 174 cAr.r
1856 139 1935 182 an

147 239 217 280 riis
232 239 430 281 blanditiis
444 240 479 281 le
490 239 606 299 luite,
623 250 730 284 certe
743 245 1144 300 servilibus-precibus
1158 246 1380 302 propitiare.
1406 245 1460 287 Et
1473 256 1676 302 prospecto
1692 241 1832 304 templo
1847 265 1937 304 qno·
1963 253 2025 285 383

146 297 231 336 dam
245 296 286 336 in
300 297 411 337 ardui
425 298 567 337 montis
579 299 746 339 vertice:
760 299 872 342 Unde
886 300 1030 354 autem,
1041 302 1186 356 inquit,
1203 303 1300 353 scio,
1317 315 1365 342 an
1380 302 1591 345 istic'meus
1606 306 1721 358 degat
1735 306 1939 348 dominus?

149 352 200 392 lit
221 353 324 393 illico
351 353 485 408 dirigit
509 354 668 395 citatum
695 357 879 410 gradum,
909 362 1021 412 quem
1046 359 1238 399 defectum
1256 373 1418 413 prorsus
1440 360 1609 400 assiduis
1630 361 1828 402 laboribus
1848 377 1936 417 spes

145 469 266 497 axoris
279 471 315 498 F.
331 471 359 498 1.
375 472 410 499 G.
425 469 464 498 D.
479 472 526 499 ed.
540 479 584 505 pr.
599 471 724 501 vicent.
739 474 832 502 Vulc.
848 476 876 503 2.
892 475 981 504 Colv.
1030 475 1115 503 unde
1129 476 1231 503 etiam
1244 477 1282 504 D.
1296 483 1368 504 am.
1385 484 1414 510 p.
1439 474 1524 503 unde
1537 479 1601 504 aut
1618 478 1665 505 eil.
1686 479 1835 507 Beroald.
1885 480 1939 507 ais

143 522 200 548 pro
215 522 259 541 cm
273 515 306 543 in
320 518 423 551 Mai-g.
439 517 515 544 Bas.
532 518 560 544 1.

606 516 760 553 gradum.
787 517 836 552 [In
853 521 1018 557 omnibus,
1045 529 1124 555 quos
1139 522 1286 555 equidem
1301 521 1446 549 conferre
1462 522 1567 556 potui,
1594 525 1673 551 Mss.
1690 528 1720 551 et
1734 525 1803 552 edd,
1819 529 1892 553 vett.
1909 529 1939 553 et

144 563 276 588 recentt.
295 561 414 595 legitur
429 559 589 598 gradum,
618 566 647 589 ul
668 563 808 598 intelligi
830 569 983 600 nequeat,
1018 567 1099 594 unde
1120 567 1353 603 Rulmkenius,
1386 566 1440 600 qui
1471 568 1760 601 Oudenuorpianae
1785 569 1938 597 editionis

143 608 264 633 textum
278 606 444 633 constituit
454 628 461 643 ‚
473 614 624 643 gressum
638 609 807 636 lectionem
820 610 1073 650 liauserit3Na1n
1085 614 1136 639 vel
1152 612 1286 640 inVulc.
1296 613 1338 645 2..
1353 612 1447 639 cuins
1461 615 1644 640 contextum
1657 614 1829 642 Ruhnken.
1844 622 1936 648 pres-

141 649 204 677 sim
222 650 384 687 sequitur,
410 654 444 678 ut
463 651 608 680 eiusdem
627 652 716 685 ipsos
736 661 860 682 errores·
874 662 937 682 non
952 663 1024 684 raro
1040 656 1190 691 recipiat,
1213 655 1357 693 gradum
1379 659 1519 690 praebet.
1547 657 1739 685 Coniectura
1760 658 1791 686 id
1812 662 1936 687 tantum

140 694 274 728 assequi
289 695 381 730 licet,
408 697 578 725 Ruhnken.
599 698 749 731 posuisse
765 706 918 735 gressum
938 703 991 729 vel
1011 701 1089 734 quia
1108 710 1147 729 ea
1165 698 1401 736 significatione
1415 701 1520 729 tritior
1533 705 1598 738 est,
1623 703 1675 730 vel
1690 704 1771 736 quod
1787 704 1864 731 Oud.
1879 712 1936 731 ex-

139 740 241 773 plicat
256 740 290 768 in
302 741 526 770 adnotatione:
551 740 667 779 dirigit
679 751 830 778 gressum
845 745 973 773 scilicet
987 753 1023 771 eo
1039 754 1122 783 qua,
1149 750 1179 774 et
1196 747 1230 775 in
1250 747 1340 781 Virg.
1358 748 1440 775 Aen.
1454 748 1477 775 Ι.
1492 743 1568 775 405.
1588 749 1750 783 exemplo,
1778 749 1859 781 quod
1882 749 1936 776 ille

139 784 246 822 affert,
262 784 337 814 item
348 792 495 821 gressus.
508 787 638 822 legitur.
665 789 751 817 Orell
761 796 914 825 gressum
927 790 1075 827 recepit]
1113 799 1181 828 qma
1194 788 1223 820 ὃ.
1247 793 1285 820 In
1298 795 1371 820 cett.
1384 791 1504 826 legitur
1517 799 1621 829 quem.
1645 793 1824 821 Pronomen
1841 793 1874 821 in
1887 794 1936 821 eu.

137 829 244 858 Paris.
257 831 386 859 omnnio
400 832 499 861 deest.

142 924 299 972 quanto
312 919 504 958 adiectum
518 919 586 964 sit,
613 933 688 970 quo
702 918 878 966 refertur,
905 934 1006 972 quae

137 975 290 1015 dicendi
314 977 408 1014 ratio
423 975 593 1028 Apuleio
619 981 681 1014 est
696 976 915 1023 tritissima,
940 981 1007 1016 aut

138 1046 258 1083 quam
280 1032 469 1084 particula
493 1036 678 1084 sequatur
691 1035 1004 1085 comparationis,

134 1101 237 1138 quae
250 1090 300 1128 ad
314 1091 617 1141 comparativum
625 1091 802 1141 pertinet,
815 1089 1006 1130 Cic.Ve1·r.

134 1143 373 1191 11.3.45.,ve1
388 1159 436 1184 ex
449 1149 529 1184 toto
544 1147 820 1184 sententiarum
830 1160 1005 1185 connexu.

132 1203 367 1253 cogitatione
382 1202 505 1240 altera
523 1203 738 1240 enunciatio
758 1203 847 1240 addi
866 1204 1003 1254 possit.

131 1256 259 1297 Nemo
300 1271 469 1309 unquam
510 1259 586 1297 huc
625 1258 769 1297 reserat
804 1258 1005 1298 formulam

133 1315 248 1353 istam
274 1315 462 1353 comicam
487 1320 602 1354 tanto
626 1316 783 1354 melior.
807 1315 907 1353 Hinc
930 1329 1003 1353 suo

132 1371 213 1408 iure
243 1371 426 1410 Brantius
457 1372 493 1409 in
525 1371 600 1408 hoc
631 1371 718 1408 loco
747 1371 909 1409 offendit
932 1385 1002 1423 pro

130 1428 267 1466 animo
282 1427 488 1465 coniiciens
496 1428 630 1466 nimio.
645 1426 791 1466 Obstat
799 1432 1003 1479 praeterea

130 1484 218 1534 ipsa
240 1497 318 1523 vox
343 1483 497 1529 animo,
530 1497 631 1534 quae
663 1484 777 1534 plane
807 1484 1003 1535 superflua

129 1543 202 1578 est.
229 1539 316 1579 Hoc
329 1540 434 1579 Oud.
445 1539 694 1579 intellexisse
707 1540 869 1587 videtur,
886 1554 1003 1592 quum

129 1599 270 1648 postea
294 1596 345 1636 ad
368 1596 466 1635 Met.
480 1595 565 1635 Vll.
585 1611 622 1648 p.
638 1602 731 1637 474.
758 1597 885 1636 locum
900 1597 1002 1634 exci-

128 1655 200 1692 tet:
215 1654 342 1693 nimio
354 1658 469 1692 tanto
484 1654 693 1706 cupidior.
716 1654 758 1692 Si
773 1654 822 1693 ad
836 1655 1003 1692 animum

128 1710 258 1748 referri
274 1708 469 1748 voluisset
481 1711 694 1762 cupidior,
710 1710 904 1761 Apuleius
917 1711 1003 1748 sine

128 1766 243 1805 dubio
271 1766 439 1805 dixisset
462 1768 603 1812 animi,
631 1766 737 1817 quod
755 1767 917 1818 saepius
937 1767 1003 1805 ab·

129 1823 275 1861 undare
288 1823 439 1862 videtur
452 1823 556 1875 apud
569 1823 784 1869 Romanos,
810 1827 852 1862 ut
864 1837 1002 1862 vecors

128 1881 272 1925 animi,
294 1882 438 1932 furens
452 1880 576 1918 animi
590 1880 676 1918 alia.
703 1876 873 1919 Diversa
885 1878 1002 1931 plane

127 1936 275 1974 rati0ne
289 1936 382 1974 dicit
395 1935 444 1974 de
458 1935 597 1974 eadem
605 1935 841 1986 PsychelV.
858 1950 893 1987 p.
904 1939 999 1976 310.

127 2006 257 2046 αεφά
267 1993 468 2044 corporis,
478 1992 603 2031 animi
615 1993 758 2031 saucia
772 1992 998 2043 etV.p.360.

127 2054 167 2088 et
186 2049 309 2088 animi
335 2053 373 2087 et
396 2046 586 2099 corporis
611 2044 799 2101 alioquin
824 2049 997 2100 infirma,

125 2109 168 2143 ut
185 2103 287 2142 Oud.
325 2102 431 2142 erret
443 2099 598 2150 dicens,
623 2099 836 2155 Apuleium
862 2106 999 2143 animo

125 2161 246 2200 videri
272 2157 701 2213 expresse'addidissm
728 2166 769 2199 ut
783 2163 1000 2211 opponatur

125 2218 352 2271 inquieta
377 2216 566 2270 corpore.
615 2215 825 2269 Inquietus
849 2230 923 2254 non
950 2216 1001 2255 ad

126 2287 269 2326 corpus
294 2274 423 2311 solum
447 2272 524 2311 sed
547 2273 598 2312 ad
622 2275 789 2312 animum
803 2276 842 2311 et
855 2273 906 2312 ad
920 2286 1000 2310 cor-

124 2344 200 2382 pus
218 2329 381 2369 refertur
393 2328 599 2381 Psyches,
625 2342 726 2380 quae
747 2343 842 2381 prae
867 2329 995 2367 anxie-

125 2391 204 2425 tate
218 2391 257 2424 et
270 2385 465 2425 desiderio
482 2385 567 2424 dies
587 2389 805 2436 noctesque
818 2384 995 2424 maritum

124 2443 284 2495 quaerit.
310 2441 458 2483 Animo
478 2443 590 2493 igitur
609 2443 643 2480 si
657 2455 789 2481 verum
809 2446 883 2488 est,
908 2455 995 2480 cum

121 2496 394 2539 verbis‘tanto
427 2500 623 2551 cupidior
659 2496 778 2537 debet
803 2499 994 2552 coniungi,

101 2569 358 2609 ,quamquam
383 2556 565 2606 equidem
592 2556 869 2594 correctionem
901 2569 994 2594 esse

121 2614 337 2664 putaverim
352 2613 510 2660 librarii,
531 2612 595 2663 qui
615 2613 740 2650 nimio
753 2624 997 2663 concoquere

121 2684 196 2709 non
222 2669 405 2721 poterat]

177 2727 324 2767 iratum
350 2725 446 2765 licet
563 2730 670 2764 certe
682 2725 890 2764 servilibus
897 2738 995 2777 pre-

104 2783 234 2833 ‚cibus
256 2783 506 2835 propitiare.
542 2781 610 2828 Et,
625 2780 730 2832 quod
744 2785 833 2820 ante
847 2783 995 2820 iratum

93 2888 96 2889 ⁷
122 2837 278 2890 legitur,
304 2838 394 2876 ferri
413 2852 488 2876 non
502 2841 653 2888 potest,
679 2838 770 2888 quia
789 2837 993 2876 infinitivus

120 2897 356 2946 propitiare
370 2896 422 2933 ita
437 2894 661 2939 nonhabet,
686 2893 790 2932 unde
811 2893 990 2944 pendeat.

107 2949 225 3000 AOud.
251 2965 300 2990 ne
326 2951 506 3002 copulam
526 2951 737 2995 omitteret,
763 2955 800 2989 et
815 2950 991 3002 licetpro

125 3007 290 3053 etiamsi,
317 3009 389 3047 etsi
409 3007 550 3046 dictum
564 3007 730 3059 putavit,
757 3019 991 3057 quamquam

123 3061 186 3100 hic
208 3076 302 3102 usus
327 3063 522 3115 exemplis
549 3064 614 3104 vix
643 3063 786 3115 poterit
817 3077 991 3114 compro-

123 3117 204 3157 bari
216 3119 278 3160 vel
289 3122 490 3172 transponi
508 3120 738 3172 particulam
751 3122 841 3160 ante
855 3120 992 3160 animo

1064 920 1194 962 voluit.
1264 921 1480 975 Utrumque
1526 920 1646 975 plane
1692 924 1937 963 temerarium

1063 982 1152 1025 est5
1184 981 1420 1032 propitiare
1455 980 1659 1019 infinitivus
1695 984 1774 1025 est,
1812 982 1877 1031 qui
1913 994 1937 1018 e

1061 1035 1254 1074 vocabulo
1282 1036 1480 1088 cupidior
1503 1040 1619 1088 aptus
1646 1040 1719 1075 est.
1746 1037 1797 1076 cf.
1818 1036 1934 1075 ovid.

1062 1091 1159 1130 Met.
1195 1090 1307 1130 XIV.
1344 1096 1437 1133 215.
1482 1093 1739 1145 cupidasque
1779 1094 1936 1132 moriri.

1061 1145 1242 1199 Propert.
1264 1147 1292 1186 I.
1317 1151 1378 1188 19.
1395 1152 1430 1188 9.
1457 1162 1573 1199 quam
1597 1151 1936 1194 constructionem,

1064 1217 1181 1254 quum
1211 1205 1442 1254 interpretes
1472 1219 1547 1243 non
1585 1205 1861 1257 intelligerent,
1897 1211 1937 1244 et

1062 1260 1293 1311 particulam
1318 1262 1522 1299 temerarie
1553 1263 1798 1301 intruserunt.
1846 1262 1935 1300 Nec

1061 1315 1188 1354 miuus
1202 1329 1391 1367 perversa
1405 1321 1467 1354 est
1479 1314 1644 1356 Meursii
1658 1317 1825 1357 Exercit.
1842 1318 1932 1356 Crit.

1065 1376 1127 1411 17.
1155 1373 1374 1410 coniectura
1393 1378 1517 1419 certa,
1544 1375 1607 1424 qui
1622 1374 1674 1412 ita
1688 1380 1726 1413 et
1737 1375 1933 1413 sustinere

1059 1428 1226 1474 studuit,
1261 1433 1304 1467 ut
1328 1434 1440 1468 certa
1465 1430 1673 1468 adsciverit
1696 1431 1932 1470 infinitivum.

1061 1485 1145 1523 Sed
1169 1485 1235 1523 ille
1259 1499 1334 1523 non
1360 1486 1482 1531 videt,
1513 1487 1567 1525 ita
1596 1487 1714 1524 totius
1747 1487 1819 1525 loci
1845 1497 1933 1525 sen-

1059 1543 1218 1580 tentiam
1243 1542 1468 1593 perturbari.
1506 1543 1622 1583 Certe
1646 1543 1934 1594 enimsaepius

1059 1599 1096 1636 in
1120 1612 1196 1636 usu
1232 1602 1311 1643 est,
1348 1599 1433 1644 ubi,
1464 1599 1570 1650 quod
1605 1599 1642 1637 in
1668 1600 1935 1638 enunciatione

1059 1658 1187 1707 priore
1208 1654 1344 1693 fortius
1365 1668 1598 1707 expressum
1618 1660 1717 1701 erat,
1742 1660 1935 1707 sequente

1058 1711 1136 1750 hac
1167 1710 1354 1762 particula
1384 1712 1496 1762 quasi
1533 1713 1744 1764 mitigatur,
1780 1716 1822 1750 ut
1855 1713 1934 1751 vim

1061 1767 1316 1819 restringendi
1331 1768 1485 1806 habeat.
1501 1767 1602 1807 Oud.
1616 1767 1738 1808 inulta
1752 1767 1935 1821 exempla

1061 1838 1110 1862 ex
1123 1824 1295 1875 Apuleio
1312 1826 1568 1871 enumeravit,
1595 1839 1757 1876 quorum
1771 1825 1809 1864 id
1829 1825 1933 1863 susti-

1060 1881 1135 1919 ciat
1149 1881 1374 1920 describere
1387 1880 1555 1919 MetJX.
1570 1895 1607 1932 p.
1624 1884 1717 1922 649.
1742 1882 1807 1921 rel
1828 1883 1862 1920 si
1886 1881 1934 1920 id

1058 1938 1294 1989 nequiverit,
1317 1944 1425 1976 certe
1439 1937 1580 1977 Larua
1594 1938 1659 1977 vel
1677 1938 1823 1991 aliquo
1838 1937 1933 1977 diro

1057 1994 1218 2032 winzine
1249 1994 1421 2032 immisso
1455 1995 1652 2033 violenter
1685 1995 1769 2034 eius
1805 2008 1933 2046 expic-

1055 2050 1183 2101 fflzari
1206 2050 1409 2101 spiritam.
1457 2049 1504 2088 cf.
1530 2050 1658 2089 Hand.
1686 2049 1860 2090 Turseli,
1884 2049 1932 2089 Il.

1056 2119 1094 2156 p.
1121 2105 1205 2158 25]

1115 2162 1279 2202 umoriis
1294 2160 1518 2202 blanditiis.
1534 2161 1670 2215 [Quod
1683 2163 1719 2202 in
1737 2161 1931 2202 nonnullis

1059 2217 1172 2257 codd.
1189 2217 1326 2269 legitur
1338 2220 1484 2258 uxoris
1497 2220 1574 2258 iam
1587 2219 1750 2259 aBarth.
1760 2220 1930 2259 Advers.

1057 2273 1126 2313 Vl.
1155 2279 1217 2314 13.
1244 2288 1280 2325 p.
1296 2278 1389 2316 277.
1414 2273 1577 2314 Piceart.
1597 2270 1720 2315 Pericss
1738 2276 1826 2316 Crit.
1847 2292 1877 2315 c.
1893 2280 1929 2317 9.

1055 2330 1303 2370 emendatum
1328 2335 1391 2370 est
1420 2332 1456 2369 in
1494 2334 1667 2372 uxoriis.
1729 2333 1813 2371 Sed
1836 2332 1930 2372 Bar—

1053 2387 1158 2425 thius
1178 2387 1252 2426 sibi
1272 2402 1348 2426 non
1369 2389 1555 2428 constitit.
1578 2387 1682 2428 Nam
1702 2390 1737 2427 in
1758 2389 1927 2428 Advers.

1051 2439 1245 2483 XXXIII.
1269 2448 1306 2485 5.
1331 2458 1368 2496 p.
1397 2448 1517 2485 1513.
1543 2446 1578 2483 in
1603 2447 1687 2484 suis
1713 2445 1826 2483 codd.
1852 2445 1928 2495 legi

1053 2500 1143 2538 dicit
1177 2502 1331 2540 uxoria
1374 2500 1596 2548 blanditia,
1642 2502 1747 2553 quod
1782 2514 1928 2540 merum

1051 2556 1203 2595 videtur
1217 2558 1302 2596 eius
1317 2570 1411 2595 esse
1429 2557 1673 2609 figmentum,
1698 2558 1928 2609 praesertim

1056 2626 1175 2664 quum
1204 2612 1272 2652 ille
1301 2614 1377 2653 hac
1408 2615 1443 2652 in
1475 2627 1516 2651 re
1540 2613 1644 2652 male
1669 2616 1766 2652 inter
1790 2627 1927 2652 omnes

1054 2668 1205 2714 audiat,
1242 2673 1285 2709 ut
1319 2671 1482 2721 saepius
1519 2671 1595 2709 iam
1629 2670 1818 2709 monitum
1854 2674 1927 2710 est.

1053 2725 1209 2764 Deinde
1233 2727 1269 2764 in
1291 2740 1338 2764 eo
1360 2739 1516 2778 quoque
1529 2728 1686 2773 erravit,
1710 2727 1815 2778 quod
1828 2730 1926 2766 utro-

1054 2795 1131 2833 que
1157 2782 1245 2820 loco
1272 2784 1435 2823 uxoriis
1471 2781 1644 2834 explicat
1680 2783 1732 2822 ad
1765 2795 1927 2822 uxorem

1050 2838 1927 2890 pertinentibus.quumequidempromollibus

1050 2899 1089 2934 et
1102 2895 1280 2934 delicatis
1294 2895 1582 2947 explicaverim,
1608 2909 1709 2947 quae
1722 2896 1925 2935 mulierum

1049 2948 1232 3005 propriae
1246 2952 1412 2990 virorum
1426 2952 1577 2990 animos
1591 2953 1760 3003 capiunt.
1799 2953 1925 3004 Signi-

1049 3008 1174 3048 ficatio
1199 3008 1308 3046 vocis
1335 3007 1542 3046 notissima
1566 3008 1657 3060 est]

1105 3064 1304 3116 syrmium,
1326 3078 1443 3117 quem
1456 3063 1537 3116 des
1533 3069 1673 3104 ectum.
1705 3063 1833 3117 [Male
1845 3068 1926 3117 agit

1050 3119 1174 3167 Oud.,
1207 3121 1273 3171 qui
1304 3134 1327 3159 e
1351 3120 1436 3161 cod.
1461 3120 1596 3161 d’Orv.
1623 3124 1818 3162 contextui
1841 3136 1922 3161 ver-
