2155 3590
680 200 858 241 LIBER
882 201 956 242 IX.

98 312 107 369 Ι
127 312 373 354 consulentes
399 311 444 352 de
469 310 586 352 rebus
611 312 733 354 variis
756 313 943 367 plurimos
966 313 1014 354 ad
1038 313 1139 354 hunc
1162 313 1317 354 modum
1349 313 1622 355 cavillantur.--
1644 313 1742 356 Sors
1768 313 1863 356 haec
1888 321 1949 356 607

91 375 196 410 erat:

1004 201 1128 241 CAP.
1153 202 1272 242 vm.
1782 202 1861 245 765

356 421 461 470 vIdeo
486 423 681 464 coniuncti
707 431 853 465 terram
878 426 1132 479 proscindunt
1153 425 1295 476 boves,

368 478 422 520 Ut
445 479 486 519 in
512 480 681 520 futurum
705 481 806 521 laeta
831 482 1052 535 germinent
1075 489 1172 522 sata.

91 535 258 583 Tumsi
289 535 355 589 qui
384 535 671 576 matrimonium
702 545 810 578 sorte
840 545 1065 592 coaptantes
1094 538 1408 591 interrogarent,
1440 552 1520 579 rem
1552 539 1675 594 ipsam
1704 553 1864 594 respon-

80 661 256 711 'pturimas
270 673 291 702 f.
338 673 372 701 in
389 671 478 702 Imnc
496 673 623 702 modum
643 675 663 704 f.
711 673 766 703 1ηέ
785 679 865 704 erat
880 677 949 705 edd.
969 679 1044 705 vett.
1065 684 1167 710 usque
1186 678 1226 706 ad
1245 678 1335 706 colv.
1354 679 1482 712 praeter
1497 666 1581 706 lunt.
1597 680 1629 707 2.

92 721 128 748 G.
146 721 175 748 2.
188 721 227 748 D.
265 726 346 746 =cum
359 719 428 746 uice*
440 722 475 748 G.
492 721 519 748 1.
547 720 747 748 coniunctim
761 730 794 755 φ.
835 720 1041 758 prosindunt
1054 723 1090 750 G.
1106 723 1134 750 1.

1676 686 1747 705 cum
1762 678 1871 706 iuneti

1182 720 1277 749 laeta
1289 730 1351 751 non
1366 726 1525 759 comparet
1539 723 1573 751 in
1586 724 1621 752 0.
1645 725 1682 752 In
1695 726 1794 751 Mete.
1808 725 1867 751 Eu.

90 764 279 802 malefata.
304 764 363 792 Hic
378 767 484 792 autem
498 768 731 799 lypotnetarum
747 768 842 800 culpa
855 767 913 795 Ed.
927 767 1077 795 Beroaldi
1094 768 1174 802 1501>
1192 768 1296 804 (ἰεῆοίῐΙ
1309 775 1411 802 usque
1425 769 1463 796 ad
1478 767 1680 804 mmupulos,
1709 772 1736 796 et
1751 775 1869 797 aversa

92 809 228 846 pagina,
238 842 242 845 .
254 816 337 843 quae
349 809 400 837 bis
415 810 583 845 repetitur,
610 811 722 844 incipit
738 818 758 839 a
771 811 909 838 cariosa
922 810 1093 838 vulnerum
1103 810 1290 847 putredine.
1335 813 1501 849 germinet
1511 814 1550 841 D.

91 856 130 882 R.
146 853 166 882 f.
206 856 284 881 tunc
303 855 341 882 D.
355 858 384 882 et
399 852 468 883 edd.
487 859 562 883 ante
576 856 666 884 Colv.

1599 815 1709 849 tatum
1730 820 1785 848 pro
1801 816 1870 839 tum

713 859 913 891 coaptantes
933 857 968 886 1⁴¹.
983 858 1012 884 3.
1027 857 1063 884 G.
1078 859 1107 884 1.
1122 858 1152 886 2.
1165 858 1204 885 D.
1219 866 1250 891 φ.
1265 859 1301 886 Β.
1316 857 1338 886 f.
1352 865 1380 892 p.
1396 858 1430 886 P.
1443 859 1527 886 lunt.
1543 859 1588 893 2²„
1610 861 1806 895 coaptantes
1821 858 1869 886 ed.

91 907 138 933 pr.
152 898 278 927 Vicent.
292 899 404 927 Venet.
419 901 447 928 ἱ).
463 901 492 927 4.
507 900 612 928 Paris.
628 901 730 928 Colin.
743 901 845 929 Basil.
882 903 1062 936 captantes
1076 902 1111 929 F.
1128 903 1156 930 1.
1170 904 1206 930 L.
1222 899 1249 930 δ’.
1265 903 1298 931 O.
1313 906 1342 930 et
1357 903 1426 930 edd.
1443 906 1511 936 post
1527 903 1613 931 Colv.
1651 906 1871 938 coopertmer’s

89 945 166 973 Ald.
179 945 260 972 Iuni.
276 945 305 971 1.

92 987 241 1026 Iocutus,
265 985 353 1016 m'lcil
374 988 570 1017 circuitione
595 997 675 1026 opus
698 993 760 1019 est.

92 1097 248 1136 indicari
262 1102 410 1149 potest,
434 1112 508 1137 nec
521 1098 802 1145 affirmaverim,
816 1098 955 1145 locum,

94 1154 249 1204 qualem
289 1154 467 1204 equidem
504 1155 612 1200 dedi,
659 1156 837 1194 omnibus
872 1157 955 1194 suis

94 1211 261 1249 numeris
285 1210 498 1261 perfectum
524 1224 627 1250 esse.
669 1212 823 1252 Casulis
853 1212 956 1262 quod

93 1266 241 1316 aliquot
253 1267 366 1306 codd.
381 1267 528 1317 legunt,
554 1267 710 1306 latinum
723 1281 828 1314 esse,
854 1267 955 1307 Oud.

93 1322 285 1373 perfracte
317 1328 449 1373 negat,
480 1336 552 1360 nec
581 1324 696 1360 etiam
728 1323 875 1362 casulis
905 1324 955 1362 de

93 1379 222 1430 parvis
247 1379 351 1417 casis
375 1379 601 1417 rusticorum
620 1379 682 1416 hic
700 1379 799 1417 sumi
820 1393 955 1429 posse.

92 1433 205 1473 Hauc
233 1435 333 1472 enim
364 1438 509 1472 sortem
539 1439 732 1473 enotatani
762 1434 886 1472 fuisse
918 1436 954 1473 in

91 1504 202 1528 usum
240 1491 364 1528 omnis
400 1492 553 1540 generis
589 1490 802 1536 hominum,
839 1492 954 1529 etiarn

91 1547 250 1584 divitum
269 1551 308 1584 et
325 1547 642 1598 praepotentium.
668 1546 708 1584 ln
729 1547 790 1586 ed.
806 1547 954 1586 Vicent.

91 1603 257 1652 aliisque
293 1607 356 1641 est
391 1603 458 1648 de,
496 1603 599 1653 quod
630 1603 736 1641 favet
760 1603 854 1650 illis,
891 1604 957 1654 qui

92 1658 252 1697 ridicule
276 1660 454 1710 capsulis
478 1661 734 1706 coniecerunt,
759 1662 869 1710 quasi
892 1660 956 1698 fin-

95 1719 232 1765 gentes
258 1715 381 1762 Galli,
411 1729 457 1753 se
488 1715 620 1767 plures
645 1721 773 1755 sortes
799 1715 956 1762 habere,

93 1785 209 1810 unani
243 1775 370 1810 tamen
406 1785 563 1822 semper
597 1772 647 1810 de
683 1772 855 1823 capsulis
893 1786 956 1810 ex-

71 1828 322 1873 traxissent,
371 1827 565 1878 quomodo
614 1842 736 1868 arcae
782 1829 957 1867 inclusae

93 1888 203 1922 erant
237 1883 514 1923 Praenestinae
545 1889 693 1930 sortes,
730 1884 780 1922 de
816 1886 956 1935 quibus

94 1940 141 1979 cf.
174 1939 257 1979 Intt.
288 1941 339 1978 ad
370 1940 488 1978 Suet-
509 1939 638 1978 Tiber.
669 1954 702 1978 c.
734 1944 798 1981 63.
834 1939 957 1979 Unice

94 2009 186 2034 vera
216 1996 365 2034 videtur
389 1995 490 2035 Oud.
522 1997 636 2035 lectio
667 1997 840 2043 casibus,
876 1998 960 2035 sive

96 2054 134 2091 in
160 2052 288 2091 dativo
312 2053 456 2090 retines
477 2054 561 2091 sive
586 2053 710 2091 mavis
729 2053 764 2090 in
784 2053 861 2092 abl.
877 2067 959 2105 pro

96 2109 253 2148 casibus
276 2108 297 2145 i.
312 2122 346 2147 e.
370 2113 482 2159 prout
500 2122 615 2147 casus
636 2110 726 2147 varii
743 2122 790 2147 se
804 2110 959 2156 dabant,

96 2165 204 2204 nacla
228 2164 447 2203 alternanti
467 2165 674 2215 Gefallen,
701 2169 739 2203 et
757 2179 826 2217 pro
841 2179 960 2216 quae-

96 2221 304 2265 stionibus,
352 2233 450 2271 quas
492 2221 740 2260 consulentes
780 2221 959 2261 homines

96 2277 399 2327 interrogabant,
430 2276 540 2315 hisce
564 2291 619 2316 sc.
646 2278 822 2316 omnibus
848 2292 959 2316 exco-

98 2334 326 2384 gitaverant,
346 2333 431 2370 sive
445 2339 707 2373 enataverunt
718 2347 830 2372 unam
843 2335 958 2373 modo

97 2392 261 2434 sortem,
285 2389 370 2426 sive
389 2389 543 2427 oraculo
564 2389 739 2435 effatum,
765 2391 870 2441 quod
893 2405 959 2442 po-

97 2449 197 2484 terat
220 2445 423 2484 convenire
451 2445 626 2497 pluribus
656 2447 829 2494 casibus,
861 2460 961 2498 quos

97 2514 188 2540 mox
212 2502 422 2551 subiungit,
453 2505 492 2540 et
516 2502 566 2540 de
591 2502 730 2552 quibus
753 2505 962 2555 praecipue

99 2557 249 2596 consuli
273 2557 454 2596 solebant
478 2558 604 2596 divini.
629 2557 719 2596 Non
744 2573 836 2610 ergo
862 2574 960 2610 opus

99 2618 162 2652 est
197 2627 283 2652 cum
318 2613 444 2652 Oxon.
482 2615 566 2653 cod.
605 2614 735 2665 legere
771 2617 960 2662 enodata.

100 2670 294 2720 quomodo
321 2671 417 2720 sata
441 2672 622 2709 enodare
653 2670 809 2721 quidam
834 2671 967 2723 legunt

99 2725 194 2764 Met.
209 2724 252 2763 ll.
273 2739 309 2777 p.
327 2730 416 2766 120.
443 2726 686 2777 [Lectionem
711 2740 836 2766 meam
859 2733 966 2768 sorte

102 2783 224 2822 unica
244 2796 323 2833 per
347 2796 482 2822 casum
503 2783 694 2833 pluribus
719 2789 883 2823 enotata
912 2785 966 2822 ita

103 2837 278 2889 eprIcoz
303 2843 409 2877 sorte
429 2840 571 2884 unt'ca,
598 2852 699 2888 quae
714 2838 866 2878 fortuito
882 2840 964 2892 plu-

101 2893 206 2932 ribus
241 2894 359 2932 rebus
396 2898 479 2932 erat
513 2895 734 2946 designata,
776 2895 965 2947 pluraque

101 2949 356 2999 significabat,
381 2950 610 2989 sacerdotes
636 2951 831 3003 decipiunt
853 2952 967 3004 pluri-

103 3018 209 3051 mos,
234 3005 283 3043 de
297 3007 411 3044 variis
430 3007 547 3045 rebus
567 3007 829 3047 consulentes.
867 3008 966 3046 Ean·

102 3059 193 3098 dem
223 3061 335 3112 igitur
365 3075 480 3113 quain
506 3061 607 3102 Oud.
640 3064 796 3114 protulit
824 3064 966 3115 signiti-

103 3117 292 3156 nationem
317 3118 391 3157 loci
412 3119 630 3165 enucleavi,
656 3119 706 3158 ad
730 3117 830 3160 Mss.
853 3123 966 3160 vesti-

102 3172 167 3222 gia
201 3186 315 3224 quam
354 3176 528 3226 proxime
570 3175 775 3216 accedens.
846 3179 967 3229 Atqui

351 951 458 980 neque
469 944 576 980 ipsam
590 953 646 979 pro
659 953 728 972 rem
740 945 847 981 ipsam
860 947 898 975 L.
910 947 1037 975 Terent.
1049 947 1151 976 Andr.
1163 948 1188 976 1.
1202 948 1233 976 2.
1248 948 1278 976 3.
1303 946 1363 975 lta
1375 950 1494 984 aperte
1517 946 1578 984 ips
1588 945 1647 976 ἀηι
1666 946 1754 976 'rem
1775 945 1870 983 modo

1013 1098 1125 1140 lectio
1147 1115 1224 1152 per
1249 1116 1382 1141 casum
1405 1106 1590 1154 suspecta
1607 1102 1699 1147 mihi
1718 1116 1873 1154 semper

1012 1157 1093 1196 erit.
1145 1157 1248 1197 Casu
1279 1159 1378 1195 enini
1403 1158 1476 1197 hoc
1506 1159 1649 1198 sactum
1679 1173 1752 1198 non
1779 1163 1872 1201 erat.

1012 1213 1086 1251 sed
1111 1215 1289 1263 cogitato.
1343 1215 1539 1254 Pluribus
1562 1217 1737 1261 casibus,
1769 1215 1874 1267 quod

1013 1267 1114 1307 Oud.
1128 1270 1314 1320 praefert,
1340 1276 1495 1321 propter
1508 1284 1679 1321 sequens
1692 1272 1744 1310 {le
1756 1273 1874 1311 rebus

995 1326 1134 1363 mariis
1156 1327 1280 1363 minus
1305 1325 1392 1364 mihi
1418 1328 1694 1378 comprobatur.
1721 1328 1873 1366 Rodius

1010 1382 1142 1420 vertit:
1191 1382 1260 1420 δίε
1302 1383 1509 1422 ertleeilten
1551 1385 1664 1422 einen
1703 1384 1874 1423 Oralfel-

1011 1437 1163 1487 sprucli
1193 1438 1280 1476 und
1311 1438 1443 1477 durch,
1472 1440 1702 1485 kiinstle'clce
1735 1440 1873 1480 Auste-

1008 1506 1127 1544 9unsl
1150 1498 1311 1543 passten
1330 1496 1385 1532 sie
1403 1495 1615 1534 tlenselbcn
1632 1496 1742 1534 allen
1763 1501 1874 1546 moy-

1015 1548 1147 1587 lichen
1175 1550 1451 1602 voryeleyten,
1481 1551 1589 1589 noch.
1616 1565 1661 1590 so
1684 1552 1775 1590 selcr
1802 1565 1876 1589 von

1013 1605 1209 1643 einander
1251 1606 1556 1646 verschiedenen
1601 1608 1765 1660 Frayen
1811 1621 1876 1646 an.

1013 1660 1076 1698 De
1100 1674 1205 1698 more
1231 1661 1431 1700 Gallorum
1455 1663 1685 1709 vaticinandi
1719 1663 1769 1704 cf,
1792 1662 1875 1702 luit.

1012 1716 1063 1755 ad
1087 1716 1216 1755 luven.
1232 1717 1297 1756 VI.
1323 1723 1405 1758 517
1428 1720 1540 1772 sqq.]

1071 1774 1327 1813 cavillantur.
1377 1773 1481 1826 [Hoc
1514 1775 1735 1821 locormale
1766 1776 1876 1814 inter-

1013 1833 1210 1881 pretantur
1225 1832 1425 1877 iocantur,
1440 1831 1632 1878 illud-unt,
1648 1846 1732 1870 cum
1747 1834 1876 1883 potius

992 1887 1064 1932 ¹sit
1088 1885 1301 1937 decipiunt
1323 1888 1451 1939 iisque
1476 1888 1700 1939 imponunt.
1726 1889 1772 1927 ci'.
1787 1887 1877 1926 lsid.

1016 1940 1148 1980 Gloss.
1158 1955 1194 1992 p.
1207 1946 1299 1982 675.
1311 1943 1539 1990 cavillator,
1562 1945 1793 1990 mandator,
1813 1958 1878 1983 ca-

1017 1997 1247 2037 lumniator.
1287 2012 1323 2049 p.
1355 2002 1449 2039 686.
1479 2001 1641 2044 manda,
1677 2001 1878 2052 deceptio.

1014 2056 1145 2106 fraus.
1177 2054 1266 2092 ibid.
1299 2055 1527 2100 mandatur,
1553 2056 1782 2102 cavillatur,
1814 2057 1878 2095 ubi

1016 2110 1103 2147 sine
1132 2110 1212 2148 ullo
1243 2111 1357 2149 dubio
1387 2110 1595 2162 legendum
1631 2116 1693 2150 est
1727 2117 1882 2152 mantnt

1017 2165 1041 2204 i.
1055 2179 1088 2205 e.
1103 2168 1208 2216 tegit,
1234 2167 1335 2205 unde
1349 2169 1611 2208 manticulari
1636 2168 1684 2208 cs.
1699 2169 1749 2207 ad
1760 2168 1878 2220 Apol.

1016 2226 1109 2263 517.
1135 2223 1327 2262 Mantare
1350 2224 1465 2270 idem,
1490 2225 1594 2275 quod
1617 2228 1750 2275 tegere
1775 2238 1880 2265 esse.

1015 2279 1154 2330 probat
1178 2279 1227 2317 du
1249 2279 1365 2331 Cang.
1381 2280 1514 2319 Gloss.
1539 2294 1621 2320 ΞΝ.
1647 2294 1696 2320 ex
1715 2280 1880 2319 Martini.

1019 2335 1104 2373 loco
1134 2334 1244 2375 le.
1274 2340 1340 2377 27.
1375 2337 1425 2375 In
1460 2337 1718 2389 Pompeiano
1754 2343 1882 2376 tecum

1015 2392 1209 2443 spectabo
1250 2393 1427 2437 theatro,
1470 2394 1682 2435 BIantatus
1719 2394 1882 2445 populo

1018 2448 1106 2487 cela
1129 2462 1284 2500 neqare
1307 2449 1421 2488 solet.
1457 2448 1508 2487 Et
1531 2450 1584 2488 ita
1607 2449 1882 2501 explicaverim

1018 2502 1144 2543 Plaut.
1158 2504 1367 2544 Mostelm.
1381 2510 1412 2546 1.
1423 2509 1487 2546 34.
1513 2520 1638 2558 usque
1654 2510 1846 2545 mantan
1857 2510 1882 2549 t,

1018 2573 1146 2613 neque
1186 2561 1235 2600 id
1267 2563 1433 2614 faciunt
1472 2562 1665 2602 donicum
1701 2563 1884 2601 Parietes

1018 2617 1176 2669 ruunt]

1080 2678 1334 2726 coaptantes.
1383 2673 1464 2726 [Ne
1494 2674 1544 2713 ad
1575 2674 1805 2713 senteutiam
1829 2687 1885 2711 re-

1022 2730 1251 2781 spiciamus,
1288 2730 1363 2768 iam
1395 2744 1445 2769 ex
1479 2731 1678 2780 utriusque
1709 2729 1885 2768 vocabuli

1022 2790 1260 2837 coaptantes
1295 2790 1334 2824 et
1369 2792 1581 2839 captantes
1616 2800 1688 2825 usu
1723 2785 1886 2835 intelligi

1023 2846 1170 2893 potest,
1200 2846 1283 2880 utra
1299 2842 1411 2881 lectio
1425 2842 1679 2894 praeferenda
1691 2843 1750 2880 sit.
1786 2842 1885 2881 Coa-

1016 2903 1141 2949 ptare
1170 2903 1233 2936 est
1261 2903 1352 2949 apte
1383 2912 1633 2949 componere,
1664 2902 1703 2936 et
1726 2898 1885 2935 verbum

1024 2954 1174 2992 videtur
1189 2967 1282 2992 esse
1296 2954 1453 2993 Africae
1468 2955 1663 2993 latinitatis
1678 2954 1884 3005 proprium,

1022 3010 1258 3061 praeceteris
1283 3011 1384 3048 enim
1401 3011 1620 3061 Augustino
1640 3014 1679 3048 et
1696 3007 1887 3048 Martiano

1026 3065 1214 3118 Capellae
1239 3067 1273 3104 in
1299 3080 1372 3104 usu
1397 3070 1476 3112 est,
1500 3066 1604 3117 apud
1622 3079 1736 3116 quem
1759 3071 1888 3117 poste-

1023 3122 1179 3167 riorem,
1205 3126 1390 3161 utnostro
1406 3122 1505 3168 loco,
1531 3123 1580 3160 de
1595 3123 1735 3172 nuptiis
1750 3122 1887 3171 legitur

1024 3177 1052 3217 l.
1078 3178 1108 3228 ξ.
1135 3181 1171 3220 6.
1196 3192 1233 3230 p.
1258 3182 1323 3221 24.
1349 3179 1410 3218 ed.
1436 3178 1585 3231 Kopp.:
1611 3192 1697 3218 eam
1720 3179 1763 3218 in
1790 3178 1886 3219 Pal-
