2221 3667
324 154 404 195 846

577 151 622 190 L.
654 149 876 190 APULEII
907 149 1312 189 MADAURENSIS
1332 150 1874 194 METAMORPHOSEON

323 271 476 304 menter
505 261 848 316 expostulantibus
881 261 1133 316 fervidosque
1164 262 1248 302 eius
1280 276 1409 302 mores
1440 262 1640 304 blanditiis
1673 265 2023 318 permulcentibus,
2056 281 2119 308 re·

322 327 436 374 pente
461 332 573 359 suam
598 331 837 372 suorumque
861 331 1043 359 carorum
1070 317 1235 358 salutern
1262 332 1377 371 quam
1403 319 1651 360 sanctissime
1676 321 1862 362 adiurans
1892 324 2115 373 adseverat,

319 435 483 464 blanditie
496 436 575 465 Oud.
590 436 762 465 emendare
775 438 916 473 mavult,
943 435 1114 464 conferens
1133 437 1211 464 Met.
1228 437 1284 464 IX.
1306 443 1335 470 p.
1353 436 1428 465 647.
1455 434 1536 464 talis
1555 437 1718 465 sermonis
1743 435 1949 466 blanditie
1973 438 2119 467 cavilla-

320 485 400 510 tum.
427 481 589 510 caussam
602 488 661 510 cur
673 481 719 509 ita
732 481 887 518 voluerit,
903 489 967 509 non
981 481 1092 509 addita
1105 484 1170 518 est;
1196 484 1282 517 pum,
1299 484 1329 509 ut
1344 481 1446 510 oratio
1461 482 1590 516 planior
1601 482 1696 518 forem
1721 490 1819 517 quum
1833 481 2007 512 blanditiis
2018 485 2120 519 xri-imo

317 530 455 562 aspectu
472 527 545 561 quis
559 525 896 563 aupernmlcentibns
911 525 1023 554 referri
1038 526 1153 560 possit.
1196 524 1500 562 permulsepntilms
1515 528 1590 555 (ὶ.1.
1613 527 1951 564 permulcescentibus
1962 531 1999 558 Ὀ.
2010 551 2018 567 ,
2037 532 2120 564 quod

317 572 542 601 inchoativum
561 571 591 601 si
608 573 719 606 plures
735 572 825 600 codd.
842 573 1047 608 praeberent,
1073 579 1132 606 ego
1150 571 1289 600 libenter
1306 571 1519 601 defenderem.

1567 576 1703 610 repente
1716 575 1805 602 deest
1831 572 1852 602 f.
1900 581 2120 611 sorornmqne

317 619 367 647 eu.
380 617 528 647 Beroald.
543 617 669 646 vitiose.
701 615 845 644 salutem
860 624 1029 645 carorum.
1044 617 1123 644 oud.
1138 624 1201 645 vox
1215 624 1375 644 carorum
1388 621 1543 652 suspecta
1556 622 1615 647 est.
1651 617 1822 647 adiunctis
1834 627 1892 654 pro
1905 618 2071 648 adiurans
2084 621 2120 648 0.

316 721 355 754 et
380 715 612 755 insolentem
638 729 712 753 non
740 714 869 753 solum
894 715 1048 753 acerbis
1074 714 1188 754 dictis

317 773 391 811 sed
416 773 534 812 etiam
560 772 703 823 rapinis
725 772 926 810 lacerasse
945 776 1188 823 praesentes.

317 829 429 868 Haec
441 829 685 882 apertissime
699 841 813 879 seqq.
832 828 1009 867 indicant.
1036 827 1188 867 Etenim

318 900 435 938 quum
472 886 628 924 mitibus
658 885 789 923 verbis
814 888 931 936 atque
956 885 1055 937 ipsis
1083 885 1187 924 blan-

317 943 420 981 ditiis
445 942 602 980 allocuti
633 942 711 979 sint
735 941 972 980 mediatores
998 943 1190 987 iuvenem.

316 1000 446 1038 statim
470 1000 505 1037 in
531 1011 602 1036 eos
627 998 772 1036 invehit
796 1002 1018 1049 arroganter
1043 1002 1082 1036 et
1101 1012 1190 1049 pes-

315 1056 415 1095 sima
439 1068 618 1106 quaeque
642 1055 689 1094 iis
715 1055 889 1094 minatur.
925 1053 982 1093 Ita
1007 1055 1191 1106 superbia

316 1113 467 1151 iuvenis
491 1115 672 1161 augetur,
699 1112 761 1163 qui
789 1124 906 1162 quum
931 1112 1034 1150 noxii
1058 1116 1189 1149 tacere

315 1168 489 1216 soleant,
528 1181 575 1206 eo
607 1181 843 1220 progressus
875 1171 938 1206 est
968 1168 1186 1209 vecordiae,

315 1230 356 1264 ut
392 1226 583 1272 iniuriam,
628 1237 743 1275 quam
780 1225 940 1277 pauperi
979 1225 1186 1271 adtulerat,

316 1283 445 1320 verbis
482 1282 599 1320 etiam
631 1282 895 1333 amplificaret.
954 1281 1046 1320 ZVec
1076 1282 1187 1332 igitur

316 1339 379 1391 qui
411 1338 461 1377 ad
491 1338 622 1378 voluit
643 1339 845 1384 referrent,
878 1351 992 1389 quam
1017 1338 1186 1377 maxime

315 1399 504 1443 errarent3
528 1394 772 1434 referendum
799 1398 861 1433 est
884 1394 934 1433 ad
959 1396 1123 1435 territus
1147 1398 1186 1433 et

316 1454 524 1504 confusam,
549 1454 591 1490 ut
614 1453 665 1490 sit
689 1453 898 1491 interritus
923 1453 962 1489 et
986 1465 1068 1490 non
1094 1465 1187 1490 eon-

311 1512 441 1561 fusus.
477 1507 579 1546 Nam
604 1509 636 1546 si
662 1507 712 1546 ad
737 1508 867 1547 voluit
888 1508 1109 1559 pertineret,
1135 1509 1186 1546 in-

314 1565 516 1610 dicaretur,
542 1578 628 1602 eum
653 1565 822 1603 territum
847 1567 964 1615 atque
983 1564 1187 1603 confusum

315 1623 493 1672 quamvis
530 1622 755 1672 praesentia
791 1620 997 1659 multorum
1034 1621 1185 1667 civium,

314 1678 442 1716 verbis
467 1682 595 1716 tamen
622 1682 840 1728 temperare
864 1676 1058 1723 noluisse,
1085 1690 1186 1728 quae

313 1734 508 1773 sententia
531 1734 623 1772 mihi
648 1734 819 1772 moribus
845 1734 994 1772 iuvenis
1014 1737 1053 1771 et
1072 1746 1185 1771 voea-

313 1790 406 1829 bulo
443 1803 613 1830 vesanus
648 1789 848 1829 adversari
888 1790 1048 1829 videtur.
1097 1789 1185 1828 Hoc

312 1850 459 1887 tantum
479 1846 684 1885 offensioni
705 1850 783 1893 est,
811 1846 914 1898 quod
934 1860 1007 1887 nec
1019 1846 1055 1885 in
1069 1859 1183 1898 seqq.

312 1918 388 1943 non
403 1908 465 1943 est
477 1904 693 1955 repetitum,
708 1916 823 1955 quum
837 1903 966 1954 potius
980 1903 1186 1942 dicendum

311 1964 443 2007 esset,
481 1974 556 2000 nec
592 1962 712 2000 etiam
748 1961 961 2010 confusus,
999 1973 1069 2011 pro
1108 1973 1184 2010 quo

310 2017 535 2056 affirmative
559 2018 624 2056 vel
646 2019 765 2056 etiam
789 2016 908 2068 Apul.
932 2018 1074 2068 posuit.
1102 2015 1185 2054 Sed

312 2076 474 2125 saepius
498 2087 573 2112 usu
596 2074 719 2120 venit,
744 2077 786 2111 ut
804 2073 840 2111 in
860 2073 1054 2123 negativis
1069 2086 1184 2111 enun-

311 2131 536 2169 tiationibus
549 2130 652 2183 apud
662 2129 824 2168 Latinos
833 2133 872 2168 et
880 2130 1055 2169 Graecos
1064 2130 1185 2168 altera

313 2188 468 2238 negatio
504 2201 575 2240 per
611 2187 877 2225 affirmativam
901 2185 1093 2239 *copulam
1119 2185 1182 2224 vel

313 2244 584 2283 ‹lisiunetivam
621 2243 855 2295 exprimatur
903 2243 953 2282 ef.
985 2243 1102 2282 Goer.
1134 2242 1184 2282 ad

314 2299 393 2340 Cic.
417 2301 467 2339 de
490 2299 658 2351 Legg.1.
677 2304 738 2340 15.
755 2304 819 2340 42.
834 2303 873 2338 et
899 2313 1000 2351 quos
1026 2300 1185 2339 laudant

311 2356 399 2397 Intt.
423 2357 474 2395 ad
497 2358 604 2408 Virg.
630 2357 730 2395 Aen.
750 2355 835 2394 XII.
862 2360 957 2397 801.
983 2356 1048 2394 IV.
1075 2360 1182 2403 236„

313 2418 353 2453 et
377 2414 461 2452 viee
479 2427 596 2452 versa
622 2413 670 2452 cf.
685 2414 752 2452 Dr.
768 2413 817 2451 ad
832 2412 916 2450 Liv.
930 2412 1099 2452 XXVII.
1114 2419 1180 2454 41.

313 2471 345 2520 ᾧ.
369 2475 407 2511 4.
433 2470 544 2509 Bene
570 2471 682 2509 vertit
706 2469 906 2508 Rohdius:
939 2469 1026 2507 Der
1056 2469 1179 2509 koch.-

313 2528 458 2580 ‹zdliye
476 2527 689 2579 Tolllcopf
713 2527 802 2565 liess
831 2526 917 2565 sicli
948 2526 1083 2565 durch
1113 2527 1182 2565 die

316 2585 564 2636 Getqenwart
596 2598 640 2623 so
677 2583 798 2622 violer
834 2583 1008 2635 Biiryer
1048 2583 1182 2622 weder

311 2641 541 2693 furclztsam
569 2640 679 2680 noch
709 2641 793 2678 irre
823 2639 1003 2679 machon.
1050 2639 1181 2679 Niclzt

314 2698 379 2735 ein
410 2697 532 2737 Haar
567 2696 671 2736 breit
702 2696 833 2735 wollt·
859 2709 902 2734 er
932 2708 1010 2733 von
1044 2696 1181 2734 seinen

316 2754 621 2806 Amnasszmgyen
651 2752 844 2793 ablassem.
916 2752 1053 2791 Dabei
1081 2756 1181 2791 mils-

313 2811 418 2862 siyle
443 2824 485 2849 er
509 2811 596 2850 siclt
613 2809 729 2850 nicht
745 2809 896 2848 einmal
911 2809 984 2847 mit
1004 2809 1180 2849 Worten.

317 2866 468 2905 Saltem
482 2880 567 2905 eum
580 2867 788 2917 negatione
801 2865 1043 2904 coniunctum
1063 2866 1181 2917 signi-

315 2922 528 2961 ficationem
554 2923 697 2962 habere
722 2921 994 2974 particularum
1013 2922 1179 2975 ⁷ze-qui-

316 2978 405 3017 dem
419 2979 534 3018 docet
549 2979 748 3031 Spalding.
764 2980 813 3018 ad
828 2978 958 3025 Quint.
972 2977 1001 3017 Ι.
1018 2984 1052 3019 1.
1067 2977 1098 3028 §.
1113 2982 1178 3020 24.

317 3034 364 3074 ef.
390 3035 485 3074 infra
509 3050 546 3088 p.
573 3040 667 3077 662.
696 3050 783 3076 nec
804 3035 1062 3088 fhcyientz'bus
1093 3035 1180 3075 sal-

319 3096 404 3128 tem„
436 3097 696 3144 compescunt
719 3097 758 3131 et
787 3105 812 3144 p
854 3095 947 3133 671.
977 3106 1062 3132 nec
1086 3091 1177 3130 lzor-

318 3147 441 3186 mlum
467 3162 578 3188 sunm
601 3150 783 3190 sallem:
815 3148 912 3186 Met.
937 3148 1000 3187 111.
1025 3162 1062 3198 p.
1086 3152 1177 3188 188.

1251 716 1364 767 qnod
1388 717 1552 767 inleyro
1577 717 1746 756 saltem
1769 717 1869 756 milei
1893 719 1996 756 mori
2020 732 2115 756 von

1249 773 1430 818 lic-uerit3
1456 771 1520 811 lv.
1536 787 1573 825 p.
1590 776 1682 814 309.
1701 787 1775 813 nec
1790 775 2017 826 quisquam,
2032 788 2115 812 ηοιι

1246 843 1334 875 rex.
1361 843 1447 868 nce
1472 829 1523 868 de
1542 830 1665 881 plebe
1691 830 1880 876 saltem,-
1905 830 1954 868 V.
1969 843 2005 881 p.
2022 834 2114 871 370.

1247 899 1332 925 m‘e
1357 890 1487 924 lcmzen
1509 887 1567 924 ml
1585 887 1702 926 illum
1717 886 1851 926 locum
1868 886 1932 926 rel
1952 886 2118 926 saltem

1247 947 1409 981 mortua
1433 944 1566 981 venire
1587 944 1743 994 potuit,-
1767 940 1834 980 vl.
1861 956 1901 994 p.
1925 947 2017 984 404.
2043 957 2118 982 nee

1250 1004 1378 1038 [canen
1414 1000 1533 1050 apud
1569 1000 1773 1038 dominam
1807 999 1996 1045 saltent,-
2048 998 2118 1039 ῩΙ.

1247 1069 1285 1107 p.
1311 1060 1405 1095 445.
1430 1069 1515 1094 nee
1538 1057 1619 1095 sm's
1642 1056 1808 1095 saltem
1833 1056 1970 1095 liberis
1992 1057 2103 1095 mani

1249 1113 1339 1157 bue:
1370 1125 1406 1163 p.
1433 1116 1526 1152 474.
1558 1125 1644 1151 nee
1674 1112 1771 1150 mila·
1794 1113 1942 1152 misero
1964 1117 2115 1152 statuta

1245 1169 1415 1208 saltem
1440 1168 1600 1208 cibaria
1613 1181 1697 1219 pro
1718 1169 1842 1208 tantis
1851 1169 2116 1221 praestaban-

1246 1231 1314 1266 tur
1328 1223 1537 1265 laboribus
1545 1239 1557 1270 ,-
1576 1238 1612 1276 p.
1623 1225 1716 1265 498.
1732 1240 1757 1263 η
1767 1238 1817 1264 ec
1836 1229 1967 1265 tamen
1982 1225 2117 1265 tantil-

1247 1283 1328 1322 lum
1352 1281 1521 1321 saltem
1543 1282 1945 1334 ῃναίαἶαΐὶυηὶηιοαε
2041 1282 2115 1320 da-

1245 1344 1347 1384 tmm
1371 1337 1439 1376 IX.
1466 1352 1502 1390 p.
1529 1341 1621 1378 594.
1648 1351 1733 1376 nea
1754 1343 2000 1389 postremum
2024 1338 2114 1377 sal-

1245 1400 1344 1434 lem.
1370 1408 1406 1445 p.
1425 1399 1517 1435 611.
1543 1408 1630 1433 nee
1654 1395 1731 1433 islo
1756 1395 1922 1433 saltem
1947 1399 2026 1434 tam
2050 1408 2115 1433 ne·

1243 1452 1360 1503 fario
1373 1452 1542 1496 scelere;
1566 1464 1603 1502 p.
1620 1453 1710 1491 629.
1730 1464 1816 1489 uec
1834 1450 2003 1490 saltem
2020 1465 2114 1503 spa.-

1246 1509 1303 1546 tio
1329 1508 1485 1558 cupido
1517 1508 1752 1546 leniebatur.
1802 1505 1920 1558 Apol.
1950 1520 1988 1558 p.
2020 1511 2114 1548 395.

1244 1578 1397 1616 neque
1415 1564 1580 1603 saltem
1597 1565 1795 1602 communi
1809 1564 2115 1616 aquaperlual:

1244 1621 1294 1659 de
1315 1620 1456 1671 Dogm.
1476 1619 1577 1658 Plat.
1598 1618 1643 1658 ll.
1669 1633 1705 1669 p.
1721 1624 1814 1659 243.
1839 1633 1926 1658 nee
1947 1620 2116 1659 sallem

1245 1676 1454 1716 coloratos
1478 1676 1572 1715 sole.
1609 1675 1711 1713 Hinc
1734 1674 1932 1726 Apuleius
1957 1676 2113 1715 ote-sal-

1244 1738 1320 1772 tem
1350 1732 1468 1771 habet
1498 1746 1568 1783 pro
1597 1745 1667 1770 oze·
1681 1733 1864 1784 quiden&
1893 1732 1992 1772 Met.
2010 1731 2114 1771 Vlss.

1243 1803 1280 1840 p.
1297 1792 1389 1829 553.
1411 1803 1462 1828 ae
1480 1803 1534 1827 ne
1549 1790 1707 1840 procul
1722 1790 1892 1828 saltem
1909 1788 1986 1828 ulli
2005 1801 2113 1828 eom-

1241 1850 1489 1898 paruerim&
1537 1844 1604 1884 IX.
1629 1858 1669 1896 p.
1695 1849 1787 1886 654.
1814 1860 1865 1886 ac
1888 1858 1939 1884 ne
1961 1846 2113 1885 suetis

1244 1903 1408 1948 saltem3
1432 1901 1577 1940 Florid.
1592 1916 1629 1954 p.
1649 1906 1738 1942 110.
1759 1907 1875 1941 utne
1894 1903 1996 1941 istoc
2021 1902 2114 1941 sal·

1244 1964 1260 1999 t
1268 1974 1287 1998 e
1300 1973 1337 1998 m
1374 1958 1482 1998 olori
1517 1959 1770 1998 concederet.
1841 1957 1988 1996 Nostro
2024 1957 2111 1996 loeo

1244 2016 1389 2067 optime
1402 2015 1580 2054 convenit
1614 2014 1732 2066 Apol.
1746 2029 1782 2067 p.
1798 2018 1896 2056 519:
1917 2014 2114 2067 Neyant

1242 2073 1388 2111 vidisse
1423 2086 1479 2117 se,
1519 2072 1590 2124 qui
1623 2075 1758 2124 fuere,
1794 2085 1916 2111 unum
1945 2070 2113 2110 saltem

1242 2131 1285 2168 in
1307 2129 1457 2182 sinibus
1483 2130 1567 2168 eius
1591 2133 1664 2168 aut
1687 2129 1870 2180 lapidem
1892 2126 2088 2180 unctum]

1297 2198 1543 2237 suorumque
1564 2199 1764 2224 carorum.
1814 2183 2018 2236 [Pricaeus
2032 2185 2111 2235 opi-

1241 2255 1340 2281 nans
1354 2255 1424 2294 per
1438 2255 1558 2281 caros
1570 2254 1666 2280 suos
1685 2241 1749 2280 hie
1762 2241 1910 2281 liberos
1923 2241 2111 2286 denotari,

1242 2300 1368 2337 minus
1392 2302 1497 2337 recte
1520 2302 1707 2350 provocat
1725 2298 1776 2336 ad
1795 2298 1921 2336 locum
1934 2297 2032 2336 Met.
2046 2295 2110 2335 111.

1243 2369 1280 2407 p.
1298 2361 1315 2396 1
1325 2360 1388 2396 84.
1401 2369 1481 2407 per
1488 2355 1718 2407 plynorum
1731 2355 1955 2400 caritatem,
1969 2367 2020 2392 ex
2032 2366 2110 2405 quo

1240 2412 1326 2451 loco
1340 2412 1501 2462 intelligi
1521 2414 1665 2463 potest,
1690 2415 1846 2449 veteres
1870 2423 1940 2463 per
1965 2410 2111 2449 liberos

1239 2480 1454 2519 eorumque
1489 2469 1627 2520 genios
1662 2469 1828 2507 iurasse.
1884 2467 1981 2508 Cari
2017 2479 2112 2505 esse

1241 2527 1358 2565 liberi
1372 2526 1447 2563 iam
1461 2525 1720 2576 pronuntiavit
1728 2524 1919 2563 Gallaeus
1934 2523 1984 2562 ad
1996 2523 2110 2562 Lact.

1240 2582 1306 2621 Vl.
1345 2586 1407 2622 12.
1444 2580 1474 2631 ὃ.
1507 2585 1571 2622 23.
1609 2581 1708 2619 (luce
1740 2579 1907 2619 Tui-neb.
1938 2579 2110 2620 Advers.

1238 2637 1383 2678 XVIII.
1401 2642 1468 2678 14:
1497 2652 1616 2691 quum
1634 2638 1755 2683 sciat,
1779 2651 1820 2676 se
1838 2643 1981 2676 caros
1999 2646 2051 2677 su
2061 2650 2111 2675 os

1238 2692 1319 2735 deo
1343 2695 1592 2746 relinquere,
1616 2707 1690 2733 nec
1710 2694 1772 2733 liis
1789 2706 1968 2747 unquam
1987 2701 2109 2745 prae-

1238 2753 1385 2791 sidium
1399 2752 1646 2803 defuturum.
1673 2752 1727 2789 At
1750 2751 1852 2789 bene
1875 2750 2109 2788 sententiam

1239 2821 1371 2847 eorum
1396 2808 1536 2846 refutat
1560 2807 1747 2846 Buencm.
1773 2806 1823 2844 ad
1848 2807 1886 2845 h.
1900 2805 1925 2845 I.
1952 2807 2108 2845 demon—

1239 2869 1394 2910 strans,
1441 2864 1558 2903 latius
1604 2867 1739 2916 patere
1785 2863 2109 2914 significationem

1237 2921 1352 2960 huius
1364 2920 1562 2967 vocabuli,
1587 2924 1627 2959 et
1639 2920 1689 2959 de
1703 2921 1880 2958 omnibus
1895 2920 1982 2965 dici,
2007 2931 2109 2970 quae

1238 2978 1341 3017 cordi
1368 2977 1481 3016 nobis
1506 2982 1607 3016 sunt.
1678 2976 1778 3015 Hinc
1810 2974 1981 3015 Salmas.
2012 2978 2106 3028 puto

1236 3047 1392 3073 errasse
1432 3034 1624 3072 dicentem
1671 3033 1722 3072 ad
1759 3032 1950 3073 Gallican.
1991 3031 2107 3071 Avid.

1238 3091 1350 3131 Cass.
1384 3106 1415 3130 c.
1448 3095 1483 3130 7.
1522 3089 1566 3129 Τ.
1599 3090 1627 3128 I.
1658 3103 1695 3142 p.
1721 3093 1814 3130 457.
1852 3089 2000 3129 liberos
2035 3092 2110 3128 aut

1236 3152 1404 3201 aflectus
1427 3146 1589 3184 eosdem
1609 3158 1721 3187 esse.
1747 3159 1863 3197 quum
1881 3147 2012 3197 potius
2031 3145 2108 3183 sint
