<?xml version="1.0" encoding="UTF-8"?>
<!DOCTYPE html PUBLIC "-//W3C//DTD XHTML 1.0 Transitional//EN"
    "http://www.w3.org/TR/xhtml1/DTD/xhtml1-transitional.dtd">
<html xmlns="http://www.w3.org/1999/xhtml" xml:lang="en" lang="en">
 <head>
  <title>
</title>
<meta http-equiv="Content-Type" content="text/html;charset=utf-8" />
  <meta name='ocr-system' content='tesseract 3.04.00' />
  <meta name='ocr-capabilities' content='ocr_page ocr_carea ocr_par ocr_line ocrx_word'/>
</head>
<body>
  <div class='ocr_page' id='page_1' title='image "./operaomnia01apuluoft/operaomnia01apuluoft_0959.png"; bbox 0 0 2155 3590; ppageno 0'>
   <div class='ocr_carea' id='block_1_1' title="bbox 636 166 1862 214">
    <p class='ocr_par' dir='ltr' id='par_1_1' title="bbox 636 166 1862 214">
     <span class='ocr_line' id='line_1_1' title="bbox 636 166 1862 214; baseline 0.006 -7"><span class='ocrx_word' id='word_1_1' title='bbox 636 167 822 209; x_wconf 87' lang='lat' dir='ltr'>LIBER</span> <span class='ocrx_word' id='word_1_2' title='bbox 851 167 968 208; x_wconf 84' lang='lat' dir='ltr'>VIII.</span> <span class='ocrx_word' id='word_1_3' title='bbox 1026 167 1152 210; x_wconf 87' lang='lat' dir='ltr'><strong>CAP.</strong></span> <span class='ocrx_word' id='word_1_4' title='bbox 1182 166 1326 210; x_wconf 90' lang='lat' dir='ltr'><strong>XXX.</strong></span> <span class='ocrx_word' id='word_1_5' title='bbox 1782 171 1862 214; x_wconf 83' lang='lat'><strong>745</strong></span> 
     </span>
    </p>
   </div>
   <div class='ocr_carea' id='block_1_2' title="bbox 83 279 1951 616">
    <p class='ocr_par' dir='ltr' id='par_1_2' title="bbox 83 279 1951 616">
     <span class='ocr_line' id='line_1_2' title="bbox 86 279 1862 337; baseline 0.001 -15"><span class='ocrx_word' id='word_1_6' title='bbox 86 280 257 322; x_wconf 78' lang='lat' dir='ltr'><strong>Rursum</strong></span> <span class='ocrx_word' id='word_1_7' title='bbox 272 279 403 334; x_wconf 87' lang='lat' dir='ltr'><strong>itaque</strong></span> <span class='ocrx_word' id='word_1_8' title='bbox 415 293 476 320; x_wconf 89' lang='lat' dir='ltr'><strong>me</strong></span> <span class='ocrx_word' id='word_1_9' title='bbox 489 279 700 320; x_wconf 79' lang='lat' dir='ltr'><strong>referetum</strong></span> <span class='ocrx_word' id='word_1_10' title='bbox 714 280 881 321; x_wconf 84' lang='lat' dir='ltr'>sarcinis</span> <span class='ocrx_word' id='word_1_11' title='bbox 891 311 903 332; x_wconf 90' lang='lat'>‚</span> <span class='ocrx_word' id='word_1_12' title='bbox 918 280 1044 335; x_wconf 86' lang='lat' dir='ltr'><strong>planis</strong></span> <span class='ocrx_word' id='word_1_13' title='bbox 1059 279 1197 335; x_wconf 87' lang='lat' dir='ltr'>gladiis</span> <span class='ocrx_word' id='word_1_14' title='bbox 1210 280 1405 321; x_wconf 78' lang='lat' dir='ltr'>minantes</span> <span class='ocrx_word' id='word_1_15' title='bbox 1419 281 1654 336; x_wconf 86' lang='lat' dir='ltr'><strong>perveniunt</strong></span> <span class='ocrx_word' id='word_1_16' title='bbox 1666 282 1714 322; x_wconf 82' lang='lat' dir='ltr'><strong>ad</strong></span> <span class='ocrx_word' id='word_1_17' title='bbox 1728 296 1862 337; x_wconf 89' lang='lat' dir='ltr'><strong>quam-</strong></span> 
     </span>
     <span class='ocr_line' id='line_1_3' title="bbox 87 334 1863 392; baseline 0.001 -14"><span class='ocrx_word' id='word_1_18' title='bbox 87 339 173 378; x_wconf 88' lang='lat' dir='ltr'><strong>dam</strong></span> <span class='ocrx_word' id='word_1_19' title='bbox 199 336 366 377; x_wconf 91' lang='lat' dir='ltr'><strong>nobilem</strong></span> <span class='ocrx_word' id='word_1_20' title='bbox 391 335 605 377; x_wconf 82' lang='lat' dir='ltr'><strong>civitatem.</strong></span> <span class='ocrx_word' id='word_1_21' title='bbox 639 334 740 377; x_wconf 88' lang='lat' dir='ltr'><strong>Inibi</strong></span> <span class='ocrx_word' id='word_1_22' title='bbox 764 337 826 378; x_wconf 92' lang='lat' dir='ltr'><strong>vir</strong></span> <span class='ocrx_word' id='word_1_23' title='bbox 849 336 1074 392; x_wconf 85' lang='lat' dir='ltr'><strong>principalis</strong></span> <span class='ocrx_word' id='word_1_24' title='bbox 1099 344 1139 378; x_wconf 84' lang='lat' dir='ltr'><strong>et</strong></span> <span class='ocrx_word' id='word_1_25' title='bbox 1162 336 1259 377; x_wconf 88' lang='lat' dir='ltr'><strong>alias</strong></span> <span class='ocrx_word' id='word_1_26' title='bbox 1283 336 1494 390; x_wconf 86' lang='lat' dir='ltr'><strong>religiosus</strong></span> <span class='ocrx_word' id='word_1_27' title='bbox 1519 345 1558 378; x_wconf 88' lang='lat' dir='ltr'><strong>et</strong></span> <span class='ocrx_word' id='word_1_28' title='bbox 1581 339 1725 379; x_wconf 83' lang='lat' dir='ltr'><strong>eximie</strong></span> <span class='ocrx_word' id='word_1_29' title='bbox 1750 339 1863 379; x_wconf 88' lang='lat' dir='ltr'><strong>deum</strong></span> 
     </span>
     <span class='ocr_line' id='line_1_4' title="bbox 85 391 1862 449; baseline 0.001 -16"><span class='ocrx_word' id='word_1_30' title='bbox 85 406 290 444; x_wconf 82' lang='lat' dir='ltr'><strong>reverens,</strong></span> <span class='ocrx_word' id='word_1_31' title='bbox 306 391 451 432; x_wconf 85' lang='lat' dir='ltr'><strong>tinnitu</strong></span> <span class='ocrx_word' id='word_1_32' title='bbox 465 391 729 447; x_wconf 82' lang='lat' dir='ltr'>cymbalorum</span> <span class='ocrx_word' id='word_1_33' title='bbox 745 399 785 433; x_wconf 86' lang='lat' dir='ltr'><strong>et</strong></span> <span class='ocrx_word' id='word_1_34' title='bbox 796 407 898 433; x_wconf 92' lang='lat' dir='ltr'><strong>sonu</strong></span> <span class='ocrx_word' id='word_1_35' title='bbox 910 399 1184 448; x_wconf 85' lang='lat' dir='ltr'><strong>tympanorum</strong></span> <span class='ocrx_word' id='word_1_36' title='bbox 1199 399 1413 446; x_wconf 88' lang='lat' dir='ltr'><strong>cantusque</strong></span> <span class='ocrx_word' id='word_1_37' title='bbox 1426 392 1564 448; x_wconf 75' lang='lat' dir='ltr'><strong>Phry</strong></span> <span class='ocrx_word' id='word_1_38' title='bbox 1524 409 1564 425; x_wconf 84' lang='lat'>‹</span> <span class='ocrx_word' id='word_1_39' title='bbox 1539 394 1590 449; x_wconf 64' lang='lat' dir='ltr'><strong>„ii</strong></span> <span class='ocrx_word' id='word_1_40' title='bbox 1603 395 1862 435; x_wconf 84' lang='lat' dir='ltr'><strong>mulcentibus</strong></span> 
     </span>
     <span class='ocr_line' id='line_1_5' title="bbox 84 426 1862 505; baseline 0.002 -16"><span class='ocrx_word' id='word_1_41' title='bbox 84 449 249 489; x_wconf 87' lang='lat' dir='ltr'><strong>modulis</strong></span> <span class='ocrx_word' id='word_1_42' title='bbox 279 448 454 500; x_wconf 76' lang='lat' dir='ltr'><strong>excitus,</strong></span> <span class='ocrx_word' id='word_1_43' title='bbox 487 449 685 502; x_wconf 81' lang='lat' dir='ltr'><strong>procurrit</strong></span> <span class='ocrx_word' id='word_1_44' title='bbox 719 449 894 500; x_wconf 85' lang='lat' dir='ltr'><strong>obviam,</strong></span> <span class='ocrx_word' id='word_1_45' title='bbox 928 449 1116 503; x_wconf 85' lang='lat' dir='ltr'><strong>deamque</strong></span> <span class='ocrx_word' id='word_1_46' title='bbox 1145 450 1280 490; x_wconf 89' lang='lat' dir='ltr'><strong>votivo</strong></span> <span class='ocrx_word' id='word_1_47' title='bbox 1310 449 1529 503; x_wconf 88' lang='lat' dir='ltr'><strong>suscipiens</strong></span> <span class='ocrx_word' id='word_1_48' title='bbox 1539 426 1750 505; x_wconf 62' lang='lat' dir='ltr'><strong>27hospitio,</strong></span> <span class='ocrx_word' id='word_1_49' title='bbox 1789 465 1862 492; x_wconf 90' lang='lat' dir='ltr'><strong>nos</strong></span> 
     </span>
     <span class='ocr_line' id='line_1_6' title="bbox 83 480 1951 560; baseline 0.001 -15"><span class='ocrx_word' id='word_1_50' title='bbox 83 505 210 546; x_wconf 90' lang='lat' dir='ltr'><strong>omnis</strong></span> <span class='ocrx_word' id='word_1_51' title='bbox 231 504 237 560; x_wconf 81' lang='grc' dir='ltr'>Ι</span> <span class='ocrx_word' id='word_1_52' title='bbox 257 504 362 544; x_wconf 88' lang='lat' dir='ltr'><strong>intra</strong></span> <span class='ocrx_word' id='word_1_53' title='bbox 385 511 612 558; x_wconf 82' lang='lat' dir='ltr'><strong>conseptum</strong></span> <span class='ocrx_word' id='word_1_54' title='bbox 637 505 772 545; x_wconf 90' lang='lat' dir='ltr'><strong>domus</strong></span> <span class='ocrx_word' id='word_1_55' title='bbox 796 480 1056 560; x_wconf 83' lang='lat' dir='ltr'><strong>amplissimae</strong></span> <span class='ocrx_word' id='word_1_56' title='bbox 1081 504 1299 557; x_wconf 78' lang='lat' dir='ltr'><strong>constituit,</strong></span> <span class='ocrx_word' id='word_1_57' title='bbox 1325 518 1545 560; x_wconf 89' lang='lat' dir='ltr'><strong>numenque</strong></span> <span class='ocrx_word' id='word_1_58' title='bbox 1569 520 1719 547; x_wconf 90' lang='lat' dir='ltr'><strong>summa</strong></span> <span class='ocrx_word' id='word_1_59' title='bbox 1742 521 1864 550; x_wconf 84' lang='lat' dir='ltr'><strong>vene·</strong></span> <span class='ocrx_word' id='word_1_60' title='bbox 1887 513 1951 547; x_wconf 81' lang='lat'><strong>590</strong></span> 
     </span>
     <span class='ocr_line' id='line_1_7' title="bbox 83 560 1120 616; baseline 0.001 -15"><span class='ocrx_word' id='word_1_61' title='bbox 83 561 238 602; x_wconf 83' lang='lat' dir='ltr'><strong>ratione</strong></span> <span class='ocrx_word' id='word_1_62' title='bbox 261 568 377 615; x_wconf 84' lang='lat' dir='ltr'><strong>atque</strong></span> <span class='ocrx_word' id='word_1_63' title='bbox 401 560 539 601; x_wconf 81' lang='lat' dir='ltr'><strong>hostiis</strong></span> <span class='ocrx_word' id='word_1_64' title='bbox 564 560 701 616; x_wconf 87' lang='lat' dir='ltr'><strong>opimis</strong></span> <span class='ocrx_word' id='word_1_65' title='bbox 725 561 881 616; x_wconf 86' lang='lat' dir='ltr'><strong>placare</strong></span> <span class='ocrx_word' id='word_1_66' title='bbox 906 561 1120 602; x_wconf 85' lang='lat' dir='ltr'><strong>contendit.</strong></span> 
     </span>
    </p>
   </div>
   <div class='ocr_carea' id='block_1_3' title="bbox 76 709 1866 1425">
    <p class='ocr_par' dir='ltr' id='par_1_3' title="bbox 76 709 1866 1425">
     <span class='ocr_line' id='line_1_8' title="bbox 83 709 1864 751; baseline 0.003 -13"><span class='ocrx_word' id='word_1_67' title='bbox 83 709 271 749; x_wconf 70' lang='lat' dir='ltr'><strong>refert-tusa</strong></span> <span class='ocrx_word' id='word_1_68' title='bbox 289 711 326 740; x_wconf 84' lang='lat' dir='ltr'><strong>F.</strong></span> <span class='ocrx_word' id='word_1_69' title='bbox 345 711 377 740; x_wconf 85' lang='lat'><strong>3.</strong></span> <span class='ocrx_word' id='word_1_70' title='bbox 395 710 432 741; x_wconf 89' lang='grc' dir='ltr'><strong>Β.</strong></span> <span class='ocrx_word' id='word_1_71' title='bbox 450 711 535 740; x_wconf 89' lang='lat' dir='ltr'><strong>Elm.</strong></span> <span class='ocrx_word' id='word_1_72' title='bbox 553 710 659 741; x_wconf 88' lang='lat' dir='ltr'><strong>Scriv.</strong></span> <span class='ocrx_word' id='word_1_73' title='bbox 694 710 860 750; x_wconf 80' lang='lat' dir='ltr'><strong>refectum</strong></span> <span class='ocrx_word' id='word_1_74' title='bbox 881 712 921 740; x_wconf 89' lang='lat' dir='ltr'><strong>D.</strong></span> <span class='ocrx_word' id='word_1_75' title='bbox 943 713 981 740; x_wconf 90' lang='lat' dir='ltr'><strong>In</strong></span> <span class='ocrx_word' id='word_1_76' title='bbox 1002 714 1077 741; x_wconf 78' lang='lat' dir='ltr'><strong>cett.</strong></span> <span class='ocrx_word' id='word_1_77' title='bbox 1097 710 1276 751; x_wconf 66' lang='lat' dir='ltr'><strong>refertum.</strong></span> <span class='ocrx_word' id='word_1_78' title='bbox 1320 709 1468 740; x_wconf 73' lang='lat' dir='ltr'><strong>curcinis</strong></span> <span class='ocrx_word' id='word_1_79' title='bbox 1487 713 1523 741; x_wconf 94' lang='lat' dir='ltr'><strong>G.</strong></span> <span class='ocrx_word' id='word_1_80' title='bbox 1535 713 1568 741; x_wconf 87' lang='grc'><strong>2.</strong></span> <span class='ocrx_word' id='word_1_81' title='bbox 1585 713 1625 741; x_wconf 89' lang='lat' dir='ltr'><strong>D.</strong></span> <span class='ocrx_word' id='word_1_82' title='bbox 1668 710 1777 749; x_wconf 70' lang='lat' dir='ltr'><strong>plenis</strong></span> <span class='ocrx_word' id='word_1_83' title='bbox 1790 713 1811 742; x_wconf 85' lang='lat' dir='ltr'><strong>f.</strong></span> <span class='ocrx_word' id='word_1_84' title='bbox 1823 714 1864 744; x_wconf 74' lang='lat' dir='ltr'><strong>R.</strong></span> 
     </span>
     <span class='ocr_line' id='line_1_9' title="bbox 82 755 1864 795; baseline 0.003 -12"><span class='ocrx_word' id='word_1_85' title='bbox 82 755 207 790; x_wconf 78' lang='lat' dir='ltr'><strong>(neque</strong></span> <span class='ocrx_word' id='word_1_86' title='bbox 219 763 295 785; x_wconf 83' lang='lat' dir='ltr'><strong>vero</strong></span> <span class='ocrx_word' id='word_1_87' title='bbox 308 756 342 784; x_wconf 91' lang='lat' dir='ltr'><strong>in</strong></span> <span class='ocrx_word' id='word_1_88' title='bbox 354 756 391 785; x_wconf 97' lang='lat' dir='ltr'><strong>F.</strong></span> <span class='ocrx_word' id='word_1_89' title='bbox 406 758 454 795; x_wconf 90' lang='lat'><strong>1.‚</strong></span> <span class='ocrx_word' id='word_1_90' title='bbox 479 760 513 785; x_wconf 84' lang='lat' dir='ltr'><strong>ut</strong></span> <span class='ocrx_word' id='word_1_91' title='bbox 527 757 606 785; x_wconf 84' lang='lat' dir='ltr'><strong>Oud.</strong></span> <span class='ocrx_word' id='word_1_92' title='bbox 620 756 798 785; x_wconf 78' lang='lat' dir='ltr'><strong>adnotavit.</strong></span> <span class='ocrx_word' id='word_1_93' title='bbox 809 757 904 786; x_wconf 90' lang='lat' dir='ltr'><strong>Vulc.</strong></span> <span class='ocrx_word' id='word_1_94' title='bbox 917 757 950 786; x_wconf 90' lang='grc'><strong>2.</strong></span> <span class='ocrx_word' id='word_1_95' title='bbox 962 756 1048 786; x_wconf 87' lang='lat' dir='ltr'><strong>enim</strong></span> <span class='ocrx_word' id='word_1_96' title='bbox 1059 759 1156 786; x_wconf 75' lang='lat' dir='ltr'><strong>habet</strong></span> <span class='ocrx_word' id='word_1_97' title='bbox 1166 755 1280 794; x_wconf 71' lang='lat' dir='ltr'><strong>planis</strong></span> <span class='ocrx_word' id='word_1_98' title='bbox 1296 764 1357 786; x_wconf 88' lang='lat' dir='ltr'><strong>nec</strong></span> <span class='ocrx_word' id='word_1_99' title='bbox 1370 757 1584 793; x_wconf 79' lang='lat' dir='ltr'><strong>Lindenbrog.</strong></span> <span class='ocrx_word' id='word_1_100' title='bbox 1604 758 1773 788; x_wconf 80' lang='lat' dir='ltr'><strong>lectionem</strong></span> <span class='ocrx_word' id='word_1_101' title='bbox 1791 767 1864 788; x_wconf 89' lang='lat' dir='ltr'><strong>mu-</strong></span> 
     </span>
     <span class='ocr_line' id='line_1_10' title="bbox 84 799 1862 837; baseline 0.002 -9"><span class='ocrx_word' id='word_1_102' title='bbox 84 801 184 835; x_wconf 72' lang='lat' dir='ltr'><strong>tavit)</strong></span> <span class='ocrx_word' id='word_1_103' title='bbox 209 802 318 830; x_wconf 54' lang='lat' dir='ltr'><strong>XVow.</strong></span> <span class='ocrx_word' id='word_1_104' title='bbox 333 800 418 830; x_wconf 88' lang='lat' dir='ltr'><strong>Prie.</strong></span> <span class='ocrx_word' id='word_1_105' title='bbox 449 799 565 837; x_wconf 78' lang='lat' dir='ltr'><strong>planis</strong></span> <span class='ocrx_word' id='word_1_106' title='bbox 582 801 749 830; x_wconf 79' lang='lat' dir='ltr'><strong>invenitur</strong></span> <span class='ocrx_word' id='word_1_107' title='bbox 766 801 800 830; x_wconf 89' lang='lat' dir='ltr'><strong>in</strong></span> <span class='ocrx_word' id='word_1_108' title='bbox 817 802 855 830; x_wconf 88' lang='lat' dir='ltr'><strong>F.</strong></span> <span class='ocrx_word' id='word_1_109' title='bbox 876 802 912 837; x_wconf 64' lang='grc'><strong>1.,</strong></span> <span class='ocrx_word' id='word_1_110' title='bbox 925 803 956 830; x_wconf 87' lang='grc'><strong>3.</strong></span> <span class='ocrx_word' id='word_1_111' title='bbox 975 802 1012 831; x_wconf 85' lang='lat' dir='ltr'><strong>G.</strong></span> <span class='ocrx_word' id='word_1_112' title='bbox 1034 803 1063 830; x_wconf 91' lang='lat'><strong>1.</strong></span> <span class='ocrx_word' id='word_1_113' title='bbox 1083 803 1114 831; x_wconf 86' lang='grc'><strong>2.</strong></span> <span class='ocrx_word' id='word_1_114' title='bbox 1127 803 1163 831; x_wconf 91' lang='lat'><strong>0.</strong></span> <span class='ocrx_word' id='word_1_115' title='bbox 1177 803 1213 831; x_wconf 92' lang='lat' dir='ltr'><strong>P.</strong></span> <span class='ocrx_word' id='word_1_116' title='bbox 1226 803 1265 831; x_wconf 88' lang='lat' dir='ltr'><strong>D.</strong></span> <span class='ocrx_word' id='word_1_117' title='bbox 1279 802 1316 831; x_wconf 90' lang='lat' dir='ltr'><strong>B.</strong></span> <span class='ocrx_word' id='word_1_118' title='bbox 1331 810 1361 836; x_wconf 78' lang='lat' dir='ltr'><strong>p.</strong></span> <span class='ocrx_word' id='word_1_119' title='bbox 1385 803 1501 831; x_wconf 79' lang='lat' dir='ltr'><strong>Incert.</strong></span> <span class='ocrx_word' id='word_1_120' title='bbox 1514 803 1585 831; x_wconf 88' lang='lat' dir='ltr'><strong>edd.</strong></span> <span class='ocrx_word' id='word_1_121' title='bbox 1598 806 1673 831; x_wconf 73' lang='lat' dir='ltr'><strong>vett.</strong></span> <span class='ocrx_word' id='word_1_122' title='bbox 1687 807 1719 832; x_wconf 86' lang='lat' dir='ltr'><strong>et</strong></span> <span class='ocrx_word' id='word_1_123' title='bbox 1732 807 1862 833; x_wconf 75' lang='lat' dir='ltr'><strong>recentt.</strong></span> 
     </span>
     <span class='ocr_line' id='line_1_11' title="bbox 76 843 1864 884; baseline 0.003 -13"><span class='ocrx_word' id='word_1_124' title='bbox 76 844 258 883; x_wconf 71' lang='lat' dir='ltr'><strong>planisque</strong></span> <span class='ocrx_word' id='word_1_125' title='bbox 276 849 319 875; x_wconf 84' lang='lat' dir='ltr'><strong>M.</strong></span> <span class='ocrx_word' id='word_1_126' title='bbox 350 844 485 882; x_wconf 59' lang='lat' dir='ltr'><strong>plancis</strong></span> <span class='ocrx_word' id='word_1_127' title='bbox 505 856 538 880; x_wconf 83' lang='grc' dir='ltr'><strong>φ.</strong></span> <span class='ocrx_word' id='word_1_128' title='bbox 556 843 585 876; x_wconf 80' lang='grc' dir='ltr'><strong>δ,</strong></span> <span class='ocrx_word' id='word_1_129' title='bbox 630 845 837 883; x_wconf 78' lang='lat' dir='ltr'><strong>proveniunt</strong></span> <span class='ocrx_word' id='word_1_130' title='bbox 851 847 888 876; x_wconf 86' lang='lat' dir='ltr'><strong>B.</strong></span> <span class='ocrx_word' id='word_1_131' title='bbox 933 845 1018 874; x_wconf 69' lang='lat' dir='ltr'><strong>inibi</strong></span> <span class='ocrx_word' id='word_1_132' title='bbox 1032 848 1114 876; x_wconf 86' lang='lat' dir='ltr'><strong>Mss.</strong></span> <span class='ocrx_word' id='word_1_133' title='bbox 1133 854 1243 875; x_wconf 81' lang='lat' dir='ltr'><strong>omnes</strong></span> <span class='ocrx_word' id='word_1_134' title='bbox 1262 849 1388 881; x_wconf 71' lang='lat' dir='ltr'><strong>praeter</strong></span> <span class='ocrx_word' id='word_1_135' title='bbox 1405 855 1453 884; x_wconf 85' lang='lat' dir='ltr'><strong>p.‚</strong></span> <span class='ocrx_word' id='word_1_136' title='bbox 1478 846 1511 876; x_wconf 87' lang='lat' dir='ltr'><strong>in</strong></span> <span class='ocrx_word' id='word_1_137' title='bbox 1531 855 1592 882; x_wconf 84' lang='lat' dir='ltr'><strong>quo</strong></span> <span class='ocrx_word' id='word_1_138' title='bbox 1611 855 1681 876; x_wconf 86' lang='lat' dir='ltr'><strong>cum</strong></span> <span class='ocrx_word' id='word_1_139' title='bbox 1700 849 1771 877; x_wconf 85' lang='lat' dir='ltr'><strong>edd.</strong></span> <span class='ocrx_word' id='word_1_140' title='bbox 1784 852 1864 877; x_wconf 83' lang='lat' dir='ltr'><strong>vett.</strong></span> 
     </span>
     <span class='ocr_line' id='line_1_12' title="bbox 80 889 1863 927; baseline 0.002 -8"><span class='ocrx_word' id='word_1_141' title='bbox 80 898 183 925; x_wconf 78' lang='lat' dir='ltr'><strong>usque</strong></span> <span class='ocrx_word' id='word_1_142' title='bbox 200 892 241 920; x_wconf 88' lang='lat' dir='ltr'><strong>ad</strong></span> <span class='ocrx_word' id='word_1_143' title='bbox 255 891 344 920; x_wconf 88' lang='lat' dir='ltr'><strong>Colv.</strong></span> <span class='ocrx_word' id='word_1_144' title='bbox 364 895 453 920; x_wconf 75' lang='lat' dir='ltr'><strong>extat</strong></span> <span class='ocrx_word' id='word_1_145' title='bbox 471 889 535 921; x_wconf 75' lang='lat' dir='ltr'><strong>ubi.</strong></span> <span class='ocrx_word' id='word_1_146' title='bbox 559 893 596 920; x_wconf 92' lang='lat' dir='ltr'><strong>In</strong></span> <span class='ocrx_word' id='word_1_147' title='bbox 615 893 687 920; x_wconf 87' lang='lat' dir='ltr'><strong>sola</strong></span> <span class='ocrx_word' id='word_1_148' title='bbox 704 892 763 920; x_wconf 82' lang='lat' dir='ltr'><strong>Ed.</strong></span> <span class='ocrx_word' id='word_1_149' title='bbox 781 893 863 920; x_wconf 84' lang='lat' dir='ltr'><strong>lunt.</strong></span> <span class='ocrx_word' id='word_1_150' title='bbox 875 892 907 919; x_wconf 83' lang='grc'><strong>2.</strong></span> <span class='ocrx_word' id='word_1_151' title='bbox 925 894 975 920; x_wconf 85' lang='lat' dir='ltr'><strong>est</strong></span> <span class='ocrx_word' id='word_1_152' title='bbox 992 889 1048 919; x_wconf 67' lang='lat' dir='ltr'><strong>ibi.</strong></span> <span class='ocrx_word' id='word_1_153' title='bbox 1094 890 1218 919; x_wconf 69' lang='lat' dir='ltr'><strong>eximie</strong></span> <span class='ocrx_word' id='word_1_154' title='bbox 1237 889 1363 919; x_wconf 75' lang='lat' dir='ltr'><strong>domim·</strong></span> <span class='ocrx_word' id='word_1_155' title='bbox 1377 893 1426 920; x_wconf 79' lang='lat' dir='ltr'><strong>ed.</strong></span> <span class='ocrx_word' id='word_1_156' title='bbox 1445 899 1492 927; x_wconf 81' lang='lat' dir='ltr'><strong>pr.</strong></span> <span class='ocrx_word' id='word_1_157' title='bbox 1505 893 1631 922; x_wconf 80' lang='lat' dir='ltr'><strong>Vieent.</strong></span> <span class='ocrx_word' id='word_1_158' title='bbox 1645 894 1759 922; x_wconf 75' lang='lat' dir='ltr'><strong>Vener.</strong></span> <span class='ocrx_word' id='word_1_159' title='bbox 1778 895 1810 922; x_wconf 94' lang='grc'><strong>2.</strong></span> <span class='ocrx_word' id='word_1_160' title='bbox 1831 890 1863 923; x_wconf 89' lang='grc'><strong>4.</strong></span> 
     </span>
     <span class='ocr_line' id='line_1_13' title="bbox 80 933 1865 977; baseline 0.002 -14"><span class='ocrx_word' id='word_1_161' title='bbox 80 935 228 963; x_wconf 52' lang='lat' dir='ltr'><strong>&amp;rimiae</strong></span> <span class='ocrx_word' id='word_1_162' title='bbox 246 934 398 964; x_wconf 78' lang='lat' dir='ltr'><strong>donn‘nae</strong></span> <span class='ocrx_word' id='word_1_163' title='bbox 415 938 498 966; x_wconf 82' lang='lat' dir='ltr'><strong>Iunt.</strong></span> <span class='ocrx_word' id='word_1_164' title='bbox 513 938 542 967; x_wconf 91' lang='lat'><strong>1.</strong></span> <span class='ocrx_word' id='word_1_165' title='bbox 555 937 631 967; x_wconf 75' lang='lat' dir='ltr'><strong>Ala.</strong></span> <span class='ocrx_word' id='word_1_166' title='bbox 645 936 747 967; x_wconf 85' lang='lat' dir='ltr'><strong>Colin.</strong></span> <span class='ocrx_word' id='word_1_167' title='bbox 763 937 841 965; x_wconf 82' lang='lat' dir='ltr'><strong>Bas.</strong></span> <span class='ocrx_word' id='word_1_168' title='bbox 876 935 1025 964; x_wconf 72' lang='lat' dir='ltr'><strong>eximiae</strong></span> <span class='ocrx_word' id='word_1_169' title='bbox 1036 933 1120 964; x_wconf 78' lang='lat' dir='ltr'><strong>deae</strong></span> <span class='ocrx_word' id='word_1_170' title='bbox 1137 938 1221 967; x_wconf 73' lang='lat' dir='ltr'><strong>lunt.</strong></span> <span class='ocrx_word' id='word_1_171' title='bbox 1234 938 1266 966; x_wconf 85' lang='lat'><strong>2.</strong></span> <span class='ocrx_word' id='word_1_172' title='bbox 1288 938 1325 966; x_wconf 90' lang='lat' dir='ltr'><strong>In</strong></span> <span class='ocrx_word' id='word_1_173' title='bbox 1338 940 1410 966; x_wconf 77' lang='lat' dir='ltr'><strong>cett.</strong></span> <span class='ocrx_word' id='word_1_174' title='bbox 1423 937 1546 965; x_wconf 63' lang='lat' dir='ltr'><strong>esim-‘e</strong></span> <span class='ocrx_word' id='word_1_175' title='bbox 1557 936 1662 967; x_wconf 78' lang='lat' dir='ltr'><strong>deum.</strong></span> <span class='ocrx_word' id='word_1_176' title='bbox 1708 938 1865 977; x_wconf 79' lang='lat' dir='ltr'><strong>referens</strong></span> 
     </span>
     <span class='ocr_line' id='line_1_14' title="bbox 79 980 1865 1023; baseline 0.008 -25"><span class='ocrx_word' id='word_1_177' title='bbox 79 981 129 1010; x_wconf 51' lang='lat' dir='ltr'><strong>ed·</strong></span> <span class='ocrx_word' id='word_1_178' title='bbox 153 989 201 1015; x_wconf 44' lang='lat' dir='ltr'><strong>m..</strong></span> <span class='ocrx_word' id='word_1_179' title='bbox 227 981 355 1010; x_wconf 66' lang='lat' dir='ltr'><strong>vjcent,</strong></span> <span class='ocrx_word' id='word_1_180' title='bbox 378 982 492 1011; x_wconf 82' lang='lat' dir='ltr'><strong>Venet.</strong></span> <span class='ocrx_word' id='word_1_181' title='bbox 517 983 549 1011; x_wconf 82' lang='grc'><strong>4.</strong></span> <span class='ocrx_word' id='word_1_182' title='bbox 585 980 759 1020; x_wconf 64' lang='lat' dir='ltr'><strong>referrens</strong></span> <span class='ocrx_word' id='word_1_183' title='bbox 782 982 897 1011; x_wconf 85' lang='lat' dir='ltr'><strong>Venet.</strong></span> <span class='ocrx_word' id='word_1_184' title='bbox 919 983 952 1010; x_wconf 87' lang='grc'><strong>2.</strong></span> <span class='ocrx_word' id='word_1_185' title='bbox 1001 981 1100 1009; x_wconf 78' lang='lat' dir='ltr'><strong>tz‘mtu</strong></span> <span class='ocrx_word' id='word_1_186' title='bbox 1124 985 1235 1017; x_wconf 71' lang='lat' dir='ltr'><strong>aperie</strong></span> <span class='ocrx_word' id='word_1_187' title='bbox 1259 982 1296 1011; x_wconf 91' lang='lat' dir='ltr'><strong>G.</strong></span> <span class='ocrx_word' id='word_1_188' title='bbox 1317 983 1345 1011; x_wconf 89' lang='lat'><strong>1.</strong></span> <span class='ocrx_word' id='word_1_189' title='bbox 1382 980 1511 1023; x_wconf 49' lang='lat' dir='ltr'><strong>cicuitu</strong></span> <span class='ocrx_word' id='word_1_190' title='bbox 1528 985 1568 1013; x_wconf 88' lang='grc'><strong>1).</strong></span> <span class='ocrx_word' id='word_1_191' title='bbox 1615 981 1801 1012; x_wconf 74' lang='grc' dir='ltr'><em>σίὸαῖοναηι</em></span> <span class='ocrx_word' id='word_1_192' title='bbox 1823 985 1865 1013; x_wconf 87' lang='lat' dir='ltr'><strong>D.</strong></span> 
     </span>
     <span class='ocr_line' id='line_1_15' title="bbox 79 1025 1864 1063; baseline 0.001 -10"><span class='ocrx_word' id='word_1_193' title='bbox 79 1032 161 1053; x_wconf 71' lang='lat' dir='ltr'><strong>auno</strong></span> <span class='ocrx_word' id='word_1_194' title='bbox 177 1026 197 1055; x_wconf 88' lang='lat' dir='ltr'><strong>f.</strong></span> <span class='ocrx_word' id='word_1_195' title='bbox 211 1027 250 1055; x_wconf 88' lang='lat' dir='ltr'><strong>R.</strong></span> <span class='ocrx_word' id='word_1_196' title='bbox 273 1028 389 1056; x_wconf 86' lang='lat' dir='ltr'><strong>Incert.</strong></span> <span class='ocrx_word' id='word_1_197' title='bbox 403 1026 510 1056; x_wconf 87' lang='lat' dir='ltr'><strong>Paris.</strong></span> <span class='ocrx_word' id='word_1_198' title='bbox 545 1033 628 1055; x_wconf 83' lang='lat' dir='ltr'><strong>sonu</strong></span> <span class='ocrx_word' id='word_1_199' title='bbox 640 1027 678 1055; x_wconf 86' lang='lat' dir='ltr'><strong>F.</strong></span> <span class='ocrx_word' id='word_1_200' title='bbox 692 1028 721 1055; x_wconf 82' lang='lat'><strong>3.</strong></span> <span class='ocrx_word' id='word_1_201' title='bbox 741 1025 790 1055; x_wconf 86' lang='lat' dir='ltr'><strong>ed.</strong></span> <span class='ocrx_word' id='word_1_202' title='bbox 804 1034 851 1060; x_wconf 86' lang='lat' dir='ltr'><strong>pr.</strong></span> <span class='ocrx_word' id='word_1_203' title='bbox 863 1025 992 1055; x_wconf 84' lang='lat' dir='ltr'><strong>Vicent.</strong></span> <span class='ocrx_word' id='word_1_204' title='bbox 1004 1028 1089 1055; x_wconf 84' lang='lat' dir='ltr'><strong>lunt.</strong></span> <span class='ocrx_word' id='word_1_205' title='bbox 1104 1027 1134 1055; x_wconf 91' lang='lat'><strong>1.</strong></span> <span class='ocrx_word' id='word_1_206' title='bbox 1147 1028 1178 1055; x_wconf 86' lang='grc'><strong>2.</strong></span> <span class='ocrx_word' id='word_1_207' title='bbox 1190 1027 1267 1055; x_wconf 87' lang='lat' dir='ltr'><strong>Ald.</strong></span> <span class='ocrx_word' id='word_1_208' title='bbox 1280 1027 1382 1056; x_wconf 86' lang='lat' dir='ltr'><strong>Colin.</strong></span> <span class='ocrx_word' id='word_1_209' title='bbox 1408 1027 1450 1056; x_wconf 84' lang='lat' dir='ltr'><strong>cf.</strong></span> <span class='ocrx_word' id='word_1_210' title='bbox 1464 1028 1504 1056; x_wconf 85' lang='lat' dir='ltr'><strong>ad</strong></span> <span class='ocrx_word' id='word_1_211' title='bbox 1517 1028 1635 1062; x_wconf 81' lang='lat' dir='ltr'><strong>Florid.</strong></span> <span class='ocrx_word' id='word_1_212' title='bbox 1650 1036 1680 1063; x_wconf 80' lang='lat' dir='ltr'><strong>p.</strong></span> <span class='ocrx_word' id='word_1_213' title='bbox 1693 1030 1746 1058; x_wconf 87' lang='grc'><strong>79.</strong></span> <span class='ocrx_word' id='word_1_214' title='bbox 1782 1035 1864 1056; x_wconf 80' lang='lat' dir='ltr'><strong>sonu</strong></span> 
     </span>
     <span class='ocr_line' id='line_1_16' title="bbox 79 1069 1864 1109; baseline 0.002 -10"><span class='ocrx_word' id='word_1_215' title='bbox 79 1072 289 1105; x_wconf 80' lang='lat' dir='ltr'><strong>Reg.1ncert.</strong></span> <span class='ocrx_word' id='word_1_216' title='bbox 324 1071 444 1102; x_wconf 83' lang='lat' dir='ltr'><strong>som&#39;o.</strong></span> <span class='ocrx_word' id='word_1_217' title='bbox 468 1074 506 1101; x_wconf 90' lang='lat' dir='ltr'><strong>In</strong></span> <span class='ocrx_word' id='word_1_218' title='bbox 525 1074 598 1101; x_wconf 82' lang='lat' dir='ltr'><strong>cett.</strong></span> <span class='ocrx_word' id='word_1_219' title='bbox 616 1071 740 1100; x_wconf 72' lang='lat' dir='ltr'><strong>sonitu.</strong></span> <span class='ocrx_word' id='word_1_220' title='bbox 779 1069 889 1109; x_wconf 68' lang='lat' dir='ltr'><strong>frigii</strong></span> <span class='ocrx_word' id='word_1_221' title='bbox 898 1071 938 1099; x_wconf 92' lang='lat' dir='ltr'><strong>D.</strong></span> <span class='ocrx_word' id='word_1_222' title='bbox 952 1071 988 1099; x_wconf 88' lang='lat' dir='ltr'><strong>G.</strong></span> <span class='ocrx_word' id='word_1_223' title='bbox 1004 1072 1034 1100; x_wconf 92' lang='lat'><strong>1.</strong></span> <span class='ocrx_word' id='word_1_224' title='bbox 1049 1072 1081 1100; x_wconf 89' lang='grc'><strong>2.</strong></span> <span class='ocrx_word' id='word_1_225' title='bbox 1128 1071 1302 1099; x_wconf 68' lang='lat' dir='ltr'><strong>eren-citus</strong></span> <span class='ocrx_word' id='word_1_226' title='bbox 1319 1079 1350 1106; x_wconf 75' lang='grc' dir='ltr'><strong>ι).</strong></span> <span class='ocrx_word' id='word_1_227' title='bbox 1368 1074 1400 1100; x_wconf 89' lang='lat' dir='ltr'><strong>et</strong></span> <span class='ocrx_word' id='word_1_228' title='bbox 1417 1072 1487 1101; x_wconf 87' lang='lat' dir='ltr'><strong>edd.</strong></span> <span class='ocrx_word' id='word_1_229' title='bbox 1501 1076 1581 1101; x_wconf 73' lang='lat' dir='ltr'><strong>vett.</strong></span> <span class='ocrx_word' id='word_1_230' title='bbox 1594 1076 1723 1108; x_wconf 82' lang='lat' dir='ltr'><strong>praeter</strong></span> <span class='ocrx_word' id='word_1_231' title='bbox 1732 1075 1817 1103; x_wconf 77' lang='lat' dir='ltr'><strong>Iunt.</strong></span> <span class='ocrx_word' id='word_1_232' title='bbox 1831 1075 1864 1102; x_wconf 89' lang='grc'><strong>2.</strong></span> 
     </span>
     <span class='ocr_line' id='line_1_17' title="bbox 78 1115 1863 1156; baseline 0.002 -12"><span class='ocrx_word' id='word_1_233' title='bbox 78 1122 183 1150; x_wconf 81' lang='lat' dir='ltr'><strong>usque</strong></span> <span class='ocrx_word' id='word_1_234' title='bbox 196 1117 237 1145; x_wconf 82' lang='lat' dir='ltr'><strong>ad</strong></span> <span class='ocrx_word' id='word_1_235' title='bbox 251 1116 340 1146; x_wconf 85' lang='lat' dir='ltr'><strong>Colv.</strong></span> <span class='ocrx_word' id='word_1_236' title='bbox 363 1118 413 1146; x_wconf 77' lang='lat' dir='ltr'><strong>Ita</strong></span> <span class='ocrx_word' id='word_1_237' title='bbox 425 1124 551 1152; x_wconf 84' lang='lat' dir='ltr'><strong>quoque</strong></span> <span class='ocrx_word' id='word_1_238' title='bbox 562 1120 716 1151; x_wconf 78' lang='lat' dir='ltr'><strong>excerpta</strong></span> <span class='ocrx_word' id='word_1_239' title='bbox 727 1117 769 1146; x_wconf 80' lang='lat' dir='ltr'><strong>ad</strong></span> <span class='ocrx_word' id='word_1_240' title='bbox 779 1122 881 1150; x_wconf 85' lang='lat' dir='ltr'><strong>marg.</strong></span> <span class='ocrx_word' id='word_1_241' title='bbox 894 1115 970 1144; x_wconf 84' lang='lat' dir='ltr'><strong>edit.</strong></span> <span class='ocrx_word' id='word_1_242' title='bbox 983 1116 1073 1145; x_wconf 83' lang='lat' dir='ltr'><strong>cclv.</strong></span> <span class='ocrx_word' id='word_1_243' title='bbox 1087 1117 1225 1154; x_wconf 84' lang='lat' dir='ltr'><strong>habent,</strong></span> <span class='ocrx_word' id='word_1_244' title='bbox 1249 1123 1314 1146; x_wconf 82' lang='lat' dir='ltr'><strong>non</strong></span> <span class='ocrx_word' id='word_1_245' title='bbox 1326 1117 1447 1146; x_wconf 82' lang='lat' dir='ltr'><strong>additis</strong></span> <span class='ocrx_word' id='word_1_246' title='bbox 1459 1124 1523 1146; x_wconf 87' lang='lat' dir='ltr'><strong>uno</strong></span> <span class='ocrx_word' id='word_1_247' title='bbox 1542 1118 1734 1153; x_wconf 84' lang='lat' dir='ltr'><strong>pluribusve</strong></span> <span class='ocrx_word' id='word_1_248' title='bbox 1752 1119 1843 1149; x_wconf 85' lang='lat' dir='ltr'><strong>codd.</strong></span> <span class='ocrx_word' id='word_1_249' title='bbox 1853 1141 1863 1156; x_wconf 87' lang='lat'>‚</span> 
     </span>
     <span class='ocr_line' id='line_1_18' title="bbox 78 1160 1863 1200; baseline 0.001 -11"><span class='ocrx_word' id='word_1_250' title='bbox 78 1160 114 1189; x_wconf 88' lang='lat' dir='ltr'><strong>in</strong></span> <span class='ocrx_word' id='word_1_251' title='bbox 138 1161 255 1195; x_wconf 76' lang='lat' dir='ltr'><strong>quinus</strong></span> <span class='ocrx_word' id='word_1_252' title='bbox 279 1161 327 1190; x_wconf 75' lang='lat' dir='ltr'><strong>ita</strong></span> <span class='ocrx_word' id='word_1_253' title='bbox 348 1162 414 1197; x_wconf 87' lang='lat' dir='ltr'><strong>legi</strong></span> <span class='ocrx_word' id='word_1_254' title='bbox 437 1165 561 1191; x_wconf 81' lang='lat' dir='ltr'><strong>volunt.</strong></span> <span class='ocrx_word' id='word_1_255' title='bbox 593 1163 633 1190; x_wconf 89' lang='lat' dir='ltr'><strong>In</strong></span> <span class='ocrx_word' id='word_1_256' title='bbox 655 1165 729 1191; x_wconf 74' lang='lat' dir='ltr'><strong>cett.</strong></span> <span class='ocrx_word' id='word_1_257' title='bbox 753 1160 898 1189; x_wconf 70' lang='lat' dir='ltr'><strong>excitus.</strong></span> <span class='ocrx_word' id='word_1_258' title='bbox 938 1160 1146 1196; x_wconf 80' lang='lat' dir='ltr'><strong>procuravit</strong></span> <span class='ocrx_word' id='word_1_259' title='bbox 1164 1163 1201 1190; x_wconf 89' lang='lat' dir='ltr'><strong>G.</strong></span> <span class='ocrx_word' id='word_1_260' title='bbox 1227 1162 1257 1190; x_wconf 87' lang='lat'><strong>1.</strong></span> <span class='ocrx_word' id='word_1_261' title='bbox 1276 1162 1312 1190; x_wconf 88' lang='lat'><strong>0.</strong></span> <span class='ocrx_word' id='word_1_262' title='bbox 1360 1161 1469 1189; x_wconf 76' lang='lat' dir='ltr'><strong>obiam</strong></span> <span class='ocrx_word' id='word_1_263' title='bbox 1486 1163 1522 1192; x_wconf 85' lang='lat' dir='ltr'><strong>F.</strong></span> <span class='ocrx_word' id='word_1_264' title='bbox 1547 1164 1576 1191; x_wconf 89' lang='lat'><strong>1.</strong></span> <span class='ocrx_word' id='word_1_265' title='bbox 1623 1163 1807 1200; x_wconf 74' lang='lat' dir='ltr'><strong>suspiciens</strong></span> <span class='ocrx_word' id='word_1_266' title='bbox 1824 1165 1863 1193; x_wconf 81' lang='lat' dir='ltr'><strong>L.</strong></span> 
     </span>
     <span class='ocr_line' id='line_1_19' title="bbox 78 1203 1866 1244; baseline 0.003 -12"><span class='ocrx_word' id='word_1_267' title='bbox 78 1203 260 1242; x_wconf 72' lang='lat' dir='ltr'><strong>hospicium</strong></span> <span class='ocrx_word' id='word_1_268' title='bbox 273 1203 304 1235; x_wconf 84' lang='grc' dir='ltr'><strong>δ.</strong></span> <span class='ocrx_word' id='word_1_269' title='bbox 349 1213 474 1244; x_wconf 77' lang='lat' dir='ltr'><strong>nosque</strong></span> <span class='ocrx_word' id='word_1_270' title='bbox 491 1204 521 1236; x_wconf 81' lang='grc' dir='ltr'><strong>δ.</strong></span> <span class='ocrx_word' id='word_1_271' title='bbox 567 1206 674 1234; x_wconf 70' lang='lat' dir='ltr'><strong>onmis</strong></span> <span class='ocrx_word' id='word_1_272' title='bbox 689 1206 802 1235; x_wconf 87' lang='lat' dir='ltr'><strong>inveni</strong></span> <span class='ocrx_word' id='word_1_273' title='bbox 821 1205 856 1233; x_wconf 90' lang='lat' dir='ltr'><strong>in</strong></span> <span class='ocrx_word' id='word_1_274' title='bbox 876 1205 912 1234; x_wconf 88' lang='lat' dir='ltr'><strong>F.</strong></span> <span class='ocrx_word' id='word_1_275' title='bbox 927 1205 957 1234; x_wconf 87' lang='lat'><strong>1.</strong></span> <span class='ocrx_word' id='word_1_276' title='bbox 974 1205 1004 1234; x_wconf 90' lang='grc'><strong>3.</strong></span> <span class='ocrx_word' id='word_1_277' title='bbox 1018 1206 1056 1234; x_wconf 88' lang='grc' dir='ltr'><strong>Β.</strong></span> <span class='ocrx_word' id='word_1_278' title='bbox 1075 1208 1105 1234; x_wconf 88' lang='lat' dir='ltr'><strong>et</strong></span> <span class='ocrx_word' id='word_1_279' title='bbox 1124 1207 1194 1234; x_wconf 80' lang='lat' dir='ltr'><strong>edd.</strong></span> <span class='ocrx_word' id='word_1_280' title='bbox 1216 1207 1375 1235; x_wconf 86' lang='lat' dir='ltr'><strong>omnihus.</strong></span> <span class='ocrx_word' id='word_1_281' title='bbox 1410 1208 1459 1236; x_wconf 90' lang='lat' dir='ltr'><strong>De</strong></span> <span class='ocrx_word' id='word_1_282' title='bbox 1471 1207 1608 1242; x_wconf 80' lang='lat' dir='ltr'><strong>reliquis</strong></span> <span class='ocrx_word' id='word_1_283' title='bbox 1621 1210 1710 1237; x_wconf 83' lang='lat' dir='ltr'><strong>codd.</strong></span> <span class='ocrx_word' id='word_1_284' title='bbox 1724 1208 1866 1238; x_wconf 84' lang='lat' dir='ltr'><strong>iudicari</strong></span> 
     </span>
     <span class='ocr_line' id='line_1_20' title="bbox 77 1249 1864 1289; baseline 0.002 -10"><span class='ocrx_word' id='word_1_285' title='bbox 77 1251 245 1289; x_wconf 79' lang='lat' dir='ltr'><strong>nonlicet,</strong></span> <span class='ocrx_word' id='word_1_286' title='bbox 267 1259 365 1286; x_wconf 85' lang='lat' dir='ltr'><strong>quum</strong></span> <span class='ocrx_word' id='word_1_287' title='bbox 378 1251 564 1287; x_wconf 82' lang='lat' dir='ltr'><strong>compendio</strong></span> <span class='ocrx_word' id='word_1_288' title='bbox 576 1249 644 1279; x_wconf 79' lang='grc' dir='ltr'><strong>οῆιε</strong></span> <span class='ocrx_word' id='word_1_289' title='bbox 657 1254 738 1280; x_wconf 83' lang='lat' dir='ltr'><strong>naec</strong></span> <span class='ocrx_word' id='word_1_290' title='bbox 752 1251 855 1279; x_wconf 82' lang='lat' dir='ltr'><strong>forma</strong></span> <span class='ocrx_word' id='word_1_291' title='bbox 866 1249 987 1284; x_wconf 71' lang='lat' dir='ltr'><strong>scripta</strong></span> <span class='ocrx_word' id='word_1_292' title='bbox 999 1249 1034 1278; x_wconf 91' lang='lat' dir='ltr'><strong>in</strong></span> <span class='ocrx_word' id='word_1_293' title='bbox 1045 1250 1089 1278; x_wconf 89' lang='lat' dir='ltr'><strong>iis</strong></span> <span class='ocrx_word' id='word_1_294' title='bbox 1103 1253 1199 1280; x_wconf 80' lang='lat' dir='ltr'><strong>extet.</strong></span> <span class='ocrx_word' id='word_1_295' title='bbox 1235 1251 1327 1278; x_wconf 74' lang='lat' dir='ltr'><strong>inter</strong></span> <span class='ocrx_word' id='word_1_296' title='bbox 1340 1253 1377 1280; x_wconf 84' lang='lat' dir='ltr'><strong>G.</strong></span> <span class='ocrx_word' id='word_1_297' title='bbox 1390 1254 1421 1280; x_wconf 83' lang='lat'><strong>2.</strong></span> <span class='ocrx_word' id='word_1_298' title='bbox 1434 1254 1474 1282; x_wconf 85' lang='grc' dir='ltr'><strong>Ι).</strong></span> <span class='ocrx_word' id='word_1_299' title='bbox 1509 1256 1697 1289; x_wconf 82' lang='lat' dir='ltr'><strong>conseptem</strong></span> <span class='ocrx_word' id='word_1_300' title='bbox 1709 1254 1864 1284; x_wconf 79' lang='lat' dir='ltr'><strong>Venet.2.</strong></span> 
     </span>
     <span class='ocr_line' id='line_1_21' title="bbox 78 1292 1863 1335; baseline 0.004 -13"><span class='ocrx_word' id='word_1_301' title='bbox 78 1299 291 1331; x_wconf 79' lang='lat' dir='ltr'><strong>conspectum</strong></span> <span class='ocrx_word' id='word_1_302' title='bbox 311 1298 346 1325; x_wconf 89' lang='lat' dir='ltr'><strong>G.</strong></span> <span class='ocrx_word' id='word_1_303' title='bbox 369 1297 397 1325; x_wconf 92' lang='lat'><strong>1.</strong></span> <span class='ocrx_word' id='word_1_304' title='bbox 416 1297 451 1326; x_wconf 92' lang='grc'><strong>0.</strong></span> <span class='ocrx_word' id='word_1_305' title='bbox 469 1297 507 1325; x_wconf 92' lang='lat' dir='ltr'><strong>L.</strong></span> <span class='ocrx_word' id='word_1_306' title='bbox 526 1297 565 1324; x_wconf 90' lang='lat' dir='ltr'><strong>D.</strong></span> <span class='ocrx_word' id='word_1_307' title='bbox 612 1293 728 1332; x_wconf 73' lang='lat' dir='ltr'><strong>domus</strong></span> <span class='ocrx_word' id='word_1_308' title='bbox 741 1294 931 1323; x_wconf 70' lang='lat' dir='ltr'><strong>altissimae</strong></span> <span class='ocrx_word' id='word_1_309' title='bbox 944 1296 978 1321; x_wconf 76' lang='lat' dir='ltr'><strong>et</strong></span> <span class='ocrx_word' id='word_1_310' title='bbox 991 1292 1221 1330; x_wconf 72' lang='lat' dir='ltr'><strong>amplissimae</strong></span> <span class='ocrx_word' id='word_1_311' title='bbox 1238 1297 1274 1325; x_wconf 85' lang='lat' dir='ltr'><strong>G.</strong></span> <span class='ocrx_word' id='word_1_312' title='bbox 1296 1297 1326 1325; x_wconf 93' lang='lat'><strong>1.</strong></span> <span class='ocrx_word' id='word_1_313' title='bbox 1344 1304 1381 1325; x_wconf 83' lang='lat' dir='ltr'><strong>n.</strong></span> <span class='ocrx_word' id='word_1_314' title='bbox 1401 1305 1419 1326; x_wconf 91' lang='lat' dir='ltr'><strong>e</strong></span> <span class='ocrx_word' id='word_1_315' title='bbox 1436 1297 1533 1326; x_wconf 80' lang='lat' dir='ltr'><strong>varia</strong></span> <span class='ocrx_word' id='word_1_316' title='bbox 1551 1298 1706 1335; x_wconf 72' lang='lat' dir='ltr'><strong>lectione,</strong></span> <span class='ocrx_word' id='word_1_317' title='bbox 1730 1302 1765 1328; x_wconf 89' lang='lat' dir='ltr'><strong>ut</strong></span> <span class='ocrx_word' id='word_1_318' title='bbox 1782 1299 1863 1329; x_wconf 81' lang='lat' dir='ltr'><strong>oud.</strong></span> 
     </span>
     <span class='ocr_line' id='line_1_22' title="bbox 76 1339 1864 1376; baseline 0.002 -7"><span class='ocrx_word' id='word_1_319' title='bbox 76 1341 255 1370; x_wconf 71' lang='lat' dir='ltr'><strong>adnotavit.</strong></span> <span class='ocrx_word' id='word_1_320' title='bbox 278 1342 342 1370; x_wconf 84' lang='lat' dir='ltr'><strong>Sed</strong></span> <span class='ocrx_word' id='word_1_321' title='bbox 355 1341 389 1369; x_wconf 91' lang='lat' dir='ltr'><strong>in</strong></span> <span class='ocrx_word' id='word_1_322' title='bbox 403 1343 440 1370; x_wconf 89' lang='lat' dir='ltr'><strong>G.</strong></span> <span class='ocrx_word' id='word_1_323' title='bbox 455 1342 484 1370; x_wconf 85' lang='lat'><strong>1.</strong></span> <span class='ocrx_word' id='word_1_324' title='bbox 498 1349 562 1370; x_wconf 89' lang='lat' dir='ltr'><strong>non</strong></span> <span class='ocrx_word' id='word_1_325' title='bbox 575 1342 610 1368; x_wconf 80' lang='lat' dir='ltr'><strong>et</strong></span> <span class='ocrx_word' id='word_1_326' title='bbox 621 1343 678 1370; x_wconf 72' lang='lat' dir='ltr'><strong>sed</strong></span> <span class='ocrx_word' id='word_1_327' title='bbox 692 1340 747 1368; x_wconf 81' lang='lat' dir='ltr'><strong>vel</strong></span> <span class='ocrx_word' id='word_1_328' title='bbox 757 1340 890 1376; x_wconf 77' lang='lat' dir='ltr'><strong>legitur,</strong></span> <span class='ocrx_word' id='word_1_329' title='bbox 916 1339 1001 1373; x_wconf 84' lang='lat' dir='ltr'><strong>quod</strong></span> <span class='ocrx_word' id='word_1_330' title='bbox 1015 1347 1070 1373; x_wconf 84' lang='lat' dir='ltr'><strong>pro</strong></span> <span class='ocrx_word' id='word_1_331' title='bbox 1083 1347 1169 1369; x_wconf 82' lang='lat' dir='ltr'><strong>more</strong></span> <span class='ocrx_word' id='word_1_332' title='bbox 1183 1339 1447 1375; x_wconf 84' lang='lat' dir='ltr'><strong>interpolatorum</strong></span> <span class='ocrx_word' id='word_1_333' title='bbox 1461 1343 1640 1372; x_wconf 79' lang='lat' dir='ltr'><strong>verisimile</strong></span> <span class='ocrx_word' id='word_1_334' title='bbox 1657 1346 1707 1372; x_wconf 83' lang='lat' dir='ltr'><strong>est</strong></span> <span class='ocrx_word' id='word_1_335' title='bbox 1718 1343 1816 1372; x_wconf 76' lang='lat' dir='ltr'><strong>etiam</strong></span> <span class='ocrx_word' id='word_1_336' title='bbox 1828 1343 1864 1373; x_wconf 84' lang='lat' dir='ltr'><strong>in</strong></span> 
     </span>
     <span class='ocr_line' id='line_1_23' title="bbox 76 1382 1862 1425; baseline 0.002 -12"><span class='ocrx_word' id='word_1_337' title='bbox 76 1393 113 1415; x_wconf 87' lang='grc' dir='ltr'><strong>π.</strong></span> <span class='ocrx_word' id='word_1_338' title='bbox 131 1386 244 1414; x_wconf 82' lang='lat' dir='ltr'><strong>scribi.</strong></span> <span class='ocrx_word' id='word_1_339' title='bbox 291 1384 439 1424; x_wconf 81' lang='lat' dir='ltr'><strong>addeque</strong></span> <span class='ocrx_word' id='word_1_340' title='bbox 462 1393 518 1422; x_wconf 84' lang='lat' dir='ltr'><strong>pro</strong></span> <span class='ocrx_word' id='word_1_341' title='bbox 542 1388 646 1423; x_wconf 81' lang='lat' dir='ltr'><strong>acque</strong></span> <span class='ocrx_word' id='word_1_342' title='bbox 669 1386 775 1416; x_wconf 77' lang='lat' dir='ltr'><strong>Paris.</strong></span> <span class='ocrx_word' id='word_1_343' title='bbox 823 1382 941 1421; x_wconf 75' lang='lat' dir='ltr'><strong>opz&#39;rm‘s</strong></span> <span class='ocrx_word' id='word_1_344' title='bbox 960 1391 1024 1413; x_wconf 88' lang='lat' dir='ltr'><strong>non</strong></span> <span class='ocrx_word' id='word_1_345' title='bbox 1041 1388 1207 1421; x_wconf 77' lang='lat' dir='ltr'><strong>comparet</strong></span> <span class='ocrx_word' id='word_1_346' title='bbox 1225 1385 1259 1415; x_wconf 91' lang='lat' dir='ltr'><strong>in</strong></span> <span class='ocrx_word' id='word_1_347' title='bbox 1276 1386 1314 1415; x_wconf 92' lang='lat' dir='ltr'><strong>P.</strong></span> <span class='ocrx_word' id='word_1_348' title='bbox 1349 1386 1487 1423; x_wconf 74' lang='lat' dir='ltr'><strong>oppitm‘s</strong></span> <span class='ocrx_word' id='word_1_349' title='bbox 1507 1389 1544 1418; x_wconf 86' lang='lat' dir='ltr'><strong>G.</strong></span> <span class='ocrx_word' id='word_1_350' title='bbox 1565 1389 1594 1418; x_wconf 89' lang='lat'><strong>1.</strong></span> <span class='ocrx_word' id='word_1_351' title='bbox 1629 1387 1763 1425; x_wconf 75' lang='lat' dir='ltr'><strong>optimis</strong></span> <span class='ocrx_word' id='word_1_352' title='bbox 1781 1390 1818 1418; x_wconf 88' lang='lat' dir='ltr'><strong>L.</strong></span> <span class='ocrx_word' id='word_1_353' title='bbox 1831 1397 1862 1424; x_wconf 83' lang='lat' dir='ltr'><strong>p.</strong></span> 
     </span>
    </p>
   </div>
   <div class='ocr_carea' id='block_1_4' title="bbox 75 1431 336 1461">
    <p class='ocr_par' dir='ltr' id='par_1_4' title="bbox 75 1431 336 1461">
     <span class='ocr_line' id='line_1_24' title="bbox 75 1431 336 1461; baseline 0.008 -2"><span class='ocrx_word' id='word_1_354' title='bbox 75 1432 159 1460; x_wconf 78' lang='lat' dir='ltr'><strong>lunt.</strong></span> <span class='ocrx_word' id='word_1_355' title='bbox 174 1431 205 1460; x_wconf 92' lang='lat'><strong>1.</strong></span> <span class='ocrx_word' id='word_1_356' title='bbox 216 1432 248 1460; x_wconf 91' lang='grc'><strong>2.</strong></span> <span class='ocrx_word' id='word_1_357' title='bbox 260 1431 336 1461; x_wconf 86' lang='lat' dir='ltr'><strong>Ald.</strong></span> 
     </span>
    </p>
   </div>
   <div class='ocr_carea' id='block_1_5' title="bbox 73 1562 939 1786">
    <p class='ocr_par' dir='ltr' id='par_1_5' title="bbox 73 1562 939 1786">
     <span class='ocr_line' id='line_1_25' title="bbox 75 1562 937 1616; baseline -0.001 -15"><span class='ocrx_word' id='word_1_358' title='bbox 75 1563 193 1616; x_wconf 83' lang='grc' dir='ltr'><em>χαμαὶ</em></span> <span class='ocrx_word' id='word_1_359' title='bbox 205 1562 413 1615; x_wconf 76' lang='grc' dir='ltr'><strong>καθημένη.</strong></span> <span class='ocrx_word' id='word_1_360' title='bbox 453 1563 603 1602; x_wconf 64' lang='lat' dir='ltr'><strong>Milites</strong></span> <span class='ocrx_word' id='word_1_361' title='bbox 617 1576 710 1602; x_wconf 86' lang='lat' dir='ltr'><strong>vero</strong></span> <span class='ocrx_word' id='word_1_362' title='bbox 724 1563 800 1602; x_wconf 85' lang='lat' dir='ltr'><strong>hae</strong></span> <span class='ocrx_word' id='word_1_363' title='bbox 818 1575 937 1601; x_wconf 86' lang='lat' dir='ltr'><strong>voces</strong></span> 
     </span>
     <span class='ocr_line' id='line_1_26' title="bbox 74 1618 938 1666; baseline -0.001 -9"><span class='ocrx_word' id='word_1_364' title='bbox 74 1619 355 1658; x_wconf 85' lang='lat' dir='ltr'><strong>confunduntur</strong></span> <span class='ocrx_word' id='word_1_365' title='bbox 368 1620 416 1658; x_wconf 89' lang='lat' dir='ltr'><strong>cf.</strong></span> <span class='ocrx_word' id='word_1_366' title='bbox 424 1619 554 1659; x_wconf 78' lang='lat' dir='ltr'><strong>Burni.</strong></span> <span class='ocrx_word' id='word_1_367' title='bbox 564 1620 615 1658; x_wconf 83' lang='lat' dir='ltr'><strong>ad</strong></span> <span class='ocrx_word' id='word_1_368' title='bbox 623 1619 750 1666; x_wconf 83' lang='lat' dir='ltr'><strong>Quint.</strong></span> <span class='ocrx_word' id='word_1_369' title='bbox 759 1618 938 1658; x_wconf 83' lang='lat' dir='ltr'><strong>Declam.</strong></span> 
     </span>
     <span class='ocr_line' id='line_1_27' title="bbox 79 1674 939 1718; baseline -0.003 -2"><span class='ocrx_word' id='word_1_370' title='bbox 79 1679 168 1716; x_wconf 84' lang='lat'><strong>169.</strong></span> <span class='ocrx_word' id='word_1_371' title='bbox 194 1675 296 1715; x_wconf 89' lang='lat' dir='ltr'><strong>Oud.</strong></span> <span class='ocrx_word' id='word_1_372' title='bbox 321 1676 371 1715; x_wconf 89' lang='lat' dir='ltr'><strong>ad</strong></span> <span class='ocrx_word' id='word_1_373' title='bbox 395 1675 541 1715; x_wconf 78' lang='lat' dir='ltr'><strong>Lucan.</strong></span> <span class='ocrx_word' id='word_1_374' title='bbox 561 1676 613 1717; x_wconf 90' lang='lat' dir='ltr'><strong>V.</strong></span> <span class='ocrx_word' id='word_1_375' title='bbox 637 1680 729 1718; x_wconf 87' lang='lat'><strong>434.</strong></span> <span class='ocrx_word' id='word_1_376' title='bbox 762 1675 863 1715; x_wconf 87' lang='lat' dir='ltr'><strong>Cort.</strong></span> <span class='ocrx_word' id='word_1_377' title='bbox 888 1674 939 1713; x_wconf 86' lang='lat' dir='ltr'><strong>ad</strong></span> 
     </span>
     <span class='ocr_line' id='line_1_28' title="bbox 73 1731 392 1786; baseline 0.003 -16"><span class='ocrx_word' id='word_1_378' title='bbox 73 1732 197 1771; x_wconf 82' lang='lat' dir='ltr'><strong>eiusd.</strong></span> <span class='ocrx_word' id='word_1_379' title='bbox 222 1731 250 1770; x_wconf 88' lang='grc' dir='ltr'><strong>Ι.</strong></span> <span class='ocrx_word' id='word_1_380' title='bbox 276 1732 392 1786; x_wconf 66' lang='grc'><strong>260]</strong></span> 
     </span>
    </p>
   </div>
   <div class='ocr_carea' id='block_1_6' title="bbox 67 1799 939 2303">
    <p class='ocr_par' dir='ltr' id='par_1_6' title="bbox 67 1799 939 2303">
     <span class='ocr_line' id='line_1_29' title="bbox 128 1799 938 1852; baseline 0.001 -14"><span class='ocrx_word' id='word_1_381' title='bbox 128 1800 360 1850; x_wconf 79' lang='lat' dir='ltr'><strong>referetum.</strong></span> <span class='ocrx_word' id='word_1_382' title='bbox 386 1799 606 1852; x_wconf 82' lang='lat' dir='ltr'><strong>[Facillima</strong></span> <span class='ocrx_word' id='word_1_383' title='bbox 630 1804 692 1839; x_wconf 85' lang='lat' dir='ltr'><strong>est</strong></span> <span class='ocrx_word' id='word_1_384' title='bbox 721 1800 938 1839; x_wconf 81' lang='lat' dir='ltr'><strong>emendatio</strong></span> 
     </span>
     <span class='ocr_line' id='line_1_30' title="bbox 71 1857 937 1908; baseline 0.001 -14"><span class='ocrx_word' id='word_1_385' title='bbox 71 1859 286 1908; x_wconf 80' lang='lat' dir='ltr'><strong>refertum,</strong></span> <span class='ocrx_word' id='word_1_386' title='bbox 318 1869 418 1907; x_wconf 85' lang='lat' dir='ltr'><strong>quae</strong></span> <span class='ocrx_word' id='word_1_387' title='bbox 449 1870 585 1895; x_wconf 84' lang='lat' dir='ltr'><strong>omnes</strong></span> <span class='ocrx_word' id='word_1_388' title='bbox 621 1857 704 1895; x_wconf 85' lang='lat' dir='ltr'><strong>sere</strong></span> <span class='ocrx_word' id='word_1_389' title='bbox 736 1857 849 1896; x_wconf 89' lang='lat' dir='ltr'><strong>codd.</strong></span> <span class='ocrx_word' id='word_1_390' title='bbox 875 1871 937 1895; x_wconf 90' lang='lat' dir='ltr'><strong>oc-</strong></span> 
     </span>
     <span class='ocr_line' id='line_1_31' title="bbox 71 1912 937 1963; baseline 0 -12"><span class='ocrx_word' id='word_1_391' title='bbox 71 1913 227 1963; x_wconf 83' lang='lat' dir='ltr'><strong>cupavit</strong></span> <span class='ocrx_word' id='word_1_392' title='bbox 251 1918 289 1951; x_wconf 88' lang='lat' dir='ltr'><strong>et</strong></span> <span class='ocrx_word' id='word_1_393' title='bbox 312 1913 361 1952; x_wconf 90' lang='lat' dir='ltr'><strong>ab</strong></span> <span class='ocrx_word' id='word_1_394' title='bbox 380 1912 482 1952; x_wconf 87' lang='lat' dir='ltr'><strong>Oud.</strong></span> <span class='ocrx_word' id='word_1_395' title='bbox 508 1914 631 1952; x_wconf 83' lang='lat' dir='ltr'><strong>obiter</strong></span> <span class='ocrx_word' id='word_1_396' title='bbox 656 1913 841 1952; x_wconf 86' lang='lat' dir='ltr'><strong>adnotata</strong></span> <span class='ocrx_word' id='word_1_397' title='bbox 864 1916 937 1952; x_wconf 84' lang='lat' dir='ltr'><strong>est.</strong></span> 
     </span>
     <span class='ocr_line' id='line_1_32' title="bbox 74 1967 939 2019; baseline 0.002 -13"><span class='ocrx_word' id='word_1_398' title='bbox 74 1967 264 2018; x_wconf 88' lang='lat' dir='ltr'><strong>Equidem</strong></span> <span class='ocrx_word' id='word_1_399' title='bbox 293 1982 363 2019; x_wconf 89' lang='lat' dir='ltr'><strong>pro</strong></span> <span class='ocrx_word' id='word_1_400' title='bbox 395 1982 487 2008; x_wconf 83' lang='lat' dir='ltr'><strong>vera</strong></span> <span class='ocrx_word' id='word_1_401' title='bbox 516 1968 680 2008; x_wconf 83' lang='lat' dir='ltr'><strong>lectione</strong></span> <span class='ocrx_word' id='word_1_402' title='bbox 718 1970 939 2018; x_wconf 70' lang='lat' dir='ltr'><strong>referciunt</strong></span> 
     </span>
     <span class='ocr_line' id='line_1_33' title="bbox 72 2024 937 2076; baseline 0.006 -15"><span class='ocrx_word' id='word_1_403' title='bbox 72 2024 218 2071; x_wconf 88' lang='lat' dir='ltr'><strong>habeo,</strong></span> <span class='ocrx_word' id='word_1_404' title='bbox 265 2026 492 2075; x_wconf 81' lang='lat' dir='ltr'><strong>praesertim</strong></span> <span class='ocrx_word' id='word_1_405' title='bbox 534 2039 650 2076; x_wconf 86' lang='lat' dir='ltr'><strong>quum</strong></span> <span class='ocrx_word' id='word_1_406' title='bbox 689 2025 722 2064; x_wconf 89' lang='lat' dir='ltr'><strong>F</strong></span> <span class='ocrx_word' id='word_1_407' title='bbox 727 2026 862 2066; x_wconf 85' lang='lat' dir='ltr'><strong>lorent.</strong></span> <span class='ocrx_word' id='word_1_408' title='bbox 901 2030 937 2067; x_wconf 88' lang='lat'><strong>3.</strong></span> 
     </span>
     <span class='ocr_line' id='line_1_34' title="bbox 71 2081 938 2122; baseline 0.004 -4"><span class='ocrx_word' id='word_1_409' title='bbox 71 2082 281 2119; x_wconf 74' lang='lat' dir='ltr'><strong>auctorItas</strong></span> <span class='ocrx_word' id='word_1_410' title='bbox 305 2081 473 2120; x_wconf 78' lang='lat' dir='ltr'><strong>adiuvet.</strong></span> <span class='ocrx_word' id='word_1_411' title='bbox 521 2081 585 2120; x_wconf 92' lang='lat' dir='ltr'><strong>De</strong></span> <span class='ocrx_word' id='word_1_412' title='bbox 612 2083 807 2121; x_wconf 83' lang='lat' dir='ltr'><strong>sententia</strong></span> <span class='ocrx_word' id='word_1_413' title='bbox 831 2083 938 2122; x_wconf 87' lang='lat' dir='ltr'><strong>dubi</strong></span> 
     </span>
     <span class='ocr_line' id='line_1_35' title="bbox 72 2137 938 2188; baseline 0.002 -13"><span class='ocrx_word' id='word_1_414' title='bbox 72 2137 142 2175; x_wconf 86' lang='lat' dir='ltr'><strong>tari</strong></span> <span class='ocrx_word' id='word_1_415' title='bbox 154 2137 303 2188; x_wconf 83' lang='lat' dir='ltr'><strong>nequit3</strong></span> <span class='ocrx_word' id='word_1_416' title='bbox 316 2137 439 2176; x_wconf 84' lang='lat' dir='ltr'><strong>forma</strong></span> <span class='ocrx_word' id='word_1_417' title='bbox 453 2141 516 2175; x_wconf 83' lang='lat' dir='ltr'><strong>est</strong></span> <span class='ocrx_word' id='word_1_418' title='bbox 528 2138 719 2184; x_wconf 74' lang='lat' dir='ltr'><strong>inusitata,</strong></span> <span class='ocrx_word' id='word_1_419' title='bbox 733 2152 806 2176; x_wconf 88' lang='lat' dir='ltr'><strong>nec</strong></span> <span class='ocrx_word' id='word_1_420' title='bbox 818 2138 938 2178; x_wconf 89' lang='lat' dir='ltr'><strong>ullum</strong></span> 
     </span>
     <span class='ocr_line' id='line_1_36' title="bbox 71 2193 938 2247; baseline 0.006 -16"><span class='ocrx_word' id='word_1_421' title='bbox 71 2197 255 2244; x_wconf 88' lang='lat' dir='ltr'><strong>quantum</strong></span> <span class='ocrx_word' id='word_1_422' title='bbox 279 2193 394 2232; x_wconf 85' lang='lat' dir='ltr'><strong>video</strong></span> <span class='ocrx_word' id='word_1_423' title='bbox 423 2194 646 2245; x_wconf 85' lang='lat' dir='ltr'><strong>exemplum</strong></span> <span class='ocrx_word' id='word_1_424' title='bbox 669 2195 856 2247; x_wconf 84' lang='lat' dir='ltr'><strong>participii</strong></span> <span class='ocrx_word' id='word_1_425' title='bbox 880 2210 938 2236; x_wconf 84' lang='lat' dir='ltr'><strong>re·</strong></span> 
     </span>
     <span class='ocr_line' id='line_1_37' title="bbox 67 2249 629 2303; baseline -0.002 -14"><span class='ocrx_word' id='word_1_426' title='bbox 67 2250 225 2300; x_wconf 72' lang='lat' dir='ltr'><strong>ferctm</strong></span> <span class='ocrx_word' id='word_1_427' title='bbox 250 2249 374 2289; x_wconf 85' lang='lat' dir='ltr'><strong>lexica</strong></span> <span class='ocrx_word' id='word_1_428' title='bbox 406 2250 629 2303; x_wconf 70' lang='lat' dir='ltr'><strong>praebent]</strong></span> 
     </span>
    </p>
   </div>
   <div class='ocr_carea' id='block_1_7' title="bbox 68 2328 938 2930">
    <p class='ocr_par' dir='ltr' id='par_1_7' title="bbox 68 2328 938 2930">
     <span class='ocr_line' id='line_1_38' title="bbox 123 2328 938 2383; baseline 0.006 -16"><span class='ocrx_word' id='word_1_429' title='bbox 123 2328 265 2380; x_wconf 78' lang='lat' dir='ltr'><strong>planis</strong></span> <span class='ocrx_word' id='word_1_430' title='bbox 292 2328 461 2381; x_wconf 70' lang='lat' dir='ltr'><strong>ylaclz&#39;is.</strong></span> <span class='ocrx_word' id='word_1_431' title='bbox 521 2328 674 2368; x_wconf 87' lang='lat' dir='ltr'><strong>Malunt</strong></span> <span class='ocrx_word' id='word_1_432' title='bbox 708 2329 772 2369; x_wconf 88' lang='lat' dir='ltr'><strong>alii</strong></span> <span class='ocrx_word' id='word_1_433' title='bbox 800 2331 938 2383; x_wconf 75' lang='lat' dir='ltr'><strong>plenis</strong></span> 
     </span>
     <span class='ocr_line' id='line_1_39' title="bbox 69 2383 937 2439; baseline 0.007 -17"><span class='ocrx_word' id='word_1_434' title='bbox 69 2383 245 2436; x_wconf 67' lang='lat' dir='ltr'><strong>yladz&#39;z‘s,</strong></span> <span class='ocrx_word' id='word_1_435' title='bbox 280 2388 322 2423; x_wconf 88' lang='lat' dir='ltr'><strong>ut</strong></span> <span class='ocrx_word' id='word_1_436' title='bbox 350 2385 499 2436; x_wconf 73' lang='lat' dir='ltr'><strong>plenus</strong></span> <span class='ocrx_word' id='word_1_437' title='bbox 533 2390 707 2424; x_wconf 80' lang='lat' dir='ltr'><strong>sumatur</strong></span> <span class='ocrx_word' id='word_1_438' title='bbox 729 2400 799 2439; x_wconf 86' lang='lat' dir='ltr'><strong>pro</strong></span> <span class='ocrx_word' id='word_1_439' title='bbox 831 2389 937 2428; x_wconf 79' lang='lat' dir='ltr'><strong>totis.</strong></span> 
     </span>
     <span class='ocr_line' id='line_1_40' title="bbox 70 2439 935 2495; baseline 0.006 -17"><span class='ocrx_word' id='word_1_440' title='bbox 70 2439 173 2479; x_wconf 87' lang='lat' dir='ltr'><strong>Oud.</strong></span> <span class='ocrx_word' id='word_1_441' title='bbox 203 2444 401 2491; x_wconf 85' lang='lat' dir='ltr'><strong>comparat</strong></span> <span class='ocrx_word' id='word_1_442' title='bbox 427 2439 560 2480; x_wconf 80' lang='lat' dir='ltr'><strong>Heius.</strong></span> <span class='ocrx_word' id='word_1_443' title='bbox 594 2441 644 2480; x_wconf 85' lang='lat' dir='ltr'><strong>ad</strong></span> <span class='ocrx_word' id='word_1_444' title='bbox 669 2441 783 2482; x_wconf 87' lang='lat' dir='ltr'><strong>Ovid.</strong></span> <span class='ocrx_word' id='word_1_445' title='bbox 809 2443 935 2495; x_wconf 83' lang='lat' dir='ltr'><strong>Epist.</strong></span> 
     </span>
     <span class='ocr_line' id='line_1_41' title="bbox 69 2495 935 2552; baseline 0.005 -18"><span class='ocrx_word' id='word_1_446' title='bbox 69 2509 120 2534; x_wconf 80' lang='lat' dir='ltr'><strong>ex</strong></span> <span class='ocrx_word' id='word_1_447' title='bbox 134 2495 246 2535; x_wconf 87' lang='lat' dir='ltr'><strong>Pont.</strong></span> <span class='ocrx_word' id='word_1_448' title='bbox 259 2495 304 2535; x_wconf 86' lang='grc' dir='ltr'><strong>ΙΙ.</strong></span> <span class='ocrx_word' id='word_1_449' title='bbox 320 2501 358 2537; x_wconf 90' lang='lat'><strong>7.</strong></span> <span class='ocrx_word' id='word_1_450' title='bbox 373 2501 437 2537; x_wconf 88' lang='lat'><strong>77.</strong></span> <span class='ocrx_word' id='word_1_451' title='bbox 464 2496 635 2536; x_wconf 79' lang='lat' dir='ltr'><strong>Broukh.</strong></span> <span class='ocrx_word' id='word_1_452' title='bbox 662 2498 712 2538; x_wconf 86' lang='lat' dir='ltr'><strong>ad</strong></span> <span class='ocrx_word' id='word_1_453' title='bbox 735 2498 852 2552; x_wconf 90' lang='lat' dir='ltr'><strong>Prop.</strong></span> <span class='ocrx_word' id='word_1_454' title='bbox 868 2499 935 2540; x_wconf 91' lang='lat' dir='ltr'><strong>IV.</strong></span> 
     </span>
     <span class='ocr_line' id='line_1_42' title="bbox 73 2552 934 2606; baseline 0.004 -13"><span class='ocrx_word' id='word_1_455' title='bbox 73 2557 137 2593; x_wconf 89' lang='grc'><strong>10.</strong></span> <span class='ocrx_word' id='word_1_456' title='bbox 152 2556 216 2594; x_wconf 88' lang='grc'><strong>36.</strong></span> <span class='ocrx_word' id='word_1_457' title='bbox 242 2552 335 2605; x_wconf 83' lang='lat' dir='ltr'><strong>Ipse</strong></span> <span class='ocrx_word' id='word_1_458' title='bbox 358 2566 449 2591; x_wconf 85' lang='lat' dir='ltr'><strong>vero</strong></span> <span class='ocrx_word' id='word_1_459' title='bbox 469 2554 611 2606; x_wconf 76' lang='lat' dir='ltr'><strong>planis</strong></span> <span class='ocrx_word' id='word_1_460' title='bbox 635 2555 815 2606; x_wconf 82' lang='lat' dir='ltr'><strong>praefert,</strong></span> <span class='ocrx_word' id='word_1_461' title='bbox 840 2559 934 2596; x_wconf 89' lang='grc' dir='ltr'><em>πλα-</em></span> 
     </span>
     <span class='ocr_line' id='line_1_43' title="bbox 68 2608 933 2664; baseline 0.003 -16"><span class='ocrx_word' id='word_1_462' title='bbox 68 2611 147 2648; x_wconf 82' lang='grc' dir='ltr'><em>τέσι</em></span> <span class='ocrx_word' id='word_1_463' title='bbox 171 2608 292 2660; x_wconf 76' lang='grc' dir='ltr'><em>ξίφεσι</em></span> <span class='ocrx_word' id='word_1_464' title='bbox 315 2609 516 2661; x_wconf 81' lang='lat' dir='ltr'><strong>explicans</strong></span> <span class='ocrx_word' id='word_1_465' title='bbox 549 2624 633 2649; x_wconf 86' lang='lat' dir='ltr'><strong>cum</strong></span> <span class='ocrx_word' id='word_1_466' title='bbox 657 2609 836 2659; x_wconf 85' lang='lat' dir='ltr'><strong>Pricaeo,</strong></span> <span class='ocrx_word' id='word_1_467' title='bbox 869 2614 933 2664; x_wconf 87' lang='lat' dir='ltr'><strong>qui</strong></span> 
     </span>
     <span class='ocr_line' id='line_1_44' title="bbox 71 2664 934 2718; baseline 0.005 -15"><span class='ocrx_word' id='word_1_468' title='bbox 71 2664 174 2704; x_wconf 89' lang='lat' dir='ltr'><strong>Gell.</strong></span> <span class='ocrx_word' id='word_1_469' title='bbox 199 2664 227 2704; x_wconf 92' lang='lat' dir='ltr'><strong>I.</strong></span> <span class='ocrx_word' id='word_1_470' title='bbox 256 2670 321 2706; x_wconf 88' lang='lat'><strong>14.</strong></span> <span class='ocrx_word' id='word_1_471' title='bbox 345 2665 378 2715; x_wconf 64' lang='grc' dir='ltr'><strong>ξ.</strong></span> <span class='ocrx_word' id='word_1_472' title='bbox 404 2669 440 2706; x_wconf 90' lang='lat'><strong>3.</strong></span> <span class='ocrx_word' id='word_1_473' title='bbox 462 2667 615 2718; x_wconf 77' lang='lat' dir='ltr'><strong>planas</strong></span> <span class='ocrx_word' id='word_1_474' title='bbox 639 2681 778 2708; x_wconf 81' lang='lat' dir='ltr'><strong>manus</strong></span> <span class='ocrx_word' id='word_1_475' title='bbox 801 2667 934 2709; x_wconf 85' lang='lat' dir='ltr'><strong>Iuven.</strong></span> 
     </span>
     <span class='ocr_line' id='line_1_45' title="bbox 71 2720 933 2775; baseline 0.007 -16"><span class='ocrx_word' id='word_1_476' title='bbox 71 2721 153 2760; x_wconf 87' lang='lat' dir='ltr'><strong>Sat.</strong></span> <span class='ocrx_word' id='word_1_477' title='bbox 177 2720 281 2761; x_wconf 87' lang='lat' dir='ltr'><strong>XIII.</strong></span> <span class='ocrx_word' id='word_1_478' title='bbox 311 2726 400 2763; x_wconf 84' lang='lat'><strong>128.</strong></span> <span class='ocrx_word' id='word_1_479' title='bbox 426 2723 580 2762; x_wconf 85' lang='lat' dir='ltr'><strong>excitat.</strong></span> <span class='ocrx_word' id='word_1_480' title='bbox 616 2721 827 2775; x_wconf 85' lang='lat' dir='ltr'><strong>Perperam</strong></span> <span class='ocrx_word' id='word_1_481' title='bbox 851 2740 933 2765; x_wconf 85' lang='lat' dir='ltr'><strong>sar-</strong></span> 
     </span>
     <span class='ocr_line' id='line_1_46' title="bbox 70 2777 934 2830; baseline 0.007 -15"><span class='ocrx_word' id='word_1_482' title='bbox 70 2778 172 2817; x_wconf 78' lang='lat' dir='ltr'><strong>cim&#39;s</strong></span> <span class='ocrx_word' id='word_1_483' title='bbox 179 2777 318 2830; x_wconf 77' lang='lat' dir='ltr'><strong>plenis</strong></span> <span class='ocrx_word' id='word_1_484' title='bbox 329 2780 530 2818; x_wconf 87' lang='lat' dir='ltr'><strong>iunxerunt</strong></span> <span class='ocrx_word' id='word_1_485' title='bbox 544 2778 654 2818; x_wconf 90' lang='lat' dir='ltr'><strong>Vulc.</strong></span> <span class='ocrx_word' id='word_1_486' title='bbox 668 2780 796 2819; x_wconf 56' lang='lat' dir='ltr'><strong>WVow.</strong></span> <span class='ocrx_word' id='word_1_487' title='bbox 809 2780 910 2821; x_wconf 76' lang='lat' dir='ltr'><strong>Pr1c.</strong></span> <span class='ocrx_word' id='word_1_488' title='bbox 923 2812 934 2828; x_wconf 90' lang='lat'><strong>,</strong></span> 
     </span>
     <span class='ocr_line' id='line_1_47' title="bbox 69 2833 934 2883; baseline 0.008 -13"><span class='ocrx_word' id='word_1_489' title='bbox 69 2845 229 2883; x_wconf 85' lang='lat' dir='ltr'><strong>quorum</strong></span> <span class='ocrx_word' id='word_1_490' title='bbox 240 2833 398 2875; x_wconf 84' lang='lat' dir='ltr'><strong>ultimus</strong></span> <span class='ocrx_word' id='word_1_491' title='bbox 410 2839 537 2874; x_wconf 85' lang='lat' dir='ltr'><strong>tamen</strong></span> <span class='ocrx_word' id='word_1_492' title='bbox 552 2849 637 2875; x_wconf 87' lang='lat' dir='ltr'><strong>eam</strong></span> <span class='ocrx_word' id='word_1_493' title='bbox 653 2836 934 2878; x_wconf 83' lang='lat' dir='ltr'><strong>distinctionem</strong></span> 
     </span>
     <span class='ocr_line' id='line_1_48' title="bbox 70 2888 277 2930; baseline 0.019 -4"><span class='ocrx_word' id='word_1_494' title='bbox 70 2888 277 2930; x_wconf 85' lang='lat' dir='ltr'><strong>damnavit.</strong></span> 
     </span>
    </p>
   </div>
   <div class='ocr_carea' id='block_1_8' title="bbox 70 2958 934 3070">
    <p class='ocr_par' dir='ltr' id='par_1_8' title="bbox 70 2958 934 3070">
     <span class='ocr_line' id='line_1_49' title="bbox 70 2958 934 3070; baseline 0.01 -76"><span class='ocrx_word' id='word_1_495' title='bbox 70 2958 508 3070; x_wconf 40' lang='grc' dir='ltr'><strong>Βῃινίνᾶοἱῑῖαἰίεὶῦἷῖ.</strong></span> <span class='ocrx_word' id='word_1_496' title='bbox 538 2959 852 3002; x_wconf 84' lang='lat' dir='ltr'><strong>Deder.1ntro‹l.</strong></span> <span class='ocrx_word' id='word_1_497' title='bbox 883 2962 934 3003; x_wconf 88' lang='lat' dir='ltr'><strong>ad</strong></span> 
     </span>
     <span class='ocr_line' id='line_1_50' title="bbox 110 3026 346 3068; baseline 0.013 -16"><span class='ocrx_word' id='word_1_498' title='bbox 110 3026 144 3052; x_wconf 73' lang='lat' dir='ltr'><strong>ic</strong></span> <span class='ocrx_word' id='word_1_499' title='bbox 228 3027 270 3054; x_wconf 88' lang='lat' dir='ltr'><strong>re</strong></span> <span class='ocrx_word' id='word_1_500' title='bbox 320 3029 346 3068; x_wconf 89' lang='lat' dir='ltr'><strong>p</strong></span> 
     </span>
    </p>
   </div>
   <div class='ocr_carea' id='block_1_9' title="bbox 985 1562 1870 3080">
    <p class='ocr_par' dir='ltr' id='par_1_9' title="bbox 990 1562 1868 3080">
     <span class='ocr_line' id='line_1_51' title="bbox 1054 1562 1863 1617; baseline 0.004 -14"><span class='ocrx_word' id='word_1_501' title='bbox 1054 1563 1274 1603; x_wconf 76' lang='lat' dir='ltr'><strong>contendit.</strong></span> <span class='ocrx_word' id='word_1_502' title='bbox 1324 1562 1503 1615; x_wconf 88' lang='lat' dir='ltr'><strong>[Lucian.</strong></span> <span class='ocrx_word' id='word_1_503' title='bbox 1538 1578 1576 1617; x_wconf 92' lang='lat' dir='ltr'><strong>p.</strong></span> <span class='ocrx_word' id='word_1_504' title='bbox 1603 1568 1704 1606; x_wconf 74' lang='lat'><strong>606.</strong></span> <span class='ocrx_word' id='word_1_505' title='bbox 1733 1579 1764 1604; x_wconf 90' lang='lat' dir='ltr'><strong>c.</strong></span> <span class='ocrx_word' id='word_1_506' title='bbox 1797 1569 1863 1606; x_wconf 91' lang='lat'><strong>38.</strong></span> 
     </span>
     <span class='ocr_line' id='line_1_52' title="bbox 995 1617 1865 1673; baseline 0.005 -16"><span class='ocrx_word' id='word_1_507' title='bbox 995 1620 1033 1657; x_wconf 79' lang='grc' dir='ltr'><strong>οἱ</strong></span> <span class='ocrx_word' id='word_1_508' title='bbox 1054 1619 1096 1657; x_wconf 82' lang='grc' dir='ltr'><strong>δὲ</strong></span> <span class='ocrx_word' id='word_1_509' title='bbox 1120 1617 1336 1671; x_wconf 76' lang='grc' dir='ltr'><strong>αἰδούμενοι</strong></span> <span class='ocrx_word' id='word_1_510' title='bbox 1360 1621 1487 1666; x_wconf 73' lang='grc' dir='ltr'><em>δεινῶς</em></span> <span class='ocrx_word' id='word_1_511' title='bbox 1503 1622 1624 1660; x_wconf 82' lang='grc' dir='ltr'><em>ταῦτα</em></span> <span class='ocrx_word' id='word_1_512' title='bbox 1643 1620 1865 1673; x_wconf 73' lang='grc' dir='ltr'><em>ἐληλεγμι-’να</em></span> 
     </span>
     <span class='ocr_line' id='line_1_53' title="bbox 994 1673 1863 1729; baseline 0.005 -16"><span class='ocrx_word' id='word_1_513' title='bbox 994 1675 1060 1727; x_wconf 77' lang='grc' dir='ltr'><em>τῆς</em></span> <span class='ocrx_word' id='word_1_514' title='bbox 1079 1673 1254 1727; x_wconf 81' lang='grc' dir='ltr'><strong>ἐπιούσης</strong></span> <span class='ocrx_word' id='word_1_515' title='bbox 1266 1673 1397 1722; x_wconf 67' lang='grc' dir='ltr'><em>νυκτὸς</em></span> <span class='ocrx_word' id='word_1_516' title='bbox 1409 1675 1526 1722; x_wconf 74' lang='grc' dir='ltr'><em>εὐθὺς</em></span> <span class='ocrx_word' id='word_1_517' title='bbox 1544 1675 1652 1717; x_wconf 67' lang='grc' dir='ltr'><em>ἐνθεν</em></span> <span class='ocrx_word' id='word_1_518' title='bbox 1665 1674 1863 1729; x_wconf 66' lang='grc' dir='ltr'><em>ἐξήλασαι.</em></span> 
     </span>
     <span class='ocr_line' id='line_1_54' title="bbox 995 1729 1864 1805; baseline 0.005 -35"><span class='ocrx_word' id='word_1_519' title='bbox 995 1732 1058 1771; x_wconf 83' lang='grc' dir='ltr'><strong>καὶ</strong></span> <span class='ocrx_word' id='word_1_520' title='bbox 1077 1729 1199 1783; x_wconf 79' lang='grc' dir='ltr'><em>ἐπειδη</em></span> <span class='ocrx_word' id='word_1_521' title='bbox 1221 1730 1384 1784; x_wconf 78' lang='grc' dir='ltr'><em>ἐγένοντο</em></span> <span class='ocrx_word' id='word_1_522' title='bbox 1411 1736 1448 1772; x_wconf 83' lang='grc' dir='ltr'><strong>ἐν</strong></span> <span class='ocrx_word' id='word_1_523' title='bbox 1472 1737 1517 1785; x_wconf 81' lang='grc' dir='ltr'><em>τῇ</em></span> <span class='ocrx_word' id='word_1_524' title='bbox 1535 1732 1659 1805; x_wconf 80' lang='grc' dir='ltr'><strong><em>ἐρήμῳ</em></strong></span> <span class='ocrx_word' id='word_1_525' title='bbox 1677 1735 1742 1786; x_wconf 84' lang='grc' dir='ltr'><em>τῆς</em></span> <span class='ocrx_word' id='word_1_526' title='bbox 1760 1732 1864 1782; x_wconf 73' lang='grc' dir='ltr'><em>ὁδοῦ,</em></span> 
     </span>
     <span class='ocr_line' id='line_1_55' title="bbox 995 1788 1864 1843; baseline 0.005 -17"><span class='ocrx_word' id='word_1_527' title='bbox 995 1790 1236 1839; x_wconf 77' lang='grc' dir='ltr'><em>ἐχαλέπαινον</em></span> <span class='ocrx_word' id='word_1_528' title='bbox 1259 1790 1323 1828; x_wconf 87' lang='grc' dir='ltr'><strong>καὶ</strong></span> <span class='ocrx_word' id='word_1_529' title='bbox 1347 1788 1587 1841; x_wconf 81' lang='grc' dir='ltr'><em>ώργι’ζοντο’</em></span> <span class='ocrx_word' id='word_1_530' title='bbox 1569 1793 1650 1842; x_wconf 82' lang='grc' dir='ltr'><em>εμοὶ</em></span> <span class='ocrx_word' id='word_1_531' title='bbox 1672 1794 1724 1840; x_wconf 82' lang='grc' dir='ltr'><em>τῷ</em></span> <span class='ocrx_word' id='word_1_532' title='bbox 1749 1789 1864 1843; x_wconf 80' lang='grc' dir='ltr'><em>μηνύ-</em></span> 
     </span>
     <span class='ocr_line' id='line_1_56' title="bbox 995 1841 1864 1914; baseline 0.005 -32"><span class='ocrx_word' id='word_1_533' title='bbox 995 1858 1103 1883; x_wconf 88' lang='grc' dir='ltr'><em>σαντι</em></span> <span class='ocrx_word' id='word_1_534' title='bbox 1124 1841 1174 1883; x_wconf 84' lang='grc' dir='ltr'><em>τὰ</em></span> <span class='ocrx_word' id='word_1_535' title='bbox 1193 1843 1336 1884; x_wconf 83' lang='grc' dir='ltr'><em>ἐκείνων</em></span> <span class='ocrx_word' id='word_1_536' title='bbox 1354 1844 1560 1914; x_wconf 75' lang='grc' dir='ltr'><em>μυστήρια·</em></span> <span class='ocrx_word' id='word_1_537' title='bbox 1585 1862 1648 1885; x_wconf 82' lang='grc' dir='ltr'><strong>και</strong></span> <span class='ocrx_word' id='word_1_538' title='bbox 1665 1851 1778 1886; x_wconf 85' lang='grc' dir='ltr'><em>τοῦτο</em></span> <span class='ocrx_word' id='word_1_539' title='bbox 1796 1863 1864 1899; x_wconf 81' lang='grc' dir='ltr'><strong>μεν</strong></span> 
     </span>
     <span class='ocr_line' id='line_1_57' title="bbox 995 1894 1864 1955; baseline 0.003 -16"><span class='ocrx_word' id='word_1_540' title='bbox 995 1894 1150 1939; x_wconf 82' lang='grc' dir='ltr'><em>ἀνεκτὸν</em></span> <span class='ocrx_word' id='word_1_541' title='bbox 1189 1898 1233 1939; x_wconf 86' lang='grc' dir='ltr'><em>τὸ</em></span> <span class='ocrx_word' id='word_1_542' title='bbox 1277 1898 1394 1941; x_wconf 81' lang='grc' dir='ltr'><em>δεινὸν</em></span> <span class='ocrx_word' id='word_1_543' title='bbox 1437 1898 1481 1953; x_wconf 73' lang='grc' dir='ltr'><strong>ἦν</strong></span> <span class='ocrx_word' id='word_1_544' title='bbox 1517 1903 1644 1948; x_wconf 69' lang='grc' dir='ltr'><em>κακῶς</em></span> <span class='ocrx_word' id='word_1_545' title='bbox 1676 1903 1729 1953; x_wconf 80' lang='grc' dir='ltr'><em>τῷ</em></span> <span class='ocrx_word' id='word_1_546' title='bbox 1763 1902 1864 1955; x_wconf 80' lang='grc' dir='ltr'><em>λόγῳ</em></span> 
     </span>
     <span class='ocr_line' id='line_1_58' title="bbox 996 1953 1864 2008; baseline 0.005 -13"><span class='ocrx_word' id='word_1_547' title='bbox 996 1953 1162 1996; x_wconf 83' lang='grc' dir='ltr'><em>ἀκούειν·</em></span> <span class='ocrx_word' id='word_1_548' title='bbox 1194 1953 1296 1996; x_wconf 79' lang='grc' dir='ltr'><em>ἀλλὰ</em></span> <span class='ocrx_word' id='word_1_549' title='bbox 1323 1954 1372 1997; x_wconf 76' lang='grc' dir='ltr'><em>τὰ</em></span> <span class='ocrx_word' id='word_1_550' title='bbox 1395 1955 1492 2008; x_wconf 75' lang='grc' dir='ltr'><em>μετὰ</em></span> <span class='ocrx_word' id='word_1_551' title='bbox 1514 1959 1628 1999; x_wconf 82' lang='grc' dir='ltr'><em>τοῦτο</em></span> <span class='ocrx_word' id='word_1_552' title='bbox 1654 1958 1780 1999; x_wconf 46' lang='grc' dir='ltr'><em>οὐκεῌτ</em></span> <span class='ocrx_word' id='word_1_553' title='bbox 1798 1958 1864 1999; x_wconf 82' lang='grc' dir='ltr'><strong>ἀν-</strong></span> 
     </span>
     <span class='ocr_line' id='line_1_59' title="bbox 994 2009 1864 2067; baseline 0.005 -17"><span class='ocrx_word' id='word_1_554' title='bbox 994 2009 1100 2051; x_wconf 79' lang='grc' dir='ltr'><em>εκτά.</em></span> <span class='ocrx_word' id='word_1_555' title='bbox 1134 2009 1200 2063; x_wconf 63' lang='grc' dir='ltr'><strong>τὴν</strong></span> <span class='ocrx_word' id='word_1_556' title='bbox 1233 2010 1304 2066; x_wconf 84' lang='grc' dir='ltr'><em>γὰρ</em></span> <span class='ocrx_word' id='word_1_557' title='bbox 1337 2012 1432 2053; x_wconf 80' lang='grc' dir='ltr'><em>θεὸν</em></span> <span class='ocrx_word' id='word_1_558' title='bbox 1467 2012 1670 2065; x_wconf 82' lang='grc' dir='ltr'><em>ἀφελόντες</em></span> <span class='ocrx_word' id='word_1_559' title='bbox 1698 2032 1770 2067; x_wconf 89' lang='grc' dir='ltr'><em>μου</em></span> <span class='ocrx_word' id='word_1_560' title='bbox 1800 2017 1864 2055; x_wconf 82' lang='grc' dir='ltr'><strong>καὶ</strong></span> 
     </span>
     <span class='ocr_line' id='line_1_60' title="bbox 993 2069 1863 2138; baseline 0.006 -31"><span class='ocrx_word' id='word_1_561' title='bbox 993 2070 1110 2135; x_wconf 83' lang='grc' dir='ltr'><em>χαμαὶ</em></span> <span class='ocrx_word' id='word_1_562' title='bbox 1134 2069 1389 2121; x_wconf 76' lang='grc' dir='ltr'><strong>καταθέμενοι</strong></span> <span class='ocrx_word' id='word_1_563' title='bbox 1413 2087 1477 2110; x_wconf 83' lang='grc' dir='ltr'><strong>και</strong></span> <span class='ocrx_word' id='word_1_564' title='bbox 1499 2069 1547 2110; x_wconf 79' lang='grc' dir='ltr'><em>τὰ</em></span> <span class='ocrx_word' id='word_1_565' title='bbox 1569 2070 1773 2138; x_wconf 69' lang='grc' dir='ltr'><em>στρωματα</em></span> <span class='ocrx_word' id='word_1_566' title='bbox 1790 2088 1863 2124; x_wconf 85' lang='grc' dir='ltr'><em>μου</em></span> 
     </span>
     <span class='ocr_line' id='line_1_61' title="bbox 993 2122 1864 2181; baseline 0.006 -18"><span class='ocrx_word' id='word_1_567' title='bbox 993 2123 1120 2164; x_wconf 79' lang='grc' dir='ltr'><em>πάντα</em></span> <span class='ocrx_word' id='word_1_568' title='bbox 1147 2124 1444 2179; x_wconf 81' lang='grc' dir='ltr'><em>περισπάσαντες</em></span> <span class='ocrx_word' id='word_1_569' title='bbox 1478 2125 1615 2179; x_wconf 82' lang='grc' dir='ltr'><em>γυμνὸν</em></span> <span class='ocrx_word' id='word_1_570' title='bbox 1643 2145 1661 2179; x_wconf 81' lang='grc' dir='ltr'><em>η</em></span> <span class='ocrx_word' id='word_1_571' title='bbox 1655 2122 1715 2180; x_wconf 88' lang='grc' dir='ltr'><strong>δη</strong></span> <span class='ocrx_word' id='word_1_572' title='bbox 1749 2143 1864 2181; x_wconf 78' lang='grc' dir='ltr'><em>προς-</em></span> 
     </span>
     <span class='ocr_line' id='line_1_62' title="bbox 995 2179 1863 2237; baseline 0.005 -17"><span class='ocrx_word' id='word_1_573' title='bbox 995 2179 1125 2221; x_wconf 82' lang='grc' dir='ltr'><em>δεόυσί</em></span> <span class='ocrx_word' id='word_1_574' title='bbox 1141 2197 1188 2233; x_wconf 88' lang='grc' dir='ltr'><em>με</em></span> <span class='ocrx_word' id='word_1_575' title='bbox 1212 2181 1349 2235; x_wconf 72' lang='grc' dir='ltr'><em>δένδρῳ</em></span> <span class='ocrx_word' id='word_1_576' title='bbox 1372 2181 1542 2235; x_wconf 83' lang='grc' dir='ltr'><em>μεγαλῳ,</em></span> <span class='ocrx_word' id='word_1_577' title='bbox 1574 2183 1655 2224; x_wconf 83' lang='grc' dir='ltr'><em>εἶτα</em></span> <span class='ocrx_word' id='word_1_578' title='bbox 1677 2187 1793 2236; x_wconf 80' lang='grc' dir='ltr'><em>ἐκείνῃ</em></span> <span class='ocrx_word' id='word_1_579' title='bbox 1817 2187 1863 2237; x_wconf 84' lang='grc' dir='ltr'><em>τῇ</em></span> 
     </span>
     <span class='ocr_line' id='line_1_63' title="bbox 994 2236 1864 2306; baseline 0.006 -30"><span class='ocrx_word' id='word_1_580' title='bbox 994 2240 1035 2277; x_wconf 81' lang='grc' dir='ltr'><strong>ἐκ</strong></span> <span class='ocrx_word' id='word_1_581' title='bbox 1075 2241 1151 2278; x_wconf 84' lang='grc' dir='ltr'><strong>τῶν</strong></span> <span class='ocrx_word' id='word_1_582' title='bbox 1192 2236 1438 2306; x_wconf 81' lang='grc' dir='ltr'><em>ἀστραγάλων</em></span> <span class='ocrx_word' id='word_1_583' title='bbox 1478 2239 1632 2292; x_wconf 75' lang='grc' dir='ltr'><em>μα’στιμ</em></span> <span class='ocrx_word' id='word_1_584' title='bbox 1672 2239 1864 2287; x_wconf 79' lang='grc' dir='ltr'><em>παίοντες,</em></span> 
     </span>
     <span class='ocr_line' id='line_1_64' title="bbox 995 2291 1865 2361; baseline 0.002 -27"><span class='ocrx_word' id='word_1_585' title='bbox 995 2291 1076 2345; x_wconf 71' lang='grc' dir='ltr'><em>ὀλί)</em></span> <span class='ocrx_word' id='word_1_586' title='bbox 1079 2309 1121 2334; x_wconf 93' lang='grc' dir='ltr'><strong>ου</strong></span> <span class='ocrx_word' id='word_1_587' title='bbox 1148 2293 1302 2361; x_wconf 81' lang='grc' dir='ltr'><em>ἐδέησαν</em></span> <span class='ocrx_word' id='word_1_588' title='bbox 1324 2293 1558 2344; x_wconf 75' lang='grc' dir='ltr'><em>ἀποκτεῖναι,</em></span> <span class='ocrx_word' id='word_1_589' title='bbox 1585 2296 1796 2343; x_wconf 69' lang='grc' dir='ltr'><em>κελεύοντες</em></span> <span class='ocrx_word' id='word_1_590' title='bbox 1818 2313 1865 2349; x_wconf 83' lang='grc' dir='ltr'><em>με</em></span> 
     </span>
     <span class='ocr_line' id='line_1_65' title="bbox 993 2346 1862 2420; baseline 0.005 -30"><span class='ocrx_word' id='word_1_591' title='bbox 993 2354 1062 2390; x_wconf 86' lang='grc' dir='ltr'><em>τοῦ</em></span> <span class='ocrx_word' id='word_1_592' title='bbox 1104 2352 1240 2390; x_wconf 80' lang='grc' dir='ltr'><em>λοιποῦ</em></span> <span class='ocrx_word' id='word_1_593' title='bbox 1281 2346 1433 2403; x_wconf 76' lang='grc' dir='ltr'><em>ἄφωιον</em></span> <span class='ocrx_word' id='word_1_594' title='bbox 1473 2352 1565 2393; x_wconf 84' lang='grc' dir='ltr'><em>εἶναι</em></span> <span class='ocrx_word' id='word_1_595' title='bbox 1605 2355 1862 2420; x_wconf 70' lang='grc' dir='ltr'><em>θεοφόρητον·</em></span> 
     </span>
     <span class='ocr_line' id='line_1_66' title="bbox 994 2403 1865 2462; baseline 0.005 -17"><span class='ocrx_word' id='word_1_596' title='bbox 994 2403 1057 2446; x_wconf 81' lang='grc' dir='ltr'><strong>καὶ</strong></span> <span class='ocrx_word' id='word_1_597' title='bbox 1075 2404 1148 2458; x_wconf 72' lang='grc' dir='ltr'><strong>μὴν</strong></span> <span class='ocrx_word' id='word_1_598' title='bbox 1167 2409 1230 2446; x_wconf 83' lang='grc' dir='ltr'><strong>καὶ</strong></span> <span class='ocrx_word' id='word_1_599' title='bbox 1249 2405 1472 2460; x_wconf 65' lang='grc' dir='ltr'><em>ἀποσφάξαι</em></span> <span class='ocrx_word' id='word_1_600' title='bbox 1488 2425 1584 2460; x_wconf 86' lang='grc' dir='ltr'><em>μετα</em></span> <span class='ocrx_word' id='word_1_601' title='bbox 1600 2407 1666 2455; x_wconf 78' lang='grc' dir='ltr'><strong>τάς</strong></span> <span class='ocrx_word' id='word_1_602' title='bbox 1679 2426 1865 2462; x_wconf 75' lang='grc' dir='ltr'><em>μαστιγας</em></span> 
     </span>
     <span class='ocr_line' id='line_1_67' title="bbox 995 2461 1864 2519; baseline 0.006 -18"><span class='ocrx_word' id='word_1_603' title='bbox 995 2461 1102 2516; x_wconf 81' lang='grc' dir='ltr'><em>ε’βουλ</em></span> <span class='ocrx_word' id='word_1_604' title='bbox 1106 2478 1284 2512; x_wconf 81' lang='grc' dir='ltr'><em>ευσαντο,</em></span> <span class='ocrx_word' id='word_1_605' title='bbox 1312 2463 1363 2510; x_wconf 79' lang='grc' dir='ltr'><strong>ὠς</strong></span> <span class='ocrx_word' id='word_1_606' title='bbox 1377 2464 1412 2510; x_wconf 80' lang='grc' dir='ltr'><strong>ἐς</strong></span> <span class='ocrx_word' id='word_1_607' title='bbox 1425 2462 1528 2519; x_wconf 76' lang='grc' dir='ltr'><em>ὕβριν</em></span> <span class='ocrx_word' id='word_1_608' title='bbox 1541 2463 1684 2512; x_wconf 77' lang='grc' dir='ltr'><em>αὐτοὺς</em></span> <span class='ocrx_word' id='word_1_609' title='bbox 1695 2465 1792 2519; x_wconf 74' lang='grc' dir='ltr'><strong>βα).</strong></span> <span class='ocrx_word' id='word_1_610' title='bbox 1772 2482 1864 2506; x_wconf 89' lang='grc' dir='ltr'><em>οντα</em></span> 
     </span>
     <span class='ocr_line' id='line_1_68' title="bbox 993 2515 1864 2585; baseline 0.006 -28"><span class='ocrx_word' id='word_1_611' title='bbox 993 2515 1138 2571; x_wconf 79' lang='grc' dir='ltr'><em>πολλὴν</em></span> <span class='ocrx_word' id='word_1_612' title='bbox 1161 2536 1223 2560; x_wconf 86' lang='grc' dir='ltr'><strong>και</strong></span> <span class='ocrx_word' id='word_1_613' title='bbox 1247 2524 1313 2572; x_wconf 80' lang='grc' dir='ltr'><em>τῆς</em></span> <span class='ocrx_word' id='word_1_614' title='bbox 1337 2519 1464 2573; x_wconf 78' lang='grc' dir='ltr'><em>κώμης</em></span> <span class='ocrx_word' id='word_1_615' title='bbox 1489 2520 1560 2563; x_wconf 80' lang='grc' dir='ltr'><strong>οὐκ</strong></span> <span class='ocrx_word' id='word_1_616' title='bbox 1585 2521 1864 2585; x_wconf 75' lang='grc' dir='ltr'><em>ἐργασαμενους</em></span> 
     </span>
     <span class='ocr_line' id='line_1_69' title="bbox 991 2573 1861 2630; baseline 0.005 -16"><span class='ocrx_word' id='word_1_617' title='bbox 991 2573 1216 2627; x_wconf 81' lang='grc' dir='ltr'><em>ἐκβαλόντα·</em></span> <span class='ocrx_word' id='word_1_618' title='bbox 1243 2575 1329 2616; x_wconf 75' lang='grc' dir='ltr'><em>ἀλλ’</em></span> <span class='ocrx_word' id='word_1_619' title='bbox 1348 2593 1445 2618; x_wconf 85' lang='grc' dir='ltr'><em>ωστε</em></span> <span class='ocrx_word' id='word_1_620' title='bbox 1468 2594 1514 2630; x_wconf 86' lang='grc' dir='ltr'><em>με</em></span> <span class='ocrx_word' id='word_1_621' title='bbox 1548 2595 1597 2630; x_wconf 87' lang='grc' dir='ltr'><em>μη</em></span> <span class='ocrx_word' id='word_1_622' title='bbox 1629 2577 1861 2624; x_wconf 83' lang='grc' dir='ltr'><em>αποκτεῐναι,</em></span> 
     </span>
     <span class='ocr_line' id='line_1_70' title="bbox 991 2630 1870 2701; baseline 0.003 -31"><span class='ocrx_word' id='word_1_623' title='bbox 991 2633 1119 2679; x_wconf 78' lang='grc' dir='ltr'><em>δεινῶς</em></span> <span class='ocrx_word' id='word_1_624' title='bbox 1153 2630 1291 2680; x_wconf 82' lang='grc' dir='ltr'><em>αὐτους</em></span> <span class='ocrx_word' id='word_1_625' title='bbox 1326 2631 1348 2685; x_wconf 88' lang='grc' dir='ltr'><strong><em>ἡ</em></strong></span> <span class='ocrx_word' id='word_1_626' title='bbox 1381 2631 1476 2679; x_wconf 75' lang='grc' dir='ltr'><strong>θεὸς</strong></span> <span class='ocrx_word' id='word_1_627' title='bbox 1506 2633 1715 2701; x_wconf 78' lang='grc' dir='ltr'><em>ἐδυςώπησε</em></span> <span class='ocrx_word' id='word_1_628' title='bbox 1744 2651 1870 2687; x_wconf 84' lang='grc' dir='ltr'><em>χαμαι</em></span> 
     </span>
     <span class='ocr_line' id='line_1_71' title="bbox 989 2685 1862 2754; baseline 0.005 -28.005"><span class='ocrx_word' id='word_1_629' title='bbox 989 2687 1186 2740; x_wconf 71' lang='grc' dir='ltr'><em>καθημένη</em></span> <span class='ocrx_word' id='word_1_630' title='bbox 1218 2691 1282 2728; x_wconf 86' lang='grc' dir='ltr'><strong>καὶ</strong></span> <span class='ocrx_word' id='word_1_631' title='bbox 1312 2688 1382 2730; x_wconf 84' lang='grc' dir='ltr'><strong>οὐκ</strong></span> <span class='ocrx_word' id='word_1_632' title='bbox 1396 2688 1547 2754; x_wconf 77' lang='grc' dir='ltr'><em>ἔχουσα</em></span> <span class='ocrx_word' id='word_1_633' title='bbox 1585 2685 1688 2738; x_wconf 81' lang='grc' dir='ltr'><em>ὅπως</em></span> <span class='ocrx_word' id='word_1_634' title='bbox 1724 2689 1862 2731; x_wconf 79' lang='grc' dir='ltr'><em>ὁδεύοι.</em></span> 
     </span>
     <span class='ocr_line' id='line_1_72' title="bbox 985 2741 1864 2800; baseline 0.003 -17.031"><span class='ocrx_word' id='word_1_635' title='bbox 985 2741 1186 2785; x_wconf 76' lang='grc' dir='ltr'><em>Ἐντεῦθεν</em></span> <span class='ocrx_word' id='word_1_636' title='bbox 1219 2761 1284 2785; x_wconf 91' lang='grc' dir='ltr'><strong>ουν</strong></span> <span class='ocrx_word' id='word_1_637' title='bbox 1314 2761 1411 2798; x_wconf 82' lang='grc' dir='ltr'><em>μετα</em></span> <span class='ocrx_word' id='word_1_638' title='bbox 1440 2744 1509 2792; x_wconf 79' lang='grc' dir='ltr'><em>τὰς</em></span> <span class='ocrx_word' id='word_1_639' title='bbox 1532 2762 1715 2798; x_wconf 78' lang='grc' dir='ltr'><em>μαστιγας</em></span> <span class='ocrx_word' id='word_1_640' title='bbox 1738 2745 1864 2800; x_wconf 80' lang='grc' dir='ltr'><em>λαβὼν</em></span> 
     </span>
     <span class='ocr_line' id='line_1_73' title="bbox 992 2799 1864 2866; baseline 0.005 -27"><span class='ocrx_word' id='word_1_641' title='bbox 992 2815 1059 2866; x_wconf 87' lang='grc' dir='ltr'><strong>την</strong></span> <span class='ocrx_word' id='word_1_642' title='bbox 1083 2799 1282 2841; x_wconf 64' lang='grc' dir='ltr'><em>δεσποιναν</em></span> <span class='ocrx_word' id='word_1_643' title='bbox 1306 2800 1477 2855; x_wconf 78' lang='grc' dir='ltr'><em>ἐβάδιζον</em></span> <span class='ocrx_word' id='word_1_644' title='bbox 1500 2819 1563 2843; x_wconf 84' lang='grc' dir='ltr'><strong>και</strong></span> <span class='ocrx_word' id='word_1_645' title='bbox 1587 2801 1681 2856; x_wconf 84' lang='grc' dir='ltr'><em>πρὸς</em></span> <span class='ocrx_word' id='word_1_646' title='bbox 1704 2801 1864 2856; x_wconf 80' lang='grc' dir='ltr'><em>ἑσπέραν</em></span> 
     </span>
     <span class='ocr_line' id='line_1_74' title="bbox 991 2850 1864 2926; baseline 0.005 -31"><span class='ocrx_word' id='word_1_647' title='bbox 991 2850 1064 2908; x_wconf 76' lang='grc' dir='ltr'><strong>ἤδη</strong></span> <span class='ocrx_word' id='word_1_648' title='bbox 1088 2856 1372 2922; x_wconf 84' lang='grc' dir='ltr'><em>καταλυόμενοι</em></span> <span class='ocrx_word' id='word_1_649' title='bbox 1387 2862 1435 2904; x_wconf 76' lang='grc' dir='ltr'><strong>εἰς</strong></span> <span class='ocrx_word' id='word_1_650' title='bbox 1460 2856 1592 2926; x_wconf 57' lang='lat' dir='ltr'><strong>&amp;mov</strong></span> <span class='ocrx_word' id='word_1_651' title='bbox 1610 2861 1864 2904; x_wconf 80' lang='grc' dir='ltr'><em>πλουτοῦντος</em></span> 
     </span>
     <span class='ocr_line' id='line_1_75' title="bbox 990 2909 1858 2982; baseline 0.006 -31"><span class='ocrx_word' id='word_1_652' title='bbox 990 2911 1219 2979; x_wconf 77' lang='grc' dir='ltr'><em>ἀνθρώπου,</em></span> <span class='ocrx_word' id='word_1_653' title='bbox 1253 2915 1316 2978; x_wconf 79' lang='grc' dir='ltr'><strong>καὶ</strong></span> <span class='ocrx_word' id='word_1_654' title='bbox 1350 2909 1394 2965; x_wconf 65' lang='grc' dir='ltr'><strong>ἦν</strong></span> <span class='ocrx_word' id='word_1_655' title='bbox 1430 2909 1555 2982; x_wconf 51' lang='grc' dir='ltr'><em>οὗτος,</em></span> <span class='ocrx_word' id='word_1_656' title='bbox 1570 2913 1674 2955; x_wconf 78' lang='grc' dir='ltr'><em>ἔνδον</em></span> <span class='ocrx_word' id='word_1_657' title='bbox 1704 2913 1766 2955; x_wconf 81' lang='grc' dir='ltr'><strong>καὶ</strong></span> <span class='ocrx_word' id='word_1_658' title='bbox 1790 2931 1858 2967; x_wconf 82' lang='grc' dir='ltr'><strong>την</strong></span> 
     </span>
     <span class='ocr_line' id='line_1_76' title="bbox 990 2964 1856 3022; baseline 0.007 -15"><span class='ocrx_word' id='word_1_659' title='bbox 990 2965 1084 3008; x_wconf 76' lang='grc' dir='ltr'><em>θεὸν</em></span> <span class='ocrx_word' id='word_1_660' title='bbox 1112 2968 1218 3019; x_wconf 80' lang='grc' dir='ltr'><em>μάλα</em></span> <span class='ocrx_word' id='word_1_661' title='bbox 1247 2964 1406 3021; x_wconf 69' lang='grc' dir='ltr'><em>ἅσμενος</em></span> <span class='ocrx_word' id='word_1_662' title='bbox 1441 2971 1487 3021; x_wconf 80' lang='grc' dir='ltr'><em>τῇ</em></span> <span class='ocrx_word' id='word_1_663' title='bbox 1517 2969 1615 3022; x_wconf 74' lang='grc' dir='ltr'><em>οἶκια</em></span> <span class='ocrx_word' id='word_1_664' title='bbox 1650 2969 1856 3020; x_wconf 78' lang='grc' dir='ltr'><em>ὑπεδέξατο</em></span> 
     </span>
     <span class='ocr_line' id='line_1_77' title="bbox 990 3023 1618 3080; baseline 0.01 -17.01"><span class='ocrx_word' id='word_1_665' title='bbox 990 3025 1054 3064; x_wconf 86' lang='grc' dir='ltr'><strong>καὶ</strong></span> <span class='ocrx_word' id='word_1_666' title='bbox 1077 3023 1217 3072; x_wconf 80' lang='grc' dir='ltr'><em>θυσίας</em></span> <span class='ocrx_word' id='word_1_667' title='bbox 1239 3024 1336 3077; x_wconf 77' lang='grc' dir='ltr'><em>αὐτῇ</em></span> <span class='ocrx_word' id='word_1_668' title='bbox 1359 3025 1499 3079; x_wconf 74' lang='grc' dir='ltr'><em>προςήγ</em></span> <span class='ocrx_word' id='word_1_669' title='bbox 1501 3043 1596 3080; x_wconf 81' lang='grc' dir='ltr'><em>αγεν.</em></span> <span class='ocrx_word' id='word_1_670' title='bbox 1604 3029 1618 3078; x_wconf 95' lang='lat'>]</span> 
     </span>
    </p>
   </div>
  </div>
 </body>
</html>
