2155 3590
625 136 814 177 LIBER
843 135 894 178 X.
954 135 1079 176 CAP.
1111 135 1297 176 XXXV.
1771 131 1850 174 981

67 248 331 291 nobilissimae
350 249 526 290 coloniae
542 248 892 313 Corinthiensium,
920 249 1091 289 adluitur
1114 255 1243 288 autem
1268 246 1430 300 Aegaeo
1456 252 1494 287 et
1519 244 1710 287 Saronico
1736 243 1849 284 mari.

66 305 169 347 Inibi
199 312 334 359 portus
365 306 503 356 etiam,
536 307 772 346 tutissimum
797 306 954 346 navium
980 304 1288 359 receptaculum,
1321 317 1464 355 magno
1491 303 1763 355 frequentatur
1787 314 1854 354 po-

66 362 169 426 pulo.
209 361 356 403 Vitatis
381 376 476 416 ergo
501 362 667 402 turbulis
692 369 729 403 et
755 363 878 403 electo
903 367 1057 402 secreto
1082 361 1228 410 littore,
1256 373 1374 413 prope
1394 359 1498 413 ipsas
1518 358 1700 398 fluctuum
1721 370 1854 410 asper-

66 418 179 471 gines
208 417 246 457 in
279 419 443 471 quodam
476 419 701 458 mollissimo
732 432 877 459 arenae
915 418 1064 472 gremio
1100 417 1246 456 lassum
1278 429 1417 468 corpus
1444 421 1647 468 porrectus
1671 414 1849 453 refoveo.

63 473 169 514 Nam
193 480 233 514 et
251 474 422 514 ultimam
443 475 519 514 diei
539 482 679 515 metam
702 473 708 527 Ι
729 474 964 515 curriculum
985 473 1079 514 solis
1100 472 1336 522 deflexerat,
1365 481 1404 513 et
1422 484 1639 526 vespernae
1660 483 1719 510 me
1733 468 1854 523 quieti
1878 471 1940 505 751

65 530 249 570 traditum
274 530 395 570 dulcis
421 545 580 571 somnus
607 538 868 586 oppresserat.

62 657 271 686 nobilissima
283 657 416 686 colonia
428 660 465 688 B.
479 662 508 688 et
523 659 572 688 sic
585 659 725 695 margini
739 659 859 688 adlevit
873 658 1013 687 Salmas.
1027 657 1253 693 expressitque
1267 655 1406 685 Scriver.
1432 656 1552 684 Verum
1567 662 1639 682 cum
1652 654 1749 682 ceteri
1763 655 1854 684 codd.

62 704 221 732 retineant
241 705 437 739 genitivum,
468 705 550 733 nihil
572 705 625 733 hic
651 708 768 733 temere
787 705 976 732 mutandum
995 706 1053 732 est.
1103 700 1293 728 Cenchreas
1315 698 1413 728 audit
1432 698 1583 736 oppidum
1603 697 1754 726 coloniae
1779 699 1799 728 i.
1826 707 1853 727 e.

61 752 211 777 censetur
223 757 296 777 esse
309 750 461 784 oppidum
475 751 661 778 colonorum
675 749 959 778 Corinthiensium.
996 746 1163 775 alluditur
1176 749 1211 775 G.
1229 748 1256 774 1.
1271 747 1305 775 Ο.
1348 748 1388 772 ut
1407 753 1464 782 ego
1484 747 1525 771 at
1543 742 1653 771 Saron
1661 745 1696 772 P.
1729 740 1761 775 al
1777 752 1852 780 egeo

61 790 97 825 at
109 792 266 821 saranica
288 795 323 822 G.
344 796 374 822 2.
412 797 476 821 aue
492 802 574 831 nego
594 797 657 822 aut
673 794 828 822 sarorz'co
847 795 886 822 D.
935 791 1120 820 Sardonico
1134 793 1170 820 P.
1191 792 1239 820 ed.
1260 799 1306 826 pr.
1321 791 1448 820 Vieent.
1461 791 1576 818 Vener.
1591 790 1621 817 2.
1657 788 1803 816 sce'oni'co
1816 797 1854 816 π.

60 837 144 866 inibi
155 839 189 868 F.
205 840 235 867 3.
259 840 297 868 In
311 842 382 868 cett.
397 838 467 875 ubi,
493 841 578 873 quod
590 840 698 868 minus
713 841 844 874 probum
856 846 930 867 esse
943 838 1028 866 Prie.
1042 838 1108 866 iam
1121 837 1300 873 intellexit,
1326 835 1374 863 ibi
1385 836 1561 864 emendans
1575 834 1654 863 oud.
1668 836 1853 869 probatum;

60 883 102 912 cf.
117 885 158 912 ad
172 886 248 912 Met.
261 885 347 913 vm.
361 892 390 918 p.
405 886 480 913 564.
491 907 499 921 ‚
516 885 570 913 ubi
584 885 696 913 eadem
710 888 757 912 est
772 884 954 918 scripturae
966 882 1122 911 varietas.
1171 881 1274 908 etiam
1288 889 1350 909 non
1365 883 1526 915 comparet
1540 880 1573 907 in
1587 887 1614 913 p.
1665 877 1854 906 tutissimus

58 930 96 957 L.
110 929 146 957 P.
161 929 195 957 0.
209 926 238 957 δ.
254 929 274 958 f.
299 929 534 957 cunc-tissimus
550 931 584 958 G.
604 931 629 958 1.
655 928 912 957 munitissimum
926 938 959 962 φ.
1007 927 1113 964 v'gi'tm·
1127 934 1180 961 pro
1195 934 1272 963 ergo
1286 927 1323 955 R.
1363 923 1509 953 tur-billis
1525 932 1553 958 n.
1580 921 1713 951 tribulis
1728 925 1763 953 G.
1779 924 1792 951 1
1802 945 1808 952 .
1824 925 1853 951 2.

59 974 96 1002 P.
115 974 150 1001 0.
171 981 191 1002 a
208 982 249 1003 m.
271 982 301 1008 p.
326 975 366 1003 cf.
388 976 428 1003 ad
449 978 524 1003 Met.
539 976 592 1003 ΠΙ.
614 983 642 1008 ρ.
657 976 731 1003 231.
779 973 937 1001 elemento
954 981 1009 1007 pro
1022 970 1126 999 electo
1148 973 1183 1000 G.
1200 973 1228 1000 1.
1276 978 1394 998 securo
1415 978 1444 1004 p.
1492 967 1705 996 mobilissimo
1721 970 1756 997 G.
1769 970 1800 996 2.
1815 970 1853 996 D.

59 1019 96 1047 P.
109 1019 147 1047 B.
195 1017 326 1055 lapsum
340 1021 375 1048 G.
391 1021 421 1047 1.
437 1017 465 1048 ὃ.
487 1019 595 1058 sot-eo
609 1017 638 1047 δ.
653 1028 682 1054 p.
697 1018 779 1053 [non
793 1021 829 1048 G.
846 1020 891 1055 1.,
916 1022 948 1047 ut
963 1019 1041 1046 Oud.
1055 1018 1101 1046 ait
1114 1017 1168 1051 qui
1182 1015 1318 1054 refoveo
1333 1023 1406 1044 cum
1419 1018 1493 1043 cett.
1505 1010 1626 1049 habet.)
1655 1015 1854 1050 porrectura

59 1065 95 1092 G.
112 1065 140 1091 1.
154 1071 184 1098 p.
198 1072 234 1093 π.
259 1067 373 1093 Manet
388 1066 483 1100 Oud.,
509 1065 539 1093 si
552 1067 630 1093 Mss.
646 1065 843 1101 addicerent,
851 1064 1035 1100 proiectus.
1061 1063 1105 1090 At
1125 1062 1166 1090 cf.
1181 1064 1256 1090 Met.
1271 1062 1310 1090 V.
1325 1069 1354 1095 p.
1370 1062 1445 1088 357.
1471 1059 1853 1096 iamqueporrectus.

58 1115 242 1144 vespernae
254 1110 290 1138 F.
305 1111 335 1138 3.
361 1112 398 1138 In
417 1113 490 1139 cett.
510 1110 734 1145 vespiternae.
760 1109 801 1137 cf.
821 1110 861 1137 ad
875 1111 952 1137 Met.
964 1110 1020 1136 111.
1041 1115 1069 1142 n.
1086 1108 1160 1147 172.
1209 1104 1375 1133 traditam
1389 1106 1427 1134 D.
1475 1112 1525 1131 me
1538 1112 1602 1133 non
1615 1107 1664 1132 est
1679 1104 1711 1132 in
1726 1104 1747 1132 f.
1795 1111 1854 1139 op-

53 1153 186 1190 pressit
203 1155 239 1182 B.
258 1155 328 1182 edd.
348 1159 423 1183 ante
443 1155 535 1183 Colv.
554 1156 638 1182 Etm.
657 1154 816 1188 sorix-er..
843 1154 921 1182 Oud.
940 1155 1110 1188 probante,
1136 1159 1229 1186 quem
1248 1152 1376 1179 Ruhuk.
1397 1153 1529 1179 secutus
1547 1153 1607 1178 est.
1633 1150 1713 1177 oud.
1726 1149 1854 1177 divinat

58 1200 98 1227 ab
117 1202 249 1228 auctore
269 1200 412 1228 relictum
434 1208 522 1228 esse:
550 1198 727 1234 obpressit.
752 1196 797 1225 Ae
817 1198 928 1234 circa,
953 1205 1017 1232 qua
1035 1198 1067 1225 in
1088 1205 1120 1225 re
1134 1204 1197 1225 non
1212 1196 1383 1225 assentior.
1411 1193 1513 1222 Circa
1527 1194 1619 1223 initio
1633 1194 1709 1223 libri
1728 1201 1852 1229 ponen-

58 1245 132 1272 dum
145 1252 218 1273 esse
230 1246 366 1278 probant
390 1245 528 1274 aliorum
540 1244 693 1272 librorum
707 1244 869 1278 principia
879 1266 887 1280 ‚
912 1246 988 1272 Met.
1003 1244 1042 1271 11.
1055 1244 1111 1271 111.
1126 1242 1182 1272 IV.
1195 1243 1264 1271 VII.
1277 1242 1332 1270 IX.
1343 1242 1382 1270 X.
1409 1239 1567 1277 obrepsat
1578 1241 1616 1268 L.

112 1353 358 1404 obrepserat.
432 1353 638 1404 Obrepsat
677 1353 781 1403 quod
825 1351 922 1390 Colt.
984 1352 1100 1397 dens;
1137 1351 1186 1389 cf.
1220 1350 1315 1388 Met.
1347 1349 1415 1387 IV.
1451 1363 1489 1400 p.
1517 1352 1609 1389 287.
1647 1348 1758 1387 Huic
1793 1362 1853 1386 me

57 1408 175 1447 Voss
202 1408 321 1446 habet
345 1408 438 1446 nibil
463 1413 526 1447 est
550 1409 622 1446 nisi
656 1408 794 1446 librarii
822 1408 923 1446 docti
985 1409 1103 1460 operi
1134 1407 1366 1446 adtonitum
1395 1405 1511 1444 clara
1544 1405 1619 1444 lux
1651 1418 1851 1455 oppres-

52 1463 255 1514 glossema
275 1465 377 1503 bene
395 1465 592 1511 memoris,
619 1465 813 1515 obrepere
838 1478 924 1514 pro·
980 1465 1021 1502 si
1030 1469 1045 1502 l
1055 1493 1065 1507 ‚
1119 1462 1187 1501 XI.
1224 1476 1261 1513 p.
1289 1466 1380 1502 755.
1417 1475 1545 1513 sopor
1581 1461 1851 1511 circumfusus

52 1521 175 1573 prium
206 1534 302 1560 esse
332 1535 470 1560 somno
504 1520 754 1567 vocabulum,
792 1520 842 1559 cf.
872 1520 922 1558 ad
982 1520 1240 1571 oppressit.

51 1576 148 1615 Met.
175 1576 221 1617 H.
245 1591 281 1629 p.
312 1582 402 1618 144.
452 1577 534 1615 Sed
564 1581 695 1615 auctor
727 1577 848 1615 votuit
871 1578 921 1614 si·
1038 1579 1309 1627 oppresserat.
1371 1572 1523 1625 [Quum
1559 1585 1732 1623 sequens
1768 1585 1850 1610 nar-

54 1633 250 1683 gnificare,
276 1633 439 1672 Lucium
464 1635 639 1684 protinus
664 1633 778 1671 simul
803 1647 850 1671 ac
873 1646 920 1671 se
978 1633 1075 1671 ratio
1112 1645 1198 1670 cum
1235 1630 1397 1669 Luciani
1438 1630 1592 1668 minime
1634 1628 1849 1673 conveniat,

53 1690 87 1727 in
119 1689 225 1727 molli
256 1703 373 1729 arena
397 1690 653 1740 deposuerat,
689 1703 826 1727 somno
859 1702 920 1727 ca·
979 1689 1042 1738 qui
1068 1688 1173 1737 fingit
1197 1688 1294 1725 inter
1316 1687 1586 1738 spectaculum
1598 1685 1762 1724 Lucium
1788 1698 1848 1722 ro-

50 1748 158 1796 ptum
194 1747 440 1796 vinctumque
476 1745 612 1784 fuisse.
661 1744 819 1784 Passim
855 1758 920 1783 au·
977 1757 1063 1782 sam
1088 1744 1318 1788 devorasse,
1345 1745 1475 1793 itaque
1500 1742 1535 1780 in
1556 1741 1752 1780 hominem
1771 1755 1848 1779 rur-

49 1805 128 1839 tem
164 1815 326 1840 somnus
362 1802 529 1853 aliquem
550 1845 555 1850 ,
575 1803 738 1852 eiusque
781 1801 918 1839 oculos
978 1814 1048 1838 sus
1069 1813 1162 1838 esse
1182 1802 1469 1844 commutatum,
1494 1811 1645 1849 graeca,
1672 1810 1773 1848 quae
1798 1798 1848 1835 ad

43 1871 230 1909 premere
254 1858 389 1896 dicitur
413 1872 437 1896 a
466 1860 606 1909 poetis.
655 1858 716 1896 Ae
745 1870 919 1909 praeser-
977 1856 1278 1908 explicationem
1307 1855 1466 1906 Apuleii
1502 1855 1656 1892 minime
1692 1853 1848 1899 faciunt,

48 1914 114 1952 tim
153 1915 386 1967 opprimere
421 1915 556 1953 dieitur
598 1913 774 1953 celeriter
816 1913 919 1952 inva-
977 1927 1053 1952 non
1079 1912 1302 1951 describere
1326 1911 1451 1951 satius
1476 1910 1598 1963 duxi.]
