2155 3590
707 93 894 135 LIBER
922 93 949 134 1.
1008 92 1135 135 CAP.
1165 91 1209 132 11.

643 345 1080 393 CAPUT

175 474 422 517 Thessaliam
443 477 552 532 [uam
578 484 617 518 et
641 477 719 517 illic
740 478 906 532 originis
928 485 1129 519 maternae
1148 484 1310 518 nostrae
1330 475 1584 516 fundamenta
1605 488 1627 514 a
1646 473 1858 515 Plutarcho
1874 478 1974 527 [103]

1809 92 1861 135 13

1183 344 1273 391 II.

63 532 130 573 illo
160 532 306 588 inclyto
339 547 383 574 ac
415 547 509 573 mox
540 532 667 574 Sexto
699 534 926 589 philosopho
960 541 1099 589 nepote
1130 535 1212 575 eins
1244 533 1420 589 prodita,
1461 532 1626 586 gloriam
1658 531 1770 571 nobis
1802 531 1858 572 fa-

151 660 209 690 illo
222 661 300 690 incl.
315 663 385 700 ipso
400 664 436 692 G.
448 664 486 692 D.
502 665 539 692 ss.
554 664 589 692 P.
603 665 639 692 Β.
654 665 689 692 0.
703 664 740 692 R.
757 664 777 693 f.
792 664 882 693 Colv.

61 772 218 825 Sciopp.
244 787 280 825 p.
307 776 399 814 233.
425 777 520 813 extr.
555 774 717 815 Graeca
741 778 780 812 et
808 774 929 815 Grae-

60 831 207 869 canica
248 832 343 869 inter
382 844 429 869 se
469 831 524 869 ita
558 830 709 870 differre
746 831 930 876 videntur,

58 889 100 924 ut
128 886 195 925 illa
218 890 300 926 tota
328 900 486 938 graeca,
517 887 615 926 haec
646 902 669 926 a
693 888 854 926 Graecis
879 888 931 927 ad

59 942 216 981 latinam
263 943 580 982 consuetudinem
629 944 803 983 traducta
842 946 929 982 sint.

56 998 104 1037 cf.
137 999 261 1039 Varro
297 999 346 1038 X.
383 1015 419 1052 p.
454 1004 546 1041 258.
589 999 676 1047 Quo
713 1001 930 1040 discrimine

57 1056 238 1108 probato,
256 1055 449 1108 Apuleius
469 1058 737 1107 graecanicam
757 1057 926 1096 fabulam

58 1125 144 1151 eam
169 1112 277 1158 dicit,
303 1127 405 1164 quae
423 1127 445 1151 e
460 1113 623 1152 Graecis
641 1115 774 1165 petita,
799 1117 925 1151 tamen

57 1182 132 1207 non
156 1172 239 1208 tota
263 1182 404 1219 graeca
428 1173 508 1217 est3
535 1169 582 1208 cs.
608 1170 727 1222 Apul.
753 1169 850 1208 Met.
876 1168 925 1207 X.

56 1238 94 1278 p.
121 1229 213 1266 732.
240 1230 280 1264 et
302 1225 446 1265 Florid.
473 1240 509 1277 p.
537 1226 621 1278 52]

113 1283 340 1334 incipimus.
371 1281 422 1320 N.
447 1282 660 1322 Heins.,ad
685 1282 775 1321 val.
795 1281 924 1320 Flacc.

56 1336 140 1378 Vll.
152 1342 169 1378 1
182 1343 241 1379 14.
251 1339 476 1391 accipimus
489 1338 776 1390 typothetarum
790 1352 927 1383 errore,

57 1407 159 1446 quae
193 1393 296 1434 Oud.
322 1396 450 1447 opinio
488 1399 568 1441 est,
600 1410 668 1447 pro
695 1396 927 1448 accipimus.

55 1449 163 1490 Idem
198 1465 267 1504 pro
307 1451 522 1492 laetaberis
563 1451 713 1492 mavult
754 1452 929 1492 delecta-

57 1507 179 1554 beris,
208 1512 250 1547 ut
279 1509 466 1560 absorpta
495 1509 607 1548 suerit
637 1510 783 1548 iteratio
809 1507 929 1560 sylla-

56 1564 131 1604 bae
155 1565 217 1608 de.
249 1565 332 1604 Sed
356 1579 429 1604 non
454 1579 555 1618 opus
581 1570 652 1605 est.

113 1620 214 1661 Cn.
228 1620 273 1667 II.
300 1622 337 1662 A
351 1622 586 1662 Plutarcho
597 1624 764 1675 faciunt
780 1621 930 1673 [Locus

56 1677 158 1718 Oud.
172 1682 235 1717 est
247 1678 507 1724 difficillimus,
522 1692 575 1718 ex
591 1691 666 1730 quo
681 1692 728 1718 se
740 1678 930 1731 expedire

56 1735 163 1774 nullo
193 1736 310 1774 modo
340 1739 486 1792 potest.
550 1735 680 1782 Quum
706 1737 806 1774 enim
832 1736 929 1773 Sex-

55 1791 302 1845 tusApuleio
315 1807 390 1832 non
415 1794 467 1831 ita
491 1792 603 1832 suerit
626 1793 758 1838 maior,
782 1796 825 1831 ut
842 1792 931 1830 inde

57 1861 182 1900 genus
200 1853 415 1888 maternum
432 1850 559 1901 possit
577 1849 717 1888 deduci
743 1853 782 1887 et
806 1847 930 1887 Thes-

56 1905 157 1945 salia
180 1904 379 1946 Plutarchi
404 1908 617 1945 nominetur
640 1907 783 1958 patria,
816 1918 931 1955 quem

55 1966 189 2002 notum
211 1963 262 2001 sit
285 1962 478 2003 Boeotum
502 1963 637 2010 fuisse,
665 1966 786 2001 totum
805 1962 932 2001 locum

58 2033 83 2059 a
105 2018 228 2058 sciolo
253 2019 467 2072 profectum
490 2033 585 2059 esse
608 2019 762 2064 iudicat,
788 2020 851 2070 qui
881 2018 932 2057 de

57 2073 266 2116 Plutarcho
296 2077 460 2127 eiusque
490 2080 633 2128 nepote
663 2076 785 2115 Sexto
816 2088 932 2126 quae·

58 2132 150 2173 dam
173 2133 345 2179 sciverit,
376 2133 451 2172 sed
475 2133 750 2184 chronologiae
774 2133 931 2183 ignarus

59 2193 99 2228 et
116 2187 355 2228 Thessalum
373 2188 535 2228 Lucium
560 2203 646 2229 cum
667 2188 931 2228 Chaeronensi

59 2245 300 2291 confundens
315 2246 479 2285 Sextum
492 2246 700 2285 fabricatus
719 2247 788 2292 sit;
813 2246 860 2285 et.
881 2245 932 2284 de

59 2301 97 2348 h.
118 2302 142 2341 l.
163 2302 286 2342 Salm.
306 2304 342 2342 in
362 2301 542 2354 Prolegg.
562 2303 612 2342 ad
627 2302 749 2342 Solin.
765 2302 932 2341 Casaub.

60 2358 113 2398 ad
136 2358 212 2399 Jul.
239 2358 363 2412 Capit.
393 2360 431 2398 in
456 2361 518 2398 vit.
549 2358 673 2398 Marci
698 2373 729 2398 c.
756 2362 794 2400 3.
826 2359 933 2397 Sam.

60 2414 175 2456 Petit.
211 2417 248 2456 in
284 2416 451 2455 observ.
487 2415 570 2454 Lll.
609 2429 640 2455 c.
681 2420 742 2458 10.
779 2415 932 2454 Mauss.

60 2471 172 2512 Diss.
210 2472 297 2514 Crit.
335 2473 385 2512 ad
420 2471 605 2524 Harpocr.
642 2486 678 2524 p.
710 2475 804 2513 326.
853 2471 935 2510 Sed

61 2531 202 2569 erravit
225 2531 280 2569 vir
303 2529 404 2568 doct.
429 2533 469 2568 et
492 2530 592 2568 bene
616 2530 756 2581 poterit
779 2528 936 2567 demon-

61 2587 194 2633 strari,
219 2586 384 2625 Sextum
409 2587 537 2637 viginti
562 2590 666 2625 certe
691 2586 801 2625 annis
829 2585 936 2636 Apu-

62 2642 140 2682 leio
163 2644 328 2696 priorem
354 2643 490 2682 fuisse.
536 2641 638 2682 Inter
661 2645 936 2695 praeceptores

63 2700 166 2738 enim
205 2700 262 2739 M.
297 2700 479 2739 Antonini
514 2698 746 2751 Philosophi
787 2699 936 2738 Sextus

64 2756 222 2801 traditur
262 2771 288 2802 ‚a
335 2755 501 2809 Capitol.
533 2757 612 2795 avit.
659 2755 781 2795 Marc.
828 2768 861 2794 c.
899 2757 936 2794 3.

65 2813 227 2861 audivit
247 2818 292 2853 et
309 2813 479 2853 Sextum
501 2811 820 2854 Chaeronensem
838 2811 938 2851 Pla-

67 2870 204 2910 tarcln'
231 2875 418 2922 nepotem
450 2869 517 2922 [cf.
549 2868 709 2922 Eutrop.
735 2866 840 2908 VIII.
875 2871 938 2908 12.

66 2925 129 2966 od.
147 2926 347 2978 verheyk.
368 2927 432 2966 ubi
449 2926 501 2965 de
525 2938 572 2965 eo
596 2926 709 2978 plura
731 2923 940 2977 leguntur]-

66 2981 226 3028 Marcus
267 2996 360 3022 vero
396 2983 616 3022 Antoninus
650 2981 719 3022 lv.
756 2981 940 3026 Hadriani

67 3038 307 3091 imperatoris
349 3053 449 3080 auno
490 3039 592 3079 Anio
628 3039 736 3078 Vero
776 3039 862 3081 iter.
901 3040 941 3076 et

69 3095 230 3147 Augure
255 3095 370 3136 Coss.
407 3095 479 3148 (cf.
505 3095 674 3136 Casaub.
698 3095 750 3135 ad
775 3093 940 3147 Capitol.

913 663 1053 701 magrini}
1067 663 1210 691 materie
1225 665 1287 693 ΜΒ.
1301 663 1370 692 Col.
1383 665 1412 691 el
1428 662 1450 693 f.
1475 660 1571 690 Sesto
1586 662 1621 690 P.
1650 659 1764 698 gloria
1778 661 1813 690 F.
1827 661 1857 689 3.

989 775 1025 814 d.
1063 774 1110 823 1.)
1142 775 1164 812 i.
1201 787 1236 813 e.
1272 787 1371 813 anno
1412 777 1502 814 121.
1544 786 1583 824 p.
1622 771 1709 810 Chr.
1747 774 1860 810 natus

989 835 1060 869 est.
1104 829 1233 876 Quum
1263 831 1374 881 igitur
1402 828 1602 884 probabile
1627 830 1677 868 sit
1701 828 1860 867 Antoni-

989 901 1077 926 num
1109 891 1212 925 certe
1249 887 1480 938 vigesimum
1515 886 1699 937 pluresve
1737 897 1860 924 annos

989 945 1138 995 egisse,
1176 957 1225 982 ex
1256 956 1332 994 quo
1364 947 1538 994 tempore
1564 942 1676 980 Sexti
1701 941 1860 980 scholas

989 1001 1233 1050 frequentare
1251 1000 1405 1052 incepit,
1430 1000 1591 1037 Sextum
1612 1002 1738 1036 autem
1754 1010 1861 1049 prae·

987 1061 1183 1108 ceptorem
1218 1056 1495 1108 philosophiae
1530 1057 1605 1094 iam
1646 1059 1724 1094 tum
1760 1053 1861 1092 cele·

985 1115 1093 1152 brem
1117 1117 1235 1163 atque
1261 1114 1457 1157 eximium,
1481 1116 1523 1150 ut
1553 1126 1576 1150 a
1600 1112 1770 1163 principe
1795 1123 1861 1150 au-

986 1170 1136 1214 diretur,
1163 1169 1317 1220 triginta
1340 1169 1391 1208 ad
1414 1170 1607 1207 minimum
1631 1181 1754 1206 annos
1773 1180 1860 1206 con-

987 1226 1149 1270 fecisse,
1191 1226 1437 1276 apertissime
1473 1224 1631 1263 efficitur
1666 1224 1860 1263 Antonino

986 1296 1073 1320 eum
1087 1282 1232 1320 circiter
1244 1280 1382 1320 decem
1396 1280 1520 1323 fuisse
1538 1281 1647 1320 annis
1665 1281 1860 1324 maiorem,

986 1343 1026 1378 ut
1046 1338 1156 1376 Sexti
1181 1351 1303 1377 annus
1329 1337 1468 1377 natalis
1493 1338 1590 1376 inter
1618 1340 1860 1377 110-111,

989 1394 1141 1434 incidat.
1172 1393 1366 1446 Apuleius
1392 1407 1495 1438 vero.
1521 1393 1626 1444 quod
1649 1394 1745 1432 satis
1769 1392 1861 1432 mihi

988 1451 1282 1490 demonstrasse
1317 1450 1450 1489 videor
1484 1451 1520 1488 in
1567 1451 1778 1490 Commeat.
1811 1449 1863 1490 de

989 1510 1071 1548 vita
1096 1513 1134 1547 et
1162 1509 1303 1560 script.
1336 1507 1461 1560 Apul.
1488 1507 1518 1558 ᾗ.
1554 1511 1588 1547 1.
1614 1507 1708 1545 intra
1739 1518 1860 1545 annos

993 1568 1236 1606 126—132.
1262 1568 1375 1603 natus
1400 1567 1473 1608 est,
1499 1563 1602 1602 unde
1626 1575 1712 1602 eum
1738 1561 1861 1600 Sexto

989 1622 1120 1672 viginti
1151 1622 1346 1659 minimum
1377 1621 1487 1660 annis
1517 1621 1701 1658 minorem
1738 1618 1862 1659 fuisse

988 1679 1232 1731 probabitur,
1257 1681 1299 1717 ut
1323 1676 1525 1716 commode
1544 1677 1592 1716 ab
1616 1689 1662 1715 eo
1677 1676 1861 1726 originem

989 1735 1131 1776 ducere
1167 1738 1313 1785 posset.
1367 1734 1506 1773 Altera
1539 1746 1631 1771 vero
1669 1744 1770 1782 quae
1800 1735 1862 1770 est

989 1791 1092 1830 Oud.
1117 1792 1322 1835 sententia,
1347 1804 1461 1841 quam
1485 1790 1599 1829 etiam
1612 1788 1795 1828 Bosscha
1812 1788 1862 1827 de

989 1849 1052 1887 vit.
1094 1847 1214 1899 Apul.
1253 1846 1362 1886 Tom.
1398 1845 1461 1885 ΠΙ.
1491 1860 1529 1898 p.
1567 1849 1660 1886 506.
1697 1847 1861 1897 repetiit,

990 1906 1075 1944 sine
1104 1904 1185 1943 ullo
1216 1904 1331 1943 dubio
1361 1907 1425 1943 est
1454 1903 1745 1943 absurdissima.
1798 1901 1862 1940 De

992 1961 1256 2001 Chaeronensi
1292 1961 1392 1999 enim
1429 1972 1556 2010 neque
1586 1958 1635 1998 de
1666 1959 1742 1998 alio
1771 1957 1862 1997 Plu·

990 2018 1124 2058 tarcho
1160 2018 1289 2056 dicere
1323 2016 1533 2069 Apuleium
1567 2016 1687 2055 verba
1716 2018 1861 2054 testan-

991 2080 1049 2114 tur
1073 2074 1148 2114 z'llo
1172 2074 1328 2127 inclyto
1359 2074 1524 2125 eiusque
1546 2077 1693 2125 nepote
1718 2072 1860 2112 Sexto.

991 2131 1103 2172 Hanc
1120 2131 1226 2169 litem
1245 2131 1298 2170 ita
1315 2130 1544 2175 direnierim,
1567 2133 1609 2168 ut
1626 2133 1690 2168 aut
1709 2141 1863 2168 errasse

991 2191 1028 2228 in
1060 2201 1106 2226 eo
1132 2187 1343 2239 Apuleium
1365 2198 1576 2238 ponamus,
1602 2186 1665 2236 qui
1691 2185 1862 2225 Thessa·

992 2246 1070 2284 lum
1100 2257 1187 2284 eum
1217 2243 1367 2289 fecerit,
1397 2243 1435 2283 id
1465 2241 1570 2293 quod
1600 2244 1636 2280 in
1661 2243 1776 2282 rebus
1801 2245 1864 2281 sat

993 2302 1154 2352 cognitis
1173 2314 1242 2352 per
1255 2300 1415 2340 aliorum
1433 2300 1660 2351 scriptorum
1679 2296 1864 2350 exempla

994 2358 1202 2403 indicatur,
1233 2360 1313 2403 aut,
1346 2356 1452 2407 quod
1481 2355 1612 2394 timide
1648 2356 1862 2407 pronuntio,

995 2429 1068 2455 non
1098 2418 1176 2453 tam
1206 2417 1425 2453 accuratam
1454 2411 1578 2452 fuisse
1608 2425 1656 2451 eo
1691 2416 1864 2463 tempore

997 2472 1227 2511 Graecarum
1251 2470 1529 2523 provinciarum
1553 2469 1863 2520 descriptionem,

994 2532 1036 2568 ut
1052 2541 1129 2567 una
1147 2541 1216 2579 pro
1235 2527 1357 2567 altera
1374 2527 1464 2578 poni
1485 2525 1625 2565 liceret.
1653 2524 1866 2564 Glossema

994 2585 1094 2625 haec
1111 2585 1231 2624 verba
1249 2597 1323 2623 non
1341 2584 1509 2635 sapiunt.
1540 2581 1745 2627 Quomodo
1764 2581 1863 2620 enim

995 2654 1145 2692 quaeso
1181 2641 1260 2679 fieri
1295 2641 1430 2692 potuit,
1465 2642 1506 2677 ut
1529 2638 1674 2678 sciolus
1709 2637 1864 2689 quidam

994 2697 1175 2738 librarius
1207 2698 1359 2736 nomine
1385 2694 1620 2735 Thessaliae
1645 2695 1746 2734 lecto
1770 2693 1864 2733 Plu-

994 2753 1169 2797 tarchum
1205 2755 1367 2803 eiusque
1408 2755 1589 2804 nepotem
1624 2751 1787 2791 Sextum
1826 2751 1864 2789 in

994 2811 1217 2852 memoriam
1242 2808 1318 2850 sibi
1353 2813 1565 2853 revocaret,
1601 2821 1717 2859 quum
1753 2820 1865 2848 nemo

998 2866 1220 2908 Thessalus
1256 2870 1370 2905 notus
1399 2866 1469 2910 sit,
1499 2865 1565 2915 qui
1594 2878 1681 2905 cum
1713 2863 1866 2904 Boeoto

997 2924 1201 2977 permutari
1231 2926 1360 2975 queat.
1412 2921 1566 2961 Doctus
1592 2924 1738 2961 tantum
1765 2920 1867 2973 Apu·

998 2980 1063 3021 leli
1087 2980 1276 3024 librarius,
1301 2979 1366 3029 qui
1383 2982 1487 3018 totos
1498 2976 1867 3030 Metamorphoseon

998 3037 1119 3080 libros
1149 3038 1225 3076 iam
1254 3039 1370 3076 antea
1392 3034 1630 3087 perlegerat,
1659 3032 1746 3074 loco
1771 3033 1866 3073 Met.

997 3092 1045 3135 ll.
1060 3108 1099 3148 p.
1124 3095 1204 3139 89„
1229 3093 1293 3133 ubi
1316 3091 1556 3143 Byrrhaena,
1580 3090 1689 3131 Lucii
1713 3091 1867 3143 propin·
