2221 3667
288 128 323 154 vi
988 114 1401 156 PRAEFATIO.

285 240 409 267 meam
437 227 613 268 notitiam
643 235 911 281 pervenerunt
936 229 997 269 vel
1024 243 1156 269 eorum
1186 230 1331 271 sontem
1359 230 1548 271 editorem
1569 230 1751 272 luntinae
1764 233 1806 274 2.
1835 239 1925 272 ante
1951 232 2085 273 oculos

286 296 489 345 babuisse,
546 296 683 350 quippe
722 310 821 349 quae
858 311 943 337 cum
982 311 1116 337 eorum
1155 298 1362 352 scripturis
1401 299 1627 353 plerumque
1664 300 1875 340 conveniat
1911 307 1950 340 et
1985 301 2086 354 quod

283 364 379 403 satis
413 377 534 416 grave
567 371 625 403 est
659 371 920 415 momentum,
954 365 1164 406 verborum
1197 367 1443 407 collationem
1476 368 1515 407 in
1542 368 1659 421 longe
1686 367 1861 422 plurimis
1887 368 2085 409 codicibus

283 431 477 471 diversam
516 433 678 471 eandem
710 446 795 472 cum
823 431 1063 474 Florentinis
1098 436 1179 474 tere
1210 448 1365 489 semper
1389 436 1588 489 praebeat.
1652 435 1818 489 Quoties
1850 436 1951 476 enim
1977 437 2086 491 Apu-

283 499 347 539 leii
384 499 473 540 libri
512 514 628 540 manu
661 501 817 540 exarati
849 501 1059 542 verborum
1093 502 1268 543 ordinem
1301 504 1543 544 mutaverint
1572 505 1643 544 vix
1675 511 1733 544 est
1767 505 1972 556 credibile,
2014 519 2086 545 nec

283 568 359 608 ulla
409 568 485 608 alia
534 569 689 608 ratione
738 569 833 609 baec
883 570 1123 623 negligentia
1174 571 1365 625 explicari
1415 572 1553 626 possit,
1611 572 1684 612 nisi
1734 572 1883 626 aliquot
1931 573 2085 613 codices

282 637 319 675 in
357 637 608 677 librariorum
648 637 818 678 calamos
856 638 1022 678 dictatos
1058 652 1146 678 esse
1184 646 1369 692 ponatur:
1407 654 1507 692 quae
1545 655 1608 680 res
1646 655 1761 694 quum
1802 640 1895 680 mibi
1931 641 2086 694 quidem

283 705 413 759 magni
441 705 624 745 momenti
654 706 852 755 videatur,
881 706 958 745 alio
984 707 1070 745 loco
1097 707 1141 745 de
1168 721 1213 746 ea
1240 708 1328 760 quid
1355 708 1521 748 sentiam
1550 708 1671 748 l'usius
1698 709 1915 749 illustrabo.
1963 708 2085 749 Prae-

283 781 389 813 terea
422 780 550 814 autem
585 775 713 814 minor
743 774 905 814 editoris
938 773 1119 813 Iuntinae
1154 776 1191 816 l.
1226 775 1264 814 iu
1301 776 1636 816 enuntiationibus
1669 777 1954 831 distinguendis
1981 791 2086 817 com-

282 849 391 896 paret
416 843 637 893 accuratio,
667 856 765 896 quac
797 849 932 882 contra
961 856 1093 882 veram
1121 842 1196 882 loci
1215 844 1448 883 sententiam
1471 844 1698 898 saepissime
1720 846 1832 885 modo
1854 846 2086 886 coniunctae

280 912 393 951 modo
426 911 648 965 disparatae
682 918 795 961 sunt,
830 918 872 950 ut
905 924 1017 963 quam
1048 924 1181 963 parum
1210 911 1272 951 ille
1299 926 1370 951 suo
1402 912 1585 966 scriptori
1623 914 1886 964 consuluerit,
1920 914 2086 968 apertis-

281 980 377 1020 sime
404 986 554 1034 pateat,
584 994 699 1033 quum
727 993 747 1018 6
774 979 974 1018 contrario
1001 978 1164 1019 alterius
1194 978 1372 1019 luntinae
1398 980 1526 1020 editor
1552 987 1629 1020 tam
1662 988 1773 1021 caute
1805 996 1850 1021 ac
1877 983 2087 1036 diligenter

280 1063 324 1088 ea
364 1048 401 1087 in
441 1062 482 1087 re
521 1055 702 1087 versatus
740 1047 811 1098 sit,
852 1054 892 1087 ut
928 1054 1114 1101 quantum
1141 1047 1426 1088 sententiarum
1455 1048 1722 1102 perspicuitati
1756 1050 1968 1103 profuerit,
2004 1051 2087 1091 sere

280 1116 446 1169 singulis
479 1115 695 1169 quibusque
729 1115 910 1155 versibus
937 1118 1057 1169 possit
1085 1116 1364 1156 demonstrari.
1426 1116 1606 1156 Alteram
1633 1117 1754 1171 igitur
1779 1116 1976 1158 Iuntinam
2004 1119 2086 1159 ubi-

280 1200 352 1239 que
379 1185 616 1238 sequendam
644 1198 731 1224 csse
758 1184 874 1235 duxi,
909 1184 973 1224 ubi
1000 1199 1084 1224 cum
1112 1185 1312 1225 codicibus
1339 1185 1493 1239 optimis
1521 1185 1782 1239 congruebat,
1816 1187 1878 1227 vel
1909 1187 2006 1227 adeo
2038 1187 2086 1228 ad

278 1267 406 1293 veram
447 1267 546 1307 quae
585 1253 675 1293 mibi
713 1253 914 1293 videretur
951 1267 1037 1293 esse
1071 1253 1279 1293 lectionem
1311 1254 1517 1307 aliquoties
1552 1268 1619 1308 per
1651 1268 1734 1294 eam
1763 1269 1823 1295 me
1849 1269 1936 1296 esse
1968 1255 2085 1296 addu-

279 1329 380 1362 ctum
409 1329 523 1376 grato
550 1322 680 1361 animo
707 1322 968 1361 confitendum
996 1321 1086 1361 milii
1114 1329 1186 1362 est.

392 1412 489 1454 Post
516 1413 702 1454 Giuntam
731 1411 916 1461 Colvius,
946 1412 1164 1454 Vulcanius
1191 1427 1236 1453 ac
1262 1412 1498 1454 Wowerius
1526 1414 1752 1454 nominandi
1779 1423 1885 1463 sunt,
1913 1414 1977 1468 qui
2005 1415 2086 1455 suis

280 1482 515 1523 editionibus
542 1482 772 1535 scriptorem
800 1496 910 1521 suum
940 1482 1100 1521 multum
1134 1481 1378 1532 adiuverint,
1419 1482 1657 1536 iunctimque
1690 1483 1944 1533 recensendi,
1985 1484 2085 1537 quod

281 1551 482 1591 rarissime
508 1551 613 1590 inter
638 1564 725 1590 sese
752 1550 980 1591 discordant
1010 1557 1048 1590 et
1072 1550 1110 1589 in
1139 1557 1251 1590 textu
1278 1551 1552 1591 constituendo
1579 1566 1655 1591 non
1683 1551 1807 1591 solum
1839 1552 1995 1592 eosdem
2022 1566 2086 1591 co-

280 1620 385 1659 dices
417 1620 483 1659 sed
515 1619 746 1659 emendandi
782 1633 933 1672 quoque
965 1619 1072 1672 leges
1100 1619 1311 1659 maximam
1339 1626 1486 1673 partem
1515 1620 1728 1674 amplexati
1754 1627 1866 1670 sunt,
1901 1634 1999 1673 quae
2024 1634 2086 1660 se-

280 1688 488 1742 quentibus
525 1687 740 1728 editoribus
779 1694 856 1726 tam
888 1702 1007 1727 verae
1035 1687 1269 1728 videbantur
1293 1702 1403 1739 esse,
1438 1695 1480 1728 ut
1506 1688 1645 1742 ubique
1672 1688 1719 1728 iis
1745 1688 2083 1742 obtemperarent:

280 1771 378 1810 quae
410 1764 538 1797 tamen
574 1756 781 1796 temeraria
810 1756 1028 1796 obedientia
1057 1756 1206 1807 effecit,
1241 1763 1283 1796 ut
1315 1756 1474 1809 vulgata
1502 1771 1600 1810 quae
1628 1757 1769 1797 dicitur
1794 1757 1909 1797 lectio
1942 1758 2086 1797 consti-

282 1832 478 1874 tueretur,
508 1839 528 1864 a
556 1839 628 1878 qna
657 1824 763 1865 solus
790 1832 975 1878 quantum
1005 1825 1117 1864 video
1143 1823 1462 1865 Elmenhorstius
1489 1825 1683 1879 paululum
1718 1825 1896 1865 recessit.
1959 1824 2085 1865 Multa

279 1909 375 1934 vero
402 1901 494 1933 sunt
520 1892 648 1933 tlolvii
676 1894 714 1933 in
742 1893 897 1947 Apuleii
925 1893 1041 1933 libros
1068 1893 1222 1933 merita.
1262 1892 1420 1933 Primus
1447 1893 1547 1934 enim
1576 1894 1746 1933 omnium
1775 1900 1931 1934 certam
1954 1901 2086 1934 textus

281 1962 510 2003 emendandi
541 1976 714 2002 normam
744 1962 964 2016 proposuit,
994 1975 1092 2015 quae
1119 1962 1167 2001 ab
1194 1976 1294 2015 vaga
1322 1962 1396 2001 ista
1422 1970 1459 2002 et
1486 1962 1695 2002 arbitraria
1725 1963 1943 2003 temeritate
1970 1963 2086 2016 longe

280 2039 431 2072 remota
464 2031 500 2070 in
535 2031 709 2070 codicum
743 2033 826 2070 sola
859 2031 1094 2070 auctoritate
1129 2029 1347 2077 nitebatur,
1382 2031 1481 2070 unde
1508 2030 1679 2083 reliquos
1705 2044 1859 2084 quoque
1891 2031 1955 2084 qui
1980 2030 2083 2071 Mss.

281 2115 351 2155 ope
379 2101 462 2154 plus
490 2100 668 2140 minusve
695 2099 869 2139 destituti
896 2107 1007 2139 erant
1035 2100 1206 2139 editores
1234 2113 1309 2138 non
1338 2099 1555 2138 mirandum
1583 2106 1642 2139 est
1667 2100 1750 2139 eius
1778 2099 1944 2153 vestigia
1977 2113 2085 2153 pres-

281 2170 351 2208 sim
380 2169 524 2222 legisse
550 2168 837 2221 editionemque
865 2168 912 2207 ab
939 2182 984 2207 eo
1012 2175 1186 2221 paratam
1213 2181 1322 2215 esse,
1357 2182 1469 2221 quam
1504 2167 1836 2221 elegantissimam
1871 2175 1909 2207 et
1935 2167 2085 2208 nitidis-

281 2238 417 2277 simam
451 2237 534 2276 eius
567 2236 652 2276 aevi
687 2237 862 2276 homines
895 2236 1191 2276 existimabant.
1252 2235 1339 2276 Nec
1367 2236 1494 2276 minus
1523 2236 1696 2275 rationes
1723 2235 1944 2289 probandae
1976 2243 2082 2286 sunt,

281 2321 377 2359 quas
409 2305 448 2344 in
481 2304 641 2344 edendis
667 2304 823 2358 Apuleii
857 2304 1013 2358 scriptis
1041 2303 1204 2344 Colvius
1237 2304 1535 2357 religiosissime
1567 2304 1757 2344 servavit.
1821 2303 1948 2357 Quum
1981 2304 2083 2343 enim

280 2390 357 2414 uno
396 2374 528 2413 codice
567 2373 630 2426 qui
670 2374 839 2412 nondum
878 2373 1044 2412 collatus
1082 2380 1167 2412 erat
1193 2371 1390 2425 Lipsiensi
1430 2387 1522 2412 usus
1556 2373 1607 2412 sit
1638 2372 1746 2425 isque
1779 2373 1907 2411 rarius
1934 2378 2083 2411 tantum

280 2444 406 2483 bonae
445 2449 561 2482 notae
599 2441 788 2481 lectiones
827 2441 1033 2494 praebeat,
1073 2456 1156 2480 cum
1191 2440 1389 2494 peioribus
1421 2439 1522 2480 Mss.
1559 2441 1785 2494 plerumque
1821 2440 2080 2487 concordans,

282 2512 379 2551 baud
417 2511 581 2565 ignarus
619 2510 682 2549 ille
720 2509 872 2562 quotics
906 2523 926 2548 a
959 2523 1030 2548 sno
1068 2509 1200 2549 codice
1238 2508 1346 2548 abire
1379 2509 1557 2557 deberet,
1597 2509 1803 2548 dictionem
1844 2522 1920 2547 non
1957 2508 2082 2548 solum

280 2579 437 2634 Apuleii
465 2580 530 2619 sed
559 2586 778 2619 ceterorum
807 2578 922 2617 etiam
939 2578 1128 2617 Afrorum
1157 2592 1225 2631 pro
1247 2577 1349 2617 virili
1378 2584 1485 2630 parte
1512 2577 1549 2616 in
1578 2591 1657 2616 rem
1680 2591 1789 2616 suam
1806 2577 2016 2626 convertit,
2046 2584 2083 2617 et

281 2648 457 2701 quamvis
479 2647 588 2702 parvi
610 2654 744 2687 essent
765 2660 860 2700 quos
883 2646 975 2685 fecit
995 2645 1032 2685 in
1054 2659 1100 2685 eo
1122 2660 1378 2699 progressus,
1408 2645 1714 2698 quotiescunque
1737 2644 1960 2698 cognitione
1983 2644 2082 2684 baud

281 2723 465 2756 accurata
498 2717 680 2770 deceptus
715 2729 940 2769 perversam
974 2714 1179 2754 lectionem
1213 2714 1364 2753 meliori
1397 2713 1599 2767 praetulit,
1636 2713 1797 2766 ideoque
1830 2719 1979 2752 textum
2019 2714 2083 2753 de-

282 2784 477 2838 pravavit,
508 2784 717 2823 nonnullos
746 2791 875 2823 tamen
902 2783 1008 2823 locos
1036 2782 1073 2821 in
1101 2782 1305 2836 pristinam
1333 2782 1599 2834 integritatem
1628 2781 1812 2827 restituit,
1844 2781 1971 2835 plures
1999 2796 2083 2821 cor-

282 2860 417 2905 ruptos
443 2866 530 2892 esse
556 2852 863 2902 demonstravit,
899 2852 1039 2891 multos
1066 2851 1103 2890 in
1132 2851 1284 2890 dubium
1314 2850 1481 2890 vocavit.
1543 2850 1655 2890 llanc
1682 2849 1802 2902 igitur
1834 2850 1934 2888 viam
1962 2850 1993 2889 si
2021 2865 2082 2889 re-

283 2920 376 2973 liqui
409 2920 579 2960 edit1es
612 2920 837 2974 diligentius
865 2919 1099 2959 muniissent
1126 2933 1196 2959 nec
1222 2919 1260 2958 in
1289 2918 1417 2960 Colvii
1443 2926 1481 2959 et
1506 2917 1842 2958 emendationilms
1876 2925 1911 2957 et
1939 2918 2082 2958 erratis

283 2988 594 3040 acquievissent,
635 2989 703 3028 vix
737 2988 939 3028 dicendum
973 2995 1052 3038 est,
1092 2994 1276 3040 quantum
1309 2995 1520 3027 contextus
1547 2986 1699 3040 Apuleii
1730 2985 1937 3025 mundities
1970 2986 2082 3026 hodie

285 3063 458 3109 promota
495 3057 614 3101 soret,
655 3057 837 3109 quoniam
869 3056 1160 3110 comparatione
1192 3055 1295 3095 inter
1320 3055 1504 3096 Beroaldi
1532 3062 1570 3095 ct
1596 3053 1721 3094 Colvii
1754 3053 1945 3094 editiones
1971 3054 2082 3094 insti-

285 3131 385 3171 tuta,
426 3131 553 3164 tantos
593 3139 825 3178 progressus
865 3125 1004 3165 fecisse
1042 3123 1298 3178 posteriorem
1338 3131 1519 3178 apparet,
1559 3129 1723 3176 quantos
1763 3136 1832 3161 nec
1865 3129 1978 3162 antea
2011 3136 2083 3162 nec
